4048 6410
173 462 300 523 1101

1067 459 1381 520 CONTRA
1427 458 2023 521 APOLLINARIUM
2067 457 2298 520 LIBER
2341 457 2634 519 PRMUS.

3394 454 3555 519 1102

165 593 378 670 γέγονεν,
425 587 817 663 εὖδοκήσαντος
860 595 956 647 τοῦ
1005 591 1184 668 Κόγου
1230 591 1556 669 ἀνασχέσθαι
1602 592 1823 666 γεννήη

1924 591 2090 665 peius
2118 607 2265 664 opus
2297 591 2354 646 in
2387 594 2647 664 peccato,
2670 590 3060 664 corruptione,
3084 594 3142 648 et
3159 593 3346 648 morte
3360 589 3521 649 disse
3536 622 3564 635 -

168 703 286 745 σεως
329 680 675 759 ἀνθρωπίνης
708 726 722 754 ,
765 680 858 737 καὶ
917 682 1016 751 τήν
1067 681 1264 738 ἑαυτοῦ
1312 681 1531 753 ποίησιν
1589 681 1687 750 τήν
1739 679 1790 736 ἐν

169 770 383 848 ἁμαρτίᾳ
452 770 542 826 καὶ
618 772 791 848 φθορᾷ
864 770 955 825 καὶ
1025 769 1233 843 θανάτῳ
1313 768 1663 847 διαχυθεῖσαν
1738 768 1789 824 ἐν

167 862 320 934 ἑαυτῷ
375 861 737 930 συστήσασθαι
794 858 847 914 ἐν
902 859 1070 915 εἱκόνι
1128 861 1491 931 καινότητος.
1543 858 1651 914 Διὸ
1691 865 1791 929 τῆς

171 951 253 1023 μὲν
294 949 562 1025 ἁμαρτίας
609 949 708 1018 τὴν
766 947 1080 1023 κατάκρισιν
1141 946 1228 1003 ἐπὶ
1283 954 1387 1024 γῆς
1445 946 1742 1020 ἐποιήσατο
1773 966 1789 982 ⁸

164 1046 253 1109 τῆς
283 1036 337 1094 δὲ
380 1036 617 1115 κατάρας
663 1037 763 1107 τὴν
810 1038 1113 1106 καθαίρεσιν
1162 1039 1275 1112 (68l
1325 1036 1412 1092 ἐπὶ
1456 1034 1640 1108 ξύλου·
1690 1044 1791 1107 τῆς

163 1150 216 1184 τε
261 1133 459 1207 φθορᾶς
514 1127 616 1197 τὴν
674 1124 1055 1202 ἀπολύτρωσιν
1113 1126 1165 1182 ἐν
1222 1131 1302 1201 τῷ
1350 1128 1525 1201 τάφῳ*
1557 1127 1645 1182 καὶ
1696 1130 1792 1181 τοῦ

166 1218 377 1283 θανάτου
431 1218 533 1287 τήν
591 1214 887 1272 κατάλυσιν
945 1216 997 1271 ἐν
1056 1221 1136 1290 τῷ
1187 1211 1324 1291 ᾅδῃ·
1383 1217 1541 1272 παντὶ
1601 1210 1791 1279 ἐπιϐὰς

163 1306 322 1381 τόπῳ,
364 1304 457 1361 τίνα
505 1309 603 1361 τοῦ
655 1304 972 1379 σύμπαντος
1023 1305 1313 1382 ἀνθρώπου
1363 1307 1463 1375 τὴν
1522 1304 1790 1379 σωτηρίαν

163 1394 592 1472 κατεργάσηται,
655 1396 873 1473 μορφὴν
948 1401 1051 1465 τῆς
1118 1393 1386 1471 ἡμετέρας
1463 1393 1669 1458 εἰκόνος
1739 1393 1792 1449 ἐν

162 1487 321 1558 ἑαυτῷ
369 1482 806 1559 ἐπιδεικνύμενος
854 1484 987 1558 (69).
1038 1483 1190 1540 Ἐπεὶ
1230 1483 1312 1545 τίς
1359 1482 1427 1553 ἦν
1474 1482 1635 1559 χρεία
1677 1487 1794 1555 Θεῷ

159 1576 448 1652 γεννήσεως
511 1579 612 1643 τῆς
667 1572 726 1628 ἐκ
773 1571 1029 1648 γυναικὸς
1078 1571 1404 1649 ἀνασχέσθαι
1455 1599 1471 1643 ;
1519 1572 1795 1644 αὖξήσεώς

159 1685 214 1719 τε
264 1662 504 1734 ἡλικίας,
561 1660 651 1717 καὶ
710 1659 843 1716 ἐτῶν
898 1660 1245 1736 ἀριθμήσεως
1291 1666 1372 1734 τῷ
1427 1664 1633 1737 ποιητῇ
1685 1665 1792 1716 τῶν

161 1752 359 1809 αἰώνων
392 1770 408 1821 ;
440 1750 475 1821 ἢ
529 1749 696 1805 πάλιν
751 1748 1005 1826 παυροῦ,
1062 1749 1100 1820 ἢ
1156 1751 1351 1829 τάφου,
1410 1752 1448 1820 ἢ
1502 1747 1656 1824 ᾅδου,
1712 1752 1793 1813 οἷς

160 1845 314 1915 ἡμεῖς
366 1840 854 1914 ὑποπεπώκαμεν,
887 1838 933 1894 εἰ
994 1841 1070 1912 μή
1121 1841 1269 1913 ἡμᾶς
1322 1838 1520 1912 ἐζήτει,
1572 1837 1660 1894 διὰ
1697 1847 1796 1910 τῆς

160 1932 270 1996 καθ’
297 1932 443 2005 ἡμᾶς
479 1936 695 2009 μορφῆς
744 1933 1031 1999 ζωοποιῶν
1084 1931 1235 2002 ἡμᾶς
1279 1930 1367 1984 καὶ
1422 1930 1498 1993 εἰς
1527 1929 1791 2003 ὁμοίωσιν

160 2020 244 2077 καὶ
302 2019 529 2095 μίμησιν
586 2017 801 2080 τελείας
851 2017 1059 2080 εἰκόνος
1111 2016 1641 2094 προσκαλούμενος;
1692 2017 1796 2073 Μί-

165 2130 323 2186 μησις
354 2107 412 2164 δὶ
440 2113 559 2171 πῶς
590 2107 650 2163 ἃν
680 2108 892 2185 γένοιτο
915 2107 1052 2184 πρὸς
1089 2103 1425 2179 τελειότητα,
1464 2109 1541 2182 μή
1585 2118 1798 2185 προϋπ-

160 2198 384 2276 αρξάσης
435 2201 536 2264 τῆς
593 2194 871 2259 ἀνενδεοῦς
925 2194 1318 2268 τελειότητος;
1370 2198 1506 2253 κατά
1559 2195 1652 2253 τὸν
1707 2196 1796 2253 λέ-

158 2310 318 2365 γοντα
390 2285 725 2345 Ἀπόστολον
783 2306 797 2319 ⁶
872 2283 1331 2360 Ἀπεκδυσάμενοι
1404 2288 1497 2342 τὸν
1564 2284 1798 2342 παλαιὸν

1903 680 2119 750 lutum,
2149 680 2210 736 iri
2242 682 2434 752 seipse
2464 680 2525 736 in
2556 680 2831 737 novitatis
2861 680 3177 753 imaginem
3199 680 3549 740 instaurare.

1903 773 2265 844 Quapropter
2322 770 2540 842 peccati
2599 770 2836 843 quidem
2893 770 3441 828 condemnationem
3489 772 3549 829 in

1900 864 2074 929 terra,
2111 860 2542 917 maledictionis
2580 859 2955 916 abolitionem
2988 860 3048 915 in
3078 859 3259 933 ligno,
3291 878 3325 917 a
3349 878 3550 918 corru-

1901 949 2099 1022 ptione
2128 949 2565 1005 immunitatem
2615 950 2674 1005 in
2714 949 3002 1022 sepulcro,
3035 950 3359 1023 mortisque
3390 951 3550 1009 solu-

1900 1039 2117 1095 tionem
2148 1039 2209 1094 in
2242 1039 2471 1095 inferno
2503 1039 2761 1111 peregit;
2815 1055 3168 1112 omnemque
3194 1038 3390 1112 locum
3420 1058 3552 1114 per-

1902 1129 2136 1194 meavit,
2168 1132 2233 1184 ut
2260 1127 2441 1183 totius
2486 1127 2748 1183 hominis
2778 1128 3027 1184 salutem
3060 1129 3380 1201 perliceret,
3415 1145 3550 1188 cum

1902 1216 2153 1273 formam
2191 1217 2339 1273 789
2367 1220 2585 1272 nostras
2635 1216 2913 1290 imaginis
2963 1218 3020 1272 in
3043 1217 3238 1290 seipse
3267 1218 3549 1276 exhibuit.

1900 1306 2046 1361 Nam
2080 1306 2217 1378 quid
2241 1311 2367 1362 erat
2397 1322 2545 1378 opus
2568 1306 2684 1361 Deo
2711 1310 2777 1362 ut
2803 1322 2873 1362 ex
2903 1306 3123 1363 femina
3153 1308 3313 1364 nasci
3344 1307 3551 1382 digna-

1903 1394 2110 1450 retur?
2139 1394 2279 1467 quid
2316 1395 2518 1451 factori
2571 1395 2915 1451 saeculorum
2963 1412 3111 1467 opus
3141 1400 3208 1452 ut
3239 1400 3467 1453 statura
3496 1402 3554 1455 et

1902 1500 2191 1540 annorum
2226 1500 2470 1540 numero
2512 1483 2835 1540 cresceret?
2866 1488 2967 1540 aut
2996 1501 3207 1542 rursus
3235 1485 3373 1557 quid
3405 1502 3553 1559 opus

1902 1571 1987 1628 illi
2018 1589 2210 1642 cruce,
2243 1572 2534 1645 sepulcro,
2552 1578 2652 1628 aut
2683 1572 2930 1641 inferno,
2953 1574 3170 1646 quibus
3190 1590 3298 1631 nos
3320 1575 3553 1634 obnoxii

1902 1660 2039 1716 tacti
2071 1676 2299 1727 sumus,
2328 1658 2441 1715 nisi
2463 1676 2571 1716 nos
2601 1663 2903 1732 quaereret,
2926 1665 2993 1717 ut
3020 1678 3124 1734 per
3152 1661 3404 1720 formam
3425 1680 3553 1737 quae

1905 1754 2117 1805 nostrae
2148 1748 2362 1805 similis
2391 1751 2476 1805 est
2510 1765 2626 1805 non
2655 1747 2997 1818 viviﬂcaret,
3030 1756 3206 1823 atque
3234 1752 3306 1808 ad
3339 1752 3556 1809 simili-

1903 1839 2168 1894 tudinem
2200 1836 2708 1911 imitationemque
2744 1838 3011 1910 perfecta:
3040 1840 3319 1913 imaginis
3346 1858 3554 1914 provo-

1904 1929 2108 1988 caret?
2138 1929 2389 1987 Imitalio
2420 1933 2618 1986 autem
2668 1930 3063 2003 perfectionis,
3101 1935 3394 2004 quomodo
3425 1951 3557 1992 esse

1908 2018 2299 2091 potuerit,nisi
2315 2018 2478 2091 prius
2493 2018 3069 2077 exsisteritabsoluta
3086 2021 3412 2094 perfectio?j
3422 2025 3556 2079 uxta

1905 2107 2053 2164 illud
2083 2108 2344 2182 Apostoli
2379 2108 2802 2181 :Exspoliantes
2850 2125 2940 2166 vos
2990 2118 3228 2168 veterem
3256 2111 3553 2182 hominem,

1905 2207 1959 2255 et
1988 2197 2277 2253 induentes
2313 2214 2533 2267 novum,
2564 2200 2662 2271 qui
2705 2199 3006 2255 secundum
3040 2201 3209 2257 Deum
3236 2205 3451 2260 creatus
3478 2209 3557 2260 est

1905 2289 1967 2343 in
1996 2289 2285 2344 sanctitate
2312 2292 2368 2344 ct
2389 2288 2609 2361 justitia
2639 2289 2885 2345 veritatis
2905 2289 2969 2345 ‘0.

160 2379 455 2455 ἄνθρωπον,
526 2376 617 2432 καὶ
690 2372 1041 2450 ἐνδυσάμενοι
1109 2375 1202 2431 τὸν
1274 2374 1392 2433 νέον
1474 2377 1566 2431 τὸν
1643 2378 1779 2432 κατὰ
1849 2376 1980 2433 Θεὸν
2059 2375 2357 2450 κτισθέντα,
2435 2373 2488 2432 ἐν
2562 2374 2809 2447 ὁσιότητι
2882 2376 2974 2432 καὶ
3055 2374 3374 2453 δικαιοσύνῃ
3458 2384 3560 2450 τῆς

160 2465 429 2538 ἀληθείας.

231 2560 282 2614 6.
314 2555 482 2621 Πόθεν
539 2552 632 2611 οὗν
693 2551 1061 2630 διδαχθέντες,
1120 2551 1305 2631 λέγετε
1361 2552 1606 2611 ἄκτιστον
1668 2574 1683 2627 ;
1740 2554 1806 2610 El

157 2645 333 2703 τοίνυν
365 2645 522 2724 φύσις
571 2643 632 2699 ἐκ
684 2645 1095 2718 μεταποιήσεως
1146 2644 1397 2708 ἄκτιστος
1445 2644 1672 2722 γίνεται,
1704 2646 1808 2721 ἄρα

158 2736 246 2792 καὶ
306 2732 533 2811 ἀόρατος
589 2732 681 2788 καὶ
739 2733 1026 2799 ἀθάνατος·
1088 2732 1187 2789 οὐκ
1240 2732 1302 2790 ἐκ
1357 2736 1623 2808 θανάτου,
1681 2732 1808 2790 ἀλλ’

163 2820 504 2885 ἀνεπίδεκτος
549 2821 820 2877 θανάτου.
865 2823 989 2885 Πῶς
1041 2819 1133 2878 οὖν
1182 2823 1439 2888 ἀπέθανεν
1490 2826 1519 2879 6
1567 2823 1806 2901 Κύριος,

163 2913 211 2970 εί
267 2914 295 2968 6
344 2908 591 2974 ἅκτιστος
637 2910 901 2974 ἀκτίστως
961 2913 1074 2985 (70)
1135 2910 1479 2985 ἐπεδήμησεν
1525 2911 1612 2968 ἐπὶ
1654 2918 1805 2989 γῆς;

159 3003 197 3073 ἢ
247 3006 361 3064 πῶς
419 3001 614 3077 ὁρατὸς
669 3000 757 3057 καὶ
818 2998 1146 3078 ψηλαφητὸς
1202 3002 1416 3078 γέγονεν
1450 3021 1465 3072 ;
1499 3002 1573 3065 ὡς
1618 3002 1806 3078 γέγρα-

159 3109 307 3148 πται’
363 3091 429 3147 Ὃ
483 3087 825 3167 ἑωράκαμεν,
883 3088 972 3144 καὶ
1030 3090 1086 3145 αἱ
1142 3096 1325 3167 χεῖρες
1381 3092 1541 3164 ἡμῶν
1599 3088 1808 3167 ἐψηλά-

162 3200 362 3258 φησαν.
416 3183 547 3242 Πῶς
605 3175 696 3234 οὖν
753 3176 981 3254 λέγετε,
1040 3178 1074 3234 ἃ
1132 3180 1207 3253 μή
1262 3180 1562 3256 γέγραπται
1597 3224 1611 3250 ,
1671 3182 1810 3254 μήτε

159 3269 314 3343 θέμις
370 3266 567 3323 ἐννοεῖν
603 3285 616 3336 ;
652 3267 857 3323 Δώσετε
912 3268 1013 3344 γὰρ
1091 3274 1249 3325 πᾶσιν
1324 3270 1614 3346 αἱρετικοῖς
1672 3270 1807 3326 κατά
1837 3307 1880 3374 C

205 3361 219 3374 ι
356 3361 382 3373 «ιι
518 3358 535 3374 \
598 3355 619 3374 Χ
783 3357 794 3374 Ι
945 3358 999 3374 Cn
1151 3357 1163 3374 Ι
1282 3355 1306 3374 Ἰ
1531 3361 1546 3374 ι
1620 3354 1649 3374 ο
1759 3359 1770 3374 1

156 3361 260 3429 τὴν
290 3361 387 3413 τοῦ
413 3358 546 3413 ποτὶ
598 3355 898 3434 λεγομένου
945 3357 1231 3435 Ῥητορίου
1280 3355 1483 3416 ἔννοιαν
1521 3354 1805 3416 ἀσεϐεστά-

155 3467 283 3519 την,
334 3447 395 3502 οὗ
444 3446 535 3501 καὶ
583 3446 683 3516 τὴν
733 3441 974 3503 ἀσέϐειαν
1025 3445 1248 3522 ἐξειπεῖν
1299 3444 1550 3528 φοϐερόν.
1584 3451 1655 3507 Ἢ
1696 3448 1810 3505 τοί-

156 3558 253 3593 νυν
296 3535 599 3612 ἀρνήσασθε
644 3536 741 3599 τὰς
788 3534 931 3600 θείας
983 3539 1224 3614 Γραφάς,
1276 3537 1311 3608 ἢ
1358 3538 1556 3602 ταύτας
1605 3537 1812 3613 ὁμολο-

155 3626 379 3704 γοῦντες
415 3669 430 3694 ,
483 3625 559 3698 μὴ
616 3620 772 3701 ἕτερα
827 3625 973 3699 παρά
1027 3626 1095 3681 τὰ
1148 3627 1495 3704 γεγραμμένα
1551 3628 1815 3684 ἐπινοεῖτε

162 3713 361 3771 λαλεῖν
395 3713 613 3790 ῥήματα
641 3712 854 3785 ἀπάτης
904 3714 1146 3770 ἀνιάτου.
1181 3713 1357 3772 Ἀλλὰ
1402 3716 1567 3773 πάλιν
1608 3716 1811 3793 λέγετε,

160 3805 249 3859 ὅτι
282 3804 472 3876 Ἡμεῖς
514 3800 790 3875 κτίσματι·
818 3804 932 3877 (71)
981 3802 1043 3858 οὐ
1089 3809 1522 3880 προσκυνοῦμεν.
1555 3810 1618 3861 Ὠ
1647 3805 1812 3876 ἀνόη-

162 3893 293 3948 τοιι
330 3889 419 3947 διὰ
462 3891 516 3945 τί
565 3891 627 3946 οὐ
679 3888 974 3967 λογίζεσθε,
1026 3891 1109 3948 ὅτι
1157 3893 1246 3949 καὶ
1294 3895 1522 3962 ποιηθὲν
1562 3895 1626 3950 τὸ
1657 3899 1817 3968 σῶμα

159 3985 265 4038 τοῦ
322 3978 528 4055 Κυρίου
585 3979 649 4035 οὗ
704 3981 924 4050 κτιστήν
983 3980 1307 4059 ἀποφέρεται
1360 3986 1460 4054 τὴν
1513 3983 1817 4059 προσκύνη-

163 4092 251 4126 σιν
285 4089 300 4140 ;
331 4071 443 4127 Τοῦ
489 4068 591 4144 γάρ
631 4068 884 4125 ἀκτίστου
934 4069 1118 4146 Λόγου
1164 4070 1350 4148 γέγονε
1398 4073 1575 4147 σῶμα⁸
1623 4073 1686 4128 οὗ
1713 4074 1816 4148 γὰρ

161 4164 333 4233 σῶμα
386 4160 588 4236 γέγονε,
644 4158 824 4231 τούτῳ
880 4160 1183 4235 προσάγετε
1230 4159 1321 4215 καὶ
1365 4162 1464 4230 τὴν
1508 4161 1816 4237 προσκύνη-

157 4270 249 4305 σιν
293 4250 428 4323 (72).
461 4249 583 4321 ’ξΑρ³
615 4246 706 4304 οὗν
738 4248 824 4303 καὶ
876 4254 1252 4324 προςκυνεῖται
1303 4249 1697 4325 ὀφειλομένως,
1730 4252 1817 4306 καὶ

157 4341 364 4404 θεϊκῶς
414 4342 818 4413 προσκυνεῖται⁸
881 4338 1013 4400 Θεὸς
1066 4337 1169 4414 γὰρ
1227 4339 1255 4393 6
1306 4339 1478 4416 Λόγος
1534 4339 1695 4408 ἐστὶν,
1757 4338 1819 4395 οὗ

152 4429 224 4484 τὸ
261 4432 422 4501 σῶμα
454 4424 593 4483 ἴδιον
638 4425 916 4504 τυγχάνει’
967 4426 1083 4482 ἐπεὶ
1127 4428 1218 4482 καὶ
1269 4426 1358 4483 ὅτε
1406 4429 1711 4504 προσῄεσαν
1765 4431 1821 4484 αἱ

154 4523 418 4594 γυναῖκες
447 4521 527 4590 τῷ
558 4516 762 4589 Κυρίῳ,
797 4513 1120 4572 διακωλύων
1147 4513 1328 4592 ἓλεγε,
1361 4519 1454 4588 Μή
1490 4539 1594 4591 μου
1627 4519 1817 4573 ἅπτουο

158 4602 328 4661 οὔπω
387 4606 493 4680 γὰρ
550 4599 861 4675 ἀναϐέϐηκα
916 4605 1055 4679 πρὸς
1107 4605 1201 4661 τὸν
1260 4606 1470 4682 Πατέρα
1526 4627 1665 4679 μου,
1719 4628 1824 4678 ση-

170 4695 414 4769 μαίνων,
447 4690 532 4748 ὅτι
580 4692 742 4768 χρεία
788 4689 1122 4764 ἀναϐάσεως,
1170 4694 1260 4749 καὶ
1311 4692 1395 4750 ὅτι
1448 4695 1544 4769 μία
1590 4688 1736 4751 ἔστὰι
1788 4699 1823 4766 ἡ

1984 2556 2039 2611 6.
2074 2557 2118 2611 Α
2150 2572 2265 2628 quo
2295 2571 2432 2629 ergo
2454 2554 2639 2612 edocti
2671 2556 2995 2614 increatum
3030 2556 3199 2614 illum
3229 2556 3424 2615 dicitis
3444 2557 3473 2614 ?
3505 2556 3570 2614 Si

1915 2645 2095 2718 igitur
2124 2650 2335 2701 natura
2363 2662 2432 2701 ex
2462 2645 2785 2703 mutatione
2812 2646 3195 2717 ﬁtincreata;
3227 2663 3365 2719 ergo
3397 2651 3454 2704 et
3483 2647 3577 2703 in-

1914 2733 2166 2790 visibilis
2199 2735 2315 2800 fiet,
2331 2738 2387 2791 et
2407 2734 2786 2804 immortalis;
2820 2752 2936 2791 non
2957 2739 3270 2808 postquam
3291 2752 3360 2792 ex
3380 2739 3570 2793 morte

1915 2823 2318 2891 resurrexerit,
2350 2824 2451 2880 sed
2485 2823 2692 2880 mortis
2728 2841 2969 2897 prorsus
2998 2824 3247 2898 incapax
3274 2824 3406 2882 erit.
3440 2826 3566 2890 Qua

1918 2928 2053 2984 ergo
2085 2912 2308 2968 ratione
2336 2916 2605 2969 mortuus
2625 2916 2715 2968 est
2748 2913 3050 2981 Dominus,
3080 2913 3130 2969 si
3155 2913 3450 2970 increatus
3472 2914 3569 2969 in-

1918 3007 2110 3057 creato
2150 3001 2322 3057 modo
2371 3001 2671 3057 advenerit
2721 3001 2780 3057 in
2830 3004 3085 3072 terram;
3137 3008 3240 3059 aut
3270 3003 3565 3076 quomodo

1916 3089 2167 3146 visibilis
2191 3094 2247 3146 et
2276 3089 2587 3163 palpabilis
2608 3091 2794 3149 factus
2824 3094 2934 3157 est,
2952 3090 3105 3147 sicut
3123 3091 3411 3164 scriptum
3434 3095 3525 3148 est
3546 3107 3562 3147 :

1919 3179 2069 3250 Quod
2112 3180 2354 3236 vidimus
2399 3183 2450 3236 et
2495 3196 2695 3236 manu:
2738 3184 2938 3236 nostra:
2982 3184 3458 3238 contrectaverunt
3478 3181 3570 3237 “i’

1920 3270 2033 3325 Cur
2062 3269 2258 3340 itaque
2287 3285 2354 3325 ea
2383 3268 2598 3340 dicitis,
2631 3285 2759 3341 quae
2789 3286 2894 3326 nec
2925 3270 3144 3343 scripta
3172 3270 3313 3341 sint,
3346 3287 3452 3326 nec
3478 3271 3568 3327 fas

1921 3357 1999 3413 sit
2029 3358 2283 3431 cogitare
2303 3357 2332 3412 ?
2371 3357 2658 3414 Omnibus
2706 3357 2861 3413 enim
2893 3358 3185 3415 haereticis
3214 3359 3568 3416 sententiam

1921 3446 2374 3520 suppeditabitis
2391 3446 2833 3520 impiissiman,
2847 3465 3022 3519 quam
3037 3448 3379 3505 tenuitolim
3394 3449 3444 3505 is
3466 3447 3569 3521 qui

1923 3537 2233 3593 ltbetorius
2266 3537 2610 3606 vocabatur;
2635 3537 2802 3608 cujus
2819 3537 3182 3611 impietatem
3205 3539 3418 3595 referre
3435 3536 3574 3594 hor-

1922 3631 2011 3682 ret
2040 3625 2296 3683 animus.
2328 3628 2444 3681 Aut
2486 3626 2670 3699 igitur
2700 3626 2927 3682 divinas
2960 3633 3166 3698 negate
3194 3626 3523 3700 Scripturas
3556 3642 3571 3682 :

1925 3720 2026 3771 aut
2057 3715 2105 3771 si
2127 3732 2225 3771 eas
2243 3715 2576 3785 admittitis,
2596 3733 2669 3771 ne
2692 3720 2896 3788 praeter
2924 3733 2992 3773 ea
3021 3733 3152 3788 quae
3172 3716 3393 3789 scripta
3410 3719 3574 3784 sunt,

1926 3803 2041 3862 alia
2072 3804 2330 3876 proferre
2360 3803 2698 3875 excogitetis
2731 3804 3082 3861 insanabilis
3112 3803 3356 3861 fallacia
3377 3805 3575 3861 verba.

1925 3894 2037 3950 Sed
2071 3910 2310 3967 rursum
2332 3892 2566 3948 dicitis:
2591 3892 2708 3950 Nos
2729 3897 3054 3949 creaturam
3089 3910 3205 3949 non
3237 3894 3577 3950 adoramus.

1927 3983 1970 4039 Ο
2002 3982 2208 4039 stulti!
2255 3998 2359 4038 cur
2409 3998 2526 4038 non
2575 3983 2864 4054 cogitatis,
2895 3999 3109 4056 corpus
3160 3982 3389 4039 Domini
3420 3982 3577 4055 quod

1927 4072 2148 4129 factum
2179 4076 2270 4129 est
2298 4071 2697 4128 adorationem
2720 4089 2836 4128 non
2862 4072 3089 4145 exigere
3120 4089 3246 4145 quae
3269 4071 3351 4128 rei
3373 4075 3580 4128 creata

1928 4161 2254 4218 debeatur?
2281 4160 2428 4218 Nam
2460 4161 2705 4217 increati
2744 4161 2916 4217 Verbi
2947 4178 3160 4233 corpus
3190 4162 3409 4218 factum
3440 4165 3529 4217 est
3562 4176 3577 4217 :

1929 4268 1995 4307 ac
2014 4250 2130 4324 ipsi
2150 4250 2320 4320 cuius
2343 4267 2557 4323 corpus
2579 4250 2799 4306 factum
2826 4254 2916 4306 est
2936 4249 3338 4306 adorationem
3361 4249 3584 4306 effertis

1927 4346 2206 4405 vestram.
2240 4339 2446 4395 Debita
2475 4355 2612 4413 ergo
2643 4344 2700 4396 et
2730 4338 2930 4395 divina
2959 4340 3295 4396 adcretione
3326 4339 3540 4396 colitur
3569 4354 3584 4396 :

1931 4431 2086 4486 Deus
2117 4428 2273 4484 enim
2291 4432 2381 4485 est
2409 4428 2666 4484 Verbum
2686 4430 2857 4502 c'ujus
2891 4445 3103 4501 corpus
3120 4433 3211 4485 est
3242 4427 3544 4502 proprium
3571 4445 3586 4486 :

1933 4519 2150 4592 quippe
2180 4534 2314 4574 cum
2350 4521 2725 4574 accesserunt
2746 4517 3025 4573 mulieres
3058 4518 3130 4573 ad
3162 4518 3500 4588 Dominum,
3522 4517 3590 4573 il-

1932 4608 2022 4664 las
2052 4608 2146 4665 his
2197 4606 2469 4680 prohibet
2513 4605 2728 4674 verbis,
2784 4605 2917 4664 Νοιί
2942 4623 3031 4663 me
3076 4612 3316 4680 tangere,
3346 4606 3593 4663 nondum

1859 4681 1906 4748 D
1936 4699 2085 4755 enim
2116 4696 2342 4753 αεσξηάί
2360 4696 2434 4753 ad
2459 4701 2681 4753 Patrem
2700 4712 2885 4754 meum
2902 4697 2971 4767 ‘9,
2993 4696 3265 4754 indicans
3295 4713 3443 4768 opus
3463 4710 3594 4753 esse

237 4849 288 4893 ‘0
321 4844 548 4904 Coloss.
584 4862 671 4918 In,
708 4846 782 4916 9;
814 4847 1028 4920 Ephes.
1063 4865 1141 4919 Iv,
1168 4850 1260 4905 25.
1336 4850 1376 4885 “
1407 4849 1429 4905 Ι
1458 4850 1627 4907 Joan.
1661 4868 1700 4919 1,
1733 4851 1786 4905 1.

1933 4849 2102 4906 Joan.
2131 4866 2226 4915 xx,
2256 4849 2342 4904 17.

232 4998 358 5081 (6_8)
388 4997 738 5081 lia'Seguer.
772 4997 1008 5081 éuglic:
1029 4999 1258 5081 Gebler.
1291 5005 1355 5081 et
1378 5001 1536 5081 Felc:
1564 5003 1616 5070 1,
1650 5006 1827 5081 atque

150 5068 251 5147 sic
280 5068 421 5143 legii
457 5068 738 5147 Nannius.
763 5068 948 5147 _Edfti,
976 5068 1279 5147 ἀφαίρεσιν,
1305 5077 1431 5147 Μρχ
1459 5068 1660 5147 iidem,
1691 5068 1828 5147 ἀπο-

151 5139 472 5218 λύτρωῖῖιν,
502 5141 600 5196 ubi
634 5141 797 5209 editi,
829 5139 1323 5216 καθαίρεσινλοΐτδ.
1354 5145 1659 5217 Basil.,toi3
1690 5144 1829 5218 σύμ-

147 5211 380 5275 παντος
407 5211 602 5270 τόπου.

238 5287 366 5358 (69)
396 5286 565 5342 Gobl.
606 5288 664 5340 et
712 5282 887 5358 Felc.”
916 5284 967 5351 1,
1026 5279 1379 5358 ἐνδυσάμενος
1406 5288 1494 5341 καὶ
1523 5283 1830 5342 ἐπιδεικνό-

156 5355 527 5435 pacatior;
557 5358 688 5435 Sag:
720 5355 1232 5435 Anglican._Gobl‘.
1259 5359 1497 5435 et_Felc.
1533 5361 1585 5435 1_,
1638 5359 1830 5435 γεννή-

150 5425 338 5485 eam.
374 5430 547 5497 Editi,
576 5425 856 5501 γενέσεωξ.
921 5425 1143 5501 Ibidem
1201 5428 1273 5501 in
1311 5430 1441 5501 Seg.
1494 5425 1617 5489 solo
1648 5425 1830 5498 deest,

149 5501 533 5630 ξῖζχέσθαι.
571 5498 726 5626 {nfra
758 5498 1089 5638 δᾷεξροω.
1137 5502 1193 5554 et
1234 5498 1488 5558 Felck'm.
1547 5507 1597 5572 1,
1631 5502 1830 5573 ἐζήτει.

194 5610 211 5627 ι
277 5591 287 5625 ι
329 5588 570 5629 Iveroe
629 5589 655 5626 a
689 5589 749 5627 ιι.
851 5589 874 5622 ε
931 5589 1049 5638 ,τει.

194 5588 343 5628 ςαιιι
377 5590 509 5629 νΘΐΟ
540 5588 598 5627 BI
629 5588 749 5627 8H].
782 5588 1049 5629 ανεςητει.

246 5610 1218 5717 ἱῖὀ)’ἕὲξ.”ἑι“ᾸίὶέῐίὲῖῘξέξῖἑὶσεῳςε
1252 5641 1399 5717 Editi
1445 5650 1502 5700 et
1533 5645 1653 5713 alii,
1686 5643 1835 5699 ἀκτί-

158 5713 329 5793 ςτψ,
355 5713 749 5793 MoiSeguer.
784 5713 949 5793 Gob].
979 5718 1041 5793 et
1070 5713 1327 5769 Felckm.
1361 5716 1412 5793 1,
1443 5717 1836 5793 γεγονὼςμᾳθ-

1936 5005 2082 5066 erat,
2117 5001 2216 5073 qui
2279 5014 2543 5073 eousque
2601 4999 2847 5056 insaniae
2900 5000 3187 5073 processit
3243 5002 3308 5055 ut
3356 4999 3595 5073 diceret,

1937 5071 2151 5129 omnes
2176 5072 2420 5127 omnino
2446 5071 2759 5127 haereticos
2790 5071 2944 5127 recte
2973 5072 3211 5139 sentire,
3262 5075 3321 5128 et
3366 5071 3597 5128 nullum

1938 5161 2172 5228 errare:
2207 5145 2359 5228 quod
2396 5143 2491 5225 ita.
2507 5144 2833 5228 absurdum
2880 5143 3499 5228 Αυευείὶορνγὶἀεξᾳιι,
3535 5149 3600 5201 ut

1938 5218 2029 5271 vix
2054 5232 2187 5288 eum
2219 5214 2301 5270 ita
2333 5216 2594 5288 sensisse
2621 5215 2856 5271 credere
2905 5214 3112 5288 possit.
3143 5214 3315 5288 _Vide
3372 5215 3599 5273 Philas-

1941 5289 2121 5345 trium
2156 5287 2359 5342 haeresi
2392 5302 2543 5357 κων,
2575 5290 2629 5342 et
2664 5286 2923 5360 August.
2950 5286 3156 5342 baresi
3183 5305 3331 5343 uxr.

2016 5361 2125 5414 (71l
2158 5358 2330 5414 Editi.
2364 5354 2447 5411 ὅτι
2473 5359 2640 5414 ἡμεῖς
2664 5356 2941 5414 κτίσματι.
3004 5360 3064 5414 In
3133 5358 3264 5414 Sec.
3323 5357 3491 5413 Gobl.
3543 5362 3603 5412 et

2016 5361 2125 5486 S71)
2158 5359 2330 5425 Editi,
2364 5359 2447 5445 8τί
2473 5359 2640 5441 ἡμεῖς
2664 5359 2960 5442 κτίσματι..
3004 5360 3064 5414 In
3133 5359 3264 5429 Seg.
3323 5359 3491 5413 Gobl.
3543 5362 3603 5412 et

1942 5435 2093 5502 Fere.
2127 5432 2181 5500 1,
2209 5431 2367 5487 deest
2401 5429 2505 5485 ὁτι.
2543 5431 2791 5498 Ibidem,
2822 5430 2985 5499 editi,
3016 5428 3307 5501 κτίσματα.
3341 5434 3414 5486 At
3443 5429 3603 5502 Seg.,

2305 5570 2470 5647 Angl.
2505 5570 2928 5647 Gobl.7Felc_._1
2964 5576 3021 5628 et
3049 5572 3250 5644 Seg.In
3282 5571 3601 5647 εᾷὶἰ.προστ

1947 5641 2132 5720 ἀγεταί
2163 5645 2198 5713 ἡ
2225 5641 2623 5736 προσκῖξνησιςο
2657 5646 2794 5705 Mox
2820 5642 2998 5729 iidem
3052 5641 3480 5736 manuscript},
3511 5641 3601 5730 in}!

1948 5716 2099 5792 θεϊκῇ
2158 5716 2531 5793 προσκυνήσει
2593 5716 2998 5806 προσκυνεῖται.
3056 5716 3228 5787 Editi,
3283 5716 3374 5771 καὶ
3411 5716 3603 5779 θεϊκῶς

160 5786 278 5852 ὡς.
313 5786 629 5846 Rhetorius
676 5804 851 5862 porro
907 5786 1062 5844 infra
1126 5786 1823 5865 memoratus,'(Egyptiu£

1946 5786 2348 5868 προσκυνεῖται.
