4048 6410
445 477 602 542 “03

979 478 1046 539 Β.
1085 477 1510 539 ATHANASII
1556 477 1728 538 OPP.
1776 472 1976 538 PARS
2019 477 2067 536 Ι.
2103 509 2182 522 —-
2212 477 2636 539 HISTORICA
2679 479 2781 540 ET
2823 479 3310 543 DOGMATICA.

3705 474 3844 537 “04

437 611 806 684 ascensione,
823 617 880 668 el
901 625 1082 668 unam
1098 611 1220 668 fore
1251 611 1678 668 ascensionem.
1703 611 1968 666 Attamen
1987 626 2082 666 ac-

2202 604 2456 674 ἀνάϐασις
2531 608 2646 684 (73)
2673 649 2689 668 .
2751 610 2942 681 Ὅμως
2975 650 2992 681 ,
3047 607 3508 684 προσελθοῦσαι,
3556 607 3840 683 ἐκράτησαν

437 703 710 760 cedentes
742 699 855 758 ille
884 704 1205 758 tenuerunt
1233 700 1410 773 pedes
1435 700 1564 771 ejus
1589 703 1646 758 et
1675 700 2094 758 adoraverunt.

434 793 619 848 Pedes
644 793 983 859 tenuerunt,
1009 793 1189 846 Deum
1212 790 1622 844 adoraverunt.
1649 789 1824 848 Pedes
1857 788 2095 862 quidem

437 880 633 938 carnis
664 884 722 936 et
749 879 976 936 ossium
1003 882 1338 934 contactum
1371 877 1759 950 praeferebant
1785 894 1798 932 :
1832 879 1932 933 sed
1960 893 2094 934 cum

436 971 539 1029 Dei
569 973 786 1040 essent,
811 973 992 1025 Deum
1019 967 1131 1024 ille:
1164 969 1574 1024 adoraverunt.
1600 967 1668 1022 Et
1697 965 1835 1022 alibi
1859 983 1934 1037 qu
1947 983 2098 1039 oque

437 1060 630 1116 aiebat
658 1057 969 1125 Dominus,
1001 1057 1235 1130 Palpate
1260 1073 1348 1112 me
1376 1064 1427 1112 et
1454 1057 1776 1125 cognoscite,
1810 1056 1941 1127 quia
1971 1058 2094 1127 spi-

433 1151 578 1207 ritu:
623 1163 851 1205 carnem
879 1151 931 1203 et
961 1163 1083 1204 ossa
1111 1162 1222 1203 non
1269 1146 1446 1218 habet,
1473 1148 1612 1201 sicut
1641 1161 1728 1201 me
1772 1145 1970 1201 videtis
2001 1146 2098 1200 ha-

435 1240 560 1295 bere
578 1239 646 1306 ιθ,
679 1252 1022 1311 quanquam
1073 1235 1198 1308 ipse
1243 1234 1488 1307 spiritus
1516 1235 1595 1289 sit
1625 1251 1640 1290 :
1670 1234 1919 1306 Spiritus
1946 1236 2097 1290 enim

433 1333 514 1384 est
543 1327 772 1384 Deus“.
802 1326 873 1381 Et
927 1340 1063 1381 cum
1115 1325 1258 1380 dicit
1306 1340 1374 1380 ea
1420 1339 1483 1380 se
1530 1323 1765 1389 habere,
1799 1322 2095 1396 simulque

433 1417 694 1474 ostendit
719 1415 890 1488 ipsa;
923 1430 1030 1470 cur
1083 1413 1187 1482 ait,
1217 1412 1456 1486 Spiritus
1483 1429 1706 1469 carnem
1733 1419 1788 1469 et
1829 1429 1949 1469 ossa
1982 1429 2096 1469 non

435 1505 624 1574 habet,
644 1511 708 1560 ut
733 1519 840 1572 me,
859 1502 1073 1575 inquit,
1093 1517 1267 1576 quem
1291 1519 1407 1558 non
1441 1501 1543 1557 illa
1569 1518 1715 1572 esse,
1739 1503 1842 1558 sed
1866 1501 1968 1557 illa
1987 1502 2092 1558 ha-

432 1594 570 1650 bere
600 1591 852 1649 videtis?
883 1593 969 1648 An
1008 1595 1073 1648 ut
1099 1590 1354 1658 doceret,
1387 1589 1661 1663 spiritum
1703 1595 1915 1648 natura
1965 1591 2090 1648 ine-

434 1680 788 1740 narrabilem
809 1695 957 1749 esse,
977 1679 1172 1752 ipsum
1206 1683 1400 1736 autem
1423 1682 1755 1735 contactum
1783 1679 1853 1735 ad
1878 1696 2091 1752 corpus

432 1775 634 1830 nostro
666 1769 858 1827 simile
908 1768 1219 1841 pertinere,
1251 1768 1406 1840 quod
1460 1767 1572 1823 sibi
1605 1785 1674 1823 ex
1702 1768 1942 1841 Virgine
1973 1786 2088 1826 non

432 1861 688 1936 quadam
721 1858 1002 1932 operandi
1029 1857 1274 1925 ratione,
1298 1857 1398 1912 sed
1427 1855 1679 1912 naturali
1711 1857 2090 1930 generatione

434 1951 910 2023 comparaverat;
945 1951 1011 2004 ut
1040 1950 1097 2004 et
1118 1946 1444 2002 secundum
1476 1950 1746 2002 naturam
1781 1951 1936 2003 esset
1967 1963 2088 2004 cor-

2209 697 2373 754 αύτοῦ
2400 698 2528 762 τοὺς
2561 695 2752 769 πόδας,
2798 697 2888 754 καὶ
2939 698 3372 774 προσεκύνησαν.
3404 694 3581 760 Πόδας
3627 695 3843 772 ἐκράτη-

2207 809 2324 860 σαν,
2375 789 2506 845 Θεὸν
2551 789 2958 865 προσεκύνησαν
2983 830 2998 845 .
3048 785 3228 850 Πόδας
3281 785 3479 842 ὀστέων
3523 785 3613 842 καὶ
3660 786 3846 862 σαρκὸς

2207 873 2432 953 ἔχοντας
2465 877 2809 957 ψηλάφησιν,
2839 876 2985 934 ἀλλὰ
3038 881 3174 933 Θεοῦ
3223 873 3398 946 ὄντας,
3451 875 3840 953 προσεκύνησαν

2206 966 2358 1026 Θεόν,
2416 967 2515 1022 Καὶ
2569 966 2823 1043 ἀλλαχοῦ
2883 965 2941 1022 δὲ
2989 967 3018 1022 ὁ
3067 966 3271 1041 Κύριος
3324 963 3523 1041 ἔλεγε,
3583 963 3848 1044 Ψηλαφή-

2207 1055 2330 1110 σατὲ
2389 1078 2456 1130 με
2507 1057 2596 1111 καὶ
2651 1061 2824 1133 γνῶτε
2848 1102 2863 1130 ,
2920 1054 3003 1112 ὅτι
3063 1060 3278 1129 πνεῦμα
3324 1057 3494 1130 σάρκα
3547 1053 3638 1110 καὶ
3695 1055 3841 1110 ὀστέα

2207 1144 2306 1199 οὐκ
2379 1141 2495 1220 ἔχει
2530 1189 2552 1217 ,
2625 1145 2805 1207 καθὼς
2882 1142 2981 1218 ἐμὲ
3050 1150 3304 1218 θεωρεῖτε
3377 1141 3577 1220 ἔχοντα
3611 1188 3627 1213 ,
3674 1141 3839 1198 καίτοι

2204 1237 2418 1308 πνεῦμα
2477 1231 2549 1288 ὢν
2611 1232 2789 1298 αύτόςσ
2849 1238 3065 1308 Πνεῦμα
3114 1233 3219 1310 γὰρ
3273 1233 3302 1288 ὁ
3368 1231 3498 1296 Θεός
3557 1234 3694 1306 (74).
3746 1231 3840 1287 Καὶ

2205 1320 2379 1400 λέγων
2413 1317 2586 1400 ἔχειν,
2633 1323 2726 1380 καὶ
2776 1321 3028 1395 ἐπίδειξιν
3075 1322 3430 1396 ποιούμενος,
3477 1326 3595 1384 πῶς
3644 1315 3838 1398 ἔλεγεν,

2204 1413 2288 1468 δτι
2339 1410 2560 1487 Πνεῦμα
2609 1411 2780 1490 σάρκα
2826 1414 2915 1468 καὶ
2971 1410 3128 1468 ὁστὲα
3171 1411 3272 1468 οὐκ
3315 1411 3434 1488 ἔχει
3485 1413 3623 1486 (75),
3670 1411 3843 1473 καθὼς

2201 1500 2320 1574 ἔμὶ,
2353 1502 2540 1580 φησὶν,
2569 1502 2698 1579 οὐχὶ
2738 1497 2884 1574 ὄντα,
2917 1500 3044 1558 ἀλλ’
3069 1499 3269 1578 ἔχοντα
3307 1505 3578 1578 θεωρεῖτε,
3623 1500 3660 1570 ἢ
3689 1503 3842 1556 τοῦτο

2202 1587 2513 1664 διδάσκων,
2572 1591 2656 1646 ὅτι
2714 1594 2750 1662 ἡ
2827 1594 2926 1647 τοῦ
2993 1590 3301 1664 πνεύματος
3375 1589 3532 1666 φύσις
3617 1585 3846 1666 ἔρρητός

2200 1677 2342 1736 ἔστιν
2370 1681 2508 1753 (76)°
2541 1680 2674 1752 αὕτη
2725 1677 2784 1736 δὲ
2826 1683 2863 1750 ἡ
2911 1679 3232 1756 ψηλάφησις
3281 1679 3539 1753 σώματος
3586 1683 3684 1734 τοῦ
3727 1681 3845 1742 καθ’

2199 1771 2347 1842 ἡμᾶς
2375 1768 2540 1838 ἐστιν,
2571 1768 2704 1846 ὅπερ
2756 1768 2943 1844 ἒαμτῷ
2993 1769 3418 1847 περιεποιήσατο
3449 1766 3510 1824 ἐκ
3552 1767 3843 1844 Παρθένου,

2199 1858 2298 1915 ούκ
2351 1858 2618 1935 ἐνεργείας
2687 1859 2842 1933 τόπῳ
2868 1906 2885 1933 ,
2937 1857 3084 1914 ἀλλὰ
3158 1861 3358 1937 φυσικῇ
3413 1859 3658 1934 γεννήσει
3692 1878 3706 1892 ο
3759 1856 3845 1913 ἳνα

2196 1947 2287 2003 καὶ
2318 1950 2431 2022 (77)
2488 1947 2626 2004 κατά
2682 1947 2837 2026 φύσιν
2895 1947 2933 2023 ᾖ
2977 1947 3039 2002 τὸ
3069 1951 3251 2020 σῶμα,
3305 1947 3396 2002 καὶ
3451 1943 3755 2024 ἀδιαίρετον

435 1997 560 2008 --.-
611 1997 872 2007 ...-.--_-
896 1997 910 2018 ,
949 1997 1010 2004 _-
1044 1997 1444 2004 ---η-ηπ*
1477 1997 1746 2002 __-_-__
1786 1997 1935 2003 ---η
1970 1997 2055 2004 η-

432 1997 651 2113 pusio
683 2055 894 2095 rursus
911 2037 1239 2094 secundum
1261 2039 1532 2092 naturam
1554 2034 1910 2092 indivisibile
1934 2039 2082 2092 esset

2201 1997 2366 2094 πάλὶν
2414 1997 2559 2094 ’κατὰ
2605 1997 2761 2111 φύάιν
2809 1997 2914 2108 τῆέ
2962 2041 3061 2092 τοῦ
3114 1997 3294 2114 Λόγου
3353 1997 3630 2108 θεότητοςῗ
3687 1997 3844 2094 Olim:

437 2146 471 2186 a
499 2129 674 2186 Verbi
710 2128 947 2184 deitate.
1000 2127 1094 2184 Sic
1143 2126 1303 2182 enim
1334 2129 1390 2182 et
1420 2141 1578 2182 mors
1622 2126 1751 2196 ejus
1798 2125 2044 2198 contigit
2076 2143 2091 2183 :

438 2233 678 2290 corpore
723 2216 963 2290 quidem
1013 2215 1340 2272 secundum
1385 2218 1660 2271 naturam
1713 2214 2090 2287 suscipiente,

437 2306 628 2363 Verbo
659 2309 851 2362 autem
871 2321 973 2378 per
998 2304 1360 2361 voluntatem
1377 2321 1506 2362 eam
1537 2303 1884 2361 admittente
1913 2307 1971 2360 et
1989 2319 2095 2377 per

440 2398 792 2468 potestatem
823 2411 992 2450 suam
1016 2393 1318 2468 proprium
1340 2410 1553 2466 corpus
1583 2393 1758 2449 morti
1786 2393 2089 2463 tradente;

443 2501 561 2556 quo
591 2487 648 2540 et
678 2482 1151 2556 naturaliterlpro
1180 2482 1350 2539 nobis
1373 2486 1691 2556 pateretur,
1723 2487 1782 2539 et
1808 2481 2092 2539 divinitus

443 2590 550 2647 pro
583 2573 752 2630 nobis
782 2576 1132 2646 resurgeret.
1165 2572 1492 2647 Totumque
1521 2572 1915 2645 generationis
1936 2588 2090 2628 mor-

439 2663 637 2737 tisque
667 2662 964 2734 negotium
1013 2665 1272 2718 nostram
1322 2662 1808 2736 perquisitionem
1843 2679 2089 2736 recupe-

435 2753 846 2826 rationemque
875 2755 1125 2825 spectat.

507 2842 661 2898 740
687 2841 742 2896 7.
777 2840 907 2896 Haec
937 2856 1071 2896 cum
1103 2839 1186 2897 ita
1215 2855 1278 2896 se
1305 2840 1580 2908 habeant,
1613 2844 1670 2896 et
1701 2840 1759 2896 in
1807 2839 2080 2896 confesso

427 2932 552 2988 sint
578 2931 639 2986 in
673 2929 932 2986 Ecclesia
953 2929 1052 2985 Dei
1083 2929 1388 2999 catholica,
1413 2946 1518 2986 cur
1545 2946 1646 2986 vos
1669 2946 1906 2986 rursum
1931 2929 2084 2985 dici-

424 3020 524 3090 tis,
557 3036 768 3093 corpus
799 3035 830 3076 ο
859 3018 1003 3076 οωιο
1033 3035 1162 3076 esse
1181 3018 1209 3074 7
1235 3035 1341 3075 cur
1359 3019 1632 3077 Christus
1659 3017 1806 3075 illud
1837 3017 2030 3075 etfacit
2054 3019 2083 3075 ?

424 3108 792 3183 Respondete
824 3126 838 3166 :
870 3112 1039 3164 Anne
1059 3112 1124 3164 ut
1151 3125 1220 3164 ex
1239 3106 1383 3163 coelo
1412 3107 1472 3164 in
1505 3112 1724 3165 terram
1747 3123 1960 3181 corpus
1985 3108 2083 3163 de-

423 3198 621 3266 ferret,
653 3201 713 3253 et
739 3196 1036 3253 invisibile
1083 3197 1347 3253 redderet
1395 3195 1622 3254 visibile
1655 3213 1669 3251 :
1703 3195 2082 3253 contumelia

422 3287 785 3358 incapacem,
830 3285 1198 3342 contumeliae
1245 3302 1560 3358 capacem;
1611 3285 1975 3358 impassibile
2023 3291 2083 3342 et

2199 2126 2300 2202 γὰρ
2351 2126 2441 2182 καὶ
2489 2127 2519 2181 ὁ
2567 2126 2796 2191 θάνατος
2847 2125 3052 2202 γὲγονεο
3100 2129 3198 2181 τοῦ
3248 2125 3342 2199 μὶν
3401 2124 3654 2199 σώματος
3713 2127 3846 2182 κατὰ

2201 2215 2360 2294 φύσιν
2393 2211 2718 2293 δεχομένου,
2747 2219 2844 2270 τοῦ
2893 2213 2952 2270 δὲ
2997 2213 3180 2291 Λόγου
3220 2214 3357 2271 κατὰ
3399 2213 3619 2286 θὶλησιν
3653 2215 3846 2292 ἀνεχο-

2203 2305 2369 2380 μένου
2413 2305 2503 2361 καὶ
2554 2304 2970 2377 ἑξουσιαστικῶς
3016 2304 3079 2360 τὸ
3117 2299 3255 2360 ἴδιον
3300 2308 3463 2378 σῶμα
3511 2303 3588 2368 είς
3617 2304 3842 2361 θάνατον

2200 2395 2549 2470 προϊεμὲνουο
2595 2393 2686 2451 ἵνα
2729 2395 2818 2450 καὶ
2867 2392 3012 2470 πάθῃ
3068 2396 3312 2474 φυσικῶς
3361 2393 3496 2470 ὑπὲρ
3539 2395 3729 2467 ἡμῶν,
3757 2393 3845 2450 καὶ

2199 2485 2401 2559 ἀναστῇ
2467 2485 2657 2546 θεϊκῶς
2709 2485 2842 2560 ὑπὲρ
2903 2485 3086 2557 ἡμῶν.
3148 2481 3252 2540 Καὶ
3309 2479 3416 2554 ὅλη
3473 2485 3574 2550 τῆς
3631 2485 3792 2558 γεννή
3823 2515 3848 2526 -

2200 2592 2336 2635 σεως
2389 2575 2504 2648 (78)
2546 2571 2637 2629 καὶ
2679 2570 2778 2628 τοῦ
2835 2571 3066 2637 θανάτου
3121 2573 3158 2642 ἡ
3216 2569 3559 2649 πραγματεία
3609 2570 3692 2635 εἲς
3747 2573 3846 2643 τὴν

2197 2661 2468 2739 ἡμετέραν
2511 2665 2738 2734 ζήτησιν
2765 2661 2855 2718 καὶ
2889 2660 3179 2732 ἀνάκτησιν
3211 2662 3515 2736 θεωρεῖται.

2263 2844 2320 2897 7.
2350 2839 2564 2898 Τούτων
2616 2839 2675 2897 δὲ
2721 2840 2895 2905 οὕτως
2947 2839 3214 2917 ἐχόντων,
3240 2840 3332 2896 καὶ
3379 2838 3846 2916 ὁμολογουμένων

2193 2930 2246 2986 ἐν
2300 2935 2369 3006 τῇ
2426 2935 2523 2986 τοῦ
2579 2935 2712 2987 Θεοῦ
2785 2928 3054 3006 καθολικῇ
3108 2928 3406 3002 Ἐκκλησία
3437 2973 3451 3000 ,
3511 2935 3632 2995 πῶς
3688 2929 3848 3004 ὑμεῖς

2191 3018 2357 3076 πάλιν
2390 3018 2576 3096 λίγετε
2622 3019 2673 3094 ἐξ
2714 3018 2944 3096 ούρανοῦ
2983 3019 3048 3076 τὸ
3095 3023 3258 3092 σῶμα
3289 3035 3304 3089 ;
3335 3019 3426 3074 καὶ
3475 3015 3567 3074 διὰ
3601 3019 3656 3074 τί
3686 3024 3849 3076 τοῦτο

2189 3108 2484 3180 πεποίηκεν
2537 3110 2568 3165 ὁ
2619 3109 2853 3184 Χριστός
2883 3126 2898 3179 ;
2931 3107 3133 3165 Εἴπατε
3163 3155 3178 3180 ,
3218 3106 3312 3164 ’ίνα
3358 3105 3411 3180 ἐξ
3458 3108 3704 3186 οὐρανῶν
3753 3107 3845 3164 ἐπὶ

2187 3201 2288 3274 γῆς
2343 3201 2454 3272 (79)
2506 3197 2799 3275 κατενέγκῃ
2853 3202 3017 3272 σῶμα
3049 3241 3066 3269 ,
3115 3196 3206 3254 καὶ
3251 3197 3316 3254 τὸ
3363 3195 3595 3268 ἀόρατον
3647 3199 3846 3274 ὁρατὸν

2189 3288 2419 3360 ποιήσῃ,
2463 3285 2553 3340 καὶ
2607 3285 2670 3340 τὸ
2719 3280 3035 3362 ἀνύϐριστον
3081 3279 3290 3361 ὕϐρεως
3333 3279 3600 3353 δεκτικὸν,
3653 3285 3748 3340 καὶ
3774 3285 3841 3340 τὸ

421 3374 774 3443 immortale,
795 3373 1041 3431 mortale
1062 3378 1119 3430 et
1139 3373 1416 3446 passibile
1438 3374 1690 3430 faceret?
1711 3373 2074 3447 Ecquidnam

2197 3375 2387 3438 ὶπαθὶς
2441 3374 2532 3430 καὶ
2579 3374 2841 3439 ἀθάνατον
2889 3375 3084 3446 Θνητὸν
3132 3374 3224 3429 καὶ
3273 3373 3514 3446 παθητόν
3548 3391 3563 3444 ;
3595 3374 3696 3429 Καὶ
3755 3373 3846 3437 τίς

421 3463 482 3520 in
512 3462 632 3519 illis
658 3462 944 3532 beneficii,
977 3479 1010 3519 ο
1043 3462 1247 3534 inepti,
1277 3462 1326 3518 si
1360 3479 1428 3519 ea
1457 3461 1516 3518 in
1548 3460 1782 3519 Christo
1806 3463 1960 3519 facta
1983 3463 2075 3519 dic

419 3553 588 3623 catis,
618 3568 746 3625 quae
793 3551 852 3608 in
899 3551 1261 3625 protoplasto
1289 3552 1473 3608 Adam
1524 3552 1677 3608 facta
1724 3552 1915 3608 sunt?
1947 3552 2072 3609 Nisi

418 3642 555 3698 Ade:
575 3641 810 3715 lapsum
831 3643 892 3698 in
912 3641 1427 3714 incomparabilem
1447 3641 1876 3716 reparationem
1897 3643 2062 3698 Chri-

418 3735 569 3804 stus,
601 3730 662 3787 in
693 3730 1081 3788 similitudine
1111 3732 1304 3789 carnis
1344 3732 1565 3805 peccati
1589 3747 1900 3805 apparens,
1933 3748 2067 3804 pec-

415 3823 732 3894 catumque
761 3820 819 3876 in
842 3836 1017 3876 carne
1037 3821 1458 3888 condemnans,
1481 3820 1836 3877 restituisset
1859 3838 1874 3890 ;
1898 3822 1978 3877 ita
2003 3824 2072 3878 ut

414 3927 589 3967 carne
619 3909 866 3966 indutus
883 3911 940 3966 in
963 3916 1117 3966 terra
1132 3914 1481 3978 versaretur,
1507 3914 1567 3966 et
1587 3925 1823 3967 carnem
1849 3909 2071 3984 peccati

416 3999 754 4072 incapacem
777 3999 1079 4056 exhiberet
1109 4017 1122 4056 :
1157 4016 1337 4074 quam
1369 4017 1504 4056 cum
1535 4015 1604 4056 ex
1633 3999 1824 4072 prima
1847 4001 2072 4059 forma-

416 4089 578 4146 tione
598 4089 777 4146 Adam
809 4089 1028 4162 peccati
1061 4093 1356 4162 expertem
1388 4088 1714 4157 habuisset,
1745 4105 1814 4145 ex
1846 4105 2073 4162 prava-

418 4177 701 4235 ricatione
731 4177 891 4234 illam
923 4179 1143 4251 peccati
1173 4194 1442 4250 capacem
1475 4178 1632 4247 fecit,
1664 4195 1731 4236 ac
1775 4178 1834 4234 in
1867 4195 2074 4235 corru-

420 4267 679 4340 ptionem
701 4272 760 4324 et
777 4273 1024 4325 mortem
1042 4267 1324 4341 delapsus
1343 4271 1450 4324 est.
1477 4267 1635 4324 lianc
1658 4267 1927 4324 Christus
1948 4284 2076 4324 sus-

421 4355 565 4412 citat
594 4359 804 4412 natura
833 4356 1298 4428 impeccabilem,
1344 4361 1410 4413 ut
1437 4357 1712 4413 ostendat
1739 4356 2072 4413 Creatorem

423 4460 537 4500 non
557 4459 687 4500 esse
707 4460 942 4500 causam
971 4445 1218 4517 peccati;
1243 4449 1300 4502 et
1317 4446 1388 4501 ad
1412 4444 1752 4518 primariam
1771 4445 1935 4501 illam
1960 4446 2075 4501 for-

421 4531 742 4588 mationem
768 4535 1014 4606 propria)
1039 4539 1263 4592 naturis
1285 4551 1413 4591 eam
1438 4535 1714 4606 restituit,
1738 4539 1798 4591 ut
1820 4533 1955 4608 ipse
1983 4549 2075 4590 es-

419 4620 1026 4694 setimpeccabilitatis
1044 4624 1362 4696 specimen.
1382 4627 1621 4680 Frustra
1643 4624 1823 4697 igitur
1842 4623 2073 4681 erronei

417 4711 506 4768 illi
534 4710 1088 4784 comminiscuntur,
1122 4717 1300 4786 atque
1325 4712 1553 4780 dicunt,
1581 4730 1650 4770 ex
1681 4713 1825 4770 cmlo
1855 4713 2074 4770 Christi
2103 4698 2152 4764 D

493 4838 538 4874 ⁸³
566 4837 704 4894 Luc.
735 4853 888 4908 xxxv,
922 4839 1012 4895 39.
1091 4840 1137 4875 ιδ
1159 4839 1326 4897 Joan.
1361 4857 1440 4910 ιν,
1471 4841 1564 4896 24.

497 4964 606 5037 (73)
637 4965 794 5038 Ξοεη
827 4963 966 5020 ἐστὶν
998 4967 1032 5036 ἡ
1066 4960 1342 5028 ἀνάϐασις.
1377 4968 1540 5024 Gobl.
1575 4972 1633 5024 et
1661 4967 1808 5026 Felc.
1845 4970 1898 5038 1,
1945 4968 2071 5022 ἀνα-

425 5030 656 5097 ϐάσεως.
689 5030 906 5108 Ὅμως,
939 5030 1178 5096 omissis
1209 5039 1437 5096 mediis.

497 5109 614 5248 (74(
635 5110 734 5179 Ep.
765 5110 842 5165 ud
872 5112 1069 5183 Epist,
1101 5129 1158 5182 p.
1189 5112 1317 5167 724.

499 5180 591 5248 (75
651 5183 1067 5248 Seguerianus,
1099 5186 1222 5244 Πῶς
1253 5203 1316 5237 ου

499 5176 1067 5304 (ἹΞὶοΞξειέῗὲἰιίηυελ
1099 5176 1222 5244 Πῶς
1253 5203 1343 5237 ουν
1400 5176 1580 5256 ἕλεγε’
1643 5187 1864 5256 Πνεῦμα
1917 5181 2076 5237 ὀστέα

427 5249 519 5306 καὶ
554 5249 755 5324 σάρκα,
777 5259 885 5308 etc.

500 5321 1055 5400 (:76)_'Seguerianus,
1088 5321 1325 5400 ἄρρητός
1351 5345 1436 5389 τις
1463 5323 1632 5385 ἐστίν.
1691 5327 1846 5383 Infra
1896 5327 2073 5398 idem,

425 5395 492 5464 ἦν
510 5391 786 5470 ςᾷνςέαυτῷ
808 5391 1254 5470 περιεποιήσατο.

501 5466 613 5540 (77)
634 5468 745 5540 Ἵνα
772 5466 887 5523 καί.
917 5472 1007 5524 Sic
1048 5471 1438 5540 Seguerianus
1495 5485 1670 5540 quem
1730 5468 1914 5525 secuti
1972 5486 2075 5525 su-

426 5538 600 5617 mus;
629 5539 950 5617 aediﬁcarat
977 5541 1038 5597 in
1062 5538 1274 5617 editis.
1306 5545 1457 5617 Μοξ,
1566 5538 2073 5617 πάλιν-Ῠκατάωφύ-

426 5628 516 5688 σιν
533 5616 634 5688 τῆς
665 5614 760 5664 τοῦ
791 5613 993 5688 Λόγου,
1027 5613 1110 5671 sic
1142 5615 1296 5688 idem
1330 5619 1388 5669 et
1413 5613 1700 5670 Nannius.
1736 5613 1954 5683 Editijﬁ
1973 5613 2072 5682 τῆς

424 5683 520 5734 τοῦ
551 5678 756 5750 Λόγου,
792 5678 1030 5740 omissis
1062 5687 1296 5742 mediis.

496 5753 610 5828 (78)
642 5753 727 5809 Ita
757 5755 884 5828 Seg.
917 5758 1084 5813 Gobl.
1117 5763 1174 5828 et
1206 5758 1356 5828 Felc.
1386 5758 1438 5811 1.
1471 5759 1646 5823 Editi,
1684 5756 1775 5828 καὶ
1805 5753 1943 5826 ὅλης
1971 5761 2073 5824 τῆς

420 5821 696 5893 γενέσεως.
731 5821 888 5885 Ιῑιῖιῖα
915 5829 1080 5896 editi,
1109 5827 1162 5882 ἐν
1189 5827 1258 5904 τῇ
1284 5831 1379 5882 τοῦ
1410 5831 1544 5882 Θεοῦ
1603 5821 1910 5901 καθολικῇ.⁷
1957 5821 2070 5884 Sed

2181 3467 2246 3534 ἦν
2297 3463 2350 3519 ἐν
2408 3463 2624 3527 τούτοις
2678 3462 2978 3541 εὐεργεσία,
3035 3466 3083 3518 ὡ
3133 3461 3402 3536 μάταιοι,
3461 3461 3508 3518 εί
3565 3467 3738 3519 ταῦτα
3787 3461 3842 3518 ὲν

2182 3557 2405 3629 Χριστῷ
2467 3553 2746 3629 γεγονέναι
2795 3551 3000 3629 λέγετε,
3050 3551 3084 3606 ἃ
3120 3553 3332 3629 γέγονεν
3386 3550 3442 3608 ἐν
3487 3556 3568 3626 τῷ
3613 3573 3843 3630 πρωτο-

2178 3640 2409 3716 πλάστῳ
2439 3638 2620 3714 ’Δδάμ
2649 3660 2665 3712 ;
2697 3641 2762 3697 El
2812 3644 2890 3716 μὴ
2931 3642 2994 3697 τὸ
3041 3645 3138 3698 τοῦ
3186 3638 3369 3716 ’Λδὰμ
3409 3641 3729 3715 σύμπτωμα
3765 3639 3849 3704 εἰς

2180 3731 2506 3807 ἀσύγκριτον
2536 3729 2823 3804 ἀνάστημα
2869 3731 3100 3806 Χριστὸς
3143 3731 3472 3802 ἀνεστήσατο
3524 3731 3577 3786 ὲν
3627 3730 3846 3805 ὁμοιώ-

2185 3841 2313 3896 ματι
2372 3820 2568 3896 σαρκὸς
2627 3820 2894 3898 ἁμαρτίας
2949 3819 3156 3896 ὀφθεὶς,
3212 3819 3303 3876 καὶ
3353 3820 3678 3897 κατακρίνας
3736 3826 3843 3889 τήν

2183 3908 2444 3984 ἁμαρτίαν
2480 3908 2531 3964 ἐν
2561 3913 2631 3984 τῇ
2683 3909 2862 3983 σαρκίο
2917 3909 3053 3966 ὥστε
3089 3907 3181 3964 καὶ
3219 3910 3333 3983 (80)
3383 3910 3544 3984 σαρκὶ
3591 3908 3680 3964 ἰπὶ
3732 3916 3842 3985 γῆς

2180 3996 2624 4071 πολιτεύσασθαι,
2669 3999 2760 4054 καὶ
2805 3994 3146 4054 ἀνεπίδεκτον
3196 3996 3464 4074 ἁμαρτίας
3511 3995 3686 4070 δεῖξαι
3740 4000 3849 4068 τήν

2184 4089 2374 4166 σάρκα,
2405 4089 2468 4158 ἣν
2501 4087 2562 4144 ἐκ
2608 4094 2712 4158 τῆς
2759 4088 2987 4165 πρώτης
3031 4086 3284 4150 πλάσεως
3317 4088 3346 4143 ὁ
3375 4084 3558 4161 Ἀδὰμ
3595 4088 3854 4164 ἀναμάρ-

2180 4198 2344 4249 τητον
2403 4175 2682 4252 ἐσχηκὼς,
2737 4175 2797 4232 ἐκ
2843 4170 3200 4254 παραϐάσεως
3258 4173 3512 4247 δεκτικὴν
3569 4177 3850 4254 ἁμαρτίας

2182 4263 2452 4337 πεποίηκε
2498 4267 2631 4340 (8|),
2675 4263 2764 4320 καὶ
2813 4263 2892 4327 εἲς
2941 4262 3233 4344 διαφθορὰν
3279 4264 3369 4320 καὶ
3411 4264 3641 4330 θάνατον
3672 4286 3858 4322 κατα-

2184 4354 2458 4411 πὲπτωκε.
2517 4355 2728 4425 Ταύτην
2791 4353 3034 4424 ἀνίστησι
3092 4355 3229 4410 κατὰ
3283 4353 3439 4432 φύσιν
3497 4353 3790 4431 ἀναμάρτη
3831 4390 3856 4401 -

2180 4466 2297 4516 τον,
2323 4442 2415 4498 ἵνα
2446 4441 2590 4518 δείξῃ
2616 4443 2709 4499 τὸν
2746 4443 3094 4520 Δημιουργὸν
3129 4442 3364 4500 ἀναίτιον
3395 4449 3496 4514 τῆς
3545 4444 3858 4520 ἁμαρτίας,

2182 4535 2271 4590 καὶ
2332 4533 2467 4588 κατὰ
2520 4534 2620 4602 τήν
2667 4531 2974 4610 ἀρχέτυπον
3023 4529 3222 4588 πλάσιν
3277 4535 3377 4603 τῆς
3433 4529 3575 4596 ἰδίας
3627 4533 3856 4610 φύσεως

2184 4624 2575 4694 κατεστήσατοο
2617 4619 2711 4677 ἵνα
2761 4621 2923 4686 αὐτὸς
3045 4628 3146 4692 τῆς
3201 4620 3609 4699 ἂναμαρτησίας
3659 4624 3779 4698 (82)
3813 4624 3853 4694 ἠ

2185 4709 2460 4784 ἐπίδειξις.
2513 4711 2708 4781 Μάτην
2757 4709 2847 4766 οῦν
2898 4711 3256 4789 φαντάζονται
3301 4711 3353 4767 οἱ
3394 4709 3702 4785 ἀλώμενοι,
3753 4714 3858 4768 καὶ

2183 4968 2279 5022 τοῦ
2309 4969 2442 5021 Θεοῦ
2473 4967 2638 5024 deest
2665 4967 2725 5022 in
2756 4957 2946 5022 Nann.
2979 4967 3112 5024 Sen.

2257 4987 2279 5018 υ
2309 4981 2442 5021 (nou
2473 4981 2638 5024 deest
2665 4983 2725 5022 1n
2758 4981 2946 5022 mann.
2979 4981 3052 5024 se
3099 5011 3112 5024 .

2257 5039 2370 5112 (89)
2395 5039 2562 5122 Gobl:
2593 5038 3028 5124 Felc."l,lseg.,
3055 4981 3162 5124 ini
3195 5042 3323 5124 γῆν.
3356 5038 3542 5124 ,ἔμειτα
3570 5042 3855 5124 ‘Seguer:

2185 5108 2361 5181 quem
2393 5111 2717 5182 sequimur,
2753 5108 2848 5166 καί
2879 5108 2964 5170 τίς
2995 5111 3062 5180 ἦν
3092 5108 3145 5164 ἐν
3171 5108 3321 5164 τὸύτ.
3356 5111 3506 5167 Editi
3529 5117 3588 5167 et
3608 5108 3856 5180 alii,Ka‘:

2185 5181 2266 5234 τίς
2297 5183 2332 5234 ἡ
2365 5179 2417 5234 ἐν
2449 5181 2600 5234 τούτ.
2634 5181 2816 5234 Paulo
2841 5187 2977 5234 nost
3007 5179 3710 5234 Secunrianuswwovivm
3747 5181 3853 5234 λέ-

2181 5179 2266 5243 τίς
2297 5183 2332 5250 ἡ
2365 5179 2417 5236 ἐν
2449 5179 2600 5267 τούτ.
2634 5181 2816 5272 Ppulo
2841 5187 2977 5254 post
3007 5179 3710 5308 ὃθίυθιδὶιιηιιεαεγονὲναι
3747 5181 3853 5238 λέ-

2183 5251 2387 5336 γετεΔᾶ.ζ
2411 5256 2594 5336 Εόιφ,
2630 5274 2694 5308 ου
2721 5253 2966 5336 γεγονεν,
2999 5253 3094 5336 ἃΑγ
3116 5259 3454 5336 laverim;
3483 5255 3628 5322 hec,
3677 5254 3722 5308 εἰ
3769 5255 3858 5328 μή

2183 5322 2492 5409 σὲῷλρήδᾴμ.
2517 5322 2833 5409 ρεευηῑξὶἰι
2864 5322 2996 5409 Sgg_
3025 5322 3203 5409 βόιόι.ζ
3228 5324 3380 5409 lfelc.
3416 5329 3466 5409 1_.

2255 5399 2368 5468 (80)
2400 5396 2485 5455 Ita
2517 5397 2860 5472 Deguerian.
2895 5396 3128 5472 Gobler.
3165 5399 3333 5472 Felc._
3349 5401 3401 5472 1.
3436 5401 3498 5455 In
3530 5397 3730 5472 editis,
3756 5397 3862 5472 καί

2184 5469 2368 5594 deest.
2401 5475 2528 5527 Mox
2558 5467 2862 5543 Anglican.
2893 5469 3125 5527 Gobler.
3158 5475 3214 5526 et
3241 5469 3434 5528 Felch.
3465 5472 3518 5542 1,
3573 5467 3861 5526 πολιτεύ-

2184 5561 2284 5594 σασ
2321 5560 2396 5594 αι.

2183 5560 2374 5594 σασυαι
2389 5585 2396 5592 .

2206 5689 2221 5700 Ἰ
2256 5614 2367 5738 (81)
2401 5613 2533 5684 Seg.
2561 5612 2726 5704 Gobl.
2762 5616 2820 5670 et
2849 5611 3001 5669 Fvlc.
3036 5613 3087 5681 1,
3130 5609 3370 5685 ἐποίησε.
3403 5618 3534 5671 Mox
3579 5613 3764 5670 Gobl.
3801 5619 3868 5671 et

2206 5701 2256 5738 ὀ
2282 5686 2413 5738 0.1.
2451 5680 2736 5738 διαωοοαν.

2182 5686 2413 5748 ΙτοΙοΑ,
2451 5686 2736 5760 διαφοράν.

2181 5756 2747 5899 τζέῗὲἓέιϊξθςυον.
2777 5754 3011 5814 Gobler.
3039 5759 3098 5814 et
3128 5757 3281 5816 Felc.
3321 5760 3372 5816 1.
3423 5758 3598 5828 Editi,
3661 5757 3866 5833 ἁμαρ-
