4048 6402
217 449 373 510 1105
1131 447 1450 508 CONTRA
1492 445 2085 506 APOLLINARIUM
2128 445 2355 505 LIBER
2404 445 2719 508 PRIMUS.

3474 447 3629 509 1106

213 580 264 652 ἐξ
323 580 555 654 οὐρανοῦ
610 579 859 654 λέγοντες
914 578 978 634 τὸ
1028 582 1126 634 τοῦ
1157 577 1359 652 Κυρίου
1402 582 1582 651 σῶμα.
1611 576 1862 637 Καίτοιὸ

1981 593 2188 650 corpus
2219 593 2367 634 esse.
2397 577 2575 650 Atqui
2607 579 2765 651 quod
2814 579 3000 635 Adam
3033 595 3102 636 ex
3143 579 3287 637 coelo
3317 580 3377 636 in
3407 583 3624 638 terram

211 668 388 745 ’Δδὰμ
435 670 486 741 ἐξ
546 670 781 746 οὖροινοῦ
834 667 919 723 ἐπὶ
971 668 1070 737 τήν
1130 675 1233 745 γῆν
1310 668 1663 743 κατενήνοχε,
1722 668 1862 740 Χρι-

1981 666 2201 735 detulit,
2235 667 2381 724 illud
2414 667 2683 724 Christus
2714 684 2745 724 e
2774 671 2934 726 terra
2964 669 3025 725 in
3057 668 3268 728 cielum
3301 671 3487 727 evexit
3519 687 3532 726 :
3568 675 3626 729 et

213 762 335 824 στὸς
395 759 502 816 ἀπὸ
552 766 657 837 γῆς
713 758 789 821 είς
843 756 1106 833 οὐρανοὺς
1180 758 1515 832 ἀνενήνοχε·
1574 756 1665 811 καὶ
1727 755 1858 826 ὅπερ

215 848 388 925 Ἀδὰμ
458 849 571 924 (83)
647 847 1029 925 ἀναμάρτητον
1113 844 1205 902 καὶ
1282 843 1704 905 ἀκαταδίκαστον
1783 845 1860 907 εἰς

214 941 418 1019 φθορὰν
474 939 565 994 καὶ
624 935 919 1009 καταδίκην
975 937 1204 1002 θανάτου
1246 938 1599 1011 κατενήνοχε,
1630 934 1860 1010 Χριστὸς

211 1034 373 1087 τοῦτο
427 1029 696 1108 ἄφθαρτον
754 1028 843 1083 καὶ
910 1026 1170 1103 λυτήριον
1244 1023 1473 1081 θανάτου
1549 1022 1806 1097 ἀνέδειξεν
1844 1040 1856 1054 ·

213 1117 353 1174 ὥστε
409 1112 556 1193 ἔχειν
618 1112 860 1185 ἐξουσίαν
920 1112 1006 1168 ἐπὶ
1037 1116 1135 1182 τῆς
1163 1115 1265 1188 γῆς
1297 1112 1507 1191 ἀφιέναι
1569 1110 1863 1186 ἁμαρτίας,

211 1206 271 1264 ἐκ
330 1204 389 1262 δὲ
444 1206 617 1284 τάφου
672 1205 772 1274 τήν
832 1201 1127 1282 ἀφθαρσίαν
1194 1199 1611 1272 ἐπιδείκνυσθαι,
1664 1201 1751 1256 καὶ
1809 1200 1862 1256 ἐν

215 1290 461 1352 ἐπιϐάσει
520 1288 653 1366 ᾅδου
710 1291 859 1348 λύειν
938 1293 1200 1364 θάνατον,
1257 1289 1347 1346 καὶ
1424 1288 1860 1366 εὐαγγελίσασθαι

214 1390 345 1441 πᾶσι
387 1385 488 1454 τὴν
538 1382 841 1439 ἀνάστασιν.
866 1381 991 1438 ’Ὁτι
1021 1377 1224 1437 ἔκτισεν
1257 1381 1285 1434 ὁ
1316 1379 1447 1442 Θεὸς
1501 1380 1593 1434 τὸν
1653 1376 1862 1454 ἅνθρω-

214 1495 315 1530 πον
377 1471 465 1529 ἐπὶ
520 1470 788 1550 ἀφθαρσίᾳ
815 1472 952 1544 (84),
982 1470 1072 1525 καὶ
1121 1468 1302 1525 είκόνα
1355 1475 1455 1538 τῆς
1510 1465 1647 1530 ἰδίας
1686 1465 1863 1522 $6816-

214 1585 383 1636 τητος
441 1561 695 1633 ἐποίησεν
775 1559 959 1617 αὐτόν.
1014 1559 1210 1632 Φθόνῳ
1267 1556 1325 1615 δὲ
1382 1553 1644 1613 διαϐόλου
1700 1557 1862 1621 θάνα-

212 1674 306 1715 τος
367 1649 613 1717 εἰσῆλθεν
694 1648 772 1712 ei;
845 1649 937 1704 τὸν
1010 1648 1246 1721 κόσμονο
1310 1645 1728 1723 βασιλευόμενον
1805 1641 1863 1699 δὲ

216 1742 319 1797 ὑπὸ
348 1744 448 1796 τοῦ
478 1738 709 1804 θανάτου
759 1736 837 1800 εἰς
885 1734 1177 1815 διαφθορὰν
1224 1734 1332 1810 οὐχ
1379 1732 1651 1811 ὑπερεῖδεν
1701 1732 1861 1795 αὐτὸς

212 1830 511 1908 γενόμενος
537 1826 848 1905 ἅιθρωπος,
879 1827 945 1882 οὐ
975 1826 1200 1903 τραπεὶς
1256 1824 1332 1887 εἷς
1392 1824 1678 1900 ἀνθρώπου
1733 1842 1863 1898 μορ-

1971 759 2127 830 quod
2156 759 2365 825 Adam,
2396 774 2532 813 cum
2564 758 2728 830 prius
2759 759 2978 830 peccati
3021 775 3226 832 expers
3254 764 3312 816 et
3343 760 3490 816 nulli
3521 761 3624 817 da-

1973 846 2261 904 mnationi
2282 847 2567 903 obnoxius
2588 847 2827 917 esset,in
2851 847 3284 921 corruptionem
3308 852 3365 905 et
3383 850 3626 906 damna-

1968 935 2188 992 tionem
2218 936 2428 993 mortis
2457 936 2686 1008 dejecit,
2708 936 2968 1010 idipsum
2991 937 3259 994 Christus
3279 937 3627 1009 incorrupti-

1970 1024 2087 1081 bile
2116 1042 2266 1093 esse,
2298 1025 2416 1082 imo
2446 1041 2481 1080 a
2504 1029 2687 1082 morte
2718 1025 2967 1083 liberare
2998 1027 3293 1094 ostendit;
3327 1026 3409 1083 ita
3432 1030 3496 1083 ut
3518 1041 3627 1099 po-

1968 1117 2241 1171 testatem
2291 1115 2504 1171 haheat
2537 1116 2597 1171 in
2643 1119 2801 1172 terra
2847 1120 3089 1188 peccata
3136 1114 3509 1185 dimittendi;
3558 1131 3628 1171 ex

1971 1203 2265 1275 sepulcro,
2289 1203 2787 1276 incorruptionem
2811 1205 3162 1274 exhibendi;
3196 1204 3256 1260 in
3281 1221 3532 1262 ascensu
3557 1220 3626 1260 ex

1968 1290 2222 1360 inferno,
2248 1295 2495 1349 mortem
2527 1293 2817 1362 solvendi,
2838 1296 2895 1350 et
2926 1291 3417 1350 resurrectionem
3439 1292 3628 1349 omni-

1973 1382 2083 1438 bus
2122 1382 2536 1439 annuntiandi.
2586 1384 2732 1451 Quia
2761 1384 2914 1439 Deus
2966 1383 3267 1439 hominem
3318 1383 3537 1439 creavit
3564 1382 3626 1441 in

1972 1471 2474 1544 incorruptionem
2502 1476 2555 1528 et
2586 1472 2905 1545 imaginem
2926 1472 3275 1529 aeternitatis
3305 1489 3424 1529 sum
3453 1471 3624 1528 illum

1974 1560 2131 1617 fecit.
2174 1562 2393 1618 Invidia
2437 1568 2618 1619 autem
2670 1562 2883 1619 diaboli
2909 1578 3061 1619 mors
3108 1563 3339 1618 intravit
3368 1564 3430 1617 in
3458 1578 3625 1616 mun-

1971 1650 2102 1706 dum
2116 1652 2181 1719 ⁸⁵,
2216 1668 2389 1723 quem
2421 1652 2627 1708 mortis
2659 1651 2904 1724 imperio
2943 1666 3296 1725 oppressum
3328 1651 3386 1706 in
3418 1667 3622 1706 corru-

1973 1739 2254 1813 ptionem,
2274 1758 2390 1797 non
2409 1740 2662 1814 neglexit
2682 1741 2809 1813 ipse
2825 1741 3016 1797 factus
3045 1740 3218 1797 homo
3240 1758 3258 1795 :
3283 1756 3399 1796 non
3420 1756 3625 1797 versus

1973 1826 2035 1882 in
2051 1828 2309 1884 hominis
2328 1829 2575 1887 formam
2598 1845 2826 1900 :-neque
2845 1829 3179 1901 despiciens
3200 1827 3458 1884 hominis
3480 1828 3625 1884 sub-

215 1920 343 1998 φὴν,
399 1914 526 1973 οὐδὲ
582 1912 826 1993 παριδὼν
899 1915 1001 1984 τήν
1076 1918 1173 1969 τοῦ
1244 1913 1533 1988 ἀνθρώπου
1614 1909 1861 1983 ὕπαρξιν,

331 2004 387 2017 .-
528 2008 539 2017 .
641 2002 747 2017 ρ.-.
864 2004 879 2017 .
1013 2008 1037 2017 _
1162 1999 1330 2017 μυ.
1402 1998 1429 2017 ,κ
1576 2000 1590 2017 ι
1739 1999 1824 2017 ης

1981 1916 2276 1983 stantiam,
2295 1918 2465 1989 quasi
2482 1934 2587 1990 per
2603 1918 2876 1973 umbram
2893 1921 2950 1973 et
2969 1916 3218 1990 speciem
3244 1920 3476 1973 tantum
3499 1930 3627 1973 sese

215 2004 427 2079 σκιώδη
481 2008 582 2077 τήν
638 2002 802 2076 δεῖξιν
861 2004 1120 2059 ἐποιεῖτο·
1153 1999 1338 2059 ἀλλ’ὁ
1397 1998 1470 2056 ὢν
1524 2000 1676 2077 φύσει
1734 1999 1865 2062 Θεὸς

216 2100 466 2173 γεννᾶται
536 2092 842 2172 ἅνθρωπος,
895 2091 969 2149 ἵν’
1031 2094 1107 2156 εἷς
1164 2091 1201 2166 ᾖ
1249 2092 1315 2146 τὰ
1370 2091 1614 2167 ἑκάτερα,
1656 2088 1867 2151 τὲλειος

213 2186 352 2243 κατά
400 2185 597 2253 πάντα,
646 2183 875 2261 φυσικὴν
937 2183 1026 2238 καὶ
1087 2179 1456 2252 ἀληθεστάτην
1513 2180 1613 2248 τὴν
1670 2177 1867 2254 γέννη-

214 2296 294 2331 σιν
528 2270 959 2347 ὲπιδειξάμενος.
992 2271 1086 2327 Διὸ
1143 2270 1378 2347 εἴρηται·
1415 2269 1517 2327 Καὶ
1556 2267 1867 2344 κἐχαρίσατο

221 2364 368 2439 αὐτῷ
419 2360 597 2438 ὄνομα
648 2363 712 2419 τὸ
776 2362 909 2436 ὑπὲρ
962 2366 1067 2417 πᾶν
1127 2357 1348 2435 ὄνομα,
1411 2357 1716 2436 βασιλεύειν
1774 2355 1866 2412 οὗ·

220 2458 420 2532 ρανῶν,
452 2454 543 2508 καὶ
577 2451 816 2525 ἐξουσίαν
848 2446 995 2527 ἔχειν
1029 2449 1201 2523 κρίσιν
1232 2455 1432 2507 ποιεῖν.

291 2546 346 2601 8.
377 2543 439 2601 Ὁ
491 2541 599 2618 γὰρ
644 2545 754 2595 τῶν
805 2538 951 2595 ὅλων
980 2537 1322 2615 δημιουργὸς
1352 2537 1532 2613 Λόγος
1561 2539 1676 2613 (86)
1707 2536 1862 2615 ὤφθη

220 2634 337 2696 υἱὸς
369 2632 685 2708 ἀνθρώπου,
716 2629 826 2706 οὐχ
860 2626 1044 2703 ἕτερός
1087 2649 1171 2691 τις
1213 2627 1523 2704 γενόμενος,
1555 2625 1704 2683 ἀλλά
1748 2624 1867 2681 δεύ-

215 2742 377 2797 τερος
428 2717 624 2794 Ἀδάμ’
651 2716 745 2775 ’ίνα
797 2718 883 2774 καὶ
940 2716 1000 2773 ἐκ
1052 2722 1150 2773 τοῦ
1198 2717 1466 2791 ὀνόματος
1509 2716 1865 2791 γινώσκωμεν

217 2812 321 2881 τὴν
370 2809 654 2881 ἀλήθειαν.
684 2808 783 2866 Καὶ
826 2806 1247 2884 προγενέστερον
1301 2804 1536 2861 δείκνυσι
1579 2806 1670 2860 τὸν
1715 2825 1868 2880 πρω-

216 2899 525 2957 τόπλαστον
559 2899 587 2953 ὁ
620 2894 978 2964 Ἀπόστολος,
1006 2900 1225 2970 πρῶτον
1252 2895 1313 2951 τὸ
1339 2895 1575 2971 ψυχικὸν
1631 2892 1867 2967 δεικνὺς,

218 2984 405 3045 ἔπειτα
431 2989 495 3044 τὸ
526 2986 915 3061 πνευματικόν.
947 2985 1199 3062 Ψυχικὸν
1250 2981 1307 3039 δὲ
1364 2985 1452 3039 καὶ
1508 2982 1867 3060 πνευματικὸν

221 3078 416 3155 λὲγων,
450 3077 559 3154 οὐχ
612 3072 794 3153 ἓτερον
851 3074 942 3131 καὶ
994 3071 1175 3149 ἕτερον
1224 3071 1456 3129 δείκνυσι
1514 3077 1695 3147 σῶμα,
1722 3069 1869 3128 ἀλλὰ

219 3168 281 3223 τὸ
331 3166 462 3223 αὐτὸ
520 3171 699 3240 σῶμα·
730 3166 794 3221 τὸ
847 3165 942 3240 μὶν
991 3168 1208 3241 πρῶτον
1269 3161 1320 3218 ἰν
1365 3164 1478 3237 (87)
1508 3160 1720 3234 ἐξουσίᾳ
1776 3161 1866 3216 καὶ

218 3258 377 3337 φύσει
401 3260 611 3332 ψυχῆς,
645 3252 729 3310 διὸ
760 3254 1018 3330 ψυχικόν·
1050 3254 1113 3308 τὸ
1152 3250 1211 3308 δὲ
1258 3249 1504 3329 δεύτερον
1553 3249 1605 3306 ἐν
1656 3249 1869 3322 ἐξουσίᾳ

1975 2005 2234 2062 ostendit
2262 2021 2277 2061 :
2312 2005 2413 2062 sed
2445 2006 2540 2077 qui
2576 2009 2790 2061 natura
2817 2006 2977 2061 Deus
3006 2009 3115 2073 est,
3138 2005 3315 2061 homo
3338 2004 3625 2074 nascitur,

1977 2098 2045 2150 ut
2072 2093 2195 2150 hac
2223 2095 2397 2150 ambo
2427 2094 2549 2149 sint
2582 2111 2759 2163 unus,
2793 2094 2853 2149 in
2883 2092 3159 2151 omnibus
3188 2094 3501 2166 perfectus,
3526 2091 3630 2164 qui

1977 2182 2304 2239 naturalem
2333 2186 2391 2239 et
2410 2183 2779 2240 verissimam
2811 2182 3175 2240 nativitatem
3206 2183 3461 2239 exhibet.
3492 2182 3628 2238 Ideo

1977 2272 2203 2329 dictum
2228 2277 2318 2331 est
2349 2290 2362 2330 :
2395 2276 2465 2330 Et
2488 2273 2640 2330 dedit
2667 2275 2759 2330 illi
2786 2290 2982 2330 nomen
3015 2274 3157 2346 quod
3183 2275 3265 2330 est
3287 2287 3451 2345 super
3471 2287 3631 2328 omne

1976 2379 2178 2420 nomen
2192 2364 2256 2431 ⁸⁸,
2290 2368 2356 2420 ut
2384 2367 2657 2437 regnaret
2679 2364 2739 2420 in
2770 2362 2955 2433 caelis,
2982 2367 3041 2420 et
3069 2366 3418 2435 potestatem
3447 2361 3628 2419 habe-

1978 2456 2066 2509 ret
2093 2452 2375 2509 reddendi
2403 2452 2631 2524 judicii.

2047 2543 2102 2598 8.
2134 2542 2280 2599 Nam
2327 2542 2606 2612 Verbum,
2638 2543 2797 2615 quod
2841 2542 3041 2601 omnia
3069 2541 3302 2612 creavit,
3336 2541 3494 2598 filius
3526 2540 3629 2597 ho-

1979 2632 2155 2689 minis
2186 2633 2480 2704 apparuit,
2516 2649 2631 2689 non
2681 2632 2929 2705 alienus,
2962 2634 3065 2690 sed
3110 2632 3406 2689 secundus
3437 2631 3628 2687 factus

1975 2722 2200 2790 Adam;
2235 2725 2297 2776 ut
2326 2738 2396 2777 ex
2424 2721 2553 2793 ipso
2604 2721 2843 2778 nomine
2873 2738 3266 2795 agnoscamus
3296 2721 3624 2787 veritatem,

1975 2811 2294 2884 ipsumque
2341 2811 2596 2882 priorem
2657 2827 2787 2868 esse
2834 2810 3266 2884 protoplastum
3311 2807 3628 2883 Apostolus

1977 2899 2252 2969 ostendit,
2280 2899 2378 2955 ubi
2396 2899 2656 2972 primum
2679 2899 2932 2956 animale
2945 2903 3253 2971 memorat,
3277 2898 3486 2955 dehinc
3511 2898 3633 2969 spi-

1977 2988 2207 3046 rituale.
2267 2989 2410 3045 Cum
2454 2992 2651 3045 autem
2699 2988 2953 3045 animale
3006 2992 3063 3045 et
3112 2987 3418 3060 spirituale
3465 2987 3631 3059 dicit,

1978 3095 2092 3135 non
2124 3077 2375 3135 alterum
2405 3081 2462 3134 et
2491 3077 2741 3134 alterum
2773 3095 2986 3150 corpus
3015 3078 3292 3145 ostendit,
3343 3077 3444 3133 sed
3475 3076 3630 3133 idem

1974 3166 2172 3240 ipsum
2209 3184 2425 3240 corpus
2459 3182 2473 3224 :
2507 3167 2767 3239 primum
2789 3166 3029 3239 quidem
3062 3167 3121 3221 in
3154 3165 3414 3239 potentia
3439 3168 3497 3221 et
3527 3181 3629 3221 na-

1976 3260 2110 3313 tura
2141 3256 2371 3328 animaz,
2402 3260 2461 3313 et
2483 3260 2791 3329 propterea
2820 3255 3112 3313 animale:
3141 3254 3400 3311 secundo
3431 3257 3631 3310 autem

217 3324 308 3404 καὶ
361 3324 520 3425 φιέσέῐ
546 3324 898 3419 ήΗνεύματος,
950 3341 1034 3398 διὸ
1075 3324 1463 3416 πνευματικόν’
1496 3344 1716 3415 Πνεῦμα
1758 3341 1864 3417 γὰρ

1981 3347 2037 3403 in
2087 3324 2364 3419 potentia
2395 3349 2451 3402 et
2483 3324 2706 3402 natura
2734 3345 2988 3417 Spritus,
3039 3344 3256 3402 idcirco
3304 3342 3627 3417 spirituale.

220 3437 249 3491 ὁ
276 3434 406 3497 Θεὸς
465 3434 660 3509 Λόγος’
696 3430 838 3487 οὕτω
893 3431 997 3507 γὰρ
1026 3431 1117 3486 καὶ
1164 3431 1227 3485 τὸ
1276 3430 1358 3507 ἐφ’
1386 3432 1521 3503 ἡμῖν
1572 3428 1865 3505 εἰρημένον

221 3518 350 3580 ἔστι
400 3520 654 3590 συνιδεῖν,
710 3519 762 3594 ἐν
818 3523 899 3592 τῷ
972 3518 1186 3594 λέγειν’
1247 3520 1308 3576 Ὀ
1375 3516 1434 3573 δὲ
1506 3517 1871 3593 πνευματικὸς

222 3613 498 3689 ἀνακρίνει
564 3610 633 3665 τὰ
874 3591 1091 3663 πάντανο
1153 3607 1393 3683 ψυχικὸς
1471 3604 1528 3662 δὲ
1585 3591 1871 3679 ἄνθρωπος

223 3702 289 3759 οὐ
348 3697 566 3776 δέχεται
623 3698 691 3752 τὰ
744 3700 842 3752 τοῦ
909 3696 1245 3769 Πνεύματος.
1300 3695 1493 3751 Καίτοι
1552 3696 1669 3758 ἑνὸς
1719 3691 1872 3757 ὄντος

222 3791 491 3866 ἑκατέρων
545 3790 645 3844 τοῦ
701 3786 977 3859 σώματος,
1001 3784 1064 3839 τὸ
1112 3784 1208 3858 μὶν
1250 3789 1347 3840 τοῦ
1376 3784 1690 3857 Πνεύματος
1745 3784 1872 3856 μέτ-

222 3901 359 3957 οχον
392 3879 632 3935 νοεῖσθαι
663 3871 1027 3948 πνευματικὸν
1078 3869 1332 3940 δείκνυσι,
1361 3874 1453 3928 τὸν
1504 3870 1561 3928 δὲ
1604 3876 1674 3948 τῇ
1720 3873 1874 3944 ἐξου-

220 3969 311 4042 σίᾳ
336 3975 440 4039 τῆς
492 3969 681 4040 ψυχῆς
737 3961 876 4037 μόνῃ
934 3959 1260 4035 ἐμμείναντα
1288 3963 1400 4035 (89)
1430 3959 1728 4016 δείκνυσθαι
1776 3965 1874 4035 ψυ-

221 4057 409 4136 χικόν.
445 4053 543 4109 Διὰ
571 4051 624 4107 τί
651 4049 709 4106 δὲ
739 4050 905 4119 ὅλως,
940 4050 986 4104 εἰ
1014 4050 1132 4113 καθ’
1166 4049 1305 4123 ὑμᾶς
1335 4049 1643 4126 ἰστιηούχὶ
1677 4050 1875 4126 ἅνθρω-

219 4168 328 4211 πος
357 4144 523 4221 μόνον
552 4140 767 4216 λέγεται
799 4140 826 4194 ὁ
857 4140 1093 4212 Χριστὸσ
1131 4139 1206 4200 ὡς
1235 4138 1424 4201 καινός
1466 4154 1550 4202 τις
1602 4139 1653 4210 ἐξ
1705 4140 1870 4216 οὖρα-

220 4245 331 4297 νῶν
393 4233 765 4307 ἐπιδημήσας,
817 4227 965 4286 ἀλλά
1020 4230 1137 4292 υἱὸς
1186 4230 1475 4304 ἀνθρώπου
1522 4230 1874 4307 γέγονεν;Εἰ

1977 3435 2216 3509 Spiritus
2245 3437 2394 3491 enim
2423 3439 2503 3491 est
2530 3436 2670 3491 Deus
2709 3435 2933 3491 Verbum
2954 3434 3059 3504 W;
3092 3434 3174 3491 ita
3202 3433 3359 3490 enim
3385 3437 3442 3489 et
3472 3431 3631 3504 quod

1979 3526 2051 3581 de
2077 3523 2246 3581 nobis
2296 3524 2528 3592 dicitur,
2561 3522 3007 3597 intelligendum
3039 3526 3149 3592 est,
3181 3538 3316 3579 cum
3360 3522 3445 3578 ait
3473 3519 3632 3577 Scri-

1980 3617 2197 3687 ptura:
2240 3613 2561 3685 Spiritualis
2598 3613 2821 3684 judicat
2864 3614 3093 3676 omnia;
3140 3612 3401 3668 animalis
3446 3618 3629 3666 autem

1977 3719 2089 3760 non
2105 3704 2338 3776 percipit
2354 3718 2417 3758 ea
2438 3716 2566 3774 quw
2583 3709 2710 3757 sunt
2726 3702 2970 3774 Spiritus
2981 3702 3045 3756 ‘7.
3069 3702 3416 3773 Quanquam
3437 3714 3625 3755 unum

1981 3792 2059 3849 sit
2087 3808 2300 3863 corpus
2343 3791 2653 3846 amborum
2684 3790 2863 3862 quod,
2916 3794 3209 3862 quatenus
3255 3788 3511 3861 Spiritus
3541 3790 3631 3843 est

1980 3878 2614 3954 particeps,spirituale
2643 3878 2891 3952 intelligi
2923 3879 3199 3947 ostendit,
3220 3882 3511 3949 quatenus
3532 3893 3632 3932 au-

1980 3975 2098 4025 tem
2131 3969 2191 4023 in
2244 3966 2505 4041 potentia
2552 3968 2837 4024 duntaxat
2884 3966 3094 4023 animae
3141 3967 3446 4036 immanet,
3479 3961 3626 4020 ’141

1984 4057 2237 4115 animale
2259 4056 2402 4112 illud
2430 4055 2707 4113 declarat.
2743 4057 2858 4112 Cur
2887 4060 3105 4127 autem,
3131 4055 3181 4112 si
3211 4056 3292 4111 ita
3322 4071 3384 4111 se
3413 4071 3505 4111 res
3537 4053 3636 4110 ha-

1982 4146 2100 4212 bet,
2133 4147 2199 4200 ut
2226 4160 2327 4200 vos
2357 4144 2575 4212 dicitis,
2609 4162 2727 4200 non
2760 4144 2936 4200 homo
2965 4148 3199 4200 tantum
3231 4142 3448 4199 dicitur
3467 4141 3635 4198 Chri-

1984 4238 2135 4304 stus,
2159 4232 2325 4305 quasi
2356 4249 2541 4289 novus
2573 4235 2815 4306 quidam
2846 4233 3022 4289 homo
3050 4231 3150 4305 qui
3179 4232 3251 4288 de
3282 4232 3443 4289 ccslis
3464 4231 3635 4288 adve-

229 4331 326 4405 μὶν
377 4324 469 4383 οὖν
515 4320 604 4380 ἐπὶ
642 4324 746 4399 γῆς
792 4318 1013 4396 γέγονεν
1059 4318 1176 4380 υἱὸς
1207 4317 1518 4395 ἀνθρώπου,
1547 4319 1726 4374 καίτοι
1779 4318 1867 4374 οὐκ

1987 4321 2177 4390 nerit;
2208 4322 2311 4378 sed
2341 4325 2398 4377 et
2423 4321 2581 4381 filius
2610 4322 2870 4379 hominis
2901 4323 3094 4379 factus
3126 4325 3215 4379 est
3234 4321 3262 4376 ?
3292 4321 3353 4378 Si
3373 4321 3636 4394 igiturin

227 4419 289 4475 ἐκ
333 4417 645 4492 σπέρματος
688 4407 906 4486 ἀνδρὸς,
940 4406 1070 4464 ἀλλ’
1097 4407 1157 4462 ἐκ
1204 4409 1519 4481 Πνεύματος
1724 4408 1867 4484 ἁγίου

1985 4414 2144 4467 terra
2169 4410 2358 4467 factus
2388 4414 2478 4467 est
2505 4410 2664 4468 ﬂlius
2697 4410 2972 4479 hominis,
3008 4409 3143 4466 licet
3170 4426 3288 4468 non
3317 4427 3386 4467 ex
3414 4409 3639 4467 semine

226 4503 535 4586 γεννηθεὶς,
563 4502 683 4566 ἑνὸς
726 4496 879 4562 ὄντος
930 4501 1028 4554 τοῦ
1073 4494 1509 4574 πρωοπλάστου
1543 4494 1718 4572 Ἀδὰμ
1762 4498 1867 4561 υἱὸς

1988 4499 2119 4567 viri,
2150 4500 2251 4556 sed
2283 4515 2353 4555 ex
2376 4497 2597 4572 Spiritu
2623 4503 2825 4556 sancto
2848 4506 3020 4557 natus
3051 4499 3147 4569 sit,
3170 4499 3516 4575 protoplasti
3537 4498 3640 4573 qui

303 4678 350 4716 ⁸⁵
377 4679 516 4750 Sap.
548 4693 613 4749 ιι,
640 4675 733 4732 24.
809 4675 856 4713 ⁴⁶
886 4670 1141 4745 Philipp.
1172 4688 1236 4743 ιι,
1265 4670 1322 4727 9.
1395 4671 1463 4707 “‘
1490 4630 1770 4743 Joanflv,
1801 4672 1867 4728 24

1981 4672 2013 4708 ⁸⁷
2042 4673 2065 4729 Ι
2091 4672 2220 4730 Cor.
2251 4688 2315 4744 ιι,
2348 4672 2435 4729 14.

300 4852 417 4926 (83)
446 4852 535 4907 Ita
553 4848 891 4926 _Seg,_G_obl.
916 4850 984 4926 et
1013 4844 1167 4926 Felc.
1202 4845 1254 4926 1,
1278 4844 1492 4926 ‘sicque
1533 4843 1679 4926 legit
1724 4845 1881 4926 Nan-
1911 4847 1960 4914 D
2001 4916 2035 4926 Α
2062 4844 2172 4926 (88)
2200 4847 2285 4926 in.
2326 4846 2501 4926 editis
2557 4849 2723 4906 deest
2764 4846 2961 4925 Λόγος,
2995 4849 3100 4906 sed
3131 4849 3381 4907 habetur
3408 4847 3467 4905 in
3503 4847 3637 4921 Seg.

227 4914 867 4996 ηίίιε-Ἀοειίοῗιίαέτοι
916 4917 1152 4996 Χριστὸς
1196 4914 1451 4996 dehis
1492 4914 1882 4996 ,εἶςὀιὲροξνρ.ὺς

229 4985 568 5070 ἀνενήνοχῖγο
586 4992 690 5070 ’καὶ
748 4990 880 5066 ὅπερ
938 4985 1138 5061 ’Ᾱδάμη
1158 5059 1170 5070 ¹
1196 4985 1381 5070 Editi,
1405 4985 1589 5070 Καίτοι
1649 4985 1884 5070 δ’Ἀδάμ

230 5069 285 5140 ἐξ
316 5058 388 5123 0,3'
389 5058 566 5145 Pafod
582 5064 670 5120 ἐπὶ
695 5070 797 5135 τῆς
822 5058 943 5145 γῆς.
975 5058 1312 5145 κατενηνοχε
1356 5058 1760 5145 ἀναμάρτητον,
1795 5058 1886 5145 hij-

1995 4916 2163 4974 Gobl.
2195 4917 2347 4979 Felc.
2377 4920 2429 4976 1.

2062 4989 2177 5064 (87)
2208 4990 2274 5046 In
2303 4991 2452 5048 Felc.
2488 4993 2538 5059 1,
2573 4991 2737 5050 Gobl.
2794 4993 2921 5064 Seg.
2955 4991 3008 5047 ἐν
3061 4994 3243 5063 deest,
3294 4991 3398 5049 sed
3463 4988 3637 5057 male,

1994 5064 2060 5117 ut
2088 5061 2284 5136 videre
2313 5069 2402 5120 est
2431 5064 2490 5120 in
2521 5061 2927 5136 sequentibus.

229 5128 340 5205 ἰιῖα,
372 5128 708 5213 κατενήνοχε
736 5128 1129 5216 ἁιιιὸΧριστᾴς
1156 5128 1369 5218 legitur
1411 5128 1476 5219 in
1523 5128 1654 5219 Seg.
1706 5133 1858 5261 Angl

230 5212 399 5266 Gobl.
432 5221 487 5266 el
513 5211 661 5266 Felc.
683 5212 735 5266 1.
760 5212 1043 5266 deestaue
1072 5223 1133 5261 ιιι
1164 5204 1293 5262 alus
1325 5209 1382 5262 et
1409 5222 1469 5262 ιιι
1500 5207 1693 5263 editis.
1724 5207 1789 5262 In
1822 5223 1867 5262 ιέ

2065 5133 2179 5206 (88)
2210 5134 2273 5191 In
2308 5139 2437 5209 Seg.
2472 5128 2637 5193 dees't
2663 5136 2749 5192 τά.
2784 5137 2916 5194 Mox
2961 5136 3123 5206 editi,
3154 5135 3391 5212 ψυχικὸς
3450 5130 3508 5189 δὲ
3555 5128 3642 5187 ἄν·

1995 5214 2234 5266 θρωπος.
2259 5208 2360 5265 sed
2420 5207 2705 5266 ἅνθρωπος
2762 5208 2821 5264 ἱιι
2878 5210 3006 5266 δερ.
3069 5208 3235 5266 Gobl.
3274 5209 3423 5266 Felc.
3460 5209 3486 5264 1
3521 5222 3640 5265 ιιοιι

230 5204 399 5270 Gobl.
432 5221 487 5271 el.
513 5204 735 5278 Felc'ft,
760 5204 1043 5282 deestque
1072 5206 1133 5261 in
1164 5204 1293 5262 aliis
1325 5209 1382 5262 et
1409 5205 1469 5262 in
1500 5204 1693 5263 edifis.
1724 5207 1789 5262 In

232 5288 391 5361 Seg.,
405 5282 482 5361 in
507 5305 567 5339 τε
592 5283 788 5361 τάφου.

306 5346 419 5430 (84)
451 5360 580 5430 Seg-
614 5346 780 5430 ρόως
829 5352 988 5430 F010:
1015 5352 1041 5407 1
1075 5354 1146 5430 ei.
1175 5346 1552 5430 Αηειίο-εέπῖ
1574 5348 1882 5430 ,ἀφεέαρσίφτ

235 5420 414 5505 Εᾷἱιῖ
436 5420 604 5505 vero,
639 5420 1072 5505 ξπίάφθαρσίαν.
1107 5421 1253 5480 Ibid.
1278 5420 1513 5496 'Anglic.
1563 5420 1794 5479 Go'ble'r.
1831 5426 1887 5477 et

234 5501 387 5558 Felc.
422 5504 474 5571 1,
504 5500 594 5556 καὶ
627 5497 819 5570 εἰκόνι,
854 5497 1027 5571 male.

313 5574 424 5648 (85)
444 5565 536 5649 Sic
584 5579 736 5649 Seg._
763 5565 1019 5649 σφω-ει
1055 5566 1225 5649 _Felc.
1345 5565 1887 5649 Editiuverohyéjs:

239 5636 346 5712 σιν’,
381 5636 598 5705 omisso
630 5636 900 5704 aiticulo.
922 5639 1106 5699 Paulo
1155 5643 1309 5712 post,
1341 5640 1402 5695 in
1449 5638 1646 5706 editis,
1677 5636 1826 5709 αὐτῷ
1857 5636 1886 5691 ὁ

120 5771 134 5783 _
241 5716 372 5792 Θεὸς
392 5713 595 5792 ὄνομα.
622 5719 735 5792 Sed
772 5718 835 5792 in
890 5720 1127 5792 Seguer.
1158 5716 1217 5771 et
1267 5715 1429 5770 textu
1487 5714 1682 5770 Graaco
1726 5712 1889 5768 deest

245 5787 276 5843 ὁ
306 5789 457 5864 Θιός,
489 5784 548 5850 et
577 5792 664 5852 sic
690 5790 836 5866 legit
857 5784 1146 5848 Nainius.

1992 5214 2234 5331 pgilice,
2259 5208 2360 5265 sed
2387 5207 2705 5282 -ἅνθρωπος
2762 5208 2821 5264 ἱιι
2878 5210 3006 5281 Seg.
3069 5207 3423 5267 GobliFelc.
3460 5209 3486 5264 1
3521 5222 3640 5265 non

2091 5295 2107 5331 1
2140 5295 2226 5331 ur.

1999 5283 2353 5423 'le%_§t9u)rhidvn
2408 5348 2737 5423 ἐμμείναντα
2781 5345 3117 5423 δείκνυσθαι.
3180 5352 3275 5410 Sic
3337 5368 3635 5423 manuscr.

1995 5420 2238 5497 quidam
2263 5420 2371 5497 ς-.ξή
2401 5420 2598 5495 editis,
2624 5420 2956 5497 ἐμμείναντα
2986 5420 3242 5494 δείκνυσι,
3271 5426 3488 5482 omisso
3537 5421 3644 5497 μό-

1994 5490 2084 5572 νῃ.
2118 5490 2423 5572 Moabitae
2455 5490 2621 5572 deest
2649 5490 2713 5572 in
2738 5500 2969 5572 seguer.
2996 5498 3169 5555 Paulo
3196 5490 3348 5572 post,
3373 5497 3511 5572 editi
3534 5490 3639 5572 ha-

1995 5564 2136 5649 bent
2168 5564 2355 5638 μόνος,
2384 5569 2488 5625 sed
2546 5570 2721 5630 male.
2767 5564 2996 5625 Gobler.
3046 5564 3281 5645 Seguer.
3312 5564 3370 5630 et
3400 5569 3548 5628 Felc.
3583 5570 3635 5639 1,

2000 5655 2572 5853 Ξέὐνεύματος,
2630 5729 2837 5782 omnes
2891 5729 3207 5775 manuscr.
3264 5716 3419 5780 Editi
3476 5713 3639 5790 σπέρ-
