4048 6414
306 415 465 475 1109

1215 418 1526 478 CONTRA
1571 416 2152 478 APOLLINAltIUM
2201 417 2433 477 LIBER
2476 418 2800 478 PRIMUS.

3561 415 3717 476 1110

311 541 537 622 ἔφαμεν,
571 549 814 619 ἀνοήτως
840 552 1008 604 ταῦτα
1057 548 1260 626 λέγετε,
1306 550 1367 606 οὐ
1415 555 1686 620 νοοῦντες,
1747 548 1830 606 ὅτι
1884 550 1948 605 τὸ

2062 552 2240 607 David
2275 557 2403 608 orta
2432 557 2726 621 narratur,
2761 551 3320 608 consubstantialem
3351 551 3508 607 Patri
3551 568 3712 608 asse-

304 636 598 709 ὁμοούσιον
625 639 723 707 τήν
789 638 883 712 μὲν
933 638 1237 709 ταυτότητα
1289 646 1390 709 τῆς
1442 640 1651 718 φύσεως
1701 635 1815 715 ἔχει
1845 641 1945 712 (1),

303 727 400 795 τήν
463 725 520 781 δὲ
582 723 718 782 ἰδίαν
793 726 1111 799 τελειότητα
1187 727 1237 783 ἐν
1315 729 1489 802 ἑαυτῷ
1563 726 1948 786 ἐπιδείκνυται.

301 817 504 892 Ὠσπερ
561 816 662 892 γὰρ
723 818 749 872 ὁ
809 818 958 891 Υἱὸς,
1011 817 1310 891 ὁμοοόσιος
1363 819 1496 892 πρὸς
1569 820 1659 875 τὸν
1740 817 1949 893 Πατέρα

302 905 758 981 ὁμολογούμενος
789 909 888 981 (2),
918 906 1123 970 τέλειος
1152 909 1287 985 πρὸς
1317 907 1525 964 τέλειον
1561 906 1942 982 ὁμολογεῖτιοι,

295 996 435 1050 καθᾶ
464 996 642 1051 καὶτὸ
674 997 822 1073 ἅγιον
867 1001 1109 1070 Πνεῦμα·
1166 997 1460 1070 ὁμοοόσιος
1508 996 1608 1074 γάρ
1667 1000 1702 1067 ἡ
1761 998 1942 1073 Τριάς.

297 1085 507 1140 Δώσετε
537 1083 628 1140 οῦν
659 1085 750 1140 καὶ
776 1089 844 1160 τῇ
877 1084 1159 1160 ὸμοουσίῳ
1189 1086 1344 1162 σαρκὶ
1375 1089 1447 1160 (3)
1494 1088 1594 1155 τὴν
1626 1085 1946 1156 τελειότητα

295 1175 431 1250 πρὸς
461 1172 530 1248 τῇ
569 1179 666 1230 τοῦ
724 1175 900 1249 Λόγου
951 1175 1280 1245 τελειότητι·
1338 1170 1483 1230 ἔσται
1532 1172 1590 1230 δὲ
1635 1177 1753 1238 καθ’
1808 1174 1944 1248 ὑμᾶς

294 1262 483 1339 τετρὰς
519 1263 635 1318 ἀντὶ
670 1261 906 1340 Τριάδος
953 1262 1466 1340 καταγγελλομένη.
1521 1263 1624 1320 Καὶ
1669 1263 1750 1326 τίς
1783 1265 1816 1333 ἡ
1849 1284 1942 1318 το-

294 1351 464 1424 σαύτη
499 1351 715 1408 ἐπίνοια
741 1360 842 1424 τῆς
875 1347 1121 1415 ἀσεϐείας
1149 1373 1162 1424 ;

369 1621 454 1678 10.
485 1617 662 1676 ’Λλλά
692 1618 898 1697 λέγετε·
959 1619 1284 1694 Ὀμοούσιος
1339 1621 1526 1697 γὲγονε
1579 1622 1657 1695 (4)
1685 1623 1782 1675 τοῦ
1829 1619 1939 1676 Λό-

294 1730 396 1784 γου
426 1711 460 1780 ἡ
494 1709 643 1785 σάρξ.
679 1712 803 1773 Πως
849 1711 1062 1786 γέγονεν
1110 1708 1444 1782 ὁμόούσιος;
1497 1707 1716 1766 Εἷίπατε.
1761 1709 1937 1784 Λόγος

290 1800 529 1874 γέγονεν,
561 1796 710 1856 ἀλλᾶ
735 1800 825 1854 καὶ
857 1803 1077 1872 Πνεῦμα
1105 1801 1346 1875 γέγονεν.
1374 1798 1436 1855 Εἰ
1469 1795 1526 1853 δὲ
1551 1795 1696 1859 ὅλως
1734 1797 1936 1874 γίνεται

293 1887 485 1958 θεότης
518 1887 579 1943 ἐκ
611 1891 1020 1961 μεταποιήσεως
1050 1890 1084 1957 ἡ
1120 1889 1195 1962 μὴ
1237 1888 1389 1962 φύσει
1443 1887 1572 1942 οὖσα
1625 1886 1834 1958 Θεότης,
1884 1887 1936 1942 τί

288 1976 468 2031 τοίνυν
505 1978 778 2050 μέμφεσθε
826 1979 1147 2052 Ἀρειανοῖς,
1204 1976 1404 2047 ταύτην
1453 1977 1574 2048 πιρὶ
1625 1981 1722 2031 τοῦ
1752 1975 1933 2052 Λόγου

292 2061 770 2141 προϐαλλομένοις
801 2067 899 2136 τὴν
928 2063 1167 2135 ἔννοιαν;
1203 2066 1388 2121 Καίτοι
1434 2073 1534 2136 τῆς
1581 2073 1794 2144 Γραφῆς
1846 2065 1934 2120 λε-

289 2154 492 2230 γοῦσης
543 2158 642 2229 (5),
696 2157 755 2213 Ὁ
809 2155 989 2230 Λόγος
1048 2155 1174 2230 σὰρξ
1224 2155 1467 2231 γέγονεν,
1521 2155 1649 2230 οὐχὶ
1697 2156 1760 2210 Ἡ
1810 2156 1935 2230 σὰρξ

293 2243 468 2319 Λόγος
501 2243 735 2321 γεγονεν,
768 2246 828 2302 Ὁ
855 2244 1024 2320 Λόγος
1058 2241 1116 2298 δὶ
1142 2244 1266 2317 σὰρξ
1297 2244 1535 2319 γὲγονεν,
1567 2241 1780 2318 εἷ’ρητοιι

297 2335 380 2388 ὅτι
406 2338 502 2388 τοῦ
534 2335 711 2410 Λόγου
739 2334 952 2410 γέγονεν
985 2335 1019 2403 ἡ
1055 2332 1201 2410 σὰρξ,
1237 2333 1326 2388 καὶ
1377 2331 1475 2388 οὐκ
1520 2333 1810 2410 ἀνθρώπου
1856 2356 1937 2389 τι-

293 2422 403 2486 νός·
435 2423 709 2479 τουτέστιν
745 2424 773 2478 6
801 2424 931 2485 Θεὸς
970 2420 1252 2496 ἅνθρωπος
1302 2421 1502 2498 γέγονε·
1550 2423 1641 2478 καὶ
1700 2421 1936 2499 λέγεται,

298 2512 438 2588 Σάρξ
467 2511 705 2588 γέγονεν,
751 2509 840 2567 ἵνα
902 2513 977 2584 μὴ
1031 2509 1426 2587 παραδράμητε
1479 2516 1577 2576 τῆς
1626 2514 1820 2587 σαρκὸς
1876 2513 1940 2570 τὸ

296 2595 493 2673 ὄνομα.
524 2599 793 2656 Εἰτοίνυν
858 2602 932 2674 μή
983 2599 1230 2672 ἀρκεῖσθε
1279 2604 1346 2674 τῇ
1393 2600 1684 2676 ἀσυγγύτῳ
1726 2605 1797 2676 (7)
1847 2624 1942 2681 ιρυ-

295 2693 420 2764 σικῇ
455 2690 642 2746 ἓνώσει
670 2693 766 2745 τοῦ
798 2689 980 2765 Λόγου
1009 2690 1145 2765 πρὸς
1175 2691 1274 2760 τὴν
1321 2687 1456 2744 ἰδίαν
1509 2691 1674 2746 αὐτοῦ
1716 2691 1940 2793 γενοεέ-

499 2779 509 2793 Ι
774 2777 788 2793 \
845 2776 870 2793 ΩΙ
991 2778 1003 2793 1
1074 2783 1104 2793 Α
1143 2777 1156 2793 \
1263 2773 1288 2793 ὶΙ
1325 2787 1341 2793 Α
1634 2779 1644 2793 1

292 2800 388 2848 νην
450 2779 640 2852 σάρκα·
698 2777 790 2832 καὶ
841 2776 922 2832 ὅτι
983 2778 1010 2832 6
1069 2777 1196 2839 Θεὸς
1253 2773 1536 2852 ἅνθρωπος
1591 2779 1799 2853 γέγονε·
1847 2773 1937 2832 ν’ῦν

295 2867 419 2922 οὗτε
447 2867 689 2938 ἀκούετε,
723 2864 846 2922 οὕτε
893 2865 1159 2921 πιστεύειν
1210 2863 1489 2942 βούλεσθε,
1539 2865 1638 2921 οὐκ
1679 2865 1942 2939 ἀρκούμε-

292 2976 378 3010 νοι
410 2955 540 3028 ὑπὲρ
573 2960 744 3010 πᾶσαν
781 2952 1021 3010 ἐπίνοιαν
1055 2953 1326 3033 εὐφημίας
1359 2952 1517 3027 σῶμα
1547 2958 1680 3009 Θεοῦ
1715 2954 1942 3010 ἀκούον-

291 3065 402 3112 τες,
475 3045 612 3099 κατὰ
685 3045 777 3099 τὸν
861 3042 1125 3119 λέγοντα·
1200 3045 1301 3106 "Or;
1362 3044 1828 3119 μετασχηματίσει
1876 3045 1940 3100 τὸ

297 3137 457 3206 σῶμα
509 3140 610 3203 τῆς
658 3134 1036 3195 ταπεινώσεως
1084 3135 1269 3205 ἡμῶν,
1327 3131 1401 3194 εἷς
1454 3133 1516 3186 τὸ
1569 3133 1810 3208 γενέσθαι
1863 3135 1940 3206 (8)

295 3222 430 3276 αὐτὸ
509 3221 834 3298 σύμμορφον
907 3226 987 3294 τῷ
1063 3222 1275 3294 σώματι
1349 3228 1446 3290 τῆς
1517 3218 1680 3292 δόξης
1754 3220 1937 3276 αὐτοῦ·

2057 656 2260 696 verare
2283 642 2310 696 ‘?
2339 641 2442 697 Vel
2477 658 2735 709 rursum,
2771 646 2834 696 ut
2865 641 3190 707 aiebamus,
3232 641 3350 696 haec
3399 639 3579 696 stulte
3624 640 3713 694 di-

2060 729 2214 795 citis,
2251 746 2364 784 non
2397 729 2816 802 intelligentes,
2850 730 3005 800 quod
3053 734 3144 784 est
3191 726 3713 784 consubstantiale.

2060 819 2328 874 eamdem
2361 819 2601 890 quidem
2624 823 2894 874 naturam
2920 818 3172 874 habere:
3199 817 3492 889 prepriam
3516 822 3709 872 tamen

2055 908 2474 977 perfectionem
2508 909 2567 963 in
2599 908 2792 980 seipse
2821 906 3113 963 exhibere.
3148 907 3311 963 Sicut
3340 905 3495 962 enim
3531 905 3710 962 Filius

2057 997 2158 1066 qui
2190 996 2712 1052 consubstantialis
2742 996 2902 1053 Patri
2933 996 3290 1065 declaratur,
3321 995 3611 1067 perfectus
3642 995 3702 1049 in

2057 1086 2311 1156 perfecto
2343 1087 2721 1158 agnoscitur;
2754 1087 2840 1142 sic
2868 1091 2924 1142 et
2953 1086 3209 1158 Spiritus
3240 1090 3518 1141 sanctus:
3571 1100 3710 1139 con-

2053 1175 2465 1230 substantialis
2496 1175 2652 1231 enim
2687 1180 2778 1230 est
2805 1174 3084 1230 Trinitas.
3118 1173 3346 1230 Dabitis
3376 1190 3512 1246 ergo
3566 1189 3710 1228 oon-

2052 1263 2430 1320 substantiali
2463 1266 2645 1331 carni,
2685 1265 2833 1320 742
2864 1264 3282 1336 perfectionem
3314 1268 3525 1336 praeter
3579 1260 3708 1316 Filii

2051 1352 2508 1423 perfectionem:
2559 1356 2616 1408 et
2663 1355 2990 1410 secundum
3043 1370 3145 1409 vos
3191 1353 3552 1424 quaternitas
3601 1367 3702 1422 pro

2049 1441 2332 1497 Trinitate
2363 1441 2793 1514 praedicabitur.
2827 1442 3227 1514 (Ecquodnam
3275 1441 3425 1497 illud
3471 1444 3704 1498 tantum

2049 1528 2370 1601 impietatis
2399 1533 2796 1587 commentum
2817 1530 2844 1585 ‘I

2119 1618 2207 1675 10.
2231 1619 2342 1675 Sed
2364 1620 2557 1676 dicitis
2582 1637 2595 1676 :
2622 1621 2765 1676 Caro
2789 1622 2942 1676 facta
2963 1623 3053 1676 est
3073 1619 3260 1676 Verbo
3308 1620 3697 1676 consubstan-

2048 1707 2226 1764 tialis.
2248 1709 2373 1773 Qua
2392 1709 2616 1765 ratione
2655 1709 2811 1764 facta
2853 1713 2945 1764 est
2983 1709 3505 1765 consubstantialis
3531 1708 3558 1763 ‘?
3589 1707 3699 1766 Re-

2049 1799 2349 1869 spondete.
2381 1798 2638 1854 Verbum
2671 1800 2823 1854 facta
2851 1802 2961 1865 est,
2995 1798 3098 1853 sed
3151 1802 3209 1853 et
3248 1799 3500 1870 Spiritus
3546 1799 3699 1853 facta

2048 1891 2156 1942 est.
2190 1888 2341 1943 Sane
2371 1887 2420 1942 si
2452 1904 2520 1943 ea
2550 1905 2676 1960 quas
2711 1891 2922 1943 natura
2952 1903 3061 1943 sua
3088 1887 3363 1943 divinitas
3416 1903 3533 1942 non
3585 1891 3696 1959 est,

2045 1992 2149 2046 per
2180 1976 2566 2032 mutationem
2589 1977 2864 2032 divinitas
2882 1976 3188 2044 efficiatur,
3215 1993 3318 2032 cur
3337 1977 3518 2048 igitur
3537 1976 3700 2032 Aria-

2044 2081 2150 2120 nos
2179 2065 2446 2137 arguitis,
2479 2065 2581 2138 qui
2611 2065 2761 2121 hanc
2790 2067 2861 2121 de
2892 2066 3072 2122 Verbo
3101 2067 3450 2122 sententiam
3481 2066 3541 2121 in
3564 2082 3687 2121 me-

2046 2153 2211 2209 dium
2243 2154 2537 2210 afferunt?
2568 2155 2724 2211 Licet
2753 2155 3056 2227 Scriptura
3085 2154 3261 2222 dicat,
3297 2156 3533 2211 Verbum
3561 2171 3687 2212 raro

2043 2245 2256 2316 factum
2283 2249 2366 2299 est
2403 2245 2469 2311 ⁵ο,
2502 2261 2618 2299 non
2651 2244 2868 2300 dictum
2896 2250 3006 2300 est.
3037 2247 3178 2300 Caro
3229 2245 3484 2300 Verbum
3538 2245 3693 2300 facta

2047 2339 2158 2401 est,
2191 2334 2313 2402 sed,
2345 2333 2603 2389 Verbum
2635 2350 2767 2389 caro
2796 2334 3016 2389 factum
3046 2341 3132 2390 est
3155 2351 3169 2390 :
3195 2335 3334 2405 quia
3355 2333 3522 2390 Verbi
3544 2334 3697 2389 facta

2050 2425 2138 2477 est
2167 2438 2322 2489 caro,
2356 2426 2414 2477 et
2443 2439 2559 2477 non
2589 2421 2848 2478 hominis
2880 2423 3230 2493 cujusdam;
3279 2423 3338 2478 id
3387 2426 3494 2490 est,
3541 2423 3696 2478 Deus

2049 2509 2225 2566 homo
2249 2511 2437 2567 factus
2459 2516 2577 2567 est:
2610 2515 2667 2567 et
2686 2512 2922 2579 dicitur,
2946 2516 3087 2567 Caro
3119 2511 3308 2568 tactus
3340 2517 3447 2582 est,
3469 2529 3541 2567 ne
3567 2529 3698 2567 car-

2051 2602 2143 2656 nis
2175 2617 2387 2656 nomen
2431 2600 2968 2672 prastermitteretis.
3019 2602 3076 2655 Si
3125 2601 3322 2672 itaque
3369 2601 3532 2657 vobis
3581 2617 3698 2656 non

2050 2689 2272 2745 sufficit
2303 2689 2589 2745 naturalis
2628 2689 2725 2746 illa
2777 2690 2904 2745 sine
2953 2690 3294 2746 confusione
3339 2689 3512 2746 Verbi
3561 2706 3698 2746 cum

2050 2777 2286 2850 propria
2305 2793 2475 2833 carne
2505 2779 2642 2834 unio
2667 2795 2679 2834 :
2705 2783 2762 2834 et
2792 2779 2944 2850 quod
2972 2779 3127 2834 Deus
3153 2779 3328 2835 homo
3360 2779 3548 2835 factus
3579 2779 3654 2835 sit
3680 2803 3696 2848 ;

2051 2873 2203 2922 certe
2225 2869 2351 2938 jam
2382 2883 2570 2938 neque
2600 2867 2825 2935 audire,
2859 2884 3046 2939 neque
3077 2868 3312 2924 credere
3343 2867 3538 2936 vultis,
3590 2883 3697 2923 nec

2051 2955 2193 3011 satis
2223 2955 2387 3012 vobis
2415 2961 2526 3021 est,
2557 2973 2691 3012 cum
2723 2957 2782 3011 id
2835 2957 2990 3028 quod
3045 2973 3276 3013 omnem
3327 2957 3697 3014 commenda-

2051 3045 2271 3100 tionem
2304 3049 2563 3116 superat,
2594 3062 2810 3117 corpus
2840 3045 3064 3101 scilicet
3093 3045 3218 3112 Dei,
3269 3046 3544 3114 audiatis,
3595 3045 3696 3102 ubi

2051 3134 2305 3190 dicitur:
2360 3136 2465 3202 Qui
2503 3134 2929 3206 trans/armabit
2973 3150 3168 3207 corpus
3212 3135 3548 3192 humilitatis
3592 3153 3697 3192 no-

2049 3231 2203 3292 stra},
2265 3232 2324 3278 ut
2378 3224 2453 3278 sit
2496 3225 2900 3294 conﬁguratum
2946 3225 3166 3296 corpori
3209 3225 3414 3296 gloriae
3467 3226 3694 3287 sum“:

297 3310 419 3380 ἥτις
450 3309 560 3365 ἐστὶ
592 3310 836 3384 σημασία
864 3314 960 3365 τοῦ
997 3309 1296 3383 μὲλλοντος
1346 3310 1562 3379 αἰῶνος,
1601 3311 1692 3364 καὶ
1740 3309 1815 3366 ἔτι
1848 3310 1938 3366 λέ-

2061 3329 2178 3385 quaa
2210 3318 2297 3368 est
2330 3313 2508 3368 futuri
2540 3311 2736 3369 seaculi
2771 3312 3143 3385 significatio.
3197 3313 3267 3368 Et
3304 3317 3581 3385 praeterea
3609 3316 3698 3372 di-

297 3420 449 3475 γεται
475 3405 638 3473 σῶμα
666 3406 768 3469 τῆο
800 3398 959 3470 δόξης
987 3397 1172 3454 αὐτοῦ.
1206 3400 1304 3453 Καὶ
1336 3400 1362 3454 6
1412 3398 1608 3476 Κύριος
1655 3397 1711 3454 δὲ
1769 3399 1940 3475 λέγει·

297 3493 456 3545 Ὅταν
517 3485 651 3564 ἔλθῃ
717 3490 744 3544 6
794 3489 916 3551 Υἱὸς
974 3493 1068 3543 τοῦ
1131 3488 1445 3564 ἀνθρώπου·
1510 3489 1601 3543 τὸν
1662 3490 1784 3544 Υἱὸν
1841 3493 1938 3543 τοῦ

298 3578 432 3635 Θεοῦ
480 3579 595 3633 υἱὸν
646 3577 935 3651 ἀνθρώπου
980 3578 1264 3651 γενόμενον
1323 3576 1468 3653 λέγει
1519 3580 1622 3650 (9)·
1663 3581 1854 3653 κριτήν
1882 3599 1940 3633 τε

297 3665 428 3724 ὄντα
459 3670 677 3737 ζώντων
709 3666 797 3721 καὶ
829 3671 1054 3742 νεκρῶν,
1103 3667 1194 3720 καὶ
1251 3663 1475 3741 βασιλέα
1518 3667 1608 3721 καὶ
1640 3667 1939 3736 Δεσπότην,

294 3760 385 3814 καὶ
420 3757 550 3812 Θεὸν
597 3754 880 3827 ἀληθινόν.
938 3753 1114 3811 Ἀλλᾶ
1161 3754 1395 3830 ἀναιρεῖν
1451 3755 1712 3830 βούλεσθε
1753 3757 1815 3810 τὸ
1845 3759 1942 3811 τοῦ

298 3849 554 3920 σώματος
613 3839 826 3918 ὄνομα,
875 3843 911 3913 ἢ
953 3844 1017 3898 τὸ
1075 3840 1152 3898 ἔτι
1211 3841 1457 3918 λέγεσθαι
1521 3841 1803 3920 ἄνθρωπον
1850 3845 1940 3898 τὸν

298 3935 550 4011 Χριστόν.
611 3938 737 3995 Πῶς
794 3929 869 3988 ἔτι
926 3933 1020 3994 τὰς
1089 3929 1232 3993 θείας
1292 3933 1504 4009 Γραφᾶς
1565 3933 1946 4006 ἀναγινώσκειν

299 4023 566 4091 abnues;
599 4026 696 4076 τοῦ
757 4021 853 4094 μὲν
912 4018 1194 4084 Ματθαίου
1248 4018 1565 4097 γράφοντοςί
1613 4015 1812 4082 Βίϐλος
1859 4042 1947 4096 γε·

299 4116 498 4173 νέσεως
542 4112 726 4180 Ἰησοῦ
774 4111 1032 4181 Χριστοῦ,
1086 4109 1206 4162 υἱοῦ
1253 4103 1442 4181 Δαϐἱδ,
1502 4109 1621 4164 υἱοῦ
1679 4104 1943 4184 Ἀϐραάμ.

299 4207 396 4258 τοῦ
425 4198 483 4256 δὲ
540 4198 815 4255 Ἰωάννου·
868 4199 953 4254 Ἐν
1003 4195 1151 4273 ἀρχῇ
1191 4195 1259 4264 ἦν
1319 4198 1347 4251 ὁ
1394 4197 1588 4272 Λόγος.
1648 4198 1738 4252 καὶ
1787 4197 1948 4254 6A6-

298 4314 395 4371 γος
451 4291 518 4361 ἦν
566 4288 703 4365 πρὸς
743 4288 833 4343 τὸν
886 4284 1036 4342 Θεόν·
1087 4285 1178 4340 καὶ
1237 4286 1367 4347 Θεὸς
1415 4285 1481 4354 ἧν
1536 4287 1564 4340 6
1612 4288 1807 4362 Λόγος,
1840 4288 1950 4342 Λό-

2051 3403 2226 3470 citur,
2257 3420 2469 3475 corpus
2499 3403 2696 3476 gloriae
2729 3403 2909 3460 illius.
2954 3409 3085 3476 Ipse
3132 3420 3368 3476 quoque
3414 3406 3700 3462 Dominus

2050 3492 2321 3548 ait:Cum
2353 3494 2560 3548 venerit
2611 3494 2793 3549 Filius
2838 3495 3076 3549 hominis
3101 3494 3186 3561 ⁶²ς
3235 3493 3450 3549 Filium
3503 3495 3605 3551 Dei
3635 3496 3702 3550 ﬁ-

2049 3580 2190 3637 lium
2217 3581 2475 3637 hominis
2507 3581 2728 3637 factum
2760 3581 2938 3652 dicit;
2967 3582 3231 3653 judicem
3277 3599 3503 3654 quoque
3549 3585 3704 3642 vivo-

2053 3687 2184 3724 rum
2207 3675 2263 3726 et
2288 3675 2958 3742 mortuorum,acregem
2979 3671 3494 3745 Dominumque,et
3515 3679 3699 3731 Deum

2052 3773 2276 3813 verum.
2309 3758 2418 3813 Sed
2451 3759 2711 3828 corporis
2743 3775 2956 3814 nomen
2987 3775 3016 3814 e
3046 3759 3237 3816 medio
3267 3760 3466 3816 tollere
3499 3763 3697 3832 vultis,

2054 3850 2228 3917 atque
2259 3845 2316 3899 id
2349 3845 2606 3916 assequi,
2642 3851 2705 3901 ut
2735 3862 2805 3901 ne
2830 3846 2982 3901 ultra
3002 3847 3232 3902 dicatur
3252 3849 3546 3906 Christum
3571 3868 3700 3908 esse

2054 3934 2374 3989 hominem.
2409 3933 2531 3996 Quo
2563 3935 2806 4005 potestis
2836 3935 3033 3990 animo
3083 3936 3314 3992 divinas
3367 3937 3701 4010 Scripturas

2057 4023 2247 4078 adhuc
2295 4022 2534 4094 legere?
2583 4027 2726 4078 Cum
2776 4024 3082 4079 Matthasus
3139 4025 3374 4095 quidem
3436 4029 3697 4084 scribat:

2056 4111 2217 4167 Liber
2237 4114 2614 4180 generationis
2633 4114 2758 4169 Iesu
2783 4113 3008 4182 Christi,
3031 4114 3140 4184 ﬁlii
3157 4114 3348 4182 David,
3376 4115 3482 4172 ﬁlii
3529 4118 3704 4174 Abra-

2058 4200 2185 4256 ham
2217 4200 2298 4268 ¹³;
2331 4200 2587 4258 Joannes
2617 4217 2788 4257 vero:
2848 4204 2910 4257 In
2957 4203 3232 4274 principio
3275 4213 3397 4260 erat
3439 4209 3702 4280 Verbum,

2056 4293 2112 4345 et
2149 4288 2372 4345 Verbum
2403 4297 2524 4345 erat
2542 4290 2692 4362 apud
2712 4292 2900 4359 Deum,
2945 4295 2995 4346 et
3036 4293 3174 4348 Deus
3205 4301 3326 4349 erat
3378 4293 3605 4352 Verbum
3640 4298 3704 4355 1".

367 4439 412 4474 ⁵ο
439 4440 611 4494 Joan.
643 4449 686 4504 1,
720 4434 805 4489 14.
883 4432 927 4470 ⁸1
961 4429 1212 4503 Philipp.
1249 4446 1333 4499 ιιι,
1366 4429 1456 4484 21.
1536 4430 1582 4466 ⁵³
1623 4429 1801 4486 Marc.
1832 4448 1958 4501 vm,

2065 4472 2077 4485 .
2151 4431 2196 4466 ⁵6
2226 4431 2428 4488 Matth.
2466 4450 2504 4501 ι,
2539 4434 2588 4489 1.
2665 4434 2711 4468 ⁸⁴
2738 4434 2978 4505 Joan.1,
3013 4437 3062 4492 1.

367 4593 445 4666 (ι)
475 4589 781 4666 Εάἰῇκτῇς
812 4588 1021 4666 φύσεως
1051 4580 1355 4666 ἀδιαίρετον
1391 4579 1529 4658 ἔχει.
1563 4584 1674 4640 Sed
1711 4584 1770 4640 in
1812 4585 1944 4658 Seg.

2061 4587 2340 4666 proprium
2362 4603 2606 4666 paruam,
2638 4593 2690 4644 et
2719 4589 2852 4661 quia
2875 4591 3019 4666 Deus
3057 4593 3219 4649 homo
3241 4594 3422 4663 factus
3450 4599 3554 4651 est.
3586 4595 3705 4653 No-

300 4654 468 4723 Go'bi.
497 4668 555 4719 et
586 4654 838 4718 Felckml
873 4663 900 4717 1
934 4663 1098 4729 deest
1123 4654 1447 4729 ἀδίαίρετονζ

373 4736 451 4806 (2)
481 4734 896 4807 Seguerianus,
929 4728 1379 4807 θεολογρρμενος.

376 4799 451 4876 (3)
477 4799 1081 4879 Tﬁv6uoouoitpoapxi.
1107 4799 1392 4879 'Sic_Seg:,
1424 4803 1482 4879 et
1511 4799 1594 4855 ita
1623 4799 1764 4879 legit
1793 4800 1948 4879 Nan.-

304 4869 462 4938 nius'.
497 4869 574 4933 Art
606 4869 665 4933 in
696 4869 869 4934 editis
899 4869 1135 4950 legitur,
1166 4876 1235 4946 τῇ
1281 4869 1377 4926 τοῦ
1426 4869 1722 4943 ὁμοουσίοῦ
1774 4869 1950 4945 σαρκί,

305 4955 504 5012 minus
535 4953 706 5007 recte.

377 5025 454 5098 (4)
485 5028 611 5098 Seg.
646 5021 833 5098 Gohl:
850 5017 1195 5098 et_Felckm.
1230 5015 1280 5071 1.
1309 5011 1619 5098 ’ὁμοοόσιογ
1676 5013 1950 5098 γεγονέναι

310 5080 457 5170 (εέεί
489 5080 716 5170 γέγονε).
750 5093 876 5155 Ηῶς
908 5089 1118 5166 ἐγένετο
1151 5080 1445 5160 ὁμοούσίος
1472 5103 1487 5155 ;
1530 5080 1761 5157 Εἴπατε,
1785 5092 1841 5144 et
1870 5088 1954 5144 ita

307 5166 448 5242 legit
479 5166 768 5242 gannius.
859 5239 879 5242 _
1131 5236 1182 5242 __
1341 5230 1378 5242 η
1479 5229 1490 5240 ,
1709 5231 1724 5242 _
1793 5230 1847 5242 Μ
1911 5230 1922 5241 ,

383 5230 456 5314 (5)
490 5239 618 5296 Haec
637 5239 825 5314 refert
853 5239 1105 5314 Joannes
1130 5230 1455 5314 Maxentius
1476 5230 1535 5314 in
1562 5247 1669 5312 sua
1693 5231 1764 5314 (le
1789 5230 1956 5314 Chl-io.

310 5317 369 5370 to
388 5302 786 5385 professione,
819 5309 932 5385 sub
959 5307 1248 5385 initium,
1281 5303 1374 5358 his
1419 5302 1614 5385 verbis
1639 5320 1670 5385 εγ
1702 5304 1958 5385 Beatissi-

311 5373 794 5456 mo'simulmtque
821 5379 1134 5456 doctissimo
1161 5377 1462 5456 Athanasio
1492 5373 1705 5456 dicen-te
1729 5392 1741 5429 :
1770 5398 1790 5424 ε
1829 5379 1958 5456 Κεν-

315 5459 441 5513 bum
468 5447 619 5529 caro,
651 5479 678 5508 ››
699 5447 815 5512 ἠοη
843 5469 970 5511 caro
999 5452 1228 5529 Verbum
1266 5471 1297 5499 «
1340 5450 1559 5529 factum.
1593 5455 1688 5529 est,
1720 5468 1768 5529 Δ»
1808 5447 1958 5529 Vera

316 5532 444 5587 bum
475 5519 656 5586 autem
685 5544 815 5586 caro
844 5528 1052 5598 factum
1083 5523 1318 5598 dicitur,
1352 5519 1682 5598 quia_V_erbi
1703 5519 1856 5598 facta
1885 5525 1964 5598 est

315 5617 464 5670 caro,
496 5607 549 5660 et
576 5619 688 5659 non
714 5590 955 5673 alicujus
985 5596 1226 5654 hominis
1249 5610 1268 5648 :
1291 5590 1396 5674 hoc
1423 5592 1671 5674 est,Deus
1697 5590 1852 5647 homo
1869 5593 1962 5663 fa-

317 5685 406 5730 tus
434 5683 537 5746 est,
567 5678 617 5732 et
647 5675 853 5731 dicitur
870 5686 1030 5746 icero,
1061 5684 1130 5746 rae
1157 5673 1501 5746 praetereutis
1526 5679 1959 5746 ειιλσῃιείμοῃιξηἶ

323 5747 432 5802 Cur
460 5735 588 5819 orbo
615 5762 727 5806 non
753 5745 963 5819 sufﬁcit
991 5735 1172 5800 nobis'
1189 5735 1467 5798 naturalis
1492 5736 1668 5795 amitio
1705 5735 1867 5793 Verbi
1893 5735 1965 5792 ad

2056 4663 2147 4732 ta,
2167 4660 2326 4732 uobis
2358 4659 2664 4732 irrepsisse
2694 4659 2796 4732 pro
2821 4662 2990 4720 vobis.

2133 4729 2209 4802 (6)
2238 4728 2924 4813 'tit'odpE.—A670¢-éi'pmat.
2973 4734 3072 4813 Sic
3117 4734 3278 4806 editi,
3328 4737 3564 4794 omissis
3611 4740 3703 4795 in-

2057 4807 2382 4876 terpositis,
2413 4820 2540 4874 quae
2568 4820 2637 4860 ex
2660 4809 2787 4876 Seg.
2824 4808 3074 4862 mutuati
3107 4824 3334 4863 sumus.

2134 4874 2210 4945 (7)
2241 4876 2306 4951 In_
2333 4876 2459 4951 Seg.
2495 4876 2661 4951 Gobl.
2695 4874 2761 4932 ef
2795 4878 3049 4951 Felckm.
3085 4881 3136 4946 1,
3170 4877 3460 4951 ἀσυγχύτῳ
3517 4881 3700 4939 deest.

2062 4945 2432 5020 Mox,_a6roi‘{
2448 4947 2744 5020 γενομένην
2780 4950 2945 5005 deest
2976 4951 3034 5006 in
3064 4945 3192 5020 Seg.
3227 4945 3486 5008 IIl-'Gobl.
3506 4959 3706 5010 autem

2065 5023 2120 5073 et
2151 5017 2402 5074 Felckm-
2438 5017 2471 5073 1⁷
2497 5017 2659 5077 deest
2697 5017 2927 5077 tantum
2973 5017 3290 5098 γενομένην.
3348 5024 3526 5081 Paulo
3575 5031 3708 5098 post

2064 5094 2192 5144 Seg.
2225 5089 2456 5144 ἀκούειν.

2105 5105 2192 5162 eg.
2225 5105 2456 5162 ακουειν.

2138 5161 2214 5242 (8)
2245 5161 2427 5242 Biar?)
2457 5162 2697 5242 Vagae}:
2733 5165 2895 5220 deest
2917 5164 2976 5242 in
3007 5163 3171 5242 Gohl.
3205 5165 3457 5242 Felckm.
3493 5169 3543 5235 1,
3575 5174 3706 5242 Seg.

2070 5231 2201 5289 Poet
2235 5231 2533 5309 μέλλοντος
2569 5234 2762 5297 αἷῶνος
2794 5238 3057 5307 quaedam
3100 5238 3339 5309 deerant
3393 5239 3453 5294 in
3508 5231 3705 5309 editis,

2069 5322 2196 5376 quae
2230 5308 2484 5384 mutuati
2515 5325 2720 5384 sumus
2751 5325 2820 5363 ex
2848 5315 2975 5380 Seg.
3023 5308 3188 5364 Gobl.
3239 5316 3295 5365 et
3340 5311 3595 5368 Felckm.
3661 5308 3708 5384 ι,

2071 5394 2258 5452 usque
2291 5379 2362 5452 ad
2393 5378 2481 5431 καὶ
2513 5378 2540 5431 ὁ
2572 5377 2786 5452 Κύριος.

2141 5447 2215 5519 (9)
2248 5447 2403 5523 Λέγει
2433 5452 2592 5507 deest
2622 5447 2681 5508 in
2711 5457 2839 5523 Seg.
2873 5454 3001 5523 Mox
3032 5450 3186 5506 idem
3219 5451 3393 5508 habet
3438 5453 3526 5507 καί
3578 5459 3714 5512 ante

2073 5520 2409 5596 deuav._'ln
2441 5525 2647 5582 eodem
2681 5520 2815 5596 moi
2839 5521 2928 5575 καί
2960 5524 3286 5596 deestante
3342 5523 3468 5578 Θεὸν
3518 5524 3715 5596 ἀληθι-

2071 5591 2190 5672 γόν.
2229 5594 2398 5672 Ipt'ra
2415 5596 2576 5671 editi,
2610 5594 2709 5652 Καὶ
2740 5598 2880 5672 πῶς.
2910 5595 3018 5651 Sed
3048 5593 3137 5648 καί
3169 5596 3334 5672 abest
3368 5613 3415 5672 _a
3442 5602 3567 5672 Seg.
3603 5591 3714 5657 Go-

2075 5665 2217 5723 bler.
2251 5665 2509 5726 Felckm.
2544 5665 2602 5752 1',
2633 5685 2740 5732 nec
2772 5669 2983 5724 lectum
3015 5672 3103 5726 est
3134 5683 3166 5724 a
3191 5666 3439 5725 Nannio.
