4048 6386
440 447 591 508 1107

984 447 1048 507 S.
1093 445 1516 506 ATHANASII
1562 445 1736 506 OPP.
1785 443 1987 503 PARS
2034 442 2080 500 Ῑ.
2116 475 2190 487 -—
2221 443 2632 504 HISTORICA
2677 444 2776 505 ET
2821 443 3300 504 DOGMATICA.

3698 442 3857 502 1108

443 596 598 636 unus
627 583 737 648 est,
752 578 1126 646 Adam,ﬁlius
1144 578 1522 650 intelligetur.
1546 578 1745 650 Neque
1767 576 1922 633 enim
1950 593 2093 648 prae—
2124 637 2125 640 η

2243 577 2556 645 οηθήσεται.
2589 576 2668 633 Οὐ
2698 575 2797 650 γὰρ
2845 573 3024 650 ἕτερός
3068 595 3150 638 τις
3196 574 3596 652 ἀναγέγραπται
3645 572 3858 649 ἄνθρω-

446 674 533 725 ter
559 670 871 739 Adamum,
904 668 1003 744 qui
1035 685 1103 723 ex
1147 673 1302 723 terra
1331 674 1440 734 est,
1486 667 1636 723 alius
1669 667 1966 738 quispiam
1999 667 2096 720 de-

449 758 706 830 scriptus
736 764 825 814 est
855 758 1050 824 homo,
1083 757 1182 828 qui
1235 757 1292 811 in
1326 756 1469 812 caelo
1515 757 1710 821 fuerit,
1747 761 1808 811 ut
1840 773 1909 810 ex
1938 755 2100 810 caelis

444 863 658 919 corpus
679 845 1192 916 habeatChristus,
1218 851 1276 901 et
1292 845 1448 900 ﬁlius
1479 844 1736 900 hominis
1768 845 1872 911 sit,
1899 861 1966 900 ex
1988 843 2101 899 alio

444 937 518 992 ab
559 937 802 992 Adamo.
857 936 1217 1007 Quapmpter
1267 933 1578 990 Matthaaus
1630 934 1868 1005 quidem
1913 934 2102 987 ﬁlium

444 1025 740 1080 Abraham
773 1030 829 1080 et
857 1024 1037 1080 David
1072 1024 1240 1080 illum
1275 1023 1576 1092 describit,
1611 1023 1940 1078 secundum
1970 1039 2101 1077 car-

448 1130 614 1182 nem;
642 1117 826 1169 Lucas
858 1129 990 1170 vero
1021 1130 1154 1169 eum
1185 1114 1321 1169 Adae
1371 1118 1428 1168 et
1458 1113 1559 1168 Dei
1592 1112 1804 1167 Filium
1850 1115 2101 1167 enarrat.

452 1202 511 1258 Si
536 1201 1196 1274 itaqueEvangeliorum
1213 1201 1488 1273 discipuli
1512 1201 1755 1266 estis,ne
1781 1199 2104 1271 loquamini

454 1292 738 1347 adversus
767 1291 951 1347 Deum
985 1291 1382 1362 iniquitatem,
1416 1291 1488 1346 ad
1530 1289 1864 1360 Scripturas
1895 1303 2106 1360 resque

452 1384 652 1452 gestas
701 1380 1026 1436 sectamini.
1076 1381 1238 1444 Quod
1279 1380 1326 1434 si
1382 1385 1586 1450 printer
1615 1395 1683 1433 ea
1730 1395 1857 1448 quae
1890 1377 2109 1448 scripta

453 1472 614 1534 sunt,
642 1467 757 1522 alia
781 1467 940 1538 loqui
965 1467 1026 1522 in
1057 1469 1254 1523 animo
1286 1468 1382 1535 sit,
1415 1483 1521 1522 cur
1546 1467 1854 1522 adversum
1887 1481 1992 1520 nos
2016 1465 2110 1519 de-

456 1556 715 1626 certatis,
750 1556 852 1627 qui
901 1555 1065 1611 nulla
1114 1555 1338 1624 audire,
1369 1555 1456 1611 vel
1504 1555 1698 1626 eloqui
1749 1554 2108 1610 sustinemus

457 1649 665 1717 praeter
691 1661 760 1700 ea
787 1662 914 1717 quae
946 1645 1166 1717 scripta
1198 1645 1388 1701 sunt?
1417 1662 1553 1701 cum
1586 1643 1874 1700 Dominus
1903 1643 2060 1698 dicat
2092 1658 2105 1697 :

461 1733 522 1788 Si
549 1736 870 1790 manseritis
899 1736 959 1789 in
988 1749 1242 1790 sermone
1273 1751 1409 1805 meo,
1442 1750 1567 1791 vere
1595 1735 1757 1789 liberi
1794 1734 1954 1788 eritis
1974 1733 2038 1786 ⁸⁸.

533 1825 590 1878 9.
625 1825 746 1889 Quo
780 1827 945 1895 pacto
977 1823 1156 1896 igitur
1187 1829 1288 1880 aut
1318 1824 1516 1880 ﬁdeles
1545 1831 1644 1880 aut
1674 1821 1987 1878 Christiani
2010 1821 2111 1876 ha-

465 1911 744 1980 beamini,
779 1913 880 1985 qui
912 1929 1100 1985 neque
1125 1914 1450 1969 secundum
1483 1913 1658 1969 verba
1690 1911 2002 1983 Scripturaa
2027 1909 2114 1964 in-

469 2001 700 2071 ceditis,
736 2019 924 2074 neque
957 2004 1133 2058 rebus
1156 2002 1338 2075 gestis
1369 2002 1543 2058 ﬁdem
1578 2002 1804 2057 habetis
1834 2026 1848 2068 ;
1881 2001 1981 2056 sed
2016 2016 2117 2054 au-

476 2091 628 2147 detis
659 2108 724 2147 ea
768 2109 894 2164 quis
940 2109 1122 2164 supra
1152 2098 1420 2148 naturam
1471 2097 1611 2148 sunt
1657 2089 2120 2148 deﬁnire?.-'\'un-

477 2181 623 2250 quid
667 2197 868 2252 parum
918 2180 1064 2236 vobis
1109 2184 1189 2236 est
1236 2179 1490 2238 molestos
1535 2196 1647 2235 esse
1693 2179 2029 2242 hominibus,
2069 2185 2122 2232 et

475 2284 576 2324 cur
604 2269 818 2324 molesti
863 2272 996 2325 esti:
1024 2270 1257 2326 Domino
1278 2268 1365 2323 ‘9?
1415 2268 1559 2324 Nam
1590 2270 1640 2324 si
1691 2267 1792 2340 qui
1823 2266 2121 2340 prophetis

479 2372 596 2412 non
628 2357 1002 2427 crediderint,
1052 2357 1426 2414 condemnati
1475 2361 1634 2426 sunt,
1667 2363 1888 2429 quanto
1933 2355 2123 2428 magis

478 2445 579 2517 qui
603 2462 718 2500 non
745 2447 1118 2502 crediderunt
1144 2447 1255 2518 ipi
1283 2447 1815 2503 Domino?Etenim
1849 2463 1974 2517 qua
1999 2446 2125 2516 ipse

474 2535 680 2601 voluit,
714 2540 770 2589 et
801 2552 927 2606 quae
961 2535 1086 2606 ipse
1107 2535 1389 2591 arbitratu
1418 2552 1526 2591 suo
1556 2535 1675 2607 egit
1702 2535 1776 2591 ad
1803 2535 2127 2606 abrogatio-

478 2641 613 2679 nem
654 2623 873 2695 peccati
923 2629 982 2678 et
1033 2623 1262 2689 mortis,
1294 2641 1400 2679 cur
1444 2623 1557 2679 alio
1587 2631 1644 2679 et
1691 2624 1922 2679 diverso
1953 2624 2125 2678 modo

477 2727 747 2768 enarrare
779 2717 881 2768 aut
911 2712 1167 2784 cogitare
1199 2713 1426 2769 audetis
1453 2712 1475 2767 Ρ
1506 2713 1565 2768 Si
1591 2713 1942 2768 conﬁtemur
1967 2728 2124 2780 eum,

478 2807 536 2858 et
567 2801 692 2874 ipse
723 2802 1100 2857 conﬁtebitur
1149 2819 1256 2858 nos
1291 2820 1304 2858 :
1337 2802 1386 2857 si
1435 2818 1740 2874 negamus,
1775 2806 1832 2856 et
1863 2802 1986 2872 ipse
2021 2817 2126 2856 nos

479 2891 718 2963 negabit
752 2909 764 2946 :
799 2890 847 2946 si
883 2891 1059 2946 ﬁdem
1080 2889 1165 2946 illi
1198 2907 1313 2946 non
1346 2890 1654 2957 habemus,
1675 2890 1770 2946 ille
1802 2890 1986 2946 ﬁdelis
2008 2907 2124 2944 ma-

480 2984 604 3048 net,
635 2979 896 3052 seipsum
934 2980 1091 3036 enim
1124 2997 1334 3052 negare
1383 2981 1606 3051 nequit.
1640 2979 1916 3043 Quasnam
1949 2978 2129 3051 igitur

481 3069 827 3140 hujusmodi
859 3076 1052 3125 vestra
1082 3069 1374 3124 immensa
1402 3068 1675 3136 stultitia,
1711 3076 1775 3123 ut
1804 3066 2129 3139 loquamini

483 3174 613 3230 qua
642 3159 860 3230 scripta
904 3175 1017 3214 non
1047 3163 1210 3223 sunt,
1242 3162 1298 3213 et
1336 3157 1438 3212 illa
1484 3158 1749 3212 sentiatis
1779 3174 1906 3228 quas
1938 3156 2130 3212 aliena

482 3251 624 3302 sunt
653 3263 686 3302 ε
716 3246 966 3318 pietate?
1010 3247 1239 3301 Etenim
1270 3262 1504 3302 carnem
1553 3245 1840 3301 divinitati
1870 3245 2126 3300 consub-

2207 685 2308 725 πος
2339 663 2388 717 ἐν
2424 664 2634 740 οὖρανῷ
2672 665 2906 738 ὑπάρξας
2938 663 3083 740 παρά
3114 666 3204 718 τὸν
3255 663 3314 718 ἐκ
3356 668 3459 739 γῆς
3510 661 3688 736 Ἀδὰμ
3718 665 3860 737 (9|),

2203 751 2295 807 'iva
2337 753 2425 807 καὶ
2478 754 2526 826 ἐξ
2574 755 2814 827 οὐρανῶν
2859 752 2961 829 ἔχῃ
2991 754 3050 808 ro‘
3085 758 3261 826 σῶμα,
3294 754 3382 808 καὶ
3415 754 3530 815 υἱὸς
3565 752 3862 826 ἀνθρώπου

2209 841 2416 917 ῇπαρᾶ
2439 843 2528 896 τὸν
2566 840 2759 914 ’Δδάμ.
2796 843 2888 897 Διὸ
2923 844 2949 896 ὁ
2981 843 3074 916 μὶν
3126 849 3402 906 Ματθαῖος
3451 843 3564 896 υἱὸν
3603 837 3864 915 Ἀϐραάμ

2211 933 2297 986 καὶ
2364 927 2529 986 Δαϐὶδ
2587 931 2883 1010 ἀναγράφει
2939 934 3001 988 τὸ
3054 933 3189 987 κατὰ
3249 931 3438 1006 σάρκα*
3474 933 3501 986 ὁ
3534 929 3590 986 δὲ
3649 937 3863 992 Λουκᾶς

2213 1021 2327 1074 υἱὸν
2375 1019 2532 1075 αὐτὸν
2705 1026 2804 1076 τοῦ
2835 1020 3014 1094 Ἀδὰμ
3059 1023 3148 1076 καὶ
3196 1026 3293 1076 τοῦ
3343 1025 3475 1077 Θεοῦ
3521 1019 3863 1096 γενεαλογεῖ.

2214 1109 2278 1166 El
2320 1110 2496 1164 τοίνυν
2547 1108 2785 1182 μαθηταί
2817 1109 2931 1165 ἐστε
2960 1115 3066 1165 τῶν
3118 1109 3480 1186 Εὐαγγελίων,
3517 1112 3592 1182 μὴ
3646 1106 3868 1164 λαλεῖτε

2214 1200 2350 1252 κατὰ
2380 1203 2476 1252 τοῦ
2509 1203 2641 1253 Θεοῦ
2672 1196 2905 1254 ἀδικίαν
2940 1197 3086 1254 ἀλλὰ
3137 1205 3409 1274 στοιχεῖτε
3455 1204 3571 1261 τοῖς
3621 1218 3867 1274 γεγραμ-

2219 1287 2402 1359 μένοις
2428 1287 2515 1342 καὶ
2550 1289 2864 1361 γενομένοις
2896 1290 3029 1361 (93).
3064 1287 3126 1342 El
3160 1285 3218 1343 δὲ
3263 1284 3419 1364 ἕτερα
3471 1287 3618 1363 παρὰ
3668 1286 3737 1341 τὰ
3779 1307 3869 1360 γε-

2216 1377 2504 1450 γραμμένα
2536 1375 2723 1431 λαλεῖν
2761 1376 3042 1451 βούλεσθε,
3073 1377 3124 1431 τί
3155 1377 3290 1451 πρὸς
3323 1379 3472 1449 ἡμᾶς
3506 1373 3869 1450 διαμάχεσθε,

2215 1464 2342 1526 τοὺς
2379 1467 2516 1538 μήτε
2547 1465 2756 1520 ἀκούειν
2794 1468 2932 1539 μήτε
2963 1463 3139 1542 λέγειν
3175 1469 3286 1538 (94)
3319 1467 3466 1542 παρὰ
3511 1464 3575 1521 τὰ
3623 1485 3868 1540 γεγραμ-

2222 1554 2351 1626 μένα
2406 1554 2798 1625 πειθομένουςς
2859 1553 3110 1629 λέγοντος
3165 1559 3262 1609 τοῦ
3320 1553 3541 1625 Κυρίου,
3603 1553 3686 1608 δτι
3743 1555 3866 1609 Ἐὰν
3952 1601 3958 1606 .

2221 1642 2379 1716 ὑμεῖς
2435 1644 2652 1716 μείνητε
2707 1643 2758 1698 ἓν
2817 1648 2896 1713 τῷ
2955 1641 3106 1720 λόγῳ
3160 1648 3239 1716 τῷ
3292 1643 3431 1717 ἐμῷ,
3485 1640 3656 1706 ὅντως
3710 1641 3872 1698 ἐλεύ-

2223 1742 2368 1808 θεροι
2403 1729 2606 1788 ἔσεσθε.

2292 1823 2346 1876 9.
2381 1825 2502 1882 Ηῶς
2560 1818 2652 1875 οὗν
2701 1819 2779 1876 ἔτι
2827 1821 3009 1876 πιστοὶ
3062 1821 3097 1890 ἢ
3155 1821 3466 1896 Χριστιανοὶ
3498 1822 3872 1896 νομισθείητε,

2225 1910 2279 1964 οἱ
2339 1912 2478 1982 μήτε
2533 1915 2648 1972 τοῖς
2709 1910 2914 1986 ῥήμασι
2967 1915 3083 1972 τοῖς
3129 1910 3535 1986 γεγραμμένοις
3580 1917 3875 1987 ποιχοῦν-

2225 2019 2312 2059 τες
2359 2001 2493 2070 (95),
2530 2001 2667 2072 μήτε
2712 2005 2829 2062 τοῖς
2884 1999 3192 2075 γενομένοις
3246 2001 3584 2072 πειθόμενοι,
3613 2000 3761 2056 ἀλλὰ
3811 2002 3877 2055 τά

2231 2088 2362 2163 ὑπὲρ
2412 2087 2565 2164 φύσιν
2617 2090 2816 2163 ὁρίζειν
2863 2089 3217 2162 τολμῶντεςς
3251 2091 3317 2146 Ἢ
3355 2091 3547 2164 μικρὸν
3602 2091 3729 2162 ὑμῖν
3786 2091 3874 2144 ἀν-

2231 2177 2471 2251 θρώποις
2565 2178 2823 2253 παρέχειν
2911 2178 3130 2253 ἀγῶνα,
3201 2178 3290 2232 καὶ
3382 2183 3498 2240 πῶς
3605 2180 3874 2255 παρέχετε

2230 2263 2416 2340 ἀγῶνα
2472 2265 2698 2341 Κυρίῳ,
2750 2265 2811 2320 El
2868 2267 2969 2343 γάρ
3021 2267 3072 2321 οἱ
3129 2269 3429 2344 προφήτεις
3486 2266 3874 2337 ἀπιστήσαντες

2230 2354 2658 2428 κατεκρίθησαν,
2717 2355 2871 2427 πόσῳ
2964 2354 3177 2428 μᾶλλον
3260 2357 3312 2410 ol
3392 2357 3468 2428 μή
3555 2356 3873 2429 πειθόμενοι

2232 2442 2378 2514 αὐτῷ
2417 2445 2530 2514 (96)
2579 2447 2660 2514 τῷ
2702 2442 2942 2517 Δεσπότῃ
2972 2463 2984 2512 ;
3016 2448 3085 2499 Ἀ
3131 2445 3232 2519 γὰρ
3283 2443 3445 2505 αὐτὸς
3495 2441 3739 2514 ἠθέλησε
3787 2446 3871 2499 καὶ

2234 2529 2519 2601 εὐδόκησεν
2553 2532 2628 2594 εἷς
2661 2533 2908 2602 ἀθέτησιν
2960 2540 3059 2602 τῆς
3107 2534 3377 2608 ἁμαρτίας
3424 2533 3513 2587 καὶ
3561 2538 3658 2587 τοῦ
3713 2535 3878 2598 θανά-

2231 2641 2350 2686 του,
2401 2625 2518 2682 πῶς
2567 2621 2719 2692 ὑμεῖς
2760 2618 2914 2694 ἕτερα
2972 2622 3046 2675 ἀν’
3099 2619 3293 2694 ἑτέρων
3346 2622 3517 2697 λέγειν
3572 2621 3606 2690 ἢ
3661 2627 3877 2698 φρονεῖν

2234 2709 2506 2781 τολμᾶτε,
2545 2709 2606 2766 Εἰ
2639 2709 3306 2785 ὁμολογοῦμεν,κάκεῖνος
3336 2711 3678 2784 ὁμολογήσει
3712 2713 3878 2783 ἡμᾶς’

2235 2798 2279 2853 εἰ
2313 2797 2636 2873 ἀρνούμεθα,
2669 2799 2914 2861 κάκεῖνος
2965 2800 3250 2874 ἀρνήσεται
3301 2801 3476 2872 ἡμᾶς’
3525 2799 3571 2854 εἱ
3620 2799 3886 2854 ἀπιστοῦ-

2239 2908 2358 2960 μεν,
2413 2886 2616 2949 ἐκεῖνος
2686 2889 2875 2950 πιστὸς
2954 2888 3142 2961 μένει·
3203 2889 3533 2964 ἀρνήσασθαι
3601 2889 3705 2962 γὰρ
3767 2889 3883 2943 εαυ-

2233 2976 2324 3030 τὸν
2357 2979 2470 3049 (97)
2502 2975 2562 3030 οὐ
2591 2973 2830 3032 δύναται.
2862 2977 2953 3038 Τίς
2985 2976 3075 3031 οὖν
3124 2977 3274 3050 ὑμῶν
3304 2980 3339 3047 ἡ
3368 2977 3603 3046 τοσαύτη
3651 2977 3882 3032 ἀπόνοια

2233 3072 2331 3133 τῆς
2378 3064 2657 3141 ἀμετρίας,
2710 3064 2897 3121 λαλεῖν
2945 3065 3013 3120 τὰ
3062 3068 3138 3139 μή
3193 3068 3565 3142 γεγραμμένα,
3615 3067 3706 3120 καὶ
3749 3087 3882 3143 φρο-

2235 3160 2342 3208 νεῖν
2378 3153 2644 3228 ἀλλότρια
2672 3162 2769 3224 τῆς
2802 3150 3109 3225 εὐσεϐείας,
3143 3156 3244 3214 Καὶ
3296 3156 3399 3230 γάρ
3440 3156 3528 3210 καὶ
3578 3155 3880 3229 ὁμοούσιον

2234 3244 2334 3310 τήν
2381 3246 2549 3316 σάρκα
2597 3251 2697 3313 τῆς
2737 3244 2991 3316 θεότητος
3041 3243 3214 3320 λέγειν
3268 3243 3618 3320 ἐπιχειρεῖτε,
3648 3244 3709 3299 οὗ
3760 3266 3883 3299 συν-

482 3335 815 3391 stantialem
837 3335 1028 3391 dicere
1048 3334 1300 3404 audetis,
1329 3352 1443 3389 non
1468 3335 1835 3389 advertentes
1860 3333 1918 3388 in
1942 3333 2125 3406 dupli-

2241 3336 2474 3406 ορῶντες
2525 3329 2725 3403 διπλῆν
2784 3334 2908 3406 ὑμῖν
2947 3318 3243 3409 γενομένην
3585 3333 3881 3404 ἀπάντησιν

481 3440 607 3479 cem
651 3440 754 3480 vos
805 3423 1082 3479 incidisse
1140 3423 1524 3495 impietatem.
1591 3423 1808 3478 Idcirco
1865 3423 2021 3478 enim
2072 3423 2131 3478 in

481 3513 632 3568 hanc
653 3512 1007 3570 sententiam
1033 3514 1297 3566 animum
1321 3511 1655 3583 appulistis,
1682 3518 1746 3568 ut
1780 3511 1864 3567 vel
1896 3528 2131 3568 carnem

482 3601 728 3675 negetis,
763 3600 850 3657 vel
893 3601 952 3657 in
1002 3601 1286 3657 Deitatem
1342 3599 1790 3672 blasphemetis,
1823 3600 2082 3656 dicentes
2117 3616 2130 3656 :

482 3696 644 3747 Certe
674 3708 780 3746 nos
804 3707 938 3745 eum
969 3690 1070 3762 qui
1095 3706 1163 3746 ex
1195 3689 1379 3745 Maria
1411 3694 1585 3745 natus
1615 3694 1725 3757 est,
1747 3691 2134 3745 consubstan-

484 3778 685 3836 tialem
746 3779 899 3836 Patri
943 3779 1222 3834 dicimus.
1288 3781 1459 3834 l’orro
1518 3779 1638 3834 haec
1685 3784 1898 3846 vestra,
1956 3794 2134 3850 quam

487 3867 824 3942 praclaram
856 3869 1228 3934 existimatis,
1279 3867 1556 3940 loquendi
1598 3867 1767 3935 ratio,
1798 3873 1902 3923 aut
1931 3885 2138 3939 super-

490 3959 630 4026 ﬂua,
662 3963 764 4013 aut
792 3957 974 4013 stulta
1000 3957 1496 4028 comprobabitur.
1529 3957 1753 4012 Etenim
1787 3958 1920 4028 quis
1941 3973 1970 4011 e
2003 3957 2140 4012 ﬁde-

490 4046 646 4102 libus
678 4063 794 4102 non
835 4048 1183 4102 conﬁteatur
1213 4045 1398 4100 Deum
1445 4044 1718 4112 Verbum,
1753 4046 1851 4116 qui
1883 4045 2137 4114 advenit,

489 4139 548 4190 et
577 4151 644 4191 ex
674 4139 883 4192 sancta
911 4135 1146 4207 Virgine
1176 4134 1358 4189 Maria
1387 4134 1561 4189 homo
1593 4134 1826 4205 prodiit,
1871 4134 2141 4206 Patrique

488 4224 1009 4281 consubstantialis
1033 4228 1143 4293 est,
1164 4240 1232 4280 ex
1264 4223 1488 4279 semine
1509 4222 1772 4292 Abrahae,
1792 4224 1958 4293 cujus
1986 4223 2141 4279 ﬁlius

489 4319 848 4380 recensetur,
891 4313 1190 4369 hominem
1234 4328 1366 4369 esse
1417 4314 1632 4368 factum
1669 4331 1680 4368 :
1715 4317 1818 4368 aut
1860 4311 2140 4380 Verbum,

491 4402 610 4458 Deo
641 4401 1164 4472 consubstantiale,
1191 4403 1518 4456 secundum
1544 4418 1779 4456 carnem
1813 4401 1998 4456 ﬁlium
2037 4404 2142 4457 Da-

491 4491 588 4547 vid
621 4491 838 4548 factum
871 4490 1047 4548 esse?
1079 4491 1213 4546 Ideo
1244 4490 1558 4562 prOphetae,
1593 4490 1865 4563 apostoli,
1887 4495 1943 4547 et
1971 4507 2141 4546 evan-

493 4578 713 4649 gelista:
745 4579 1039 4635 Christum
1081 4595 1148 4634 ex
1180 4579 1402 4634 semine
1439 4580 1612 4634 David
1654 4581 1978 4635 secundum
2013 4597 2141 4636 car-

2239 3422 2336 3488 τῆς
2395 3416 2662 3483 ἀσεϐείας.
2710 3427 2885 3476 Ταῦτα
2941 3424 3044 3499 γὰρ
3101 3423 3230 3494 ὑμῖν
3284 3421 3622 3493 ἐπινενόηται
3681 3422 3883 3498 λέγειν,

2236 3508 2329 3564 ’ίνα
2359 3509 2392 3578 ἢ
2423 3510 2522 3579 τήν
2548 3511 2719 3585 σάρκα
2767 3512 3091 3586 ἀρνήσησθε,
3125 3513 3158 3580 ἢ
3207 3514 3305 3581 τὴν
3357 3512 3588 3583 θεότητα
3638 3510 3888 3590 βλασφη-

2247 3601 2481 3671 μήσητε,
2523 3599 2792 3674 λέγοντες,
2842 3600 3026 3677 φησίνο
3055 3606 3243 3673 Ἡμεῖς
3291 3600 3383 3655 τὸν
3431 3599 3491 3655 ἐκ
3539 3600 3748 3676 Μαρίας
3797 3601 3886 3656 λέ-

2245 3710 2411 3762 γομεν
2465 3689 2758 3761 ὁμοούσιον
2953 3693 3050 3743 τοῦ
3097 3688 3328 3762 Πατρός.
3362 3689 3508 3760 Αὕτη
3557 3686 3615 3744 δὲ
3666 3690 3820 3762 ὑμῶν
3851 3693 3885 3759 ἡ

2243 3777 2581 3850 νομιζομένη
2615 3777 2859 3854 εὐφημία
2890 3775 3235 3852 δειχθήσεται
3268 3777 3302 3846 ἢ
3334 3777 3618 3854 περίεργος
3651 3779 3686 3848 ἢ
3720 3779 3887 3849 ἀνόη-

2245 3887 2356 3927 τος.
2410 3866 2557 3921 Ἐπεὶ
2608 3867 2694 3928 τίς
2769 3872 2875 3921 τῶν
2935 3871 3139 3922 πιστῶν
3196 3868 3298 3922 οὐκ
3348 3867 3408 3922 ἂν
3466 3867 3888 3943 ὁμολογήσειεν,

2247 3955 2329 4010 δτι
2363 3956 2390 4009 ὁ
2423 3952 2768 4028 ἐπιδημήσας
2799 3957 2926 4019 Θεὸς
2981 3956 3181 4030 Λόγος,
3214 3957 3302 4011 καὶ
3353 3955 3411 4012 ἐκ
3461 3958 3738 4033 Παρθένου
3793 3966 3891 4027 τῆς

2249 4045 2404 4119 ἁγίας
2437 4045 2648 4120 Μαρίας
2681 4043 2964 4118 προελθὼν
2995 4045 3298 4120 ἄνθρωπος,
3331 4047 3628 4119 ὁμοοῦσιος
3680 4044 3753 4101 ὢν
3797 4051 3892 4102 τοῦ

2249 4134 2477 4206 Πατρὸς,
2525 4133 2584 4188 ἐκ
2640 4135 2948 4210 σπέρματος
3006 4130 3254 4209 ’Δϐραὰμ
3309 4136 3522 4211 γέγονεν
3583 4133 3892 4212 ἄνθρωπος,

2249 4222 2311 4277 οὗ
2366 4221 2456 4277 καὶ
2517 4221 2632 4285 υἱὸς
2689 4222 3107 4299 ἀναγέγραπται,
3140 4223 3230 4278 καὶ
3263 4221 3344 4278 ὅτι
3378 4225 3405 4278 ὁ
3448 4223 3744 4298 ὁμοούσιος
3797 4229 3893 4280 τοῦ

2250 4316 2384 4367 Θεοῦ
2417 4311 2596 4386 Λόγος
2641 4314 2825 4389 γέγονε
2872 4313 3008 4368 κατά
3056 4313 3227 4387 σάρκα
3265 4313 3381 4376 υἱὸς
3421 4317 3519 4369 τοῦ
3565 4309 3769 4384 Δαϐίδ;
3803 4316 3897 4370 Διὸ

2249 4402 2340 4456 καὶ
2373 4401 2432 4456 ὲκ
2463 4404 2776 4477 σπέρματος
2804 4407 2902 4457 τοῦ
2933 4397 3099 4456 Δαϐἱδ
3139 4409 3414 4480 προφῆται
3461 4403 3554 4458 καὶ
3597 4403 3898 4460 ἀπόστολοι

2251 4490 2339 4545 καὶ
2372 4488 2749 4568 εὐαγγελισταὶ
2795 4490 3180 4567 γενεαλογοῦσι
3228 4492 3318 4547 τὸν
3371 4493 3602 4566 Χριστὸν
3650 4494 3712 4548 τὸ
3764 4494 3902 4548 κατὰ

2252 4579 2441 4654 σάρκα.
2485 4584 2608 4642 Πῶς
2666 4578 2757 4634 οὖν
2800 4584 2967 4635 ταῦτα
3017 4579 3265 4657 λέγοντες
3322 4580 3422 4636 οὐκ
3470 4580 3770 4658 ἐρυθριᾶτε,
3799 4585 3901 4651 τὴν

497 4685 633 4726 nem
665 4674 858 4725 ortum
891 4668 1127 4725 duxisse
1154 4673 1414 4724 narrant.
1446 4670 1746 4733 Quomodo
1776 4669 1976 4740 igitur,
2008 4685 2125 4724 cur:

2257 4671 2449 4745 σάρκα,
2506 4671 2604 4738 τήν
2665 4667 2725 4724 ἐκ
2780 4669 3091 4745 σπέρματος
3149 4665 3315 4724 Δαϐὶδ
3373 4670 3902 4746 γενεαλογουμὲνην,

500 4758 622 4816 haec
648 4758 878 4827 dicatis,
913 4775 1028 4814 non
1061 4757 1406 4814 erubescitis
1426 4774 1662 4814 carnem
1685 4775 1815 4830 quis
1837 4775 1903 4815 ex
1927 4758 2148 4816 semine

572 4875 617 4911 "
645 4875 813 4932 Joan.
847 4892 969 4943 VIII,
1001 4874 1092 4940 33,
1122 4874 1213 4929 36.
1288 4874 1332 4908 ‘9
1364 4875 1474 4929 lsa.
1508 4891 1605 4945 vn,
1641 4876 1725 4929 13.

576 4987 1257 5076 (9.1)Tovex‘yﬁi'A8ép.
1292 4991 1385 5047 Sic
1434 4996 1559 5062 Seg.
1593 4992 1758 5048 Gobl.
1809 4992 1958 5049 Felc.
1997 4994 2048 5065 1,
2091 4993 2153 5050 in

503 5063 677 5124 editis
710 5067 878 5139 deest
907 5063 965 5139 ἐκ
991 5070 1117 5139 γῆς.

579 5139 691 5210 (92)
719 5136 918 5220 Aur/iv,
951 5133 1150 5219 Basilq
1182 5139 1240 5190 et
1269 5134 1352 5218 sic
1384 5133 1672 5202 Nannius,
1705 5133 1910 5262 sicqpe
1952 5134 2152 5206 legen-

579 5227 648 5262 im
677 5210 928 5262 Videtur.
963 5209 1115 5262 Editi
1148 5215 1200 5262 et
1232 5207 1470 5262 qundam
1507 5223 1801 5262 manuscr.
1867 5208 2044 5262 abent
2064 5206 2152 5260 αὖ·

505 5207 648 5294 du_'m
676 5207 928 5266 Videtur.
963 5208 1115 5263 Editi
1148 5215 1200 5263 el
1232 5207 1470 5279 quidam
1507 5223 1801 5262 manuscr.
1825 5207 2044 5262 habent
2064 5207 2153 5260 αὖ·

504 5301 690 5434 τοῖξΒ)
723 5349 825 5434 Καὶ
856 5347 1169 5424 γενομένοις
1203 5349 1363 5404 deest
1393 5349 1449 5404 in
1483 5349 1634 5419 Seg.,
1667 5365 1773 5404 nec
1818 5347 2034 5406 lectum
2065 5354 2155 5407 est

509 5442 543 5481 a
571 5425 821 5480 Nannio.

582 5497 692 5568 (94)
724 5495 810 5551 Ita
834 5493 987 5568 Seg.)
1015 5509 1209 5568 quem_
1242 5491 1706 5568 secuti__sumus.
1738 5492 1914 5568 Editi,
1949 5489 2148 5567 λέγειν.

511 5561 696 5624 Paulo
728 5571 859 5637 post
889 5561 1144 5637 Goblhet
1169 5564 1320 5619 Felc.
1356 5566 1404 5637 1,
1439 5561 1520 5637 ὅτι
1553 5563 1617 5619 El
1651 5562 1828 5635 ὑμεῖς.
1864 5565 1993 5637 M0;
2021 5561 2148 5637 ξος.

711 5633 859 5762 Ῑὲθιῖ.
895 5638 920 5692 1
953 5643 1012 5692 et
1059 5636 1290 5691 Graecus
1349 5635 1663 5708 Scriptura:
1691 5633 1919 5708 textus,
1953 5633 2151 5691 ἔσεσθε.

676 5752 690 5766 .
750 5730 855 5763 στι.

591 5749 703 5854 (9"5')
721 5749 974 5851 “11:5...
1008 5778 1173 5837 Gobl.
1206 5781 1264 5836 et
1299 5777 1449 5835 Felc.
1484 5780 1533 5836 1.
1565 5778 1718 5836 Editi
1743 5795 1897 5848 vero,
1930 5779 1983 5832 οἱ
2015 5780 2155 5854 μήτε

2267 4755 2558 4832 ὁμοούσιον
2608 4761 2704 4812 τοῦ
2754 4758 2929 4833 Λόγου
2979 4758 3445 4836 ἀποφαινόμενοη
3476 4765 3542 4815 Ἡ
3591 4759 3782 4834 πάλιν,
3833 4762 3908 4824 ὡς

2261 4997 2377 5054 τοῖς
2407 4991 2814 5071 γεγραμμένοις
2871 4991 3209 5068 πειθόμενοι,
3243 4995 3384 5068 μήτε
3428 4999 3547 5059 τοῖς
3591 4997 3911 5071 γενομένοις

2262 5069 2630 5138 ποιχοῦντες.

2331 5137 2444 5212 (9Q)
2465 5137 2566 5212 (sic
2597 5152 2803 5212 omnes
2835 5153 2980 5212 mss:
3013 5142 3222 5212 printer
3251 5138 3403 5212 Felc.
3434 5141 3488 5212 2,
3517 5140 3574 5195 in
3610 5145 3828 5212 quo,ut
3851 5146 3909 5197 et

2262 5207 2532 5282 in_'editis_,
2565 5207 2712 5282 αρτᾣ
2741 5209 2926 5282 deest.
2962 5207 3117 5266 Infra
3153 5216 3279 5282 Seg.
3314 5211 3481 5268 Gobl.
3532 5218 3590 5268 et
3630 5207 3826 5269 Felck.
3858 5215 3906 5280 1,

2263 5280 2456 5352 ἑτέρων
2557 5277 2734 5353 λέγειν

2332 5345 2445 5421 (97)
2477 5345 2644 5406 Gobl:
2675 5357 2731 5407 et
2761 5345 3016 5408 Felckm.
3054 5354 3104 5421 1,
3137 5345 3322 5408 αότὸν.

2333 5423 2632 5512 (ξὶϐ),
2663 5421 2990 5512 γινομένην,
3020 5424 3428 5512 Ιὺίάθᾞ,¹ξθεο
3475 5424 3645 5512 Gobii.
3695 5426 3906 5512 lie-Im}

2262 5498 2319 5566 et
2347 5494 2728 5566 Anglicanus,
2754 5494 2852 5562 τὴν
2887 5495 3178 5566 ἀπάτησιν.
3213 5494 3400 5552 Εόὶιῖ
3420 5513 3552 5553 vero
3583 5504 3641 5553 et
3665 5498 3788 5566 alii,
3810 5499 3909 5566 τήν

2263 5563 2584 5634 ἀπάντῆσιν,
2617 5567 2795 5622 dubia
2822 5567 3011 5623 lectio.

2335 5638 2445 5714 (99)
2474 5642 2613 5714 Seg._
2641 5638 2805 5714 Gobl.
2835 5643 2894 5714 et
2927 5637 3182 5694 Felckm.
3229 5640 3281 5709 1,
3316 5635 3563 5714 λέγοντες
3619 5636 3686 5710 δὴ
3749 5642 3910 5714 ἡμεῖς

2261 5705 2354 5762 τὸν
2386 5705 2445 5762 ἐκ
2468 5705 2678 5784 Μαρίας
2713 5709 3025 5782 ὁμοούσιον.
