4048 6368
288 394 446 454 1109

1196 397 1507 458 CONTRA
1553 397 2134 458 APOLLINAllIUM
2184 398 2416 457 LIBER
2459 398 2783 458 PRIMUS.

3544 394 3701 456 1110

292 520 518 602 ἔφαμεν,
552 529 794 599 ἀνοήτως
821 531 989 584 ταῦτα
1038 527 1241 606 λέγετε,
1288 530 1349 585 οὗ
1397 535 1668 600 νοοῦντες,
1729 527 1812 585 ὅτι
1867 529 1930 585 τὸ

2044 532 2223 588 David
2258 537 2386 588 orta
2416 537 2710 601 narratur,
2743 531 3304 588 consubstantialem
3336 531 3492 587 Patri
3535 549 3694 588 asse-

285 616 578 689 ὁμοούσιον
607 619 704 686 τὴν
769 618 864 691 μὲν
915 618 1219 689 ταυτότητα
1270 626 1371 688 τῆς
1424 620 1633 698 φύσεως
1682 615 1797 695 ἔχει
1828 621 1928 691 (1),

284 708 382 775 τήν
444 704 501 761 δὲ
563 703 700 762 ἰδίαν
774 706 1092 779 τελειότητα
1168 706 1218 764 ἐν
1297 709 1471 781 ἑαυτῴ
1544 707 1930 766 ἐπιδείκνυται.

283 797 484 873 Ὠσπερ
541 796 644 872 γὰρ
703 798 730 852 ὁ
790 799 938 872 Υἱὸς,
993 797 1291 872 ὁμοοῦσιος
1345 799 1478 872 πρὸς
1551 800 1640 854 τὸν
1722 797 1930 873 Πατὲρα

283 884 738 961 ὁμολογούμενος
771 889 868 961 (2),
898 887 1104 950 τέλειος
1134 889 1268 965 πρὸς
1299 887 1507 944 τέλειον
1543 886 1924 963 ὁμολογεῖτιοι,

277 977 417 1030 καθᾶ
445 977 537 1030 καί
561 977 622 1031 τὸ
655 978 804 1054 ἅγιον
848 981 1090 1051 Πνεῦμα·
1147 978 1442 1051 ὁμοούσιος
1490 977 1590 1055 γὰρ
1649 980 1684 1048 ἡ
1743 978 1925 1053 Τριάς.

278 1065 488 1120 Δώσετε
519 1063 608 1121 οῦν
641 1065 731 1122 καὶ
757 1069 826 1141 τῇ
858 1065 1140 1140 ὁμοουσίῳ
1171 1066 1326 1142 σαρκὶ
1356 1070 1429 1140 (3)
1476 1068 1576 1136 τὴν
1607 1065 1928 1136 τελειότητα

276 1155 413 1231 πρὸς
442 1153 511 1229 τῇ
550 1159 647 1210 τοῦ
706 1155 881 1230 Λόγου
933 1155 1261 1225 τελειότητι”
1319 1152 1465 1211 ἔσται
1514 1152 1572 1211 δὲ
1617 1156 1735 1219 καθ’
1790 1155 1927 1228 ὑμᾶς

275 1243 465 1320 τετρὰς
501 1243 616 1299 ἀντὶ
651 1242 888 1321 Τριάδος
934 1242 1448 1320 καταγγελλομένη.
1503 1243 1605 1302 Καὶ
1651 1243 1732 1307 τίς
1765 1246 1799 1314 ἡ
1831 1265 1924 1299 το-

276 1332 446 1405 σαύτη
480 1332 696 1389 ἐπίνοια
722 1341 823 1405 τῆς
856 1328 1102 1396 ἀσεϐείας
1130 1354 1143 1404 ;

350 1602 436 1658 10.
467 1598 644 1657 ’Λλλᾶ
673 1599 879 1677 λέγετε·
939 1600 1266 1675 Ὁμοούσιος
1320 1602 1508 1678 γέγονε
1561 1603 1639 1676 (li)
1667 1604 1764 1656 106
1812 1600 1922 1656 Λό-

275 1711 378 1765 γου
407 1693 442 1761 ἡ
475 1690 624 1766 σάρξ.
660 1693 784 1754 Πως
831 1691 1043 1768 γὲγονεν
1091 1689 1425 1764 ὁμόούσιος;
1478 1688 1698 1748 Εἷίπατε.
1743 1691 1920 1765 Λόγος

271 1780 511 1855 γέγονεν,
542 1777 691 1836 ἀλλά
717 1781 806 1835 καὶ
838 1785 1058 1854 Πνεῦμα
1087 1782 1328 1857 γέγονεν.
1355 1779 1418 1837 El
1451 1776 1508 1834 δὲ
1533 1777 1678 1841 ὅλως
1715 1779 1919 1856 γίνεται

274 1867 467 1940 θεότης
500 1869 560 1924 ἑκ
593 1872 1001 1943 μεταποιήσεως
1031 1871 1065 1938 ἡ
1101 1871 1176 1943 μή
1219 1869 1371 1944 φύσει
1425 1868 1554 1924 οῦσα
1607 1867 1816 1940 θεότης,
1866 1868 1918 1923 τί

269 1956 450 2012 τοίνυν
486 1959 760 2031 μέμφεσθε
806 1959 1128 2033 Ἀρειανοῖς,
1185 1957 1385 2029 ταύτην
1435 1959 1556 2030 περὶ
1607 1963 1704 2012 τοῦ
1734 1957 1915 2034 Λόγου

273 2042 752 2122 προϐαλλομένοις
782 2049 880 2117 τήν
909 2044 1148 2117 ἔννοιαν;
1185 2047 1368 2102 Καίτοι
1416 2055 1516 2118 τῆς
1561 2054 1776 2125 Γραφῆς
1828 2047 1916 2102 λε-

269 2135 473 2211 γούσης
525 2139 623 2211 (5),
677 2139 736 2195 Ὁ
790 2136 970 2211 Λόγος
1029 2137 1155 2211 σὰρξ
1206 2136 1448 2213 γὲγονεν,
1502 2137 1631 2212 οὐχὶ
1679 2138 1742 2192 Ἠ
1791 2137 1917 2212 σὰρξ

275 2224 450 2300 Λόγος
483 2224 716 2302 γέγονεν,
749 2228 809 2283 Ὁ
835 2225 1006 2302 Λόγος
1039 2223 1097 2280 δὶ
1123 2225 1248 2299 σὰρξ
1280 2227 1517 2301 γέγονεν,
1549 2223 1762 2300 εἴρηται

278 2315 362 2369 ὅτι
388 2319 484 2370 τοῦ
516 2316 692 2392 Λόγου
720 2316 933 2391 γέγονεν
966 2317 1000 2385 ἡ
1037 2315 1182 2392 σὰρξ,
1218 2315 1306 2370 καὶ
1358 2313 1457 2370 οὐκ
1501 2315 1792 2392 ἀνθρώπου
1838 2337 1918 2370 τι-

273 2403 385 2467 νός*
417 2404 691 2461 τουτέστιν
727 2406 754 2460 6
782 2405 912 2467 Θεὸς
951 2402 1234 2478 ἄνθρωπος
1284 2403 1484 2480 γέγονε·
1531 2405 1623 2459 καὶ
1682 2403 1918 2481 λέγεται,

279 2493 420 2569 Σάρξ
450 2492 686 2570 γέγονεν,
733 2491 821 2548 ⁸ίνα
883 2495 958 2566 μὴ
1012 2491 1407 2569 παραδράμητε
1461 2498 1558 2558 τῆς
1608 2495 1802 2569 σαρκὸς
1858 2495 1922 2551 τὸ

277 2577 475 2654 ὄνομα.
505 2583 568 2636 Ei
597 2581 774 2637 τοίνυν
840 2584 914 2656 μὴ
964 2582 1212 2653 ἀρκεῖσθε
1261 2586 1328 2656 τῇ
1375 2582 1665 2658 ἀσυγγύτῳ
1707 2587 1778 2658 (7)
1829 2607 1924 2663 φυ-

277 2675 403 2745 σικῇ
437 2671 624 2726 ἑνώσει
651 2675 748 2726 τοῦ
779 2671 961 2747 Λόγου
991 2672 1126 2746 πρὸς
1156 2673 1255 2742 τὴν
1303 2669 1438 2727 ἰδίαν
1490 2673 1656 2728 «6106
1698 2674 1922 2749 γενοεέ-

274 2734 388 2829 νην¹
433 2760 622 2834 σάρκα·
679 2759 771 2814 καὶ
822 2734 904 2814 ὅτι
965 2761 992 2814 6
1035 2734 1176 2820 ’Θεὸς
1235 2756 1517 2834 ἄνθρωπος
1573 2734 1781 2835 γέγονε·
1827 2734 1919 2814 νῦν

277 2849 402 2904 οὑτε
430 2848 670 2920 ἀκούετε,
704 2846 827 2904 οὔτε
873 2847 1140 2903 πιστεύειν
1191 2846 1470 2925 βούλεσθε,
1521 2847 1619 2903 οὐκ
1660 2848 1924 2922 ἀρκούμε-

273 2957 361 2992 νοι
392 2936 522 3010 ὑπὲρ
555 2941 726 2991 πᾶσαν
762 2934 1003 2992 ἐπίνοιαν
1037 2936 1307 3015 εὐφημίας
1341 2934 1498 3009 σῶμα
1528 2941 1662 2991 Θεοῦ
1696 2936 1924 2992 ἀκοῦον-

273 3046 384 3094 τες,
457 3028 592 3080 κατὰ
665 3027 759 3081 τὸν
842 3024 1106 3102 λέγοντα·
1182 3027 1283 3088 "Oc;
1343 3027 1810 3102 μετασχηματίσει
1858 3027 1922 3083 τὸ

279 3119 440 3187 σῶμα
490 3121 591 3185 τῆς
639 3116 1018 3178 ταπεινώσεως
1065 3117 1250 3188 ἡμῶν,
1308 3114 1382 3177 εἷς
1435 3115 1498 3169 τὸ
1551 3115 1791 3191 γενέσθαι
1845 3118 1922 3190 (8)

277 3203 412 3257 «616
491 3203 814 3281 σύμμορφον
889 3208 968 3276 τῷ
1044 3205 1256 3277 σώματι
1330 3210 1428 3273 τῆς
1499 3201 1661 3275 δόξης
1735 3203 1919 3259 αὐτοῦ·

2039 636 2242 676 verare
2265 622 2292 676 Ἰ
2323 621 2425 677 Vel
2459 639 2718 689 rursum,
2753 626 2818 676 ut
2848 621 3174 687 aiebamus,
3215 621 3334 676 haec
3383 619 3562 676 stulte
3607 621 3697 675 di-

2042 709 2197 775 citis,
2233 726 2346 765 non
2380 709 2799 782 intelligentes,
2833 710 2989 780 quod
3037 714 3126 764 est
3174 706 3696 764 consubstantiale.

2043 800 2311 854 eamdem
2344 799 2584 870 quidem
2607 803 2877 855 naturam
2903 799 3156 855 habere:
3181 798 3476 870 propriam
3500 803 3692 853 tamen

2037 888 2457 958 perfectionem
2491 889 2550 944 in
2582 889 2774 960 seipso
2805 887 3096 944 exhibere.
3132 887 3295 943 Sicut
3323 886 3479 942 enim
3514 886 3693 942 Filius

2039 977 2141 1047 qui
2172 977 2695 1034 consubstantialis
2725 977 2885 1034 Patri
2917 977 3274 1045 declaratur,
3304 975 3594 1048 perfectus
3625 975 3686 1030 in

2039 1067 2293 1136 perfecto
2326 1067 2704 1139 agnoscitur;
2737 1067 2822 1122 sic
2851 1072 2908 1122 et
2936 1067 3192 1139 Spiritus
3223 1071 3502 1122 sanctus:
3555 1081 3694 1120 con-

2035 1156 2448 1211 substantialis
2479 1157 2635 1212 enim
2671 1161 2760 1212 est
2788 1155 3067 1210 Trinitas.
3102 1154 3329 1211 Dabitis
3359 1171 3496 1227 ergo
3549 1170 3693 1209 con-

2035 1244 2413 1300 substantiali
2446 1247 2628 1311 carni,
2667 1246 2817 1300 742
2847 1245 3265 1316 perfectionem
3297 1248 3508 1316 praeter
3563 1241 3692 1297 Filii

2033 1333 2492 1404 perfectionem:
2542 1337 2599 1389 et
2646 1335 2974 1390 secundum
3026 1351 3128 1390 vos
3175 1333 3536 1405 quaternitas
3584 1348 3686 1403 pro

2031 1422 2315 1478 Trinitate
2347 1422 2776 1494 praedicabitur.
2811 1423 3210 1495 ,Ecquodnam
3259 1422 3409 1478 illud
3454 1425 3688 1478 tantum

2031 1509 2353 1582 impietatis
2381 1514 2780 1568 commentum
2799 1511 2827 1566 ‘2

2101 1599 2190 1656 10.
2215 1600 2324 1656 Sed
2347 1600 2540 1657 dicitis
2565 1619 2578 1657 :
2605 1602 2748 1657 Caro
2773 1603 2926 1656 facta
2947 1604 3036 1657 est
3057 1600 3244 1657 Verbo
3292 1601 3682 1658 consubstan-

2031 1689 2208 1745 tialis.
2230 1691 2356 1754 Qua
2375 1690 2599 1746 ratione
2637 1690 2794 1746 facta
2836 1694 2928 1746 est
2967 1689 3489 1746 consubstantiatis
3515 1689 3542 1744 ?
3573 1689 3684 1748 Re-

2031 1780 2331 1850 spondete.
2364 1779 2621 1836 Verbum
2655 1781 2806 1835 facta
2834 1783 2944 1846 est,
2979 1779 3082 1834 sed
3135 1783 3194 1834 et
3232 1780 3485 1851 Spiritus
3530 1780 3684 1835 facta

2031 1872 2138 1922 est.
2172 1869 2324 1924 Sane
2354 1868 2403 1924 si
2435 1885 2503 1924 ea
2533 1886 2659 1941 quas
2694 1873 2906 1924 natura
2935 1885 3044 1924 sua
3071 1869 3348 1925 divinitas
3400 1885 3517 1924 non
3569 1872 3680 1940 est,

2027 1973 2132 2028 per
2163 1958 2548 2013 mutationem
2571 1958 2848 2014 divinitas
2865 1957 3172 2025 efficiatur,
3199 1975 3303 2013 cur
3321 1958 3502 2030 igitur
3522 1957 3684 2013 Aria-

2026 2063 2133 2102 nos
2161 2047 2428 2119 arguitis,
2461 2046 2564 2119 qui
2594 2047 2744 2102 hanc
2773 2048 2844 2103 de
2876 2047 3056 2104 Verbo
3085 2048 3434 2104 sententiam
3465 2047 3525 2103 in
3548 2063 3671 2102 me-

2028 2135 2193 2191 dium
2225 2135 2520 2192 afferunt?
2551 2137 2708 2192 Licet
2736 2137 3040 2208 Scriptura
3069 2135 3245 2204 dicat,
3281 2138 3517 2193 Verbum
3546 2152 3671 2194 raro

2025 2226 2239 2297 factum
2265 2231 2348 2280 est
2386 2226 2452 2292 5°,
2484 2242 2601 2281 non
2633 2226 2851 2282 dictum
2879 2231 2990 2282 est.
3021 2229 3161 2282 Caro
3212 2227 3468 2282 Verbum
3523 2227 3677 2282 facta

2029 2319 2140 2382 est,
2173 2315 2296 2384 sed,
2327 2315 2585 2371 Verbum
2618 2332 2750 2371 caro
2779 2316 2999 2371 factum
3029 2323 3116 2372 est
3139 2333 3153 2371 :
3179 2316 3318 2387 quia
3338 2315 3506 2372 Verbi
3528 2315 3681 2371 facta

2031 2407 2121 2459 est
2149 2419 2305 2471 caro,
2339 2408 2396 2459 et
2425 2420 2542 2459 non
2573 2403 2831 2461 hominis
2864 2404 3214 2475 cujusdam;
3263 2405 3322 2460 id
3370 2408 3478 2473 est,
3524 2405 3681 2460 Deus

2031 2491 2208 2548 homo
2231 2493 2420 2549 factus
2441 2497 2560 2550 est:
2593 2497 2650 2550 et
2669 2494 2905 2561 dicitur,
2929 2499 3071 2549 Caro
3102 2493 3292 2550 factus
3324 2500 3430 2564 est,
3452 2511 3525 2550 ne
3551 2511 3683 2549 car-

2033 2584 2125 2638 nis
2156 2599 2369 2638 nomen
2414 2583 2951 2654 prastermitteretis.
3003 2584 3060 2637 Si
3110 2583 3306 2654 itaque
3353 2584 3515 2639 vobis
3564 2600 3683 2639 non

2032 2671 2255 2727 sufficit
2285 2671 2571 2727 naturalis
2611 2671 2708 2728 illa
2760 2672 2887 2728 sine
2937 2673 3278 2728 confusione
3323 2672 3497 2728 Verbi
3545 2689 3682 2729 cum

2033 2760 2268 2832 propria
2287 2776 2458 2816 carne
2488 2761 2624 2818 unio
2649 2778 2662 2816 :
2688 2765 2745 2816 et
2775 2761 2927 2833 quod
2955 2762 3110 2817 Deus
3137 2762 3311 2818 homo
3344 2762 3532 2817 factus
3563 2761 3639 2817 sit
3664 2787 3680 2830 ;

2032 2856 2185 2905 certe
2207 2852 2333 2920 jam
2364 2866 2553 2921 neque
2583 2850 2808 2918 audire,
2842 2867 3030 2922 neque
3061 2851 3296 2907 credere
3326 2851 3522 2918 vultis,
3575 2866 3681 2906 nec

2033 2937 2175 2994 satis
2205 2938 2368 2994 vobis
2397 2943 2508 3004 est,
2540 2955 2674 2995 cum
2706 2939 2765 2994 id
2819 2940 2974 3011 quod
3028 2955 3260 2996 omnem
3310 2940 3681 2996 commenda-

2034 3028 2253 3083 tionem
2285 3032 2546 3099 superat,
2577 3045 2792 3100 corpus
2823 3028 3048 3084 scilicet
3076 3028 3201 3095 Dei,
3253 3029 3528 3098 audiatis,
3579 3027 3680 3085 ubi

2033 3116 2287 3173 dicitur:
2342 3118 2448 3186 Qui
2485 3118 2912 3188 trans/armabit
2957 3133 3151 3190 corpus
3196 3118 3532 3174 humilitatis
3576 3136 3680 3175 no-

2031 3213 2186 3274 strae,
2247 3215 2306 3262 ut
2361 3207 2435 3261 sit
2479 3207 2883 3277 conﬁguratum
2930 3209 3149 3279 corpori
3193 3207 3398 3279 gloriae
3452 3223 3570 3264 suae
3598 3209 3679 3270 δίς

279 3292 402 3362 ἥτις
432 3291 542 3347 ἐστὶ
573 3293 817 3366 σημασία
845 3297 941 3348 τοῦ
978 3292 1278 3366 μὲλλοντος
1327 3293 1543 3362 αἰῶνος,
1583 3293 1673 3348 καὶ
1721 3292 1797 3349 ἔτι
1831 3293 1920 3349 λέ-

2044 3313 2160 3368 que
2193 3300 2279 3351 est
2312 3296 2491 3351 futuri
2522 3294 2720 3352 saeculi
2755 3295 3126 3368 significatio.
3179 3296 3250 3351 Et
3288 3300 3566 3368 praeterea
3594 3299 3683 3354 di-

279 3402 432 3457 γεται
458 3387 620 3456 σῶμα
646 3389 749 3452 τῆο
781 3380 940 3453 δόξης
968 3381 1153 3437 αὐτοῦ.
1188 3383 1285 3436 Καὶ
1317 3383 1344 3436 ὁ
1392 3380 1589 3459 Κύριος
1636 3380 1693 3437 δὲ
1750 3383 1922 3458 λέγει’

280 3475 439 3526 Ὅταν
499 3467 632 3547 ἔλθῃ
698 3473 725 3526 ὁ
775 3472 897 3534 Υἱὸς
955 3476 1050 3526 τοῦ
1112 3472 1426 3547 ἀνθρώπου·
1491 3473 1582 3526 τὸν
1643 3473 1766 3526 Υἱὸν
1822 3477 1920 3528 τοῦ

281 3560 414 3615 Θεοῦ
463 3562 576 3616 υἱὸν
627 3560 915 3635 ἀνθρώπου
960 3562 1246 3636 γενόμενον
1305 3560 1449 3636 λέγει
1501 3564 1604 3633 (9)⁶
1645 3565 1836 3637 κριτήν
1863 3583 1922 3617 τε

281 3646 411 3705 ὄντα
441 3653 658 3720 ζώντων
689 3650 778 3704 καὶ
809 3655 1035 3726 νεκρῶν,
1083 3651 1174 3705 καὶ
1232 3647 1456 3726 βασιλέα
1499 3650 1588 3705 καὶ
1622 3651 1920 3721 Δεσπότην,

278 3741 368 3794 καὶ
403 3740 531 3795 Θεὸν
578 3738 861 3812 ἀληθινόν.
918 3738 1094 3796 Ἀλλά
1141 3739 1376 3815 ἀναιρεῖν
1431 3739 1693 3814 βούλεσθε
1734 3741 1797 3795 τὸ
1826 3744 1923 3795 τοῦ

282 3830 534 3902 σώματος
593 3825 806 3902 ὄνομα,
855 3828 891 3899 ἢ
934 3829 997 3884 τὸ
1054 3825 1132 3883 ἔτι
1192 3825 1439 3904 λέγεσθαι
1502 3826 1784 3905 ἄνθρωπον
1832 3830 1922 3883 τὸν

282 3918 532 3992 Χριστόν.
592 3922 718 3979 Πῶς
774 3914 849 3972 ἔτι
906 3918 1001 3980 τὰς
1069 3915 1212 3978 θείας
1274 3918 1485 3994 Γραφᾶς
1547 3918 1928 3992 ἀναγινώσκειν

284 4005 547 4074 animatis;
579 4010 676 4060 106
738 4007 833 4079 μὲν
892 4004 1175 4070 Ματθαίου
1228 4004 1546 4083 γράφοντος⁴
1595 4001 1793 4068 Βίϐλος
1841 4027 1929 4082 γε·

284 4096 480 4156 νὲσεως
523 4097 706 4164 Ἰησοῦ
755 4096 1012 4166 Χριστοῦ,
1066 4095 1186 4148 υἱοῦ
1234 4089 1423 4168 Δαϐἱδ,
1483 4095 1602 4150 υἱοῦ
1661 4090 1925 4169 Ἀϐραάμ.

283 4188 380 4239 τοῦ
408 4179 465 4238 δὲ
521 4183 795 4239 Ἰωάννου·
848 4185 933 4240 Ἐν
983 4182 1131 4259 ἀρχῇ
1172 4182 1240 4251 ἦν
1300 4184 1328 4237 6
1376 4184 1570 4258 Λόγος.
1629 4184 1719 4238 καὶ
1769 4184 1930 4240 ὁΑό-

283 4295 378 4352 γος
433 4273 500 4343 ἦν
547 4271 683 4348 πρὸς
723 4273 813 4328 τὸν
867 4270 1016 4328 Θεόνσ
1067 4271 1158 4327 καὶ
1217 4273 1348 4335 Θεὸς
1395 4272 1462 4341 ἧν
1517 4274 1544 4326 ὁ
1593 4274 1789 4348 Λόγος.
1821 4275 1933 4328 Λό-

351 4419 396 4454 5°
423 4422 592 4475 Joan.
625 4433 668 4488 ι,
701 4418 786 4474 14.

2033 3386 2208 3455 citur,
2239 3403 2452 3458 corpus
2482 3387 2680 3459 glorise
2712 3386 2893 3443 illius.
2938 3393 3069 3459 Ipse
3115 3404 3352 3459 quoque
3398 3389 3684 3444 Dominus

2032 3475 2303 3532 aitzaum
2337 3477 2543 3532 venerit
2594 3476 2776 3532 Filius
2821 3478 3060 3532 hominis
3085 3478 3130 3511 ⁵2
3156 3495 3169 3544 ;
3218 3477 3433 3533 Filium
3487 3478 3589 3534 Dei
3620 3479 3687 3533 ﬁ-

2031 3563 2172 3621 lium
2199 3564 2458 3621 hominis
2489 3565 2711 3621 factum
2743 3565 2921 3636 dicit;
2950 3565 3215 3636 judicem
3261 3583 3488 3638 quoque
3533 3569 3688 3625 vivo-

2035 3671 2166 3708 rum
2189 3659 2245 3710 et
2271 3659 2942 3726 mortuorum,acregem
2963 3655 3478 3728 Dominumque,et
3499 3663 3684 3715 Deum

2033 3758 2258 3797 verum.
2291 3742 2401 3797 Sed
2434 3743 2694 3813 corporis
2726 3759 2939 3798 nomen
2970 3759 3000 3798 e
3029 3743 3221 3799 medio
3251 3744 3450 3800 tollere
3483 3746 3682 3815 vultis,

2036 3835 2130 3902 atq
2143 3845 2211 3885 ue
2241 3829 2299 3884 id
2332 3829 2589 3900 assequi,
2625 3835 2688 3885 ut
2719 3846 2789 3886 ne
2813 3830 2966 3886 ultra
2986 3831 3215 3886 dicatur
3236 3833 3530 3888 Christum
3554 3851 3685 3891 esse

2037 3918 2357 3974 hominem.
2392 3917 2514 3981 Quo
2546 3919 2790 3990 potestis
2819 3919 3016 3974 animo
3067 3919 3298 3976 divinas
3351 3921 3685 3993 Scripturas

2039 4008 2229 4063 adhuc
2277 4007 2516 4079 legere?
2566 4012 2709 4064 Cum
2759 4008 3066 4063 Matthaaus
3123 4008 3357 4079 quidem
3420 4012 3681 4068 scribat:

2038 4097 2199 4152 Liber
2219 4099 2596 4165 generationis
2615 4099 2741 4154 Jesu
2767 4098 2991 4166 Christi,
3014 4098 3123 4168 ﬁlii
3141 4098 3332 4165 David,
3360 4099 3465 4156 ﬁlii
3515 4101 3688 4157 Abra-

2040 4186 2167 4242 ham
2200 4185 2280 4254 ‘3;
2313 4186 2570 4242 Joannes
2599 4202 2771 4242 vero:
2832 4189 2895 4242 In
2940 4187 3216 4258 principio
3259 4197 3381 4244 erat
3423 4192 3686 4263 Verbum,

2038 4280 2094 4331 et
2131 4274 2354 4331 Verbum
2385 4282 2506 4331 erat
2525 4275 2674 4347 apud
2695 4276 2884 4343 Deum,
2929 4280 2979 4330 et
3019 4277 3159 4332 Deus
3188 4285 3310 4332 erat
3361 4277 3588 4335 Verbum
3623 4282 3689 4338 ¹¹⁰.

864 4418 908 4455 ⁸³
941 4416 1193 4490 Philipp.
1229 4433 1314 4487 ιιι,
1347 4415 1436 4472 21.
1517 4417 1564 4452 δ’
1605 4417 1783 4474 Marc.
1814 4435 1940 4488 vm,

2047 4459 2059 4472 .
2134 4418 2178 4453 ⁵⁸
2208 4417 2411 4474 Matth.
2448 4436 2488 4487 ι,
2523 4420 2572 4475 1.
2648 4419 2694 4454 ⁸⁸
2721 4419 2890 4475 Joan.
2922 4436 2961 4489 ι,
2996 4421 3046 4476 1.

351 4573 428 4651 (1)
458 4572 763 4651 Edit_i,_1:ii¢
793 4573 1002 4651 φύσεῳς
1032 4568 1335 4651 ἀδιαίρετον
1371 4567 1510 4646 ἔχει.
1545 4572 1656 4629 Sed
1691 4571 1751 4628 in
1793 4572 1926 4645 Seg.

2044 4574 2321 4651 propriam
2344 4589 2589 4651 carnem,
2621 4578 2673 4630 et
2703 4573 2834 4646 quia
2857 4575 3003 4651 Deus
3041 4577 3202 4633 homo
3224 4579 3407 4648 lactus
3435 4582 3537 4635 est.
3571 4578 3689 4636 No-

285 4643 451 4703 Gobl.
479 4651 537 4702 et
568 4641 819 4702 Felckml
855 4649 880 4702 1
915 4648 1079 4717 deest
1103 4641 1428 4717 ἀδιαίρετονῖ

464 4717 878 4792 segueriantls,
911 4714 1360 4792 θεολογοῦμενος.

360 4787 434 4855 (3)
460 4787 850 4864 Τῇ-ὸμοουσίῳ
882 4787 1062 4864 σαρκί.
1088 4787 1196 4864 'Sic'r
1218 4794 1372 4864 Seg.,
1405 4791 1462 4864 et
1493 4787 1575 4843 ita
1604 4787 1746 4864 legit
1775 4787 1930 4864 Nan.-

289 4860 446 4934 nius.
480 4857 556 4915 At
588 4857 647 4916 in
678 4857 851 4917 editis
881 4857 1116 4934 legitur,
1147 4863 1216 4934 τῇ
1261 4857 1357 4914 τοῦ
1407 4857 1703 4932 ὁμοουσίοῦ
1755 4857 1932 4932 σαρκί,

290 4933 487 4990 minus
519 4936 689 4988 recte.

363 5004 438 5075 (4)
470 5007 594 5076 seg.
629 5003 798 5076 Gobl.
832 5003 1176 5076 et_F_elckm_.
1211 5003 1261 5058 1.
1293 4999 1600 5076 Δὁμοούσιον
1657 4999 1932 5076 γεγονέναι

295 5069 442 5149 (δορί.
473 5069 700 5149 γέγονε).
733 5075 859 5137 Ηῶς
890 5071 1099 5149 ἐγένετο
1133 5069 1426 5146 ὁμοούσιος
1453 5091 1468 5143 ;
1511 5069 1743 5144 Εἴπατε,
1766 5079 1823 5132 et
1853 5075 1937 5131 ita

293 5145 433 5219 legit
464 5145 751 5219 Eiannius.

367 5220 440 5291 (5)
475 5217 602 5274 Haec
634 5219 808 5274 refert
836 5220 1088 5274 Joannes
1112 5218 1436 5291 Maxentius
1458 5217 1516 5291 in
1543 5234 1650 5273 sua
1675 5218 1746 5272 de
1771 5217 1938 5291 Chri-

294 5293 354 5346 to
376 5288 770 5362 professione,
803 5291 915 5346 sub
956 5291 1210 5358 initium,
1263 5288 1356 5345 his
1401 5290 1633 5362 verbis:
1685 5290 1941 5346 Beatissi-

296 5360 779 5435 mo‘simul,alque
805 5362 1116 5419 doctissimo
1143 5361 1444 5417 Athanasio
1474 5360 1724 5418 dicente:
1753 5385 1773 5410 ι
1813 5365 1940 5435 Ver-

299 5435 425 5490 bum
453 5452 599 5506 caro,
636 5458 663 5486 »
684 5433 799 5491 lion
828 5449 953 5490 caro
984 5435 1212 5506 Verbum
1249 5455 1279 5484 «
1323 5435 1540 5506 facturn
1575 5441 1671 5488 est.
1713 5454 1751 5506 ν»
1812 5433 1941 5488 Ver-

301 5509 429 5563 bum
459 5504 640 5564 aute'm
669 5523 799 5564 caro
828 5509 1036 5578 factum
1065 5505 1299 5578 dicitur,
1325 5504 1464 5576 quia
1494 5504 1664 5578 Verbi
1687 5505 1839 5578 facta
1869 5511 1948 5560 est

299 5593 448 5646 caro,
481 5585 533 5637 et
561 5596 673 5636 non
698 5575 938 5652 alicujus
969 5578 1252 5634 hominis:
1280 5575 1378 5632 hoc
1405 5577 1654 5652 est,Deus
1680 5575 1834 5632 homo
1851 5579 1945 5648 fa-

302 5661 392 5707 tus
419 5660 522 5722 est,
552 5656 603 5708 et
631 5649 1015 5716 dicitur'caro,
1045 5665 1114 5706 ne
1142 5649 1484 5722 praetereatis
1509 5664 1943 5722 camisnomen,

307 5724 417 5779 Cur
445 5719 573 5796 ergo
600 5739 711 5783 non
737 5723 947 5797 sufﬁcit
975 5719 1156 5780 nobis
1173 5719 1450 5780 naturalis
1475 5721 1652 5778 anilia
1689 5719 1850 5777 Verbi
1877 5719 1948 5777 ad

2038 4651 2118 4712 ta,
2151 4647 2309 4718 nobis
2340 4645 2648 4718 irrepsisse
2677 4645 2780 4718 pro
2805 4647 2974 4704 vobis.

2115 4716 2192 4789 (6)
2220 4714 2645 4792 ‘Hea‘sz'AcSyoq
2675 4714 2907 4790 εἴρηται,
2957 4719 3053 4776 Sic
3101 4719 3263 4790 editi,
3313 4720 3548 4778 omissis
3596 4722 3687 4778 in-

2039 4790 2364 4858 terpositis,
2384 4790 2523 4862 quae
2551 4790 2620 4845 ex
2643 4794 2771 4862 Seg.
2807 4793 3058 4846 mutuati
3090 4809 3318 4847 sumus.

2117 4861 2193 4932 (7)
2223 4863 2288 4935 In
2315 4862 2442 4933 Seg.
2478 4861 2644 4935 Gobl.
2678 4861 2740 4918 et
2779 4863 3032 4918 Felckm.
3069 4865 3120 4930 1,
3154 4861 3444 4935 ἀσυγχότῳ
3501 4863 3684 4922 deest.

2044 4931 2415 5006 M0x,ga6106'
2431 4933 2728 5006 γενομένην
2763 4935 2928 4990 deest
2959 4936 3017 4989 in
3048 4939 3176 5006 Seg.
3211 4931 3470 4992 ln'Gobl.
3490 4941 3690 4992 autem

2047 5009 2102 5060 et
2133 5003 2385 5060 Felckm-
2420 5003 2454 5059 1’
2480 5003 2642 5062 deest
2677 5012 2910 5062 tantum
2957 5003 3274 5081 γενομένην.
3332 5008 3510 5065 Paulo
3559 5013 3693 5081 post

2047 5081 2175 5131 SBE.
2208 5075 2439 5130 ἀκούειν.

2087 5093 2175 5133 62.
2208 5093 2439 5130 ακοῡειν.

2120 5092 2175 5148 g.
2208 5092 2439 5130 ακοῡειν.

2120 5149 2196 5220 (8)
2228 5147 2411 5224 Ειῖδςατὸ
2441 5147 2681 5224 γενέσθαι
2717 5149 2878 5204 deest
2900 5148 2960 5224 in
2991 5147 3154 5224 Gobl.
3188 5147 3441 5224 Felckm.
3477 5153 3528 5218 1,
3559 5157 3690 5224 Seg.

2053 5217 2184 5274 Post.
2219 5217 2517 5292 μέλλοντος
2551 5219 2745 5281 αἶ’ὦνος
2777 5222 3041 5291 quaedam
3083 5221 3322 5276 deerant
3376 5223 3437 5277 in
3492 5217 3689 5290 editig,

2052 5307 2179 5362 quae
2213 5293 2467 5365 mutuati
2499 5309 2704 5365 sumus
2735 5309 2802 5347 ex
2832 5299 2959 5364 ch.
3007 5292 3172 5347 Gobl.
3223 5299 3278 5348 et
3323 5294 3579 5350 Felckm.
3646 5303 3692 5365 ι,

2053 5361 2242 5436 usque
2275 5364 2346 5436 ad
2377 5363 2464 5416 καὶ
2497 5363 2524 5415 ὁ
2557 5361 2770 5436 Κύριος.

2124 5432 2199 5504 (9)
2233 5432 2387 5508 Λέγει
2417 5437 2576 5491 deest
2606 5432 2664 5491 in
2695 5441 2823 5506 Seg.
2857 5437 2986 5508 Mor
3017 5433 3170 5488 idem
3203 5433 3376 5492 habet
3402 5436 3698 5508 uulgante

2057 5505 2294 5577 ζώντων.
2319 5504 2392 5561 ἸΠ
2425 5508 2630 5564 eodem
2664 5504 2798 5563 moi
2822 5504 2911 5558 καί
2943 5507 3270 5577 deestante
3325 5505 3452 5561 Θεὸν
3501 5506 3700 5577 ἀληθι-

2055 5576 2174 5654 γρν.
2214 5579 2382 5654 Infra
2399 5581 2559 5654 editi,
2593 5577 2692 5634 Καὶ
2722 5581 2862 5654 πῶς.
2893 5579 3001 5634 Sed
3031 5576 3120 5630 καί
3152 5579 3317 5654 abest
3351 5596 3397 5654 _a
3425 5584 3551 5654 Seg.
3586 5576 3698 5639 Go-

2057 5649 2200 5706 bler.
2235 5649 2491 5710 Felckm.
2526 5649 2582 5730 1,
2615 5666 2721 5710 nec
2753 5652 2964 5708 lectum
2996 5654 3084 5708 est
3116 5666 3148 5707 a
3175 5649 3421 5708 Nannio.
