  <div class='ocr_page' id='page_1' title='image "/cluster/home/n/w/nwhite01/storage/ocr_20150623/26/hvd.32044019208479/628.png"; bbox 0 0 4048 6378; ppageno 0'>
   <div class='ocr_carea' id='block_1_1' title="bbox 254 457 408 515">
    <p class='ocr_par' dir='ltr' id='par_1_1' title="bbox 254 457 408 515">
     <span class='ocr_line' id='line_1_1' title="bbox 254 457 408 515; baseline 0 -1"><span class='ocrx_word' id='word_1_1' title='bbox 254 457 408 515; x_wconf 87' lang='grc'><strong>1113</strong></span> 
     </span>
    </p>
   </div>
   <div class='ocr_carea' id='block_1_2' title="bbox 1160 448 2758 519">
    <p class='ocr_par' dir='ltr' id='par_1_2' title="bbox 1160 448 2758 519">
     <span class='ocr_line' id='line_1_2' title="bbox 1160 448 2758 519; baseline -0.001 -4"><span class='ocrx_word' id='word_1_2' title='bbox 1160 455 1476 515; x_wconf 70' lang='lat' dir='ltr'><strong>CONTRA</strong></span> <span class='ocrx_word' id='word_1_3' title='bbox 1516 454 2115 517; x_wconf 74' lang='lat' dir='ltr'><strong>APOLLINARIUM</strong></span> <span class='ocrx_word' id='word_1_4' title='bbox 2162 456 2395 516; x_wconf 80' lang='lat' dir='ltr'><strong>LIBER</strong></span> <span class='ocrx_word' id='word_1_5' title='bbox 2437 448 2758 519; x_wconf 82' lang='lat' dir='ltr'><strong>PRIMUS.</strong></span> 
     </span>
    </p>
   </div>
   <div class='ocr_carea' id='block_1_3' title="bbox 3028 4 3379 19">
    <p class='ocr_par' dir='ltr' id='par_1_3' title="bbox 3028 4 3379 19">
     <span class='ocr_line' id='line_1_3' title="bbox 3028 4 3379 19; baseline -0.006 -2"><span class='ocrx_word' id='word_1_6' title='bbox 3028 4 3113 19; x_wconf 45' lang='lat' dir='ltr'><strong>“In;</strong></span> <span class='ocrx_word' id='word_1_7' title='bbox 3122 6 3227 15; x_wconf 53' lang='grc' dir='ltr'><strong>--ί</strong></span> <span class='ocrx_word' id='word_1_8' title='bbox 3246 6 3263 11; x_wconf 46' lang='grc' dir='ltr'><strong>ί-</strong></span> <span class='ocrx_word' id='word_1_9' title='bbox 3276 4 3329 15; x_wconf 34' lang='grc' dir='ltr'>ἀτη-π</span> <span class='ocrx_word' id='word_1_10' title='bbox 3338 6 3379 11; x_wconf 41' lang='grc' dir='ltr'><strong>κὴ·-</strong></span> 
     </span>
    </p>
   </div>
   <div class='ocr_carea' id='block_1_4' title="bbox 3509 456 3665 515">
    <p class='ocr_par' dir='ltr' id='par_1_4' title="bbox 3509 456 3665 515">
     <span class='ocr_line' id='line_1_4' title="bbox 3509 456 3665 515; baseline -0.013 0"><span class='ocrx_word' id='word_1_11' title='bbox 3509 456 3665 515; x_wconf 73' lang='lat' dir='ltr'><strong>HM</strong></span> 
     </span>
    </p>
   </div>
   <div class='ocr_carea' id='block_1_5' title="bbox 251 582 1931 663">
    <p class='ocr_par' dir='ltr' id='par_1_5' title="bbox 251 582 1900 660">
     <span class='ocr_line' id='line_1_5' title="bbox 251 582 1900 660; baseline -0.002 -19"><span class='ocrx_word' id='word_1_12' title='bbox 251 585 342 641; x_wconf 86' lang='grc' dir='ltr'><strong>καὶ</strong></span> <span class='ocrx_word' id='word_1_13' title='bbox 399 582 590 641; x_wconf 87' lang='grc' dir='ltr'>πάλιν.</span> <span class='ocrx_word' id='word_1_14' title='bbox 647 586 771 642; x_wconf 89' lang='grc' dir='ltr'><strong>Ὅτι</strong></span> <span class='ocrx_word' id='word_1_15' title='bbox 826 584 1014 660; x_wconf 72' lang='grc' dir='ltr'>γέγονε</span> <span class='ocrx_word' id='word_1_16' title='bbox 1072 584 1295 658; x_wconf 77' lang='grc' dir='ltr'><strong>μεσίτης</strong></span> <span class='ocrx_word' id='word_1_17' title='bbox 1353 588 1487 642; x_wconf 84' lang='grc' dir='ltr'>Θεοῦ</span> <span class='ocrx_word' id='word_1_18' title='bbox 1542 586 1633 640; x_wconf 77' lang='grc' dir='ltr'><strong>καὶ</strong></span> <span class='ocrx_word' id='word_1_19' title='bbox 1694 584 1900 659; x_wconf 84' lang='grc' dir='ltr'>ἀνθρώ-</span> 
     </span>
    </p>
   </div>
   <div class='ocr_carea' id='block_1_6' title="bbox 2030 582 3648 663">
    <p class='ocr_par' dir='ltr' id='par_1_6' title="bbox 2030 585 3648 663">
     <span class='ocr_line' id='line_1_6' title="bbox 2030 585 3648 663; baseline 0.001 -21"><span class='ocrx_word' id='word_1_20' title='bbox 2030 592 2098 643; x_wconf 66' lang='lat' dir='ltr'><strong>est</strong></span> <span class='ocrx_word' id='word_1_21' title='bbox 2126 587 2400 645; x_wconf 82' lang='lat' dir='ltr'><strong>mediator</strong></span> <span class='ocrx_word' id='word_1_22' title='bbox 2426 589 2607 663; x_wconf 22' lang='lat' dir='ltr'><strong>Dei&#39;et</strong></span> <span class='ocrx_word' id='word_1_23' title='bbox 2657 587 2963 643; x_wconf 76' lang='lat' dir='ltr'><strong>hominum.</strong></span> <span class='ocrx_word' id='word_1_24' title='bbox 3017 585 3282 643; x_wconf 82' lang='lat' dir='ltr'><strong>Mediator</strong></span> <span class='ocrx_word' id='word_1_25' title='bbox 3325 601 3452 644; x_wconf 80' lang='lat' dir='ltr'><strong>vero</strong></span> <span class='ocrx_word' id='word_1_26' title='bbox 3504 588 3648 644; x_wconf 84' lang='lat' dir='ltr'><strong>um&#39;u</strong></span> 
     </span>
    </p>
   </div>
   <div class='ocr_carea' id='block_1_7' title="bbox 252 670 1903 749">
    <p class='ocr_par' dir='ltr' id='par_1_7' title="bbox 252 670 1903 749">
     <span class='ocr_line' id='line_1_7' title="bbox 252 670 1903 749; baseline -0.001 -18"><span class='ocrx_word' id='word_1_27' title='bbox 252 695 393 732; x_wconf 91' lang='grc' dir='ltr'>πων.</span> <span class='ocrx_word' id='word_1_28' title='bbox 426 675 486 733; x_wconf 77' lang='grc' dir='ltr'>Ὀ</span> <span class='ocrx_word' id='word_1_29' title='bbox 516 670 574 729; x_wconf 75' lang='grc' dir='ltr'>δὲ</span> <span class='ocrx_word' id='word_1_30' title='bbox 608 672 830 748; x_wconf 83' lang='grc' dir='ltr'><strong>μεσίτης</strong></span> <span class='ocrx_word' id='word_1_31' title='bbox 861 674 980 739; x_wconf 78' lang='grc' dir='ltr'>ἑνὸς</span> <span class='ocrx_word' id='word_1_32' title='bbox 1011 673 1109 730; x_wconf 78' lang='grc' dir='ltr'>οὐκ</span> <span class='ocrx_word' id='word_1_33' title='bbox 1138 670 1299 731; x_wconf 80' lang='grc' dir='ltr'>ἔστιν’</span> <span class='ocrx_word' id='word_1_34' title='bbox 1332 676 1361 731; x_wconf 99' lang='lat'><strong>6</strong></span> <span class='ocrx_word' id='word_1_35' title='bbox 1393 672 1453 731; x_wconf 75' lang='grc' dir='ltr'>δὲ</span> <span class='ocrx_word' id='word_1_36' title='bbox 1483 675 1610 738; x_wconf 84' lang='grc' dir='ltr'>Θεὸς</span> <span class='ocrx_word' id='word_1_37' title='bbox 1654 676 1767 749; x_wconf 88' lang='grc'><strong>(18)</strong></span> <span class='ocrx_word' id='word_1_38' title='bbox 1825 675 1903 738; x_wconf 80' lang='grc' dir='ltr'>εἷς</span> 
     </span>
    </p>
   </div>
   <div class='ocr_carea' id='block_1_8' title="bbox 255 763 419 821">
    <p class='ocr_par' dir='ltr' id='par_1_8' title="bbox 255 763 419 821">
     <span class='ocr_line' id='line_1_8' title="bbox 255 763 419 821; baseline 0.006 -2"><span class='ocrx_word' id='word_1_39' title='bbox 255 763 419 821; x_wconf 83' lang='grc' dir='ltr'>ἐστιν.</span> 
     </span>
    </p>
   </div>
   <div class='ocr_carea' id='block_1_9' title="bbox 246 850 1902 931">
    <p class='ocr_par' dir='ltr' id='par_1_9' title="bbox 246 850 1902 931">
     <span class='ocr_line' id='line_1_9' title="bbox 246 850 1902 931; baseline -0.002 -19"><span class='ocrx_word' id='word_1_40' title='bbox 246 850 249 855; x_wconf 39' lang='grc'><strong><em>’</em></strong></span> <span class='ocrx_word' id='word_1_41' title='bbox 326 857 414 912; x_wconf 89' lang='grc'><strong>12.</strong></span> <span class='ocrx_word' id='word_1_42' title='bbox 448 853 542 910; x_wconf 85' lang='grc' dir='ltr'><strong>Διὸ</strong></span> <span class='ocrx_word' id='word_1_43' title='bbox 572 852 884 911; x_wconf 77' lang='grc' dir='ltr'><strong>πλανῶνται</strong></span> <span class='ocrx_word' id='word_1_44' title='bbox 914 853 1004 909; x_wconf 87' lang='grc' dir='ltr'><strong>καὶ</strong></span> <span class='ocrx_word' id='word_1_45' title='bbox 1032 855 1083 910; x_wconf 78' lang='grc' dir='ltr'>οἱ</span> <span class='ocrx_word' id='word_1_46' title='bbox 1117 851 1396 931; x_wconf 76' lang='grc' dir='ltr'>λέγοντες,</span> <span class='ocrx_word' id='word_1_47' title='bbox 1431 853 1514 909; x_wconf 77' lang='grc' dir='ltr'><strong>ὅτι</strong></span> <span class='ocrx_word' id='word_1_48' title='bbox 1563 852 1736 915; x_wconf 82' lang='grc' dir='ltr'>ἄλλος</span> <span class='ocrx_word' id='word_1_49' title='bbox 1761 850 1902 908; x_wconf 81' lang='grc' dir='ltr'>ἐστὶν</span> 
     </span>
    </p>
   </div>
   <div class='ocr_carea' id='block_1_10' title="bbox 251 939 1902 1020">
    <p class='ocr_par' dir='ltr' id='par_1_10' title="bbox 251 939 1902 1020">
     <span class='ocr_line' id='line_1_10' title="bbox 251 939 1902 1020; baseline -0.001 -21"><span class='ocrx_word' id='word_1_50' title='bbox 251 944 279 999; x_wconf 91' lang='lat'><strong>6</strong></span> <span class='ocrx_word' id='word_1_51' title='bbox 311 944 501 1009; x_wconf 85' lang='grc' dir='ltr'>παθὼν</span> <span class='ocrx_word' id='word_1_52' title='bbox 531 942 679 1016; x_wconf 71' lang='grc' dir='ltr'>Υἱὸς,</span> <span class='ocrx_word' id='word_1_53' title='bbox 710 944 798 998; x_wconf 79' lang='grc' dir='ltr'><strong>καὶ</strong></span> <span class='ocrx_word' id='word_1_54' title='bbox 828 941 1001 1006; x_wconf 80' lang='grc' dir='ltr'>ἄλλος</span> <span class='ocrx_word' id='word_1_55' title='bbox 1039 944 1067 999; x_wconf 89' lang='lat'><strong>6</strong></span> <span class='ocrx_word' id='word_1_56' title='bbox 1120 946 1197 1019; x_wconf 82' lang='grc' dir='ltr'>μή</span> <span class='ocrx_word' id='word_1_57' title='bbox 1248 944 1458 1008; x_wconf 87' lang='grc' dir='ltr'>παθών.</span> <span class='ocrx_word' id='word_1_58' title='bbox 1507 942 1585 1002; x_wconf 80' lang='grc' dir='ltr'>Οὐ</span> <span class='ocrx_word' id='word_1_59' title='bbox 1633 942 1738 1020; x_wconf 79' lang='grc' dir='ltr'><strong>γὰρ</strong></span> <span class='ocrx_word' id='word_1_60' title='bbox 1789 939 1902 997; x_wconf 76' lang='grc' dir='ltr'>ἓτε-</span> 
     </span>
    </p>
   </div>
   <div class='ocr_carea' id='block_1_11' title="bbox 247 1030 1905 1108">
    <p class='ocr_par' dir='ltr' id='par_1_11' title="bbox 247 1030 1905 1108">
     <span class='ocr_line' id='line_1_11' title="bbox 247 1030 1905 1108; baseline -0.001 -21"><span class='ocrx_word' id='word_1_61' title='bbox 247 1031 349 1095; x_wconf 76' lang='grc' dir='ltr'><strong>πός</strong></span> <span class='ocrx_word' id='word_1_62' title='bbox 379 1030 455 1089; x_wconf 85' lang='grc' dir='ltr'>ἐτι</span> <span class='ocrx_word' id='word_1_63' title='bbox 486 1032 634 1107; x_wconf 84' lang='grc' dir='ltr'>παρᾶ</span> <span class='ocrx_word' id='word_1_64' title='bbox 661 1033 752 1087; x_wconf 85' lang='grc' dir='ltr'><strong>τὸν</strong></span> <span class='ocrx_word' id='word_1_65' title='bbox 812 1032 981 1108; x_wconf 79' lang='grc' dir='ltr'>Λόγον</span> <span class='ocrx_word' id='word_1_66' title='bbox 1035 1034 1164 1105; x_wconf 86' lang='grc'>(19),</span> <span class='ocrx_word' id='word_1_67' title='bbox 1215 1033 1243 1088; x_wconf 97' lang='lat'><strong>6</strong></span> <span class='ocrx_word' id='word_1_68' title='bbox 1287 1034 1379 1088; x_wconf 87' lang='grc' dir='ltr'>τὸν</span> <span class='ocrx_word' id='word_1_69' title='bbox 1431 1034 1659 1088; x_wconf 84' lang='grc' dir='ltr'>θάνατον</span> <span class='ocrx_word' id='word_1_70' title='bbox 1705 1030 1794 1086; x_wconf 85' lang='grc' dir='ltr'><strong>καὶ</strong></span> <span class='ocrx_word' id='word_1_71' title='bbox 1841 1032 1905 1086; x_wconf 85' lang='grc' dir='ltr'>τὸ</span> 
     </span>
    </p>
   </div>
   <div class='ocr_carea' id='block_1_12' title="bbox 248 1117 1902 1198">
    <p class='ocr_par' dir='ltr' id='par_1_12' title="bbox 248 1117 1902 1198">
     <span class='ocr_line' id='line_1_12' title="bbox 248 1117 1902 1198; baseline -0.002 -21"><span class='ocrx_word' id='word_1_72' title='bbox 248 1122 423 1198; x_wconf 83' lang='grc' dir='ltr'>πάρος</span> <span class='ocrx_word' id='word_1_73' title='bbox 451 1117 894 1197; x_wconf 72' lang='grc' dir='ltr'><strong>ἀναδεδεγμένος·</strong></span> <span class='ocrx_word' id='word_1_74' title='bbox 931 1120 1058 1176; x_wconf 86' lang='grc' dir='ltr'>ἀλλ’</span> <span class='ocrx_word' id='word_1_75' title='bbox 1088 1119 1250 1184; x_wconf 84' lang='grc' dir='ltr'>αὐτὸς</span> <span class='ocrx_word' id='word_1_76' title='bbox 1300 1122 1328 1175; x_wconf 91' lang='lat'><strong>6</strong></span> <span class='ocrx_word' id='word_1_77' title='bbox 1379 1121 1590 1190; x_wconf 76' lang='grc' dir='ltr'>ἀπαθὴς</span> <span class='ocrx_word' id='word_1_78' title='bbox 1649 1120 1737 1175; x_wconf 80' lang='grc' dir='ltr'>καὶ</span> <span class='ocrx_word' id='word_1_79' title='bbox 1792 1121 1902 1194; x_wconf 89' lang='grc'>(20)</span> 
     </span>
    </p>
   </div>
   <div class='ocr_carea' id='block_1_13' title="bbox 249 1208 1903 1286">
    <p class='ocr_par' dir='ltr' id='par_1_13' title="bbox 249 1208 1903 1286">
     <span class='ocr_line' id='line_1_13' title="bbox 249 1208 1903 1286; baseline -0.002 -20"><span class='ocrx_word' id='word_1_80' title='bbox 249 1210 540 1285; x_wconf 83' lang='grc' dir='ltr'><strong>ἀσώματος</strong></span> <span class='ocrx_word' id='word_1_81' title='bbox 599 1209 800 1286; x_wconf 85' lang='grc' dir='ltr'>Λόγος,</span> <span class='ocrx_word' id='word_1_82' title='bbox 848 1211 1105 1285; x_wconf 75' lang='grc' dir='ltr'>γενέσεως</span> <span class='ocrx_word' id='word_1_83' title='bbox 1149 1211 1345 1285; x_wconf 85' lang='grc' dir='ltr'>σαρκὸς</span> <span class='ocrx_word' id='word_1_84' title='bbox 1394 1209 1733 1283; x_wconf 83' lang='grc' dir='ltr'>ἀνθρωπίνης</span> <span class='ocrx_word' id='word_1_85' title='bbox 1777 1208 1903 1263; x_wconf 83' lang='grc' dir='ltr'>ἀνα-</span> 
     </span>
    </p>
   </div>
   <div class='ocr_carea' id='block_1_14' title="bbox 252 1296 1906 1376">
    <p class='ocr_par' dir='ltr' id='par_1_14' title="bbox 252 1296 1906 1376">
     <span class='ocr_line' id='line_1_14' title="bbox 252 1296 1906 1376; baseline -0.002 -21"><span class='ocrx_word' id='word_1_86' title='bbox 252 1299 551 1376; x_wconf 80' lang='grc' dir='ltr'>σχόμενος,</span> <span class='ocrx_word' id='word_1_87' title='bbox 578 1299 647 1354; x_wconf 81' lang='grc' dir='ltr'>τά</span> <span class='ocrx_word' id='word_1_88' title='bbox 675 1299 849 1355; x_wconf 83' lang='grc' dir='ltr'>πάντα</span> <span class='ocrx_word' id='word_1_89' title='bbox 877 1297 1262 1373; x_wconf 74' lang='grc' dir='ltr'><strong>πεπλήρωκεν,</strong></span> <span class='ocrx_word' id='word_1_90' title='bbox 1288 1296 1377 1353; x_wconf 67' lang='grc' dir='ltr'>’ίνα</span> <span class='ocrx_word' id='word_1_91' title='bbox 1409 1296 1512 1375; x_wconf 74' lang='grc' dir='ltr'><strong>ἔχῃ</strong></span> <span class='ocrx_word' id='word_1_92' title='bbox 1543 1320 1618 1368; x_wconf 92' lang='grc' dir='ltr'><strong>τι,</strong></span> <span class='ocrx_word' id='word_1_93' title='bbox 1651 1298 1681 1352; x_wconf 79' lang='grc' dir='ltr'><strong>’ὀ</strong></span> <span class='ocrx_word' id='word_1_94' title='bbox 1732 1318 1906 1373; x_wconf 78' lang='grc' dir='ltr'>προσο</span> 
     </span>
    </p>
   </div>
   <div class='ocr_carea' id='block_1_15' title="bbox 252 1387 1907 1465">
    <p class='ocr_par' dir='ltr' id='par_1_15' title="bbox 252 1387 1907 1465">
     <span class='ocr_line' id='line_1_15' title="bbox 252 1387 1907 1465; baseline -0.001 -22"><span class='ocrx_word' id='word_1_95' title='bbox 252 1388 445 1465; x_wconf 78' lang='grc' dir='ltr'>ενὲγκῃ</span> <span class='ocrx_word' id='word_1_96' title='bbox 508 1388 641 1463; x_wconf 73' lang='grc' dir='ltr'>ὑπὲρ</span> <span class='ocrx_word' id='word_1_97' title='bbox 691 1390 873 1462; x_wconf 77' lang='grc' dir='ltr'>ἡμῶν.</span> <span class='ocrx_word' id='word_1_98' title='bbox 931 1387 1031 1443; x_wconf 83' lang='grc' dir='ltr'>Καὶ</span> <span class='ocrx_word' id='word_1_99' title='bbox 1080 1387 1299 1465; x_wconf 76' lang='grc' dir='ltr'>λὲγεται</span> <span class='ocrx_word' id='word_1_100' title='bbox 1359 1388 1619 1463; x_wconf 78' lang='grc' dir='ltr'>κρείττων</span> <span class='ocrx_word' id='word_1_101' title='bbox 1680 1387 1907 1463; x_wconf 84' lang='grc' dir='ltr'>γενόμε-</span> 
     </span>
    </p>
   </div>
   <div class='ocr_carea' id='block_1_16' title="bbox 252 1475 1906 1554">
    <p class='ocr_par' dir='ltr' id='par_1_16' title="bbox 252 1475 1906 1554">
     <span class='ocr_line' id='line_1_16' title="bbox 252 1475 1906 1554; baseline -0.008 -12"><span class='ocrx_word' id='word_1_102' title='bbox 252 1497 349 1541; x_wconf 84' lang='grc' dir='ltr'>νος</span> <span class='ocrx_word' id='word_1_103' title='bbox 374 1481 480 1533; x_wconf 75' lang='grc' dir='ltr'><strong>τῶν</strong></span> <span class='ocrx_word' id='word_1_104' title='bbox 515 1475 755 1554; x_wconf 73' lang='grc' dir='ltr'>ἀγγέλων</span> <span class='ocrx_word' id='word_1_105' title='bbox 788 1478 922 1551; x_wconf 85' lang='grc'>(21).</span> <span class='ocrx_word' id='word_1_106' title='bbox 955 1476 1053 1532; x_wconf 81' lang='grc' dir='ltr'>οὐκ</span> <span class='ocrx_word' id='word_1_107' title='bbox 1082 1476 1240 1541; x_wconf 79' lang='grc' dir='ltr'>αὐτὸς</span> <span class='ocrx_word' id='word_1_108' title='bbox 1299 1478 1326 1532; x_wconf 89' lang='lat'><strong>6</strong></span> <span class='ocrx_word' id='word_1_109' title='bbox 1369 1479 1606 1548; x_wconf 76' lang='grc' dir='ltr'>ποιητὴς</span> <span class='ocrx_word' id='word_1_110' title='bbox 1652 1481 1762 1531; x_wconf 81' lang='grc' dir='ltr'>τῶν</span> <span class='ocrx_word' id='word_1_111' title='bbox 1809 1476 1906 1550; x_wconf 83' lang='grc' dir='ltr'><strong>ἆγ-</strong></span> 
     </span>
    </p>
   </div>
   <div class='ocr_carea' id='block_1_17' title="bbox 254 1562 1907 1645">
    <p class='ocr_par' dir='ltr' id='par_1_17' title="bbox 254 1562 1907 1645">
     <span class='ocr_line' id='line_1_17' title="bbox 254 1562 1907 1645; baseline -0.002 -22"><span class='ocrx_word' id='word_1_112' title='bbox 254 1565 660 1645; x_wconf 79' lang='grc' dir='ltr'>γὲλωνἈόγος</span> <span class='ocrx_word' id='word_1_113' title='bbox 705 1566 962 1642; x_wconf 83' lang='grc' dir='ltr'>κρείττων</span> <span class='ocrx_word' id='word_1_114' title='bbox 1019 1567 1257 1644; x_wconf 76' lang='grc' dir='ltr'>γέγονεν,</span> <span class='ocrx_word' id='word_1_115' title='bbox 1316 1566 1393 1630; x_wconf 83' lang='grc' dir='ltr'>ὦς</span> <span class='ocrx_word' id='word_1_116' title='bbox 1441 1573 1620 1638; x_wconf 76' lang='grc' dir='ltr'>ἥττων</span> <span class='ocrx_word' id='word_1_117' title='bbox 1649 1562 1724 1621; x_wconf 83' lang='grc' dir='ltr'>ὢν</span> <span class='ocrx_word' id='word_1_118' title='bbox 1754 1586 1907 1638; x_wconf 87' lang='grc' dir='ltr'>ποτε,</span> 
     </span>
    </p>
   </div>
   <div class='ocr_carea' id='block_1_18' title="bbox 256 1652 1908 1734">
    <p class='ocr_par' dir='ltr' id='par_1_18' title="bbox 256 1652 1908 1734">
     <span class='ocr_line' id='line_1_18' title="bbox 256 1652 1908 1734; baseline -0.002 -22"><span class='ocrx_word' id='word_1_119' title='bbox 256 1655 406 1713; x_wconf 77' lang='grc' dir='ltr'>ἀλλὰ</span> <span class='ocrx_word' id='word_1_120' title='bbox 433 1656 469 1725; x_wconf 78' lang='grc' dir='ltr'><strong>ἡ</strong></span> <span class='ocrx_word' id='word_1_121' title='bbox 505 1656 691 1734; x_wconf 73' lang='grc' dir='ltr'>μορφὴ</span> <span class='ocrx_word' id='word_1_122' title='bbox 722 1660 819 1710; x_wconf 88' lang='grc' dir='ltr'><strong>τοῦ</strong></span> <span class='ocrx_word' id='word_1_123' title='bbox 869 1652 1091 1727; x_wconf 73' lang='grc' dir='ltr'>δούλου,</span> <span class='ocrx_word' id='word_1_124' title='bbox 1124 1656 1203 1728; x_wconf 56' lang='grc' dir='ltr'><strong>(ἣν</strong></span> <span class='ocrx_word' id='word_1_125' title='bbox 1255 1655 1419 1718; x_wconf 84' lang='grc' dir='ltr'>αὐτὸς</span> <span class='ocrx_word' id='word_1_126' title='bbox 1471 1657 1498 1712; x_wconf 91' lang='lat'><strong>6</strong></span> <span class='ocrx_word' id='word_1_127' title='bbox 1542 1656 1722 1731; x_wconf 84' lang='grc' dir='ltr'>Λόγος</span> <span class='ocrx_word' id='word_1_128' title='bbox 1772 1652 1908 1709; x_wconf 76' lang='grc' dir='ltr'>ἰδιο-</span> 
     </span>
    </p>
   </div>
   <div class='ocr_carea' id='block_1_19' title="bbox 255 1741 1912 1824">
    <p class='ocr_par' dir='ltr' id='par_1_19' title="bbox 255 1741 1912 1824">
     <span class='ocr_line' id='line_1_19' title="bbox 255 1741 1912 1824; baseline -0.002 -23"><span class='ocrx_word' id='word_1_129' title='bbox 255 1746 529 1813; x_wconf 77' lang='grc' dir='ltr'>ποιήσατο</span> <span class='ocrx_word' id='word_1_130' title='bbox 605 1748 806 1824; x_wconf 75' lang='grc' dir='ltr'>φυσικῇ</span> <span class='ocrx_word' id='word_1_131' title='bbox 905 1746 1189 1820; x_wconf 78' lang='grc' dir='ltr'>γεννήσει,</span> <span class='ocrx_word' id='word_1_132' title='bbox 1264 1744 1521 1821; x_wconf 85' lang='grc' dir='ltr'>κρείττων</span> <span class='ocrx_word' id='word_1_133' title='bbox 1588 1741 1912 1800; x_wconf 87' lang='grc' dir='ltr'>ἀνατείλασα</span> 
     </span>
    </p>
   </div>
   <div class='ocr_carea' id='block_1_20' title="bbox 263 1830 1911 1911">
    <p class='ocr_par' dir='ltr' id='par_1_20' title="bbox 263 1830 1911 1911">
     <span class='ocr_line' id='line_1_20' title="bbox 263 1830 1911 1911; baseline -0.002 -21"><span class='ocrx_word' id='word_1_134' title='bbox 263 1832 326 1890; x_wconf 78' lang='grc' dir='ltr'>ἐκ</span> <span class='ocrx_word' id='word_1_135' title='bbox 351 1836 452 1904; x_wconf 73' lang='grc' dir='ltr'><strong>τῆς</strong></span> <span class='ocrx_word' id='word_1_136' title='bbox 481 1837 579 1889; x_wconf 87' lang='grc' dir='ltr'><strong>τοῦ</strong></span> <span class='ocrx_word' id='word_1_137' title='bbox 607 1830 1042 1911; x_wconf 83' lang='grc' dir='ltr'>πρωτοπλάστου</span> <span class='ocrx_word' id='word_1_138' title='bbox 1072 1834 1355 1911; x_wconf 75' lang='grc' dir='ltr'>γενέσεως,</span> <span class='ocrx_word' id='word_1_139' title='bbox 1404 1834 1493 1890; x_wconf 88' lang='grc' dir='ltr'>καὶ</span> <span class='ocrx_word' id='word_1_140' title='bbox 1541 1835 1691 1909; x_wconf 81' lang='grc' dir='ltr'>ἡμᾶς</span> <span class='ocrx_word' id='word_1_141' title='bbox 1740 1853 1911 1910; x_wconf 88' lang='grc' dir='ltr'>προσ-</span> 
     </span>
    </p>
   </div>
   <div class='ocr_carea' id='block_1_21' title="bbox 262 1920 1911 1998">
    <p class='ocr_par' dir='ltr' id='par_1_21' title="bbox 262 1920 1911 1998">
     <span class='ocr_line' id='line_1_21' title="bbox 262 1920 1911 1998; baseline -0.002 -20"><span class='ocrx_word' id='word_1_142' title='bbox 262 1926 581 1991; x_wconf 88' lang='grc' dir='ltr'>οικειοῦται,</span> <span class='ocrx_word' id='word_1_143' title='bbox 617 1923 692 1985; x_wconf 86' lang='grc' dir='ltr'>ὡς</span> <span class='ocrx_word' id='word_1_144' title='bbox 733 1941 966 1996; x_wconf 89' lang='grc' dir='ltr'>ειρηται,</span> <span class='ocrx_word' id='word_1_145' title='bbox 1027 1921 1384 1996; x_wconf 87' lang='grc' dir='ltr'>συμπολίτως</span> <span class='ocrx_word' id='word_1_146' title='bbox 1434 1927 1542 1979; x_wconf 79' lang='grc' dir='ltr'><strong>τῶν</strong></span> <span class='ocrx_word' id='word_1_147' title='bbox 1603 1923 1772 1998; x_wconf 83' lang='grc' dir='ltr'>ἁγίων</span> <span class='ocrx_word' id='word_1_148' title='bbox 1820 1920 1911 1977; x_wconf 88' lang='grc' dir='ltr'>καὶ</span> 
     </span>
    </p>
   </div>
   <div class='ocr_carea' id='block_1_22' title="bbox 256 2008 1912 2089">
    <p class='ocr_par' dir='ltr' id='par_1_22' title="bbox 256 2008 1912 2089">
     <span class='ocr_line' id='line_1_22' title="bbox 256 2008 1912 2089; baseline 0 -23"><span class='ocrx_word' id='word_1_149' title='bbox 256 2008 494 2074; x_wconf 79' lang='grc' dir='ltr'>οἰκείους</span> <span class='ocrx_word' id='word_1_150' title='bbox 524 2015 660 2067; x_wconf 90' lang='grc' dir='ltr'>Θεοῦ</span> <span class='ocrx_word' id='word_1_151' title='bbox 688 2011 1015 2089; x_wconf 74' lang='grc' dir='ltr'>γενομὲνους</span> <span class='ocrx_word' id='word_1_152' title='bbox 1059 2014 1188 2086; x_wconf 88' lang='grc'>(22)·</span> <span class='ocrx_word' id='word_1_153' title='bbox 1234 2013 1324 2068; x_wconf 80' lang='grc' dir='ltr'><strong>καὶ</strong></span> <span class='ocrx_word' id='word_1_154' title='bbox 1372 2012 1508 2068; x_wconf 81' lang='grc' dir='ltr'>κατὰ</span> <span class='ocrx_word' id='word_1_155' title='bbox 1564 2012 1720 2088; x_wconf 71' lang='grc' dir='ltr'>φύσιν</span> <span class='ocrx_word' id='word_1_156' title='bbox 1779 2015 1912 2067; x_wconf 89' lang='grc' dir='ltr'>Θεοῦ</span> 
     </span>
    </p>
   </div>
   <div class='ocr_carea' id='block_1_23' title="bbox 253 2098 1913 2179">
    <p class='ocr_par' dir='ltr' id='par_1_23' title="bbox 253 2098 1913 2179">
     <span class='ocr_line' id='line_1_23' title="bbox 253 2098 1913 2179; baseline -0.001 -23"><span class='ocrx_word' id='word_1_157' title='bbox 253 2102 489 2179; x_wconf 71' lang='grc' dir='ltr'>γέγονεν,</span> <span class='ocrx_word' id='word_1_158' title='bbox 540 2098 650 2156; x_wconf 75' lang='grc' dir='ltr'>ἰδία</span> <span class='ocrx_word' id='word_1_159' title='bbox 707 2100 814 2177; x_wconf 83' lang='grc' dir='ltr'>οὐχ</span> <span class='ocrx_word' id='word_1_160' title='bbox 863 2099 1168 2175; x_wconf 79' lang='grc' dir='ltr'>ὁμοοόσιος</span> <span class='ocrx_word' id='word_1_161' title='bbox 1227 2100 1357 2157; x_wconf 82' lang='grc' dir='ltr'>οῦσα</span> <span class='ocrx_word' id='word_1_162' title='bbox 1403 2104 1438 2172; x_wconf 81' lang='grc' dir='ltr'>ἡ</span> <span class='ocrx_word' id='word_1_163' title='bbox 1489 2101 1617 2173; x_wconf 77' lang='grc' dir='ltr'>σὰρξ</span> <span class='ocrx_word' id='word_1_164' title='bbox 1664 2107 1768 2171; x_wconf 80' lang='grc' dir='ltr'><strong>τῆς</strong></span> <span class='ocrx_word' id='word_1_165' title='bbox 1815 2104 1913 2156; x_wconf 83' lang='grc' dir='ltr'><strong>τοῦ</strong></span> 
     </span>
    </p>
   </div>
   <div class='ocr_carea' id='block_1_24' title="bbox 257 2185 1913 2268">
    <p class='ocr_par' dir='ltr' id='par_1_24' title="bbox 257 2185 1913 2268">
     <span class='ocr_line' id='line_1_24' title="bbox 257 2185 1913 2268; baseline -0.002 -20"><span class='ocrx_word' id='word_1_166' title='bbox 257 2191 449 2268; x_wconf 72' lang='grc' dir='ltr'>Λόγου</span> <span class='ocrx_word' id='word_1_167' title='bbox 503 2185 783 2262; x_wconf 81' lang='grc' dir='ltr'>θεότητος,</span> <span class='ocrx_word' id='word_1_168' title='bbox 833 2191 907 2253; x_wconf 86' lang='grc' dir='ltr'><strong>ὡς</strong></span> <span class='ocrx_word' id='word_1_169' title='bbox 958 2188 1250 2254; x_wconf 75' lang='grc' dir='ltr'>συναίδιοςο</span> <span class='ocrx_word' id='word_1_170' title='bbox 1304 2189 1451 2247; x_wconf 78' lang='grc' dir='ltr'>ἀλλὰ</span> <span class='ocrx_word' id='word_1_171' title='bbox 1498 2188 1610 2247; x_wconf 81' lang='grc' dir='ltr'>ἰδία</span> <span class='ocrx_word' id='word_1_172' title='bbox 1647 2191 1785 2246; x_wconf 79' lang='grc' dir='ltr'>κατὰ</span> <span class='ocrx_word' id='word_1_173' title='bbox 1814 2189 1913 2268; x_wconf 79' lang='grc' dir='ltr'><strong>φύ-</strong></span> 
     </span>
    </p>
   </div>
   <div class='ocr_carea' id='block_1_25' title="bbox 261 2277 1915 2358">
    <p class='ocr_par' dir='ltr' id='par_1_25' title="bbox 261 2277 1915 2358">
     <span class='ocr_line' id='line_1_25' title="bbox 261 2277 1915 2358; baseline -0.001 -22"><span class='ocrx_word' id='word_1_174' title='bbox 261 2302 348 2337; x_wconf 93' lang='grc' dir='ltr'><strong>σιν</strong></span> <span class='ocrx_word' id='word_1_175' title='bbox 382 2279 669 2358; x_wconf 67' lang='grc' dir='ltr'>γενομένη,</span> <span class='ocrx_word' id='word_1_176' title='bbox 726 2280 814 2336; x_wconf 77' lang='grc' dir='ltr'><strong>καὶ</strong></span> <span class='ocrx_word' id='word_1_177' title='bbox 874 2277 1178 2357; x_wconf 84' lang='grc' dir='ltr'>ἀδιαίρετος</span> <span class='ocrx_word' id='word_1_178' title='bbox 1226 2283 1364 2336; x_wconf 86' lang='grc' dir='ltr'>κατᾶ</span> <span class='ocrx_word' id='word_1_179' title='bbox 1408 2277 1624 2350; x_wconf 66' lang='grc' dir='ltr'>ἕνωσιν,</span> <span class='ocrx_word' id='word_1_180' title='bbox 1659 2279 1719 2335; x_wconf 80' lang='grc' dir='ltr'>ἐκ</span> <span class='ocrx_word' id='word_1_181' title='bbox 1747 2285 1915 2355; x_wconf 72' lang='grc' dir='ltr'>σπερ-</span> 
     </span>
    </p>
   </div>
   <div class='ocr_carea' id='block_1_26' title="bbox 265 2363 1913 2447">
    <p class='ocr_par' dir='ltr' id='par_1_26' title="bbox 265 2363 1913 2447">
     <span class='ocr_line' id='line_1_26' title="bbox 265 2363 1913 2447; baseline 0 -22"><span class='ocrx_word' id='word_1_182' title='bbox 265 2390 438 2445; x_wconf 86' lang='grc' dir='ltr'>ματος</span> <span class='ocrx_word' id='word_1_183' title='bbox 490 2363 678 2438; x_wconf 76' lang='grc' dir='ltr'>Δαϐὶδ,</span> <span class='ocrx_word' id='word_1_184' title='bbox 730 2369 819 2424; x_wconf 83' lang='grc' dir='ltr'>καὶ</span> <span class='ocrx_word' id='word_1_185' title='bbox 860 2373 958 2425; x_wconf 88' lang='grc' dir='ltr'><strong>τοῦ</strong></span> <span class='ocrx_word' id='word_1_186' title='bbox 1009 2365 1284 2447; x_wconf 73' lang='grc' dir='ltr'>Ἀϐραάμ,</span> <span class='ocrx_word' id='word_1_187' title='bbox 1326 2370 1415 2425; x_wconf 85' lang='grc' dir='ltr'><strong>καὶ</strong></span> <span class='ocrx_word' id='word_1_188' title='bbox 1446 2374 1542 2425; x_wconf 90' lang='grc' dir='ltr'><strong>τοῦ</strong></span> <span class='ocrx_word' id='word_1_189' title='bbox 1574 2366 1751 2443; x_wconf 80' lang='grc' dir='ltr'>Ἀδὰμ</span> <span class='ocrx_word' id='word_1_190' title='bbox 1777 2371 1913 2444; x_wconf 88' lang='grc'>(23),</span> 
     </span>
    </p>
   </div>
   <div class='ocr_carea' id='block_1_27' title="bbox 261 2456 1917 2535">
    <p class='ocr_par' dir='ltr' id='par_1_27' title="bbox 261 2456 1917 2535">
     <span class='ocr_line' id='line_1_27' title="bbox 261 2456 1917 2535; baseline -0.002 -21"><span class='ocrx_word' id='word_1_191' title='bbox 261 2457 317 2530; x_wconf 80' lang='grc' dir='ltr'>ἐξ</span> <span class='ocrx_word' id='word_1_192' title='bbox 347 2458 412 2514; x_wconf 79' lang='grc' dir='ltr'><strong>οὗ</strong></span> <span class='ocrx_word' id='word_1_193' title='bbox 460 2457 551 2515; x_wconf 83' lang='grc' dir='ltr'><strong>καὶ</strong></span> <span class='ocrx_word' id='word_1_194' title='bbox 596 2461 760 2533; x_wconf 77' lang='grc' dir='ltr'>ἡμεῖς</span> <span class='ocrx_word' id='word_1_195' title='bbox 813 2460 1201 2535; x_wconf 79' lang='grc' dir='ltr'>γεγεννήμεθα.</span> <span class='ocrx_word' id='word_1_196' title='bbox 1251 2457 1312 2514; x_wconf 73' lang='grc' dir='ltr'><strong>Εἰ</strong></span> <span class='ocrx_word' id='word_1_197' title='bbox 1362 2456 1419 2514; x_wconf 74' lang='grc' dir='ltr'>δὲ</span> <span class='ocrx_word' id='word_1_198' title='bbox 1479 2457 1772 2532; x_wconf 75' lang='grc' dir='ltr'>ὁμοούσιος</span> <span class='ocrx_word' id='word_1_199' title='bbox 1818 2461 1917 2512; x_wconf 86' lang='grc' dir='ltr'><strong>τοῦ</strong></span> 
     </span>
    </p>
   </div>
   <div class='ocr_carea' id='block_1_28' title="bbox 265 2544 1920 2624">
    <p class='ocr_par' dir='ltr' id='par_1_28' title="bbox 265 2544 1920 2624">
     <span class='ocr_line' id='line_1_28' title="bbox 265 2544 1920 2624; baseline -0.002 -19"><span class='ocrx_word' id='word_1_200' title='bbox 265 2546 455 2623; x_wconf 73' lang='grc' dir='ltr'>Λόγου</span> <span class='ocrx_word' id='word_1_201' title='bbox 485 2549 521 2618; x_wconf 81' lang='grc' dir='ltr'>ἡ</span> <span class='ocrx_word' id='word_1_202' title='bbox 554 2546 683 2624; x_wconf 81' lang='grc' dir='ltr'>σάρξ</span> <span class='ocrx_word' id='word_1_203' title='bbox 712 2547 801 2602; x_wconf 83' lang='grc' dir='ltr'><strong>καὶ</strong></span> <span class='ocrx_word' id='word_1_204' title='bbox 833 2544 1128 2618; x_wconf 74' lang='grc' dir='ltr'>συναίδιος,</span> <span class='ocrx_word' id='word_1_205' title='bbox 1162 2547 1223 2603; x_wconf 79' lang='grc' dir='ltr'>ἐκ</span> <span class='ocrx_word' id='word_1_206' title='bbox 1254 2549 1455 2603; x_wconf 83' lang='grc' dir='ltr'>τούτου</span> <span class='ocrx_word' id='word_1_207' title='bbox 1501 2546 1672 2623; x_wconf 81' lang='grc' dir='ltr'>ἐρεῖτε</span> <span class='ocrx_word' id='word_1_208' title='bbox 1716 2546 1806 2602; x_wconf 82' lang='grc' dir='ltr'>καὶ</span> <span class='ocrx_word' id='word_1_209' title='bbox 1853 2545 1920 2601; x_wconf 77' lang='grc' dir='ltr'>τὰ</span> 
     </span>
    </p>
   </div>
   <div class='ocr_carea' id='block_1_29' title="bbox 267 2634 1915 2710">
    <p class='ocr_par' dir='ltr' id='par_1_29' title="bbox 267 2634 1915 2710">
     <span class='ocr_line' id='line_1_29' title="bbox 267 2634 1915 2710; baseline -0.001 -18"><span class='ocrx_word' id='word_1_210' title='bbox 267 2635 443 2693; x_wconf 85' lang='grc' dir='ltr'>πάντα</span> <span class='ocrx_word' id='word_1_211' title='bbox 471 2635 742 2710; x_wconf 84' lang='grc' dir='ltr'>κτίσματα</span> <span class='ocrx_word' id='word_1_212' title='bbox 772 2634 1016 2692; x_wconf 79' lang='grc' dir='ltr'>συναΐδια</span> <span class='ocrx_word' id='word_1_213' title='bbox 1048 2641 1127 2710; x_wconf 83' lang='grc' dir='ltr'><strong>τῷ</strong></span> <span class='ocrx_word' id='word_1_214' title='bbox 1156 2637 1223 2692; x_wconf 82' lang='grc' dir='ltr'><strong>τὰ</strong></span> <span class='ocrx_word' id='word_1_215' title='bbox 1270 2636 1443 2692; x_wconf 89' lang='grc' dir='ltr'>πάντα</span> <span class='ocrx_word' id='word_1_216' title='bbox 1488 2636 1727 2693; x_wconf 85' lang='grc' dir='ltr'>κτίσαντι</span> <span class='ocrx_word' id='word_1_217' title='bbox 1777 2640 1915 2708; x_wconf 80' lang='grc' dir='ltr'>Θεῷ.</span> 
     </span>
    </p>
   </div>
   <div class='ocr_carea' id='block_1_30' title="bbox 268 2719 1918 2800">
    <p class='ocr_par' dir='ltr' id='par_1_30' title="bbox 268 2719 1918 2800">
     <span class='ocr_line' id='line_1_30' title="bbox 268 2719 1918 2800; baseline -0.002 -18"><span class='ocrx_word' id='word_1_218' title='bbox 268 2725 370 2782; x_wconf 81' lang='grc' dir='ltr'>Καὶ</span> <span class='ocrx_word' id='word_1_219' title='bbox 401 2730 518 2788; x_wconf 81' lang='grc' dir='ltr'><strong>πῶς</strong></span> <span class='ocrx_word' id='word_1_220' title='bbox 550 2719 627 2781; x_wconf 76' lang='grc' dir='ltr'>ἔτι</span> <span class='ocrx_word' id='word_1_221' title='bbox 658 2725 998 2800; x_wconf 81' lang='grc' dir='ltr'>Χριστιανοὶ,</span> <span class='ocrx_word' id='word_1_222' title='bbox 1050 2726 1103 2781; x_wconf 77' lang='grc' dir='ltr'>οἱ</span> <span class='ocrx_word' id='word_1_223' title='bbox 1150 2725 1426 2789; x_wconf 77' lang='grc' dir='ltr'>τοιαύταις</span> <span class='ocrx_word' id='word_1_224' title='bbox 1475 2724 1918 2799; x_wconf 84' lang='grc' dir='ltr'>συμπλεκόμενοι</span> 
     </span>
    </p>
   </div>
   <div class='ocr_carea' id='block_1_31' title="bbox 268 2813 1913 2892">
    <p class='ocr_par' dir='ltr' id='par_1_31' title="bbox 268 2813 1913 2892">
     <span class='ocr_line' id='line_1_31' title="bbox 268 2813 1913 2892; baseline -0.001 -21"><span class='ocrx_word' id='word_1_225' title='bbox 268 2813 700 2892; x_wconf 88' lang='grc' dir='ltr'>στραγγαλιαῖς;</span> <span class='ocrx_word' id='word_1_226' title='bbox 770 2814 842 2869; x_wconf 89' lang='grc' dir='ltr'><strong>Τὸ</strong></span> <span class='ocrx_word' id='word_1_227' title='bbox 908 2814 1011 2891; x_wconf 78' lang='grc' dir='ltr'><strong>γὰρ</strong></span> <span class='ocrx_word' id='word_1_228' title='bbox 1086 2814 1381 2888; x_wconf 79' lang='grc' dir='ltr'>ὁμοούσιον</span> <span class='ocrx_word' id='word_1_229' title='bbox 1443 2814 1533 2870; x_wconf 84' lang='grc' dir='ltr'><strong>καὶ</strong></span> <span class='ocrx_word' id='word_1_230' title='bbox 1581 2814 1780 2879; x_wconf 71' lang='grc' dir='ltr'>ἀπαθὲς</span> <span class='ocrx_word' id='word_1_231' title='bbox 1827 2815 1913 2869; x_wconf 81' lang='grc' dir='ltr'><strong>καὶ</strong></span> 
     </span>
    </p>
   </div>
   <div class='ocr_carea' id='block_1_32' title="bbox 269 2902 1914 2980">
    <p class='ocr_par' dir='ltr' id='par_1_32' title="bbox 269 2902 1914 2980">
     <span class='ocr_line' id='line_1_32' title="bbox 269 2902 1914 2980; baseline -0.001 -19"><span class='ocrx_word' id='word_1_232' title='bbox 269 2902 618 2961; x_wconf 66' lang='grc' dir='ltr'>ἀνεπίδεκτον</span> <span class='ocrx_word' id='word_1_233' title='bbox 651 2902 900 2978; x_wconf 78' lang='grc' dir='ltr'>θανάτου,</span> <span class='ocrx_word' id='word_1_234' title='bbox 933 2904 1070 2980; x_wconf 84' lang='grc' dir='ltr'>πρὸς</span> <span class='ocrx_word' id='word_1_235' title='bbox 1112 2907 1226 2979; x_wconf 84' lang='grc'>(24)</span> <span class='ocrx_word' id='word_1_236' title='bbox 1273 2905 1335 2959; x_wconf 88' lang='grc' dir='ltr'><strong>τὸ</strong></span> <span class='ocrx_word' id='word_1_237' title='bbox 1383 2903 1677 2979; x_wconf 72' lang='grc' dir='ltr'>ὁμοοῦσιον</span> <span class='ocrx_word' id='word_1_238' title='bbox 1723 2903 1914 2959; x_wconf 79' lang='grc' dir='ltr'>’ὲνωσιν</span> 
     </span>
    </p>
   </div>
   <div class='ocr_carea' id='block_1_33' title="bbox 260 2991 1920 3071">
    <p class='ocr_par' dir='ltr' id='par_1_33' title="bbox 260 2991 1920 3071">
     <span class='ocr_line' id='line_1_33' title="bbox 260 2991 1920 3071; baseline -0.001 -22"><span class='ocrx_word' id='word_1_239' title='bbox 260 2994 383 3050; x_wconf 83' lang='grc' dir='ltr'>καθ’</span> <span class='ocrx_word' id='word_1_240' title='bbox 434 2994 727 3049; x_wconf 74' lang='grc' dir='ltr'>ὑπόστασιν</span> <span class='ocrx_word' id='word_1_241' title='bbox 783 2993 882 3049; x_wconf 74' lang='grc' dir='ltr'>οὐκ</span> <span class='ocrx_word' id='word_1_242' title='bbox 928 2991 1318 3071; x_wconf 84' lang='grc' dir='ltr'>ἐπιδεχόμενόν</span> <span class='ocrx_word' id='word_1_243' title='bbox 1376 2993 1540 3063; x_wconf 76' lang='grc' dir='ltr'>ἐστιν,</span> <span class='ocrx_word' id='word_1_244' title='bbox 1589 2992 1736 3049; x_wconf 80' lang='grc' dir='ltr'>ἀλλὰ</span> <span class='ocrx_word' id='word_1_245' title='bbox 1782 2993 1920 3048; x_wconf 83' lang='grc' dir='ltr'>κατὰ</span> 
     </span>
    </p>
   </div>
   <div class='ocr_carea' id='block_1_34' title="bbox 262 3077 1919 3160">
    <p class='ocr_par' dir='ltr' id='par_1_34' title="bbox 262 3077 1919 3160">
     <span class='ocr_line' id='line_1_34' title="bbox 262 3077 1919 3160; baseline -0.001 -23"><span class='ocrx_word' id='word_1_246' title='bbox 262 3083 443 3160; x_wconf 75' lang='grc' dir='ltr'>φύσιν·</span> <span class='ocrx_word' id='word_1_247' title='bbox 496 3083 613 3137; x_wconf 72' lang='grc' dir='ltr'>καθ²</span> <span class='ocrx_word' id='word_1_248' title='bbox 666 3081 955 3138; x_wconf 82' lang='grc' dir='ltr'>ὑπόστασιν</span> <span class='ocrx_word' id='word_1_249' title='bbox 1007 3079 1065 3137; x_wconf 80' lang='grc' dir='ltr'>δὶ</span> <span class='ocrx_word' id='word_1_250' title='bbox 1108 3083 1210 3152; x_wconf 70' lang='grc' dir='ltr'>τὴν</span> <span class='ocrx_word' id='word_1_251' title='bbox 1276 3079 1413 3138; x_wconf 82' lang='grc' dir='ltr'>ἰδίαν</span> <span class='ocrx_word' id='word_1_252' title='bbox 1462 3077 1780 3149; x_wconf 83' lang='grc' dir='ltr'>τελειότητα</span> <span class='ocrx_word' id='word_1_253' title='bbox 1826 3081 1919 3136; x_wconf 80' lang='grc' dir='ltr'><strong>ὲκ·-</strong></span> 
     </span>
    </p>
   </div>
   <div class='ocr_carea' id='block_1_35' title="bbox 269 3169 1920 3248">
    <p class='ocr_par' dir='ltr' id='par_1_35' title="bbox 269 3169 1920 3248">
     <span class='ocr_line' id='line_1_35' title="bbox 269 3169 1920 3248; baseline -0.002 -19"><span class='ocrx_word' id='word_1_254' title='bbox 269 3169 617 3246; x_wconf 79' lang='grc' dir='ltr'>δεὶκνύμενον</span> <span class='ocrx_word' id='word_1_255' title='bbox 662 3174 803 3246; x_wconf 86' lang='grc'>(25).</span> <span class='ocrx_word' id='word_1_256' title='bbox 852 3174 1015 3228; x_wconf 84' lang='grc' dir='ltr'>Ὥστε</span> <span class='ocrx_word' id='word_1_257' title='bbox 1060 3175 1128 3247; x_wconf 79' lang='grc' dir='ltr'><strong>τῇ</strong></span> <span class='ocrx_word' id='word_1_258' title='bbox 1182 3170 1522 3247; x_wconf 73' lang='grc' dir='ltr'>νομιζομένῃ</span> <span class='ocrx_word' id='word_1_259' title='bbox 1569 3171 1722 3246; x_wconf 79' lang='grc' dir='ltr'>ὑμῶν</span> <span class='ocrx_word' id='word_1_260' title='bbox 1755 3171 1920 3248; x_wconf 71' lang='grc' dir='ltr'>εὐφή-</span> 
     </span>
    </p>
   </div>
   <div class='ocr_carea' id='block_1_36' title="bbox 275 3259 1917 3340">
    <p class='ocr_par' dir='ltr' id='par_1_36' title="bbox 275 3259 1917 3340">
     <span class='ocr_line' id='line_1_36' title="bbox 275 3259 1917 3340; baseline -0.001 -24"><span class='ocrx_word' id='word_1_261' title='bbox 275 3283 366 3337; x_wconf 90' lang='grc' dir='ltr'>μῳ</span> <span class='ocrx_word' id='word_1_262' title='bbox 398 3259 689 3340; x_wconf 79' lang='grc' dir='ltr'>ἐφευρέσει,</span> <span class='ocrx_word' id='word_1_263' title='bbox 722 3260 759 3331; x_wconf 73' lang='grc' dir='ltr'><strong>ἢ</strong></span> <span class='ocrx_word' id='word_1_264' title='bbox 806 3262 908 3331; x_wconf 80' lang='grc' dir='ltr'>τὴν</span> <span class='ocrx_word' id='word_1_265' title='bbox 955 3260 1015 3317; x_wconf 80' lang='grc' dir='ltr'>ἐκ</span> <span class='ocrx_word' id='word_1_266' title='bbox 1060 3268 1164 3331; x_wconf 79' lang='grc' dir='ltr'><strong>τῆς</strong></span> <span class='ocrx_word' id='word_1_267' title='bbox 1213 3262 1489 3337; x_wconf 70' lang='grc' dir='ltr'>Παρθένου</span> <span class='ocrx_word' id='word_1_268' title='bbox 1517 3267 1619 3332; x_wconf 79' lang='grc' dir='ltr'><strong>τῆς</strong></span> <span class='ocrx_word' id='word_1_269' title='bbox 1651 3260 1917 3317; x_wconf 85' lang='grc' dir='ltr'>Θεοτόκου</span> 
     </span>
    </p>
   </div>
   <div class='ocr_carea' id='block_1_37' title="bbox 1943 1967 1992 2033">
    <p class='ocr_par' dir='ltr' id='par_1_37' title="bbox 1943 1967 1992 2033">
     <span class='ocr_line' id='line_1_37' title="bbox 1943 1967 1992 2033; baseline 0 0"><span class='ocrx_word' id='word_1_270' title='bbox 1943 1967 1992 2033; x_wconf 93' lang='grc' dir='ltr'><strong>Β</strong></span> 
     </span>
    </p>
   </div>
   <div class='ocr_carea' id='block_1_38' title="bbox 2012 678 3059 734">
    <p class='ocr_par' dir='ltr' id='par_1_38' title="bbox 2012 678 3059 734">
     <span class='ocr_line' id='line_1_38' title="bbox 2012 678 3059 734; baseline 0 -1"><span class='ocrx_word' id='word_1_271' title='bbox 2012 692 2124 734; x_wconf 86' lang='lat' dir='ltr'><strong>non</strong></span> <span class='ocrx_word' id='word_1_272' title='bbox 2150 681 2232 733; x_wconf 79' lang='lat' dir='ltr'><strong>est</strong></span> <span class='ocrx_word' id='word_1_273' title='bbox 2264 695 2277 734; x_wconf 90' lang='lat'><strong>:</strong></span> <span class='ocrx_word' id='word_1_274' title='bbox 2314 682 2459 734; x_wconf 79' lang='lat' dir='ltr'><strong>Deus</strong></span> <span class='ocrx_word' id='word_1_275' title='bbox 2491 682 2677 734; x_wconf 83' lang='lat' dir='ltr'><strong>autem</strong></span> <span class='ocrx_word' id='word_1_276' title='bbox 2707 694 2851 733; x_wconf 73' lang='lat' dir='ltr'><strong>unus</strong></span> <span class='ocrx_word' id='word_1_277' title='bbox 2881 681 2962 734; x_wconf 75' lang='lat' dir='ltr'><strong>est</strong></span> <span class='ocrx_word' id='word_1_278' title='bbox 2988 678 3059 734; x_wconf 80' lang='grc' dir='ltr'><strong>⁸ο.</strong></span> 
     </span>
    </p>
   </div>
   <div class='ocr_carea' id='block_1_39' title="bbox 2082 855 3666 930">
    <p class='ocr_par' dir='ltr' id='par_1_39' title="bbox 2082 855 3666 930">
     <span class='ocr_line' id='line_1_39' title="bbox 2082 855 3666 930; baseline 0 -17"><span class='ocrx_word' id='word_1_279' title='bbox 2082 855 2171 913; x_wconf 86' lang='grc'><strong>12.</strong></span> <span class='ocrx_word' id='word_1_280' title='bbox 2204 857 2569 930; x_wconf 82' lang='lat' dir='ltr'><strong>Quapropter</strong></span> <span class='ocrx_word' id='word_1_281' title='bbox 2622 859 2820 913; x_wconf 82' lang='lat' dir='ltr'><strong>errant</strong></span> <span class='ocrx_word' id='word_1_282' title='bbox 2876 856 2977 928; x_wconf 86' lang='lat' dir='ltr'><strong>qui</strong></span> <span class='ocrx_word' id='word_1_283' title='bbox 3035 855 3258 928; x_wconf 89' lang='lat' dir='ltr'><strong>dicunt,</strong></span> <span class='ocrx_word' id='word_1_284' title='bbox 3313 855 3666 923; x_wconf 62' lang='lat' dir='ltr'><strong>aliumlesse</strong></span> 
     </span>
    </p>
   </div>
   <div class='ocr_carea' id='block_1_40' title="bbox 2014 945 3662 1019">
    <p class='ocr_par' dir='ltr' id='par_1_40' title="bbox 2014 945 3662 1019">
     <span class='ocr_line' id='line_1_40' title="bbox 2014 945 3662 1019; baseline 0.001 -19"><span class='ocrx_word' id='word_1_285' title='bbox 2014 945 2114 1017; x_wconf 85' lang='lat' dir='ltr'><strong>qui</strong></span> <span class='ocrx_word' id='word_1_286' title='bbox 2141 962 2354 1017; x_wconf 87' lang='lat' dir='ltr'><strong>passus</strong></span> <span class='ocrx_word' id='word_1_287' title='bbox 2385 951 2475 1002; x_wconf 91' lang='lat' dir='ltr'><strong>est</strong></span> <span class='ocrx_word' id='word_1_288' title='bbox 2506 945 2705 1013; x_wconf 91' lang='lat' dir='ltr'><strong>Filius,</strong></span> <span class='ocrx_word' id='word_1_289' title='bbox 2739 951 2794 1002; x_wconf 88' lang='lat' dir='ltr'><strong>et</strong></span> <span class='ocrx_word' id='word_1_290' title='bbox 2826 945 3006 1002; x_wconf 88' lang='lat' dir='ltr'><strong>alium</strong></span> <span class='ocrx_word' id='word_1_291' title='bbox 3030 945 3131 1018; x_wconf 90' lang='lat' dir='ltr'><strong>qui</strong></span> <span class='ocrx_word' id='word_1_292' title='bbox 3162 962 3378 1019; x_wconf 88' lang='lat' dir='ltr'><strong>passus</strong></span> <span class='ocrx_word' id='word_1_293' title='bbox 3407 962 3524 1001; x_wconf 86' lang='lat' dir='ltr'><strong>non</strong></span> <span class='ocrx_word' id='word_1_294' title='bbox 3554 953 3662 1002; x_wconf 90' lang='lat' dir='ltr'><strong>est.</strong></span> 
     </span>
    </p>
   </div>
   <div class='ocr_carea' id='block_1_41' title="bbox 2013 1032 3665 1107">
    <p class='ocr_par' dir='ltr' id='par_1_41' title="bbox 2013 1032 3665 1107">
     <span class='ocr_line' id='line_1_41' title="bbox 2013 1032 3665 1107; baseline 0.002 -18"><span class='ocrx_word' id='word_1_295' title='bbox 2013 1033 2138 1090; x_wconf 91' lang='lat' dir='ltr'><strong>Non</strong></span> <span class='ocrx_word' id='word_1_296' title='bbox 2170 1032 2325 1089; x_wconf 88' lang='lat' dir='ltr'><strong>enim</strong></span> <span class='ocrx_word' id='word_1_297' title='bbox 2360 1034 2512 1091; x_wconf 90' lang='lat' dir='ltr'><strong>alius</strong></span> <span class='ocrx_word' id='word_1_298' title='bbox 2560 1039 2651 1091; x_wconf 88' lang='lat' dir='ltr'><strong>est</strong></span> <span class='ocrx_word' id='word_1_299' title='bbox 2707 1051 2885 1107; x_wconf 90' lang='lat' dir='ltr'><strong>quam</strong></span> <span class='ocrx_word' id='word_1_300' title='bbox 2945 1035 3140 1105; x_wconf 89' lang='lat' dir='ltr'><strong>ipsum</strong></span> <span class='ocrx_word' id='word_1_301' title='bbox 3180 1034 3459 1103; x_wconf 87' lang='lat' dir='ltr'><strong>Verbum,</strong></span> <span class='ocrx_word' id='word_1_302' title='bbox 3507 1036 3665 1107; x_wconf 82' lang='lat' dir='ltr'><strong>quod</strong></span> 
     </span>
    </p>
   </div>
   <div class='ocr_carea' id='block_1_42' title="bbox 2014 1122 3665 1196">
    <p class='ocr_par' dir='ltr' id='par_1_42' title="bbox 2014 1122 3665 1196">
     <span class='ocr_line' id='line_1_42' title="bbox 2014 1122 3665 1196; baseline 0.001 -18"><span class='ocrx_word' id='word_1_303' title='bbox 2014 1123 2349 1194; x_wconf 76' lang='lat' dir='ltr'><strong>passionem</strong></span> <span class='ocrx_word' id='word_1_304' title='bbox 2381 1129 2439 1179; x_wconf 90' lang='lat' dir='ltr'><strong>et</strong></span> <span class='ocrx_word' id='word_1_305' title='bbox 2466 1132 2713 1179; x_wconf 89' lang='lat' dir='ltr'><strong>mortem</strong></span> <span class='ocrx_word' id='word_1_306' title='bbox 2747 1125 3095 1196; x_wconf 79' lang='lat' dir='ltr'><strong>susceperit.</strong></span> <span class='ocrx_word' id='word_1_307' title='bbox 3129 1124 3241 1180; x_wconf 88' lang='lat' dir='ltr'><strong>Sed</strong></span> <span class='ocrx_word' id='word_1_308' title='bbox 3275 1122 3418 1179; x_wconf 88' lang='lat' dir='ltr'><strong>illud</strong></span> <span class='ocrx_word' id='word_1_309' title='bbox 3441 1122 3665 1196; x_wconf 90' lang='lat' dir='ltr'><strong>ipsum,</strong></span> 
     </span>
    </p>
   </div>
   <div class='ocr_carea' id='block_1_43' title="bbox 2014 1210 3665 1287">
    <p class='ocr_par' dir='ltr' id='par_1_43' title="bbox 2014 1210 3665 1287">
     <span class='ocr_line' id='line_1_43' title="bbox 2014 1210 3665 1287; baseline 0.002 -22"><span class='ocrx_word' id='word_1_310' title='bbox 2014 1210 2423 1283; x_wconf 85' lang='lat' dir='ltr'><strong>incorporeum</strong></span> <span class='ocrx_word' id='word_1_311' title='bbox 2476 1216 2534 1267; x_wconf 89' lang='lat' dir='ltr'><strong>et</strong></span> <span class='ocrx_word' id='word_1_312' title='bbox 2583 1211 2945 1284; x_wconf 87' lang='lat' dir='ltr'><strong>impassibile</strong></span> <span class='ocrx_word' id='word_1_313' title='bbox 2987 1212 3267 1280; x_wconf 86' lang='lat' dir='ltr'><strong>Verbum,</strong></span> <span class='ocrx_word' id='word_1_314' title='bbox 3324 1229 3460 1268; x_wconf 86' lang='lat' dir='ltr'><strong>cum</strong></span> <span class='ocrx_word' id='word_1_315' title='bbox 3491 1229 3665 1287; x_wconf 85' lang='lat' dir='ltr'><strong>gene-</strong></span> 
     </span>
    </p>
   </div>
   <div class='ocr_carea' id='block_1_44' title="bbox 2016 1299 3666 1373">
    <p class='ocr_par' dir='ltr' id='par_1_44' title="bbox 2016 1299 3666 1373">
     <span class='ocr_line' id='line_1_44' title="bbox 2016 1299 3666 1373; baseline 0.002 -19"><span class='ocrx_word' id='word_1_316' title='bbox 2016 1299 2300 1356; x_wconf 83' lang='lat' dir='ltr'><strong>rationem</strong></span> <span class='ocrx_word' id='word_1_317' title='bbox 2332 1301 2524 1356; x_wconf 87' lang='lat' dir='ltr'><strong>carnis</strong></span> <span class='ocrx_word' id='word_1_318' title='bbox 2555 1301 2752 1357; x_wconf 90' lang='lat' dir='ltr'><strong>subire</strong></span> <span class='ocrx_word' id='word_1_319' title='bbox 2782 1302 3088 1373; x_wconf 85' lang='lat' dir='ltr'><strong>dignatum</strong></span> <span class='ocrx_word' id='word_1_320' title='bbox 3120 1305 3295 1370; x_wconf 85' lang='lat' dir='ltr'><strong>esset,</strong></span> <span class='ocrx_word' id='word_1_321' title='bbox 3328 1301 3528 1358; x_wconf 88' lang='lat' dir='ltr'><strong>omnia</strong></span> <span class='ocrx_word' id='word_1_322' title='bbox 3556 1301 3666 1357; x_wconf 91' lang='lat' dir='ltr'><strong>im-</strong></span> 
     </span>
    </p>
   </div>
   <div class='ocr_carea' id='block_1_45' title="bbox 2017 1388 3669 1463">
    <p class='ocr_par' dir='ltr' id='par_1_45' title="bbox 2017 1388 3669 1463">
     <span class='ocr_line' id='line_1_45' title="bbox 2017 1388 3669 1463; baseline 0.002 -20"><span class='ocrx_word' id='word_1_323' title='bbox 2017 1388 2216 1461; x_wconf 87' lang='lat' dir='ltr'><strong>plevit,</strong></span> <span class='ocrx_word' id='word_1_324' title='bbox 2252 1393 2316 1444; x_wconf 91' lang='lat' dir='ltr'><strong>ut</strong></span> <span class='ocrx_word' id='word_1_325' title='bbox 2345 1389 2584 1445; x_wconf 83' lang='lat' dir='ltr'><strong>haberet</strong></span> <span class='ocrx_word' id='word_1_326' title='bbox 2615 1390 2770 1462; x_wconf 90' lang='lat' dir='ltr'><strong>quod</strong></span> <span class='ocrx_word' id='word_1_327' title='bbox 2805 1407 2908 1463; x_wconf 87' lang='lat' dir='ltr'><strong>pro</strong></span> <span class='ocrx_word' id='word_1_328' title='bbox 2955 1389 3125 1446; x_wconf 89' lang='lat' dir='ltr'><strong>nobis</strong></span> <span class='ocrx_word' id='word_1_329' title='bbox 3173 1390 3428 1447; x_wconf 72' lang='lat' dir='ltr'><strong>offerret.</strong></span> <span class='ocrx_word' id='word_1_330' title='bbox 3476 1395 3547 1447; x_wconf 87' lang='lat' dir='ltr'><strong>Et</strong></span> <span class='ocrx_word' id='word_1_331' title='bbox 3577 1392 3669 1447; x_wconf 78' lang='lat' dir='ltr'><strong>di-</strong></span> 
     </span>
    </p>
   </div>
   <div class='ocr_carea' id='block_1_46' title="bbox 2018 1478 3669 1552">
    <p class='ocr_par' dir='ltr' id='par_1_46' title="bbox 2018 1478 3669 1552">
     <span class='ocr_line' id='line_1_46' title="bbox 2018 1478 3669 1552; baseline 0.001 -18"><span class='ocrx_word' id='word_1_332' title='bbox 2018 1479 2190 1547; x_wconf 86' lang='lat' dir='ltr'><strong>citur,</strong></span> <span class='ocrx_word' id='word_1_333' title='bbox 2225 1478 2437 1535; x_wconf 91' lang='lat' dir='ltr'><strong>melius</strong></span> <span class='ocrx_word' id='word_1_334' title='bbox 2467 1478 2691 1551; x_wconf 88' lang='lat' dir='ltr'><strong>angelis</strong></span> <span class='ocrx_word' id='word_1_335' title='bbox 2745 1480 2987 1548; x_wconf 87' lang='lat' dir='ltr'><strong>factum,</strong></span> <span class='ocrx_word' id='word_1_336' title='bbox 3036 1496 3154 1535; x_wconf 91' lang='lat' dir='ltr'><strong>non</strong></span> <span class='ocrx_word' id='word_1_337' title='bbox 3203 1481 3359 1552; x_wconf 91' lang='lat' dir='ltr'><strong>quod</strong></span> <span class='ocrx_word' id='word_1_338' title='bbox 3409 1480 3669 1536; x_wconf 88' lang='lat' dir='ltr'><strong>Verbum</strong></span> 
     </span>
    </p>
   </div>
   <div class='ocr_carea' id='block_1_47' title="bbox 2019 1567 3671 1642">
    <p class='ocr_par' dir='ltr' id='par_1_47' title="bbox 2019 1567 3671 1642">
     <span class='ocr_line' id='line_1_47' title="bbox 2019 1567 3671 1642; baseline 0.001 -19"><span class='ocrx_word' id='word_1_339' title='bbox 2019 1567 2202 1623; x_wconf 87' lang='lat' dir='ltr'><strong>factor</strong></span> <span class='ocrx_word' id='word_1_340' title='bbox 2230 1567 2601 1642; x_wconf 80' lang='lat' dir='ltr'><strong>angelorum,</strong></span> <span class='ocrx_word' id='word_1_341' title='bbox 2659 1568 2872 1625; x_wconf 90' lang='lat' dir='ltr'><strong>melius</strong></span> <span class='ocrx_word' id='word_1_342' title='bbox 2905 1570 3125 1625; x_wconf 84' lang='lat' dir='ltr'><strong>factum</strong></span> <span class='ocrx_word' id='word_1_343' title='bbox 3181 1569 3280 1638; x_wconf 86' lang='lat' dir='ltr'><strong>sit,</strong></span> <span class='ocrx_word' id='word_1_344' title='bbox 3335 1568 3505 1642; x_wconf 87' lang='lat' dir='ltr'><strong>quasi</strong></span> <span class='ocrx_word' id='word_1_345' title='bbox 3565 1568 3671 1624; x_wconf 91' lang='lat' dir='ltr'><strong>ali-</strong></span> 
     </span>
    </p>
   </div>
   <div class='ocr_carea' id='block_1_48' title="bbox 2017 1657 3670 1731">
    <p class='ocr_par' dir='ltr' id='par_1_48' title="bbox 2017 1657 3670 1731">
     <span class='ocr_line' id='line_1_48' title="bbox 2017 1657 3670 1731; baseline 0.001 -19"><span class='ocrx_word' id='word_1_346' title='bbox 2017 1658 2251 1729; x_wconf 84' lang='lat' dir='ltr'><strong>quando</strong></span> <span class='ocrx_word' id='word_1_347' title='bbox 2283 1657 2481 1714; x_wconf 89' lang='lat' dir='ltr'><strong>minus</strong></span> <span class='ocrx_word' id='word_1_348' title='bbox 2504 1657 2622 1715; x_wconf 83' lang='lat' dir='ltr'><strong>illis</strong></span> <span class='ocrx_word' id='word_1_349' title='bbox 2656 1658 2829 1714; x_wconf 87' lang='lat' dir='ltr'><strong>fuerit</strong></span> <span class='ocrx_word' id='word_1_350' title='bbox 2862 1674 2875 1714; x_wconf 93' lang='lat'>:</span> <span class='ocrx_word' id='word_1_351' title='bbox 2911 1659 3014 1715; x_wconf 87' lang='lat' dir='ltr'><strong>sed</strong></span> <span class='ocrx_word' id='word_1_352' title='bbox 3057 1659 3246 1714; x_wconf 87' lang='lat' dir='ltr'><strong>forma</strong></span> <span class='ocrx_word' id='word_1_353' title='bbox 3285 1658 3457 1728; x_wconf 83' lang='lat' dir='ltr'><strong>servi,</strong></span> <span class='ocrx_word' id='word_1_354' title='bbox 3490 1674 3670 1731; x_wconf 89' lang='lat' dir='ltr'><strong>quam</strong></span> 
     </span>
    </p>
   </div>
   <div class='ocr_carea' id='block_1_49' title="bbox 2018 1745 3673 1821">
    <p class='ocr_par' dir='ltr' id='par_1_49' title="bbox 2018 1745 3673 1821">
     <span class='ocr_line' id='line_1_49' title="bbox 2018 1745 3673 1821; baseline 0.001 -20"><span class='ocrx_word' id='word_1_355' title='bbox 2018 1746 2217 1818; x_wconf 90' lang='lat' dir='ltr'><strong>ipsum</strong></span> <span class='ocrx_word' id='word_1_356' title='bbox 2247 1747 2507 1804; x_wconf 87' lang='lat' dir='ltr'><strong>Verbum</strong></span> <span class='ocrx_word' id='word_1_357' title='bbox 2538 1747 2833 1820; x_wconf 88' lang='lat' dir='ltr'><strong>propriam</strong></span> <span class='ocrx_word' id='word_1_358' title='bbox 2868 1746 2981 1803; x_wconf 86' lang='lat' dir='ltr'><strong>sibi</strong></span> <span class='ocrx_word' id='word_1_359' title='bbox 3012 1745 3267 1803; x_wconf 82' lang='lat' dir='ltr'><strong>naturali</strong></span> <span class='ocrx_word' id='word_1_360' title='bbox 3296 1747 3673 1821; x_wconf 83' lang='lat' dir='ltr'><strong>generatione</strong></span> 
     </span>
    </p>
   </div>
   <div class='ocr_carea' id='block_1_50' title="bbox 2020 1834 3672 1910">
    <p class='ocr_par' dir='ltr' id='par_1_50' title="bbox 2020 1834 3672 1910">
     <span class='ocr_line' id='line_1_50' title="bbox 2020 1834 3672 1910; baseline 0 -19"><span class='ocrx_word' id='word_1_361' title='bbox 2020 1835 2295 1904; x_wconf 86' lang='lat' dir='ltr'><strong>reddidit,</strong></span> <span class='ocrx_word' id='word_1_362' title='bbox 2330 1834 2538 1892; x_wconf 89' lang='lat' dir='ltr'><strong>melior</strong></span> <span class='ocrx_word' id='word_1_363' title='bbox 2565 1853 2635 1892; x_wconf 89' lang='lat' dir='ltr'><strong>ex</strong></span> <span class='ocrx_word' id='word_1_364' title='bbox 2683 1836 3028 1910; x_wconf 88' lang='lat' dir='ltr'><strong>protoplasti</strong></span> <span class='ocrx_word' id='word_1_365' title='bbox 3056 1836 3433 1910; x_wconf 86' lang='lat' dir='ltr'><strong>generatione</strong></span> <span class='ocrx_word' id='word_1_366' title='bbox 3473 1839 3672 1892; x_wconf 81' lang='lat' dir='ltr'><strong>exorta</strong></span> 
     </span>
    </p>
   </div>
   <div class='ocr_carea' id='block_1_51' title="bbox 2021 1924 3672 1998">
    <p class='ocr_par' dir='ltr' id='par_1_51' title="bbox 2021 1924 3672 1998">
     <span class='ocr_line' id='line_1_51' title="bbox 2021 1924 3672 1998; baseline 0 -17"><span class='ocrx_word' id='word_1_367' title='bbox 2021 1929 2132 1993; x_wconf 90' lang='lat' dir='ltr'><strong>est,</strong></span> <span class='ocrx_word' id='word_1_368' title='bbox 2165 1941 2388 1998; x_wconf 81' lang='lat' dir='ltr'><strong>nosque</strong></span> <span class='ocrx_word' id='word_1_369' title='bbox 2418 1925 2504 1981; x_wconf 91' lang='lat' dir='ltr'><strong>illi</strong></span> <span class='ocrx_word' id='word_1_370' title='bbox 2537 1928 2743 1982; x_wconf 86' lang='lat' dir='ltr'><strong>afﬁnes</strong></span> <span class='ocrx_word' id='word_1_371' title='bbox 2769 1925 3045 1995; x_wconf 89' lang='lat' dir='ltr'><strong>reddidit,</strong></span> <span class='ocrx_word' id='word_1_372' title='bbox 3078 1929 3143 1981; x_wconf 92' lang='lat' dir='ltr'><strong>ut</strong></span> <span class='ocrx_word' id='word_1_373' title='bbox 3177 1926 3373 1981; x_wconf 90' lang='lat' dir='ltr'><strong>dictur</strong></span> <span class='ocrx_word' id='word_1_374' title='bbox 3403 1924 3672 1996; x_wconf 87' lang='lat' dir='ltr'><strong>est,cives</strong></span> 
     </span>
    </p>
   </div>
   <div class='ocr_carea' id='block_1_52' title="bbox 2023 2015 3672 2082">
    <p class='ocr_par' dir='ltr' id='par_1_52' title="bbox 2023 2015 3672 2082">
     <span class='ocr_line' id='line_1_52' title="bbox 2023 2015 3672 2082; baseline -0.001 -12"><span class='ocrx_word' id='word_1_375' title='bbox 2023 2020 2383 2082; x_wconf 89' lang='lat' dir='ltr'><strong>sanctorum,</strong></span> <span class='ocrx_word' id='word_1_376' title='bbox 2415 2018 2471 2071; x_wconf 90' lang='lat' dir='ltr'><strong>et</strong></span> <span class='ocrx_word' id='word_1_377' title='bbox 2501 2015 2817 2072; x_wconf 83' lang='lat' dir='ltr'><strong>familiares</strong></span> <span class='ocrx_word' id='word_1_378' title='bbox 2839 2016 2954 2072; x_wconf 92' lang='lat' dir='ltr'><strong>Deo</strong></span> <span class='ocrx_word' id='word_1_379' title='bbox 2984 2015 3221 2072; x_wconf 82' lang='lat' dir='ltr'><strong>eﬂ&#39;ectos</strong></span> <span class='ocrx_word' id='word_1_380' title='bbox 3255 2031 3268 2071; x_wconf 89' lang='lat'><strong>:</strong></span> <span class='ocrx_word' id='word_1_381' title='bbox 3300 2030 3433 2071; x_wconf 88' lang='lat' dir='ltr'><strong>caro</strong></span> <span class='ocrx_word' id='word_1_382' title='bbox 3457 2030 3672 2070; x_wconf 84' lang='lat' dir='ltr'><strong>secun-</strong></span> 
     </span>
    </p>
   </div>
   <div class='ocr_carea' id='block_1_53' title="bbox 2023 2104 3670 2178">
    <p class='ocr_par' dir='ltr' id='par_1_53' title="bbox 2023 2104 3670 2178">
     <span class='ocr_line' id='line_1_53' title="bbox 2023 2104 3670 2178; baseline -0.002 -18"><span class='ocrx_word' id='word_1_383' title='bbox 2023 2105 2165 2160; x_wconf 89' lang='lat' dir='ltr'><strong>dum</strong></span> <span class='ocrx_word' id='word_1_384' title='bbox 2197 2107 2467 2161; x_wconf 88' lang='lat' dir='ltr'><strong>naturam</strong></span> <span class='ocrx_word' id='word_1_385' title='bbox 2500 2104 2738 2178; x_wconf 86' lang='lat' dir='ltr'><strong>propria</strong></span> <span class='ocrx_word' id='word_1_386' title='bbox 2783 2105 2899 2161; x_wconf 77' lang='lat' dir='ltr'><strong>Deo</strong></span> <span class='ocrx_word' id='word_1_387' title='bbox 2932 2104 3084 2161; x_wconf 80' lang='lat' dir='ltr'><strong>facta</strong></span> <span class='ocrx_word' id='word_1_388' title='bbox 3140 2107 3249 2173; x_wconf 87' lang='lat' dir='ltr'><strong>est,</strong></span> <span class='ocrx_word' id='word_1_389' title='bbox 3309 2119 3416 2159; x_wconf 90' lang='lat' dir='ltr'><strong>nec</strong></span> <span class='ocrx_word' id='word_1_390' title='bbox 3470 2106 3670 2158; x_wconf 89' lang='lat' dir='ltr'><strong>tamen</strong></span> 
     </span>
    </p>
   </div>
   <div class='ocr_carea' id='block_1_54' title="bbox 2024 2191 3673 2265">
    <p class='ocr_par' dir='ltr' id='par_1_54' title="bbox 2024 2191 3673 2265">
     <span class='ocr_line' id='line_1_54' title="bbox 2024 2191 3673 2265; baseline -0.002 -16"><span class='ocrx_word' id='word_1_391' title='bbox 2024 2193 2549 2250; x_wconf 88' lang='lat' dir='ltr'><strong>consubstantialis</strong></span> <span class='ocrx_word' id='word_1_392' title='bbox 2573 2198 2662 2250; x_wconf 91' lang='lat' dir='ltr'><strong>est</strong></span> <span class='ocrx_word' id='word_1_393' title='bbox 2690 2194 2865 2250; x_wconf 89' lang='lat' dir='ltr'><strong>Verbi</strong></span> <span class='ocrx_word' id='word_1_394' title='bbox 2923 2192 3150 2265; x_wconf 89' lang='lat' dir='ltr'><strong>deitati,</strong></span> <span class='ocrx_word' id='word_1_395' title='bbox 3208 2192 3387 2264; x_wconf 87' lang='lat' dir='ltr'><strong>quasi</strong></span> <span class='ocrx_word' id='word_1_396' title='bbox 3436 2191 3525 2247; x_wconf 89' lang='lat' dir='ltr'><strong>illi</strong></span> <span class='ocrx_word' id='word_1_397' title='bbox 3581 2207 3673 2246; x_wconf 89' lang='lat' dir='ltr'><strong>co-</strong></span> 
     </span>
    </p>
   </div>
   <div class='ocr_carea' id='block_1_55' title="bbox 2024 2281 3671 2355">
    <p class='ocr_par' dir='ltr' id='par_1_55' title="bbox 2024 2281 3671 2355">
     <span class='ocr_line' id='line_1_55' title="bbox 2024 2281 3671 2355; baseline -0.003 -16"><span class='ocrx_word' id='word_1_398' title='bbox 2024 2288 2242 2339; x_wconf 75' lang='lat' dir='ltr'><strong>aeterna</strong></span> <span class='ocrx_word' id='word_1_399' title='bbox 2269 2287 2444 2338; x_wconf 88' lang='lat' dir='ltr'><strong>esset.</strong></span> <span class='ocrx_word' id='word_1_400' title='bbox 2499 2283 2609 2339; x_wconf 88' lang='lat' dir='ltr'><strong>Sed</strong></span> <span class='ocrx_word' id='word_1_401' title='bbox 2641 2282 2879 2355; x_wconf 85' lang='lat' dir='ltr'><strong>propria</strong></span> <span class='ocrx_word' id='word_1_402' title='bbox 2907 2281 2996 2337; x_wconf 88' lang='lat' dir='ltr'><strong>illi</strong></span> <span class='ocrx_word' id='word_1_403' title='bbox 3038 2283 3366 2338; x_wconf 88' lang='lat' dir='ltr'><strong>secundum</strong></span> <span class='ocrx_word' id='word_1_404' title='bbox 3399 2283 3671 2336; x_wconf 90' lang='lat' dir='ltr'><strong>naturam</strong></span> 
     </span>
    </p>
   </div>
   <div class='ocr_carea' id='block_1_56' title="bbox 2027 2367 3674 2444">
    <p class='ocr_par' dir='ltr' id='par_1_56' title="bbox 2027 2367 3674 2444">
     <span class='ocr_line' id='line_1_56' title="bbox 2027 2367 3674 2444; baseline -0.002 -18"><span class='ocrx_word' id='word_1_405' title='bbox 2027 2370 2197 2442; x_wconf 86' lang='lat' dir='ltr'><strong>facta,</strong></span> <span class='ocrx_word' id='word_1_406' title='bbox 2229 2373 2288 2427; x_wconf 87' lang='lat' dir='ltr'><strong>et</strong></span> <span class='ocrx_word' id='word_1_407' title='bbox 2318 2368 2695 2427; x_wconf 88' lang='lat' dir='ltr'><strong>indivisibilis</strong></span> <span class='ocrx_word' id='word_1_408' title='bbox 2726 2376 2965 2444; x_wconf 82' lang='lat' dir='ltr'><strong>propter</strong></span> <span class='ocrx_word' id='word_1_409' title='bbox 2994 2371 3273 2426; x_wconf 89' lang='lat' dir='ltr'><strong>unionem</strong></span> <span class='ocrx_word' id='word_1_410' title='bbox 3306 2386 3319 2424; x_wconf 90' lang='lat'><strong>:</strong></span> <span class='ocrx_word' id='word_1_411' title='bbox 3355 2386 3425 2426; x_wconf 82' lang='lat' dir='ltr'><strong>ex</strong></span> <span class='ocrx_word' id='word_1_412' title='bbox 3448 2367 3674 2425; x_wconf 86' lang='lat' dir='ltr'><strong>semine</strong></span> 
     </span>
    </p>
   </div>
   <div class='ocr_carea' id='block_1_57' title="bbox 2026 2456 3675 2532">
    <p class='ocr_par' dir='ltr' id='par_1_57' title="bbox 2026 2456 3675 2532">
     <span class='ocr_line' id='line_1_57' title="bbox 2026 2456 3675 2532; baseline -0.003 -16"><span class='ocrx_word' id='word_1_413' title='bbox 2026 2459 2229 2531; x_wconf 83' lang='lat' dir='ltr'><strong>David,</strong></span> <span class='ocrx_word' id='word_1_414' title='bbox 2262 2459 2523 2530; x_wconf 81' lang='lat' dir='ltr'><strong>Abrahae,</strong></span> <span class='ocrx_word' id='word_1_415' title='bbox 2558 2465 2614 2516; x_wconf 92' lang='lat' dir='ltr'><strong>et</strong></span> <span class='ocrx_word' id='word_1_416' title='bbox 2654 2461 2811 2527; x_wconf 83' lang='lat' dir='ltr'><strong>Adae,</strong></span> <span class='ocrx_word' id='word_1_417' title='bbox 2845 2478 2912 2516; x_wconf 86' lang='lat' dir='ltr'><strong>ex</strong></span> <span class='ocrx_word' id='word_1_418' title='bbox 2965 2477 3080 2532; x_wconf 89' lang='lat' dir='ltr'><strong>quo</strong></span> <span class='ocrx_word' id='word_1_419' title='bbox 3129 2463 3188 2516; x_wconf 91' lang='lat' dir='ltr'><strong>et</strong></span> <span class='ocrx_word' id='word_1_420' title='bbox 3233 2476 3338 2515; x_wconf 85' lang='lat' dir='ltr'><strong>nos</strong></span> <span class='ocrx_word' id='word_1_421' title='bbox 3386 2456 3675 2531; x_wconf 86' lang='lat' dir='ltr'><strong>progeniti</strong></span> 
     </span>
    </p>
   </div>
   <div class='ocr_carea' id='block_1_58' title="bbox 2026 2548 3673 2616">
    <p class='ocr_par' dir='ltr' id='par_1_58' title="bbox 2026 2548 3673 2616">
     <span class='ocr_line' id='line_1_58' title="bbox 2026 2548 3673 2616; baseline -0.002 -11"><span class='ocrx_word' id='word_1_422' title='bbox 2026 2565 2258 2605; x_wconf 87' lang='lat' dir='ltr'><strong>sumus.</strong></span> <span class='ocrx_word' id='word_1_423' title='bbox 2308 2549 2473 2616; x_wconf 88' lang='lat' dir='ltr'><strong>Quod</strong></span> <span class='ocrx_word' id='word_1_424' title='bbox 2524 2549 2574 2605; x_wconf 93' lang='lat' dir='ltr'><strong>si</strong></span> <span class='ocrx_word' id='word_1_425' title='bbox 2622 2549 2802 2606; x_wconf 83' lang='lat' dir='ltr'><strong>Verbo</strong></span> <span class='ocrx_word' id='word_1_426' title='bbox 2850 2548 3370 2606; x_wconf 89' lang='lat' dir='ltr'><strong>consubstantialis</strong></span> <span class='ocrx_word' id='word_1_427' title='bbox 3402 2551 3491 2603; x_wconf 92' lang='lat' dir='ltr'><strong>est</strong></span> <span class='ocrx_word' id='word_1_428' title='bbox 3519 2564 3673 2613; x_wconf 86' lang='lat' dir='ltr'><strong>caro,</strong></span> 
     </span>
    </p>
   </div>
   <div class='ocr_carea' id='block_1_59' title="bbox 2027 2639 3676 2711">
    <p class='ocr_par' dir='ltr' id='par_1_59' title="bbox 2027 2639 3676 2711">
     <span class='ocr_line' id='line_1_59' title="bbox 2027 2639 3676 2711; baseline -0.002 -16"><span class='ocrx_word' id='word_1_429' title='bbox 2027 2644 2087 2696; x_wconf 91' lang='lat' dir='ltr'><strong>et</strong></span> <span class='ocrx_word' id='word_1_430' title='bbox 2133 2642 2460 2708; x_wconf 69' lang='lat' dir='ltr'><strong>coaeterna;</strong></span> <span class='ocrx_word' id='word_1_431' title='bbox 2503 2640 2629 2711; x_wconf 86' lang='lat' dir='ltr'><strong>jam</strong></span> <span class='ocrx_word' id='word_1_432' title='bbox 2675 2639 2814 2694; x_wconf 90' lang='lat' dir='ltr'><strong>hinc</strong></span> <span class='ocrx_word' id='word_1_433' title='bbox 2864 2639 3070 2695; x_wconf 88' lang='lat' dir='ltr'><strong>dicetis</strong></span> <span class='ocrx_word' id='word_1_434' title='bbox 3122 2655 3328 2695; x_wconf 86' lang='lat' dir='ltr'><strong>omnes</strong></span> <span class='ocrx_word' id='word_1_435' title='bbox 3377 2641 3676 2694; x_wconf 85' lang='lat' dir='ltr'><strong>creaturas</strong></span> 
     </span>
    </p>
   </div>
   <div class='ocr_carea' id='block_1_60' title="bbox 2027 2725 3673 2798">
    <p class='ocr_par' dir='ltr' id='par_1_60' title="bbox 2027 2725 3673 2798">
     <span class='ocr_line' id='line_1_60' title="bbox 2027 2725 3673 2798; baseline -0.003 -13"><span class='ocrx_word' id='word_1_436' title='bbox 2027 2728 2294 2785; x_wconf 89' lang='lat' dir='ltr'><strong>omnium</strong></span> <span class='ocrx_word' id='word_1_437' title='bbox 2352 2729 2601 2784; x_wconf 90' lang='lat' dir='ltr'><strong>creatori</strong></span> <span class='ocrx_word' id='word_1_438' title='bbox 2658 2728 2776 2785; x_wconf 88' lang='lat' dir='ltr'><strong>Deo</strong></span> <span class='ocrx_word' id='word_1_439' title='bbox 2835 2733 3151 2785; x_wconf 75' lang='lat' dir='ltr'><strong>coaeternus</strong></span> <span class='ocrx_word' id='word_1_440' title='bbox 3208 2744 3358 2784; x_wconf 86' lang='lat' dir='ltr'><strong>esse.</strong></span> <span class='ocrx_word' id='word_1_441' title='bbox 3418 2731 3496 2781; x_wconf 85' lang='lat' dir='ltr'><strong>At</strong></span> <span class='ocrx_word' id='word_1_442' title='bbox 3550 2725 3673 2798; x_wconf 88' lang='lat' dir='ltr'><strong>qui,</strong></span> 
     </span>
    </p>
   </div>
   <div class='ocr_carea' id='block_1_61' title="bbox 2029 2814 3674 2890">
    <p class='ocr_par' dir='ltr' id='par_1_61' title="bbox 2029 2814 3674 2890">
     <span class='ocr_line' id='line_1_61' title="bbox 2029 2814 3674 2890; baseline -0.001 -17"><span class='ocrx_word' id='word_1_443' title='bbox 2029 2833 2248 2890; x_wconf 67' lang='lat' dir='ltr'><strong>quaeso,</strong></span> <span class='ocrx_word' id='word_1_444' title='bbox 2281 2816 2474 2873; x_wconf 87' lang='lat' dir='ltr'><strong>adhuc</strong></span> <span class='ocrx_word' id='word_1_445' title='bbox 2503 2816 2823 2873; x_wconf 87' lang='lat' dir='ltr'><strong>Christiani</strong></span> <span class='ocrx_word' id='word_1_446' title='bbox 2849 2816 3035 2884; x_wconf 88' lang='lat' dir='ltr'><strong>eritis,</strong></span> <span class='ocrx_word' id='word_1_447' title='bbox 3068 2817 3169 2890; x_wconf 88' lang='lat' dir='ltr'><strong>qui</strong></span> <span class='ocrx_word' id='word_1_448' title='bbox 3212 2815 3429 2872; x_wconf 84' lang='lat' dir='ltr'><strong>talibus</strong></span> <span class='ocrx_word' id='word_1_449' title='bbox 3459 2832 3560 2871; x_wconf 87' lang='lat' dir='ltr'><strong>vos</strong></span> <span class='ocrx_word' id='word_1_450' title='bbox 3590 2814 3674 2871; x_wconf 88' lang='lat' dir='ltr'><strong>la-</strong></span> 
     </span>
    </p>
   </div>
   <div class='ocr_carea' id='block_1_62' title="bbox 2028 2904 3677 2979">
    <p class='ocr_par' dir='ltr' id='par_1_62' title="bbox 2028 2904 3677 2979">
     <span class='ocr_line' id='line_1_62' title="bbox 2028 2904 3677 2979; baseline -0.002 -17"><span class='ocrx_word' id='word_1_451' title='bbox 2028 2906 2196 2978; x_wconf 87' lang='lat' dir='ltr'><strong>queis</strong></span> <span class='ocrx_word' id='word_1_452' title='bbox 2226 2905 2544 2979; x_wconf 89' lang='lat' dir='ltr'><strong>implicatis</strong></span> <span class='ocrx_word' id='word_1_453' title='bbox 2564 2906 2593 2961; x_wconf 89' lang='lat'><strong>?</strong></span> <span class='ocrx_word' id='word_1_454' title='bbox 2624 2906 2771 2962; x_wconf 85' lang='lat' dir='ltr'><strong>Nam</strong></span> <span class='ocrx_word' id='word_1_455' title='bbox 2805 2907 2960 2978; x_wconf 88' lang='lat' dir='ltr'><strong>quod</strong></span> <span class='ocrx_word' id='word_1_456' title='bbox 3010 2904 3530 2976; x_wconf 88' lang='lat' dir='ltr'><strong>sonsubstantiale,</strong></span> <span class='ocrx_word' id='word_1_457' title='bbox 3564 2904 3677 2959; x_wconf 89' lang='lat' dir='ltr'><strong>im-</strong></span> 
     </span>
    </p>
   </div>
   <div class='ocr_carea' id='block_1_63' title="bbox 2027 2993 3675 3068">
    <p class='ocr_par' dir='ltr' id='par_1_63' title="bbox 2027 2993 3675 3068">
     <span class='ocr_line' id='line_1_63' title="bbox 2027 2993 3675 3068; baseline -0.002 -17"><span class='ocrx_word' id='word_1_458' title='bbox 2027 2993 2330 3068; x_wconf 84' lang='lat' dir='ltr'><strong>passibile,</strong></span> <span class='ocrx_word' id='word_1_459' title='bbox 2381 2999 2438 3051; x_wconf 91' lang='lat' dir='ltr'><strong>et</strong></span> <span class='ocrx_word' id='word_1_460' title='bbox 2485 2995 2693 3051; x_wconf 84' lang='lat' dir='ltr'><strong>mortis</strong></span> <span class='ocrx_word' id='word_1_461' title='bbox 2745 2996 2993 3067; x_wconf 82' lang='lat' dir='ltr'><strong>incapax</strong></span> <span class='ocrx_word' id='word_1_462' title='bbox 3041 2999 3155 3064; x_wconf 89' lang='lat' dir='ltr'><strong>est,</strong></span> <span class='ocrx_word' id='word_1_463' title='bbox 3215 2994 3492 3050; x_wconf 90' lang='lat' dir='ltr'><strong>unionem</strong></span> <span class='ocrx_word' id='word_1_464' title='bbox 3541 3009 3675 3049; x_wconf 90' lang='lat' dir='ltr'><strong>cum</strong></span> 
     </span>
    </p>
   </div>
   <div class='ocr_carea' id='block_1_64' title="bbox 2026 3082 3678 3156">
    <p class='ocr_par' dir='ltr' id='par_1_64' title="bbox 2026 3082 3678 3156">
     <span class='ocr_line' id='line_1_64' title="bbox 2026 3082 3678 3156; baseline -0.002 -17"><span class='ocrx_word' id='word_1_465' title='bbox 2026 3082 2518 3140; x_wconf 86' lang='lat' dir='ltr'><strong>consubstantiali</strong></span> <span class='ocrx_word' id='word_1_466' title='bbox 2550 3101 2662 3140; x_wconf 90' lang='lat' dir='ltr'><strong>non</strong></span> <span class='ocrx_word' id='word_1_467' title='bbox 2678 3085 2937 3141; x_wconf 85' lang='lat' dir='ltr'><strong>admittit</strong></span> <span class='ocrx_word' id='word_1_468' title='bbox 2956 3084 3281 3141; x_wconf 89' lang='lat' dir='ltr'><strong>secundum</strong></span> <span class='ocrx_word' id='word_1_469' title='bbox 3305 3082 3648 3156; x_wconf 82' lang='lat' dir='ltr'><strong>hypostasin</strong></span> <span class='ocrx_word' id='word_1_470' title='bbox 3663 3125 3678 3149; x_wconf 87' lang='lat'><strong>,</strong></span> 
     </span>
    </p>
   </div>
   <div class='ocr_carea' id='block_1_65' title="bbox 2026 3174 3677 3248">
    <p class='ocr_par' dir='ltr' id='par_1_65' title="bbox 2026 3174 3677 3248">
     <span class='ocr_line' id='line_1_65' title="bbox 2026 3174 3677 3248; baseline 0 -18"><span class='ocrx_word' id='word_1_471' title='bbox 2026 3174 2130 3231; x_wconf 89' lang='lat' dir='ltr'><strong>sed</strong></span> <span class='ocrx_word' id='word_1_472' title='bbox 2154 3175 2482 3231; x_wconf 88' lang='lat' dir='ltr'><strong>secundum</strong></span> <span class='ocrx_word' id='word_1_473' title='bbox 2513 3180 2825 3232; x_wconf 90' lang='lat' dir='ltr'><strong>naturam:</strong></span> <span class='ocrx_word' id='word_1_474' title='bbox 2858 3193 3029 3248; x_wconf 89' lang='lat' dir='ltr'><strong>porro</strong></span> <span class='ocrx_word' id='word_1_475' title='bbox 3060 3176 3386 3233; x_wconf 89' lang='lat' dir='ltr'><strong>secundum</strong></span> <span class='ocrx_word' id='word_1_476' title='bbox 3406 3174 3677 3247; x_wconf 76' lang='lat' dir='ltr'><strong>hyposta-</strong></span> 
     </span>
    </p>
   </div>
   <div class='ocr_carea' id='block_1_66' title="bbox 2027 3264 3678 3337">
    <p class='ocr_par' dir='ltr' id='par_1_66' title="bbox 2027 3264 3678 3337">
     <span class='ocr_line' id='line_1_66' title="bbox 2027 3264 3678 3337; baseline -0.001 -17"><span class='ocrx_word' id='word_1_477' title='bbox 2027 3264 2140 3336; x_wconf 85' lang='lat' dir='ltr'><strong>sin,</strong></span> <span class='ocrx_word' id='word_1_478' title='bbox 2172 3264 2468 3337; x_wconf 87' lang='lat' dir='ltr'><strong>propriam</strong></span> <span class='ocrx_word' id='word_1_479' title='bbox 2526 3265 2941 3337; x_wconf 81' lang='lat' dir='ltr'><strong>perfectionem</strong></span> <span class='ocrx_word' id='word_1_480' title='bbox 3001 3265 3254 3322; x_wconf 84' lang='lat' dir='ltr'><strong>exhibet.</strong></span> <span class='ocrx_word' id='word_1_481' title='bbox 3315 3266 3518 3336; x_wconf 90' lang='lat' dir='ltr'><strong>Itaque</strong></span> <span class='ocrx_word' id='word_1_482' title='bbox 3576 3279 3678 3336; x_wconf 91' lang='lat' dir='ltr'><strong>per</strong></span> 
     </span>
    </p>
   </div>
   <div class='ocr_carea' id='block_1_67' title="bbox 268 3338 1931 3429">
    <p class='ocr_par' dir='ltr' id='par_1_67' title="bbox 268 3338 1919 3429">
     <span class='ocr_line' id='line_1_67' title="bbox 268 3338 1919 3429; baseline -0.002 -21"><span class='ocrx_word' id='word_1_483' title='bbox 268 3338 448 3427; x_wconf 79' lang='grc' dir='ltr'>σάρκα</span> <span class='ocrx_word' id='word_1_484' title='bbox 494 3350 758 3424; x_wconf 83' lang='grc' dir='ltr'>ἀρνεῖσθε,</span> <span class='ocrx_word' id='word_1_485' title='bbox 798 3349 834 3420; x_wconf 74' lang='grc' dir='ltr'>ἢ</span> <span class='ocrx_word' id='word_1_486' title='bbox 885 3351 988 3421; x_wconf 78' lang='grc' dir='ltr'>τὴν</span> <span class='ocrx_word' id='word_1_487' title='bbox 1035 3351 1264 3422; x_wconf 84' lang='grc' dir='ltr'>θεότητα</span> <span class='ocrx_word' id='word_1_488' title='bbox 1320 3349 1715 3429; x_wconf 80' lang='grc' dir='ltr'>βλασφημεῖτε.</span> <span class='ocrx_word' id='word_1_489' title='bbox 1760 3351 1823 3409; x_wconf 74' lang='grc' dir='ltr'><strong>Εἴ</strong></span> <span class='ocrx_word' id='word_1_490' title='bbox 1862 3347 1919 3405; x_wconf 71' lang='grc' dir='ltr'>δὲ</span> 
     </span>
    </p>
   </div>
   <div class='ocr_carea' id='block_1_68' title="bbox 2030 3338 3673 3429">
    <p class='ocr_par' dir='ltr' id='par_1_68' title="bbox 2031 3352 3673 3427">
     <span class='ocr_line' id='line_1_68' title="bbox 2031 3352 3673 3427; baseline -0.002 -17"><span class='ocrx_word' id='word_1_491' title='bbox 2031 3352 2396 3427; x_wconf 85' lang='lat' dir='ltr'><strong>religiosum,</strong></span> <span class='ocrx_word' id='word_1_492' title='bbox 2429 3358 2493 3410; x_wconf 91' lang='lat' dir='ltr'><strong>ut</strong></span> <span class='ocrx_word' id='word_1_493' title='bbox 2538 3355 2864 3425; x_wconf 69' lang='lat' dir='ltr'><strong>aestimatis,</strong></span> <span class='ocrx_word' id='word_1_494' title='bbox 2926 3360 3185 3412; x_wconf 87' lang='lat' dir='ltr'><strong>vestrum</strong></span> <span class='ocrx_word' id='word_1_495' title='bbox 3253 3356 3673 3418; x_wconf 88' lang='lat' dir='ltr'><strong>commentum,</strong></span> 
     </span>
    </p>
   </div>
   <div class='ocr_carea' id='block_1_69' title="bbox 267 3438 1920 3515">
    <p class='ocr_par' dir='ltr' id='par_1_69' title="bbox 267 3438 1920 3515">
     <span class='ocr_line' id='line_1_69' title="bbox 267 3438 1920 3515; baseline -0.001 -20"><span class='ocrx_word' id='word_1_496' title='bbox 267 3438 414 3495; x_wconf 75' lang='grc' dir='ltr'>οὕτω</span> <span class='ocrx_word' id='word_1_497' title='bbox 458 3439 550 3495; x_wconf 82' lang='grc' dir='ltr'><strong>καὶ</strong></span> <span class='ocrx_word' id='word_1_498' title='bbox 587 3438 681 3494; x_wconf 85' lang='grc' dir='ltr'><strong>τὸν</strong></span> <span class='ocrx_word' id='word_1_499' title='bbox 737 3439 860 3495; x_wconf 71' lang='grc' dir='ltr'><strong>Υἱὸν</strong></span> <span class='ocrx_word' id='word_1_500' title='bbox 921 3438 1250 3515; x_wconf 82' lang='grc' dir='ltr'>ὁμολογεῖτε</span> <span class='ocrx_word' id='word_1_501' title='bbox 1294 3440 1587 3514; x_wconf 75' lang='grc' dir='ltr'>ὁμοοόσιον</span> <span class='ocrx_word' id='word_1_502' title='bbox 1639 3443 1719 3513; x_wconf 76' lang='grc' dir='ltr'><strong>τῷ</strong></span> <span class='ocrx_word' id='word_1_503' title='bbox 1749 3439 1920 3514; x_wconf 81' lang='grc' dir='ltr'>Πατρί</span> 
     </span>
    </p>
   </div>
   <div class='ocr_carea' id='block_1_70' title="bbox 263 3528 1921 3605">
    <p class='ocr_par' dir='ltr' id='par_1_70' title="bbox 263 3528 1921 3605">
     <span class='ocr_line' id='line_1_70' title="bbox 263 3528 1921 3605; baseline -0.001 -21"><span class='ocrx_word' id='word_1_504' title='bbox 263 3529 450 3584; x_wconf 79' lang='grc' dir='ltr'>καὶτὸ</span> <span class='ocrx_word' id='word_1_505' title='bbox 478 3532 704 3603; x_wconf 81' lang='grc' dir='ltr'>Πνεῦμα</span> <span class='ocrx_word' id='word_1_506' title='bbox 756 3529 820 3584; x_wconf 83' lang='grc' dir='ltr'>τὸ</span> <span class='ocrx_word' id='word_1_507' title='bbox 867 3529 1043 3605; x_wconf 84' lang='grc' dir='ltr'>άγιον,</span> <span class='ocrx_word' id='word_1_508' title='bbox 1093 3528 1168 3591; x_wconf 86' lang='grc' dir='ltr'><strong>ὡς</strong></span> <span class='ocrx_word' id='word_1_509' title='bbox 1208 3529 1309 3598; x_wconf 85' lang='grc' dir='ltr'><strong>τὴν</strong></span> <span class='ocrx_word' id='word_1_510' title='bbox 1366 3530 1537 3604; x_wconf 82' lang='grc' dir='ltr'>σάρκα</span> <span class='ocrx_word' id='word_1_511' title='bbox 1579 3530 1680 3599; x_wconf 75' lang='grc' dir='ltr'><strong>τὴν</strong></span> <span class='ocrx_word' id='word_1_512' title='bbox 1710 3532 1921 3592; x_wconf 87' lang='grc' dir='ltr'>παθοῦ-</span> 
     </span>
    </p>
   </div>
   <div class='ocr_carea' id='block_1_71' title="bbox 267 3612 1920 3696">
    <p class='ocr_par' dir='ltr' id='par_1_71' title="bbox 267 3612 1920 3696">
     <span class='ocr_line' id='line_1_71' title="bbox 267 3612 1920 3696; baseline -0.001 -22"><span class='ocrx_word' id='word_1_513' title='bbox 267 3640 362 3675; x_wconf 90' lang='grc' dir='ltr'><strong>σον</strong></span> <span class='ocrx_word' id='word_1_514' title='bbox 612 3617 703 3673; x_wconf 85' lang='grc' dir='ltr'><strong>καὶ</strong></span> <span class='ocrx_word' id='word_1_515' title='bbox 758 3617 812 3673; x_wconf 90' lang='grc' dir='ltr'><strong>τί</strong></span> <span class='ocrx_word' id='word_1_516' title='bbox 855 3612 935 3674; x_wconf 77' lang='grc' dir='ltr'>ἔτι</span> <span class='ocrx_word' id='word_1_517' title='bbox 985 3619 1133 3693; x_wconf 78' lang='grc' dir='ltr'>ἡμᾶς</span> <span class='ocrx_word' id='word_1_518' title='bbox 1195 3618 1510 3696; x_wconf 74' lang='grc' dir='ltr'>μέμφεσθε,</span> <span class='ocrx_word' id='word_1_519' title='bbox 1568 3618 1643 3680; x_wconf 81' lang='grc' dir='ltr'>ὡς</span> <span class='ocrx_word' id='word_1_520' title='bbox 1690 3614 1920 3694; x_wconf 68' lang='grc' dir='ltr'>τετράδα</span> 
     </span>
    </p>
   </div>
   <div class='ocr_carea' id='block_1_72' title="bbox 269 3703 1917 3784">
    <p class='ocr_par' dir='ltr' id='par_1_72' title="bbox 269 3703 1917 3784">
     <span class='ocr_line' id='line_1_72' title="bbox 269 3703 1917 3784; baseline -0.002 -20"><span class='ocrx_word' id='word_1_521' title='bbox 269 3707 391 3764; x_wconf 78' lang='grc' dir='ltr'>ἀντὶ</span> <span class='ocrx_word' id='word_1_522' title='bbox 429 3705 656 3783; x_wconf 87' lang='grc' dir='ltr'>Τριάδος</span> <span class='ocrx_word' id='word_1_523' title='bbox 704 3706 981 3784; x_wconf 71' lang='grc' dir='ltr'>λέγοντας,</span> <span class='ocrx_word' id='word_1_524' title='bbox 1032 3705 1189 3763; x_wconf 74' lang='grc' dir='ltr'>αὐτοὶ</span> <span class='ocrx_word' id='word_1_525' title='bbox 1235 3704 1468 3784; x_wconf 79' lang='grc' dir='ltr'>τετράδα</span> <span class='ocrx_word' id='word_1_526' title='bbox 1515 3707 1630 3762; x_wconf 78' lang='grc' dir='ltr'>ἀντὶ</span> <span class='ocrx_word' id='word_1_527' title='bbox 1681 3703 1917 3781; x_wconf 86' lang='grc' dir='ltr'>Τριάδος</span> 
     </span>
    </p>
   </div>
   <div class='ocr_carea' id='block_1_73' title="bbox 265 3794 1920 3873">
    <p class='ocr_par' dir='ltr' id='par_1_73' title="bbox 265 3794 1920 3873">
     <span class='ocr_line' id='line_1_73' title="bbox 265 3794 1920 3873; baseline -0.004 -18"><span class='ocrx_word' id='word_1_528' title='bbox 265 3797 359 3856; x_wconf 86' lang='grc' dir='ltr'><strong>καὶ</strong></span> <span class='ocrx_word' id='word_1_529' title='bbox 392 3794 611 3861; x_wconf 77' lang='grc' dir='ltr'>ἄκοντες</span> <span class='ocrx_word' id='word_1_530' title='bbox 656 3796 1096 3873; x_wconf 78' lang='grc' dir='ltr'>ὁμολογοῦντες,</span> <span class='ocrx_word' id='word_1_531' title='bbox 1148 3795 1398 3872; x_wconf 69' lang='grc' dir='ltr'>λέγοντες</span> <span class='ocrx_word' id='word_1_532' title='bbox 1444 3795 1740 3872; x_wconf 86' lang='grc' dir='ltr'>ὁμοουσίαν</span> <span class='ocrx_word' id='word_1_533' title='bbox 1792 3796 1920 3852; x_wconf 71' lang='grc' dir='ltr'>εἶναι</span> 
     </span>
    </p>
   </div>
   <div class='ocr_carea' id='block_1_74' title="bbox 265 3885 1917 3965">
    <p class='ocr_par' dir='ltr' id='par_1_74' title="bbox 265 3885 1917 3965">
     <span class='ocr_line' id='line_1_74' title="bbox 265 3885 1917 3965; baseline -0.004 -19"><span class='ocrx_word' id='word_1_534' title='bbox 265 3892 338 3965; x_wconf 75' lang='grc' dir='ltr'><strong>τῇ</strong></span> <span class='ocrx_word' id='word_1_535' title='bbox 369 3885 559 3964; x_wconf 89' lang='grc' dir='ltr'>Τριάδι</span> <span class='ocrx_word' id='word_1_536' title='bbox 585 3888 686 3958; x_wconf 77' lang='grc' dir='ltr'><strong>τὴν</strong></span> <span class='ocrx_word' id='word_1_537' title='bbox 718 3888 928 3964; x_wconf 87' lang='grc' dir='ltr'>σάρκα;</span> <span class='ocrx_word' id='word_1_538' title='bbox 969 3885 1158 3943; x_wconf 90' lang='grc' dir='ltr'>Τοίνυν</span> <span class='ocrx_word' id='word_1_539' title='bbox 1211 3886 1409 3961; x_wconf 87' lang='grc' dir='ltr'>ματαία</span> <span class='ocrx_word' id='word_1_540' title='bbox 1454 3889 1491 3957; x_wconf 78' lang='grc' dir='ltr'><strong>ἡ</strong></span> <span class='ocrx_word' id='word_1_541' title='bbox 1540 3885 1719 3948; x_wconf 88' lang='grc' dir='ltr'>πίστις</span> <span class='ocrx_word' id='word_1_542' title='bbox 1764 3886 1917 3959; x_wconf 80' lang='grc' dir='ltr'>ὐμῶν</span> 
     </span>
    </p>
   </div>
   <div class='ocr_carea' id='block_1_75' title="bbox 269 3970 1918 4052">
    <p class='ocr_par' dir='ltr' id='par_1_75' title="bbox 269 3970 1918 4052">
     <span class='ocr_line' id='line_1_75' title="bbox 269 3970 1918 4052; baseline -0.002 -20"><span class='ocrx_word' id='word_1_543' title='bbox 269 3974 433 4038; x_wconf 58' lang='grc' dir='ltr'>ἐςτιν</span> <span class='ocrx_word' id='word_1_544' title='bbox 481 3974 579 4031; x_wconf 72' lang='grc' dir='ltr'>’ἶσα</span> <span class='ocrx_word' id='word_1_545' title='bbox 627 3974 731 4052; x_wconf 78' lang='grc' dir='ltr'><strong>γὰρ</strong></span> <span class='ocrx_word' id='word_1_546' title='bbox 814 3981 1061 4052; x_wconf 85' lang='grc' dir='ltr'>φρονεῖτε</span> <span class='ocrx_word' id='word_1_547' title='bbox 1132 3980 1242 4032; x_wconf 82' lang='grc' dir='ltr'><strong>τῶν</strong></span> <span class='ocrx_word' id='word_1_548' title='bbox 1321 3970 1529 4031; x_wconf 72' lang='grc' dir='ltr'>ἀσεϐῶν</span> <span class='ocrx_word' id='word_1_549' title='bbox 1605 3976 1918 4052; x_wconf 81' lang='grc' dir='ltr'>Ἀρειανῶν,</span> 
     </span>
    </p>
   </div>
   <div class='ocr_carea' id='block_1_76' title="bbox 266 4059 1922 4143">
    <p class='ocr_par' dir='ltr' id='par_1_76' title="bbox 266 4059 1922 4143">
     <span class='ocr_line' id='line_1_76' title="bbox 266 4059 1922 4143; baseline -0.001 -22"><span class='ocrx_word' id='word_1_550' title='bbox 266 4069 452 4128; x_wconf 79' lang='grc' dir='ltr'>κακῶς</span> <span class='ocrx_word' id='word_1_551' title='bbox 531 4059 962 4138; x_wconf 73' lang='grc' dir='ltr'>ἐκλαμϐάνοντες</span> <span class='ocrx_word' id='word_1_552' title='bbox 1032 4059 1097 4121; x_wconf 83' lang='grc' dir='ltr'><strong>τό</strong></span> <span class='ocrx_word' id='word_1_553' title='bbox 1122 4112 1138 4137; x_wconf 84' lang='grc'><strong>,</strong></span> <span class='ocrx_word' id='word_1_554' title='bbox 1213 4066 1274 4124; x_wconf 90' lang='grc' dir='ltr'>Ὁ</span> <span class='ocrx_word' id='word_1_555' title='bbox 1357 4065 1535 4143; x_wconf 86' lang='grc' dir='ltr'>Λόγος</span> <span class='ocrx_word' id='word_1_556' title='bbox 1608 4066 1734 4139; x_wconf 80' lang='grc' dir='ltr'>σὰρξ</span> <span class='ocrx_word' id='word_1_557' title='bbox 1805 4062 1922 4140; x_wconf 67' lang='grc' dir='ltr'>ἐγε-</span> 
     </span>
    </p>
   </div>
   <div class='ocr_carea' id='block_1_77' title="bbox 268 4151 1926 4232">
    <p class='ocr_par' dir='ltr' id='par_1_77' title="bbox 268 4151 1926 4232">
     <span class='ocr_line' id='line_1_77' title="bbox 268 4151 1926 4232; baseline -0.001 -21"><span class='ocrx_word' id='word_1_558' title='bbox 268 4174 391 4211; x_wconf 88' lang='grc' dir='ltr'>νετο</span> <span class='ocrx_word' id='word_1_559' title='bbox 421 4155 556 4229; x_wconf 87' lang='grc'>(27)·</span> <span class='ocrx_word' id='word_1_560' title='bbox 588 4154 650 4212; x_wconf 89' lang='grc' dir='ltr'>Ὁ</span> <span class='ocrx_word' id='word_1_561' title='bbox 681 4152 857 4230; x_wconf 83' lang='grc' dir='ltr'>Λόγος</span> <span class='ocrx_word' id='word_1_562' title='bbox 887 4151 945 4210; x_wconf 71' lang='grc' dir='ltr'>δὲ</span> <span class='ocrx_word' id='word_1_563' title='bbox 976 4153 1104 4231; x_wconf 77' lang='grc' dir='ltr'>σὰρξ</span> <span class='ocrx_word' id='word_1_564' title='bbox 1133 4152 1369 4230; x_wconf 71' lang='grc' dir='ltr'>ἐγένετο,</span> <span class='ocrx_word' id='word_1_565' title='bbox 1403 4155 1513 4232; x_wconf 77' lang='grc' dir='ltr'><strong>οὐχ</strong></span> <span class='ocrx_word' id='word_1_566' title='bbox 1534 4151 1627 4209; x_wconf 72' lang='grc' dir='ltr'>’ἱνα</span> <span class='ocrx_word' id='word_1_567' title='bbox 1665 4155 1694 4209; x_wconf 93' lang='lat'><strong>6</strong></span> <span class='ocrx_word' id='word_1_568' title='bbox 1743 4153 1926 4230; x_wconf 86' lang='grc' dir='ltr'>Λόγος</span> 
     </span>
    </p>
   </div>
   <div class='ocr_carea' id='block_1_78' title="bbox 275 4240 1924 4322">
    <p class='ocr_par' dir='ltr' id='par_1_78' title="bbox 275 4240 1924 4322">
     <span class='ocr_line' id='line_1_78' title="bbox 275 4240 1924 4322; baseline 0.007 -25"><span class='ocrx_word' id='word_1_569' title='bbox 275 4241 540 4321; x_wconf 75' lang='grc' dir='ltr'>μηκέτι</span> <span class='ocrx_word' id='word_1_570' title='bbox 566 4242 765 4320; x_wconf 75' lang='grc' dir='ltr'>Λόγοςο</span> <span class='ocrx_word' id='word_1_571' title='bbox 800 4241 927 4299; x_wconf 84' lang='grc' dir='ltr'>ἀλλ’</span> <span class='ocrx_word' id='word_1_572' title='bbox 952 4240 1046 4299; x_wconf 69' lang='grc' dir='ltr'>ἵνα</span> <span class='ocrx_word' id='word_1_573' title='bbox 1099 4241 1159 4299; x_wconf 80' lang='grc' dir='ltr'>ἐκ</span> <span class='ocrx_word' id='word_1_574' title='bbox 1203 4243 1361 4322; x_wconf 84' lang='grc' dir='ltr'>σαρκὶ</span> <span class='ocrx_word' id='word_1_575' title='bbox 1487 4244 1516 4299; x_wconf 89' lang='lat'><strong>6</strong></span> <span class='ocrx_word' id='word_1_576' title='bbox 1544 4243 1743 4320; x_wconf 82' lang='grc' dir='ltr'>Λόγος,</span> <span class='ocrx_word' id='word_1_577' title='bbox 1795 4242 1924 4320; x_wconf 79' lang='grc' dir='ltr'>σὰρξ</span> 
     </span>
    </p>
   </div>
   <div class='ocr_carea' id='block_1_79' title="bbox 267 4328 1927 4411">
    <p class='ocr_par' dir='ltr' id='par_1_79' title="bbox 267 4328 1927 4411">
     <span class='ocr_line' id='line_1_79' title="bbox 267 4328 1927 4411; baseline -0.001 -21"><span class='ocrx_word' id='word_1_578' title='bbox 267 4332 514 4410; x_wconf 69' lang='grc' dir='ltr'>ἐγένετο,</span> <span class='ocrx_word' id='word_1_579' title='bbox 562 4328 654 4388; x_wconf 65' lang='grc' dir='ltr'><strong>ἵνα</strong></span> <span class='ocrx_word' id='word_1_580' title='bbox 703 4333 795 4389; x_wconf 84' lang='grc' dir='ltr'><strong>καὶ</strong></span> <span class='ocrx_word' id='word_1_581' title='bbox 845 4333 873 4389; x_wconf 91' lang='lat'><strong>6</strong></span> <span class='ocrx_word' id='word_1_582' title='bbox 922 4331 1103 4409; x_wconf 83' lang='grc' dir='ltr'>Λόγος</span> <span class='ocrx_word' id='word_1_583' title='bbox 1145 4331 1226 4388; x_wconf 83' lang='grc' dir='ltr'>ἀεὶ</span> <span class='ocrx_word' id='word_1_584' title='bbox 1274 4334 1314 4406; x_wconf 75' lang='grc' dir='ltr'><strong><em>ᾗ</em></strong></span> <span class='ocrx_word' id='word_1_585' title='bbox 1365 4331 1566 4411; x_wconf 85' lang='grc' dir='ltr'>Λόγος,</span> <span class='ocrx_word' id='word_1_586' title='bbox 1613 4331 1706 4389; x_wconf 83' lang='grc' dir='ltr'><strong>καὶ</strong></span> <span class='ocrx_word' id='word_1_587' title='bbox 1753 4333 1927 4408; x_wconf 72' lang='grc' dir='ltr'>σάρκα</span> 
     </span>
    </p>
   </div>
   <div class='ocr_carea' id='block_1_80' title="bbox 269 4418 1926 4499">
    <p class='ocr_par' dir='ltr' id='par_1_80' title="bbox 269 4418 1926 4499">
     <span class='ocr_line' id='line_1_80' title="bbox 269 4418 1926 4499; baseline -0.002 -20"><span class='ocrx_word' id='word_1_588' title='bbox 269 4419 378 4499; x_wconf 80' lang='grc' dir='ltr'><strong>ἔχῃ</strong></span> <span class='ocrx_word' id='word_1_589' title='bbox 411 4423 440 4479; x_wconf 90' lang='lat'><strong>6</strong></span> <span class='ocrx_word' id='word_1_590' title='bbox 468 4421 668 4498; x_wconf 87' lang='grc' dir='ltr'>Λόγος,</span> <span class='ocrx_word' id='word_1_591' title='bbox 701 4421 753 4479; x_wconf 73' lang='grc' dir='ltr'>ἐν</span> <span class='ocrx_word' id='word_1_592' title='bbox 865 4422 928 4478; x_wconf 85' lang='grc' dir='ltr'>τὸ</span> <span class='ocrx_word' id='word_1_593' title='bbox 975 4422 1146 4486; x_wconf 86' lang='grc' dir='ltr'>πάθος</span> <span class='ocrx_word' id='word_1_594' title='bbox 1190 4421 1281 4478; x_wconf 83' lang='grc' dir='ltr'>καὶ</span> <span class='ocrx_word' id='word_1_595' title='bbox 1328 4423 1420 4479; x_wconf 89' lang='grc' dir='ltr'>τὸν</span> <span class='ocrx_word' id='word_1_596' title='bbox 1469 4420 1692 4488; x_wconf 88' lang='grc' dir='ltr'>θάνατον</span> <span class='ocrx_word' id='word_1_597' title='bbox 1739 4418 1926 4477; x_wconf 84' lang='grc' dir='ltr'>ἀνεδὲ-</span> 
     </span>
    </p>
   </div>
   <div class='ocr_carea' id='block_1_81' title="bbox 272 4508 1925 4592">
    <p class='ocr_par' dir='ltr' id='par_1_81' title="bbox 272 4508 1925 4592">
     <span class='ocr_line' id='line_1_81' title="bbox 272 4508 1925 4592; baseline -0.001 -24"><span class='ocrx_word' id='word_1_598' title='bbox 272 4512 401 4585; x_wconf 75' lang='grc' dir='ltr'>ξατο</span> <span class='ocrx_word' id='word_1_599' title='bbox 432 4511 487 4569; x_wconf 75' lang='grc' dir='ltr'>ἐν</span> <span class='ocrx_word' id='word_1_600' title='bbox 521 4515 711 4592; x_wconf 77' lang='grc' dir='ltr'>μορφῇ</span> <span class='ocrx_word' id='word_1_601' title='bbox 741 4516 811 4588; x_wconf 73' lang='grc' dir='ltr'><strong>τῇ</strong></span> <span class='ocrx_word' id='word_1_602' title='bbox 844 4510 1175 4590; x_wconf 75' lang='grc' dir='ltr'>ἀνθρωπίνῃ,</span> <span class='ocrx_word' id='word_1_603' title='bbox 1221 4511 1387 4590; x_wconf 74' lang='grc' dir='ltr'>μέχρι</span> <span class='ocrx_word' id='word_1_604' title='bbox 1434 4511 1606 4592; x_wconf 71' lang='grc' dir='ltr'>τάφου</span> <span class='ocrx_word' id='word_1_605' title='bbox 1654 4510 1744 4567; x_wconf 84' lang='grc' dir='ltr'><strong>καὶ</strong></span> <span class='ocrx_word' id='word_1_606' title='bbox 1793 4508 1925 4584; x_wconf 68' lang='grc' dir='ltr'>ᾅδου</span> 
     </span>
    </p>
   </div>
   <div class='ocr_carea' id='block_1_82' title="bbox 271 4595 1926 4678">
    <p class='ocr_par' dir='ltr' id='par_1_82' title="bbox 271 4595 1926 4678">
     <span class='ocr_line' id='line_1_82' title="bbox 271 4595 1926 4678; baseline -0.001 -21"><span class='ocrx_word' id='word_1_607' title='bbox 271 4595 486 4675; x_wconf 77' lang='grc' dir='ltr'>ἐπιϐὰς,</span> <span class='ocrx_word' id='word_1_608' title='bbox 517 4600 567 4657; x_wconf 79' lang='grc' dir='ltr'>ἐν</span> <span class='ocrx_word' id='word_1_609' title='bbox 698 4601 789 4657; x_wconf 82' lang='grc' dir='ltr'><strong>καὶ</strong></span> <span class='ocrx_word' id='word_1_610' title='bbox 840 4603 940 4673; x_wconf 81' lang='grc' dir='ltr'>τὴν</span> <span class='ocrx_word' id='word_1_611' title='bbox 991 4602 1274 4659; x_wconf 85' lang='grc' dir='ltr'>ἀνάστασιν</span> <span class='ocrx_word' id='word_1_612' title='bbox 1318 4602 1420 4673; x_wconf 78' lang='grc' dir='ltr'>τὴν</span> <span class='ocrx_word' id='word_1_613' title='bbox 1471 4600 1530 4658; x_wconf 76' lang='grc' dir='ltr'>ἐκ</span> <span class='ocrx_word' id='word_1_614' title='bbox 1577 4605 1780 4678; x_wconf 85' lang='grc' dir='ltr'>νεκρῶν</span> <span class='ocrx_word' id='word_1_615' title='bbox 1829 4621 1926 4656; x_wconf 84' lang='grc' dir='ltr'>πε-</span> 
     </span>
    </p>
   </div>
   <div class='ocr_carea' id='block_1_83' title="bbox 2031 3443 3677 3517">
    <p class='ocr_par' dir='ltr' id='par_1_83' title="bbox 2031 3443 3677 3517">
     <span class='ocr_line' id='line_1_83' title="bbox 2031 3443 3677 3517; baseline 0 -20"><span class='ocrx_word' id='word_1_616' title='bbox 2031 3447 2134 3498; x_wconf 89' lang='lat' dir='ltr'><strong>aut</strong></span> <span class='ocrx_word' id='word_1_617' title='bbox 2164 3459 2402 3499; x_wconf 89' lang='lat' dir='ltr'><strong>carnem</strong></span> <span class='ocrx_word' id='word_1_618' title='bbox 2434 3461 2504 3500; x_wconf 88' lang='lat' dir='ltr'><strong>ex</strong></span> <span class='ocrx_word' id='word_1_619' title='bbox 2528 3443 2766 3517; x_wconf 89' lang='lat' dir='ltr'><strong>Virgine</strong></span> <span class='ocrx_word' id='word_1_620' title='bbox 2797 3449 2854 3500; x_wconf 91' lang='lat' dir='ltr'><strong>et</strong></span> <span class='ocrx_word' id='word_1_621' title='bbox 2878 3444 3126 3517; x_wconf 84' lang='lat' dir='ltr'><strong>Deipara</strong></span> <span class='ocrx_word' id='word_1_622' title='bbox 3170 3452 3538 3516; x_wconf 86' lang='lat' dir='ltr'><strong>assumptam</strong></span> <span class='ocrx_word' id='word_1_623' title='bbox 3573 3459 3677 3498; x_wconf 86' lang='lat' dir='ltr'><strong>ne-</strong></span> 
     </span>
    </p>
   </div>
   <div class='ocr_carea' id='block_1_84' title="bbox 2030 3532 3676 3607">
    <p class='ocr_par' dir='ltr' id='par_1_84' title="bbox 2030 3532 3676 3607">
     <span class='ocr_line' id='line_1_84' title="bbox 2030 3532 3676 3607; baseline -0.001 -19"><span class='ocrx_word' id='word_1_624' title='bbox 2030 3532 2204 3604; x_wconf 84' lang='lat' dir='ltr'><strong>gatis,</strong></span> <span class='ocrx_word' id='word_1_625' title='bbox 2233 3538 2336 3589; x_wconf 91' lang='lat' dir='ltr'><strong>aut</strong></span> <span class='ocrx_word' id='word_1_626' title='bbox 2364 3533 2422 3588; x_wconf 92' lang='lat' dir='ltr'><strong>in</strong></span> <span class='ocrx_word' id='word_1_627' title='bbox 2454 3534 2732 3590; x_wconf 85' lang='lat' dir='ltr'><strong>deitatem</strong></span> <span class='ocrx_word' id='word_1_628' title='bbox 2763 3534 3214 3607; x_wconf 88' lang='lat' dir='ltr'><strong>blasphemaiis.</strong></span> <span class='ocrx_word' id='word_1_629' title='bbox 3267 3533 3329 3588; x_wconf 91' lang='lat' dir='ltr'><strong>Si</strong></span> <span class='ocrx_word' id='word_1_630' title='bbox 3379 3537 3579 3589; x_wconf 86' lang='lat' dir='ltr'><strong>autem</strong></span> <span class='ocrx_word' id='word_1_631' title='bbox 3609 3547 3676 3587; x_wconf 89' lang='lat' dir='ltr'><strong>eo</strong></span> 
     </span>
    </p>
   </div>
   <div class='ocr_carea' id='block_1_85' title="bbox 2029 3621 3678 3696">
    <p class='ocr_par' dir='ltr' id='par_1_85' title="bbox 2029 3621 3678 3696">
     <span class='ocr_line' id='line_1_85' title="bbox 2029 3621 3678 3696; baseline 0.001 -20"><span class='ocrx_word' id='word_1_632' title='bbox 2029 3621 2202 3677; x_wconf 91' lang='lat' dir='ltr'><strong>modo</strong></span> <span class='ocrx_word' id='word_1_633' title='bbox 2231 3621 2466 3691; x_wconf 90' lang='lat' dir='ltr'><strong>Filium,</strong></span> <span class='ocrx_word' id='word_1_634' title='bbox 2500 3640 2723 3679; x_wconf 90' lang='lat' dir='ltr'><strong>necnon</strong></span> <span class='ocrx_word' id='word_1_635' title='bbox 2754 3623 3032 3696; x_wconf 88' lang='lat' dir='ltr'><strong>Spiritum</strong></span> <span class='ocrx_word' id='word_1_636' title='bbox 3062 3627 3337 3680; x_wconf 89' lang='lat' dir='ltr'><strong>sanctum</strong></span> <span class='ocrx_word' id='word_1_637' title='bbox 3366 3622 3524 3678; x_wconf 88' lang='lat' dir='ltr'><strong>Patri</strong></span> <span class='ocrx_word' id='word_1_638' title='bbox 3547 3636 3678 3678; x_wconf 88' lang='lat' dir='ltr'><strong>con-</strong></span> 
     </span>
    </p>
   </div>
   <div class='ocr_carea' id='block_1_86' title="bbox 2028 3709 3679 3784">
    <p class='ocr_par' dir='ltr' id='par_1_86' title="bbox 2028 3709 3679 3784">
     <span class='ocr_line' id='line_1_86' title="bbox 2028 3709 3679 3784; baseline 0.001 -19"><span class='ocrx_word' id='word_1_639' title='bbox 2028 3709 2477 3767; x_wconf 87' lang='lat' dir='ltr'><strong>substantialem</strong></span> <span class='ocrx_word' id='word_1_640' title='bbox 2508 3711 3049 3784; x_wconf 82' lang='lat' dir='ltr'><strong>eonﬁleamini,quo</strong></span> <span class='ocrx_word' id='word_1_641' title='bbox 3080 3728 3316 3767; x_wconf 87' lang='lat' dir='ltr'><strong>carnem</strong></span> <span class='ocrx_word' id='word_1_642' title='bbox 3349 3728 3475 3782; x_wconf 73' lang='lat' dir='ltr'><strong>quae</strong></span> <span class='ocrx_word' id='word_1_643' title='bbox 3503 3726 3679 3782; x_wconf 90' lang='lat' dir='ltr'><strong>passa</strong></span> 
     </span>
    </p>
   </div>
   <div class='ocr_carea' id='block_1_87' title="bbox 2028 3798 3679 3872">
    <p class='ocr_par' dir='ltr' id='par_1_87' title="bbox 2028 3798 3679 3872">
     <span class='ocr_line' id='line_1_87' title="bbox 2028 3798 3679 3872; baseline -0.001 -19"><span class='ocrx_word' id='word_1_644' title='bbox 2028 3803 2119 3853; x_wconf 88' lang='lat' dir='ltr'><strong>est</strong></span> <span class='ocrx_word' id='word_1_645' title='bbox 2150 3799 2395 3871; x_wconf 89' lang='lat' dir='ltr'><strong>:ecquid</strong></span> <span class='ocrx_word' id='word_1_646' title='bbox 2426 3816 2561 3872; x_wconf 88' lang='lat' dir='ltr'><strong>ergo</strong></span> <span class='ocrx_word' id='word_1_647' title='bbox 2594 3817 2701 3856; x_wconf 90' lang='lat' dir='ltr'><strong>nos</strong></span> <span class='ocrx_word' id='word_1_648' title='bbox 2730 3800 2923 3856; x_wconf 90' lang='lat' dir='ltr'><strong>adhuc</strong></span> <span class='ocrx_word' id='word_1_649' title='bbox 2954 3801 3266 3868; x_wconf 88' lang='lat' dir='ltr'><strong>accusatis,</strong></span> <span class='ocrx_word' id='word_1_650' title='bbox 3302 3803 3365 3854; x_wconf 90' lang='lat' dir='ltr'><strong>ut</strong></span> <span class='ocrx_word' id='word_1_651' title='bbox 3407 3798 3507 3870; x_wconf 88' lang='lat' dir='ltr'><strong>qui</strong></span> <span class='ocrx_word' id='word_1_652' title='bbox 3537 3814 3679 3868; x_wconf 85' lang='lat' dir='ltr'><strong>qua-</strong></span> 
     </span>
    </p>
   </div>
   <div class='ocr_carea' id='block_1_88' title="bbox 2027 3887 3680 3962">
    <p class='ocr_par' dir='ltr' id='par_1_88' title="bbox 2027 3887 3680 3962">
     <span class='ocr_line' id='line_1_88' title="bbox 2027 3887 3680 3962; baseline -0.001 -20"><span class='ocrx_word' id='word_1_653' title='bbox 2027 3887 2364 3945; x_wconf 88' lang='lat' dir='ltr'><strong>ternitatem</strong></span> <span class='ocrx_word' id='word_1_654' title='bbox 2396 3906 2499 3962; x_wconf 87' lang='lat' dir='ltr'><strong>pro</strong></span> <span class='ocrx_word' id='word_1_655' title='bbox 2529 3889 2812 3945; x_wconf 85' lang='lat' dir='ltr'><strong>Trinitate</strong></span> <span class='ocrx_word' id='word_1_656' title='bbox 2841 3890 3270 3959; x_wconf 89' lang='lat' dir='ltr'><strong>dicamus,cum</strong></span> <span class='ocrx_word' id='word_1_657' title='bbox 3302 3889 3417 3960; x_wconf 89' lang='lat' dir='ltr'><strong>ipsi</strong></span> <span class='ocrx_word' id='word_1_658' title='bbox 3440 3891 3680 3958; x_wconf 86' lang='lat' dir='ltr'><strong>quater-</strong></span> 
     </span>
    </p>
   </div>
   <div class='ocr_carea' id='block_1_89' title="bbox 2030 3976 3680 4051">
    <p class='ocr_par' dir='ltr' id='par_1_89' title="bbox 2030 3976 3680 4051">
     <span class='ocr_line' id='line_1_89' title="bbox 2030 3976 3680 4051; baseline -0.003 -17"><span class='ocrx_word' id='word_1_659' title='bbox 2030 3976 2275 4035; x_wconf 88' lang='lat' dir='ltr'><strong>nitatem</strong></span> <span class='ocrx_word' id='word_1_660' title='bbox 2307 3994 2411 4051; x_wconf 91' lang='lat' dir='ltr'><strong>pro</strong></span> <span class='ocrx_word' id='word_1_661' title='bbox 2438 3978 2725 4035; x_wconf 88' lang='lat' dir='ltr'><strong>Trinitate</strong></span> <span class='ocrx_word' id='word_1_662' title='bbox 2751 3977 2841 4034; x_wconf 88' lang='lat' dir='ltr'><strong>vel</strong></span> <span class='ocrx_word' id='word_1_663' title='bbox 2872 3978 3038 4034; x_wconf 89' lang='lat' dir='ltr'><strong>inviti</strong></span> <span class='ocrx_word' id='word_1_664' title='bbox 3085 3976 3503 4044; x_wconf 79' lang='lat' dir='ltr'><strong>confiteamini,</strong></span> <span class='ocrx_word' id='word_1_665' title='bbox 3536 3976 3680 4030; x_wconf 91' lang='lat' dir='ltr'><strong>dum</strong></span> 
     </span>
    </p>
   </div>
   <div class='ocr_carea' id='block_1_90' title="bbox 2032 4063 3680 4138">
    <p class='ocr_par' dir='ltr' id='par_1_90' title="bbox 2032 4063 3680 4138">
     <span class='ocr_line' id='line_1_90' title="bbox 2032 4063 3680 4138; baseline -0.003 -13"><span class='ocrx_word' id='word_1_666' title='bbox 2032 4067 2249 4138; x_wconf 89' lang='lat' dir='ltr'><strong>dicitis,</strong></span> <span class='ocrx_word' id='word_1_667' title='bbox 2276 4067 2842 4124; x_wconf 89' lang='lat' dir='ltr'><strong>consubstantialem</strong></span> <span class='ocrx_word' id='word_1_668' title='bbox 2891 4066 3162 4123; x_wconf 88' lang='lat' dir='ltr'><strong>Trinitati</strong></span> <span class='ocrx_word' id='word_1_669' title='bbox 3220 4081 3456 4122; x_wconf 89' lang='lat' dir='ltr'><strong>carnem</strong></span> <span class='ocrx_word' id='word_1_670' title='bbox 3503 4063 3680 4121; x_wconf 85' lang='lat' dir='ltr'><strong>esse?</strong></span> 
     </span>
    </p>
   </div>
   <div class='ocr_carea' id='block_1_91' title="bbox 2033 4153 3679 4229">
    <p class='ocr_par' dir='ltr' id='par_1_91' title="bbox 2033 4153 3679 4229">
     <span class='ocr_line' id='line_1_91' title="bbox 2033 4153 3679 4229; baseline -0.004 -15"><span class='ocrx_word' id='word_1_671' title='bbox 2033 4157 2235 4229; x_wconf 90' lang='lat' dir='ltr'><strong>Itaque</strong></span> <span class='ocrx_word' id='word_1_672' title='bbox 2258 4174 2409 4214; x_wconf 90' lang='lat' dir='ltr'><strong>vana</strong></span> <span class='ocrx_word' id='word_1_673' title='bbox 2437 4162 2527 4214; x_wconf 89' lang='lat' dir='ltr'><strong>est</strong></span> <span class='ocrx_word' id='word_1_674' title='bbox 2555 4158 2702 4213; x_wconf 85' lang='lat' dir='ltr'><strong>fides</strong></span> <span class='ocrx_word' id='word_1_675' title='bbox 2747 4161 2944 4213; x_wconf 86' lang='lat' dir='ltr'><strong>vestra</strong></span> <span class='ocrx_word' id='word_1_676' title='bbox 2974 4174 2987 4212; x_wconf 89' lang='lat'><strong>:</strong></span> <span class='ocrx_word' id='word_1_677' title='bbox 3021 4155 3186 4228; x_wconf 88' lang='lat' dir='ltr'><strong>paria</strong></span> <span class='ocrx_word' id='word_1_678' title='bbox 3236 4154 3394 4211; x_wconf 90' lang='lat' dir='ltr'><strong>enim</strong></span> <span class='ocrx_word' id='word_1_679' title='bbox 3444 4153 3679 4210; x_wconf 87' lang='lat' dir='ltr'><strong>sentitis</strong></span> 
     </span>
    </p>
   </div>
   <div class='ocr_carea' id='block_1_92' title="bbox 2034 4242 3677 4319">
    <p class='ocr_par' dir='ltr' id='par_1_92' title="bbox 2034 4242 3677 4319">
     <span class='ocr_line' id='line_1_92' title="bbox 2034 4242 3677 4319; baseline -0.004 -16"><span class='ocrx_word' id='word_1_680' title='bbox 2034 4263 2170 4303; x_wconf 89' lang='lat' dir='ltr'><strong>cum</strong></span> <span class='ocrx_word' id='word_1_681' title='bbox 2200 4246 2402 4319; x_wconf 84' lang='lat' dir='ltr'><strong>impiis</strong></span> <span class='ocrx_word' id='word_1_682' title='bbox 2447 4245 2702 4317; x_wconf 87' lang='lat' dir='ltr'><strong>Arianis,</strong></span> <span class='ocrx_word' id='word_1_683' title='bbox 2734 4243 2887 4301; x_wconf 90' lang='lat' dir='ltr'><strong>male</strong></span> <span class='ocrx_word' id='word_1_684' title='bbox 2935 4244 3287 4317; x_wconf 89' lang='lat' dir='ltr'><strong>accipientes</strong></span> <span class='ocrx_word' id='word_1_685' title='bbox 3316 4242 3462 4299; x_wconf 90' lang='lat' dir='ltr'><strong>illud</strong></span> <span class='ocrx_word' id='word_1_686' title='bbox 3499 4259 3512 4298; x_wconf 92' lang='lat'><strong>:</strong></span> <span class='ocrx_word' id='word_1_687' title='bbox 3552 4244 3677 4299; x_wconf 83' lang='lat' dir='ltr'><strong>Ver-</strong></span> 
     </span>
    </p>
   </div>
   <div class='ocr_carea' id='block_1_93' title="bbox 2036 4333 3680 4407">
    <p class='ocr_par' dir='ltr' id='par_1_93' title="bbox 2036 4333 3680 4407">
     <span class='ocr_line' id='line_1_93' title="bbox 2036 4333 3680 4407; baseline -0.002 -16"><span class='ocrx_word' id='word_1_688' title='bbox 2036 4336 2164 4392; x_wconf 84' lang='lat' dir='ltr'><strong>bum</strong></span> <span class='ocrx_word' id='word_1_689' title='bbox 2190 4352 2318 4392; x_wconf 85' lang='lat' dir='ltr'><strong>cara</strong></span> <span class='ocrx_word' id='word_1_690' title='bbox 2342 4337 2559 4407; x_wconf 79' lang='lat' dir='ltr'><strong>factum</strong></span> <span class='ocrx_word' id='word_1_691' title='bbox 2586 4344 2684 4392; x_wconf 69' lang='lat' dir='ltr'><strong>est.</strong></span> <span class='ocrx_word' id='word_1_692' title='bbox 2737 4339 2914 4392; x_wconf 90' lang='lat' dir='ltr'><strong>Porro</strong></span> <span class='ocrx_word' id='word_1_693' title='bbox 2963 4333 3226 4390; x_wconf 87' lang='lat' dir='ltr'><strong>Verbum</strong></span> <span class='ocrx_word' id='word_1_694' title='bbox 3277 4350 3412 4389; x_wconf 88' lang='lat' dir='ltr'><strong>caro</strong></span> <span class='ocrx_word' id='word_1_695' title='bbox 3459 4333 3680 4389; x_wconf 83' lang='lat' dir='ltr'><strong>factum</strong></span> 
     </span>
    </p>
   </div>
   <div class='ocr_carea' id='block_1_94' title="bbox 2036 4421 3683 4496">
    <p class='ocr_par' dir='ltr' id='par_1_94' title="bbox 2036 4421 3683 4496">
     <span class='ocr_line' id='line_1_94' title="bbox 2036 4421 3683 4496; baseline -0.002 -15"><span class='ocrx_word' id='word_1_696' title='bbox 2036 4428 2145 4494; x_wconf 89' lang='lat' dir='ltr'><strong>est,</strong></span> <span class='ocrx_word' id='word_1_697' title='bbox 2186 4441 2302 4482; x_wconf 90' lang='lat' dir='ltr'><strong>non</strong></span> <span class='ocrx_word' id='word_1_698' title='bbox 2336 4430 2399 4480; x_wconf 91' lang='lat' dir='ltr'><strong>ut</strong></span> <span class='ocrx_word' id='word_1_699' title='bbox 2433 4424 2691 4481; x_wconf 89' lang='lat' dir='ltr'><strong>Verbum</strong></span> <span class='ocrx_word' id='word_1_700' title='bbox 2737 4441 2853 4480; x_wconf 91' lang='lat' dir='ltr'><strong>non</strong></span> <span class='ocrx_word' id='word_1_701' title='bbox 2901 4421 3157 4496; x_wconf 89' lang='lat' dir='ltr'><strong>amplius</strong></span> <span class='ocrx_word' id='word_1_702' title='bbox 3205 4422 3457 4481; x_wconf 89' lang='lat' dir='ltr'><strong>Verbum</strong></span> <span class='ocrx_word' id='word_1_703' title='bbox 3489 4424 3683 4490; x_wconf 81' lang='lat' dir='ltr'><strong>esset;</strong></span> 
     </span>
    </p>
   </div>
   <div class='ocr_carea' id='block_1_95' title="bbox 2034 4511 3682 4583">
    <p class='ocr_par' dir='ltr' id='par_1_95' title="bbox 2034 4511 3682 4583">
     <span class='ocr_line' id='line_1_95' title="bbox 2034 4511 3682 4583; baseline -0.002 -14"><span class='ocrx_word' id='word_1_704' title='bbox 2034 4513 2139 4569; x_wconf 88' lang='lat' dir='ltr'><strong>sed</strong></span> <span class='ocrx_word' id='word_1_705' title='bbox 2168 4511 2452 4583; x_wconf 87' lang='lat' dir='ltr'><strong>Verbum,</strong></span> <span class='ocrx_word' id='word_1_706' title='bbox 2483 4518 2551 4569; x_wconf 91' lang='lat' dir='ltr'><strong>ut</strong></span> <span class='ocrx_word' id='word_1_707' title='bbox 2582 4513 2643 4569; x_wconf 92' lang='lat' dir='ltr'><strong>in</strong></span> <span class='ocrx_word' id='word_1_708' title='bbox 2673 4528 2848 4569; x_wconf 88' lang='lat' dir='ltr'><strong>carne</strong></span> <span class='ocrx_word' id='word_1_709' title='bbox 2898 4517 3073 4582; x_wconf 88' lang='lat' dir='ltr'><strong>esset,</strong></span> <span class='ocrx_word' id='word_1_710' title='bbox 3121 4528 3256 4568; x_wconf 91' lang='lat' dir='ltr'><strong>caro</strong></span> <span class='ocrx_word' id='word_1_711' title='bbox 3303 4511 3524 4568; x_wconf 87' lang='lat' dir='ltr'><strong>factum</strong></span> <span class='ocrx_word' id='word_1_712' title='bbox 3573 4513 3682 4579; x_wconf 89' lang='lat' dir='ltr'><strong>est,</strong></span> 
     </span>
    </p>
   </div>
   <div class='ocr_carea' id='block_1_96' title="bbox 2036 4600 3683 4676">
    <p class='ocr_par' dir='ltr' id='par_1_96' title="bbox 2036 4600 3683 4676">
     <span class='ocr_line' id='line_1_96' title="bbox 2036 4600 3683 4676; baseline -0.002 -18"><span class='ocrx_word' id='word_1_713' title='bbox 2036 4606 2101 4659; x_wconf 92' lang='lat' dir='ltr'><strong>ut</strong></span> <span class='ocrx_word' id='word_1_714' title='bbox 2126 4606 2186 4659; x_wconf 90' lang='lat' dir='ltr'><strong>et</strong></span> <span class='ocrx_word' id='word_1_715' title='bbox 2214 4601 2473 4659; x_wconf 90' lang='lat' dir='ltr'><strong>Verbum</strong></span> <span class='ocrx_word' id='word_1_716' title='bbox 2516 4618 2751 4676; x_wconf 89' lang='lat' dir='ltr'><strong>semper</strong></span> <span class='ocrx_word' id='word_1_717' title='bbox 2794 4601 3053 4657; x_wconf 88' lang='lat' dir='ltr'><strong>Verbum</strong></span> <span class='ocrx_word' id='word_1_718' title='bbox 3094 4605 3271 4672; x_wconf 88' lang='lat' dir='ltr'><strong>esset,</strong></span> <span class='ocrx_word' id='word_1_719' title='bbox 3323 4606 3381 4658; x_wconf 90' lang='lat' dir='ltr'><strong>et</strong></span> <span class='ocrx_word' id='word_1_720' title='bbox 3421 4600 3683 4656; x_wconf 89' lang='lat' dir='ltr'><strong>Verbum</strong></span> 
     </span>
    </p>
   </div>
   <div class='ocr_carea' id='block_1_97' title="bbox 271 4676 1931 4768">
    <p class='ocr_par' dir='ltr' id='par_1_97' title="bbox 271 4676 1922 4768">
     <span class='ocr_line' id='line_1_97' title="bbox 271 4676 1922 4768; baseline 0 -23"><span class='ocrx_word' id='word_1_721' title='bbox 271 4709 524 4762; x_wconf 87' lang='grc' dir='ltr'>ποιηται,</span> <span class='ocrx_word' id='word_1_722' title='bbox 556 4691 751 4768; x_wconf 84' lang='grc' dir='ltr'>σαρκὸς</span> <span class='ocrx_word' id='word_1_723' title='bbox 779 4693 869 4748; x_wconf 72' lang='grc' dir='ltr'>καὶ</span> <span class='ocrx_word' id='word_1_724' title='bbox 900 4687 1135 4768; x_wconf 67' lang='grc' dir='ltr'>αἵματος</span> <span class='ocrx_word' id='word_1_725' title='bbox 1181 4693 1269 4749; x_wconf 84' lang='grc' dir='ltr'>καὶ</span> <span class='ocrx_word' id='word_1_726' title='bbox 1330 4692 1517 4768; x_wconf 76' lang='grc' dir='ltr'>ψυχῆς</span> <span class='ocrx_word' id='word_1_727' title='bbox 1572 4676 1681 4763; x_wconf 76' lang='grc' dir='ltr'>τὴν</span> <span class='ocrx_word' id='word_1_728' title='bbox 1721 4686 1922 4746; x_wconf 77' lang='grc' dir='ltr'>ἐπίδει-</span> 
     </span>
    </p>
   </div>
   <div class='ocr_carea' id='block_1_98' title="bbox 2030 4676 3681 4768">
    <p class='ocr_par' dir='ltr' id='par_1_98' title="bbox 2032 4688 3681 4763">
     <span class='ocr_line' id='line_1_98' title="bbox 2032 4688 3681 4763; baseline -0.003 -13"><span class='ocrx_word' id='word_1_729' title='bbox 2032 4707 2269 4751; x_wconf 89' lang='lat' dir='ltr'><strong>carnem</strong></span> <span class='ocrx_word' id='word_1_730' title='bbox 2301 4691 2545 4749; x_wconf 88' lang='lat' dir='ltr'><strong>haberet</strong></span> <span class='ocrx_word' id='word_1_731' title='bbox 2577 4709 2592 4762; x_wconf 88' lang='lat'><strong>;</strong></span> <span class='ocrx_word' id='word_1_732' title='bbox 2624 4690 2685 4747; x_wconf 90' lang='lat' dir='ltr'><strong>in</strong></span> <span class='ocrx_word' id='word_1_733' title='bbox 2713 4707 2833 4763; x_wconf 89' lang='lat' dir='ltr'><strong>qua</strong></span> <span class='ocrx_word' id='word_1_734' title='bbox 2852 4689 3188 4763; x_wconf 88' lang='lat' dir='ltr'><strong>passionem</strong></span> <span class='ocrx_word' id='word_1_735' title='bbox 3214 4696 3272 4748; x_wconf 89' lang='lat' dir='ltr'><strong>et</strong></span> <span class='ocrx_word' id='word_1_736' title='bbox 3291 4697 3539 4748; x_wconf 84' lang='lat' dir='ltr'><strong>mortem</strong></span> <span class='ocrx_word' id='word_1_737' title='bbox 3569 4688 3681 4746; x_wconf 86' lang='lat' dir='ltr'><strong>sub</strong></span> 
     </span>
    </p>
   </div>
   <div class='ocr_carea' id='block_1_99' title="bbox 344 4815 849 4885">
    <p class='ocr_par' dir='ltr' id='par_1_99' title="bbox 344 4815 849 4885">
     <span class='ocr_line' id='line_1_99' title="bbox 344 4815 849 4885; baseline 0.006 -13"><span class='ocrx_word' id='word_1_738' title='bbox 344 4815 392 4852; x_wconf 73' lang='grc' dir='ltr'><strong>⁸ο</strong></span> <span class='ocrx_word' id='word_1_739' title='bbox 421 4815 607 4874; x_wconf 87' lang='lat' dir='ltr'><strong>Galat.</strong></span> <span class='ocrx_word' id='word_1_740' title='bbox 638 4834 727 4885; x_wconf 87' lang='grc' dir='ltr'>ιιι,</span> <span class='ocrx_word' id='word_1_741' title='bbox 758 4820 849 4876; x_wconf 85' lang='grc'><strong>20.</strong></span> 
     </span>
    </p>
   </div>
   <div class='ocr_carea' id='block_1_100' title="bbox 345 4939 1919 5064">
    <p class='ocr_par' dir='ltr' id='par_1_100' title="bbox 345 4939 1919 5064">
     <span class='ocr_line' id='line_1_100' title="bbox 345 4939 1919 5064; baseline 0.003 -70"><span class='ocrx_word' id='word_1_742' title='bbox 345 4939 457 5064; x_wconf 74' lang='grc'>(18)</span> <span class='ocrx_word' id='word_1_743' title='bbox 477 4940 579 5028; x_wconf 41' lang='lat' dir='ltr'><strong>[Sic</strong></span> <span class='ocrx_word' id='word_1_744' title='bbox 606 4946 734 5015; x_wconf 83' lang='lat' dir='ltr'><strong>Seg.</strong></span> <span class='ocrx_word' id='word_1_745' title='bbox 768 4946 827 5000; x_wconf 90' lang='lat' dir='ltr'><strong>et</strong></span> <span class='ocrx_word' id='word_1_746' title='bbox 855 4944 1036 5003; x_wconf 82' lang='lat' dir='ltr'><strong>Graec.</strong></span> <span class='ocrx_word' id='word_1_747' title='bbox 1067 4943 1282 5027; x_wconf 85' lang='lat' dir='ltr'><strong>Script._</strong></span> <span class='ocrx_word' id='word_1_748' title='bbox 1306 4946 1522 5000; x_wconf 82' lang='lat' dir='ltr'><strong>textus.</strong></span> <span class='ocrx_word' id='word_1_749' title='bbox 1574 4941 1728 5027; x_wconf 70' lang='lat' dir='ltr'><strong>Editi</strong></span> <span class='ocrx_word' id='word_1_750' title='bbox 1756 4958 1919 5026; x_wconf 68' lang='lat' dir='ltr'><strong>vero,</strong></span> 
     </span>
     <span class='ocr_line' id='line_1_101' title="bbox 345 5010 1919 5064; baseline 0 0"><span class='ocrx_word' id='word_1_751' title='bbox 345 5010 367 5063; x_wconf 82' lang='grc' dir='ltr'><strong>ὲ</strong></span> <span class='ocrx_word' id='word_1_752' title='bbox 395 5015 435 5064; x_wconf 87' lang='grc' dir='ltr'>Υ</span> <span class='ocrx_word' id='word_1_753' title='bbox 460 5031 541 5064; x_wconf 82' lang='grc' dir='ltr'><strong>ος.</strong></span> <span class='ocrx_word' id='word_1_754' title='bbox 575 5015 732 5064; x_wconf 81' lang='lat' dir='ltr'><strong>Infra</strong></span> <span class='ocrx_word' id='word_1_755' title='bbox 761 5020 893 5064; x_wconf 81' lang='lat' dir='ltr'><strong>nnst</strong></span> <span class='ocrx_word' id='word_1_756' title='bbox 921 5014 1127 5064; x_wconf 67' lang='grc' dir='ltr'>παθών,</span> <span class='ocrx_word' id='word_1_757' title='bbox 1172 5015 1388 5064; x_wconf 73' lang='lat' dir='ltr'><strong>lnmtur</strong></span> <span class='ocrx_word' id='word_1_758' title='bbox 1444 5012 1561 5064; x_wconf 74' lang='grc' dir='ltr'>υἱός</span> <span class='ocrx_word' id='word_1_759' title='bbox 1605 5032 1666 5064; x_wconf 82' lang='lat' dir='ltr'><strong>1n</strong></span> <span class='ocrx_word' id='word_1_760' title='bbox 1725 5015 1919 5064; x_wconf 75' lang='lat' dir='ltr'><strong>editis.</strong></span> 
     </span>
    </p>
   </div>
   <div class='ocr_carea' id='block_1_101' title="bbox 274 5006 1920 5090">
    <p class='ocr_par' dir='ltr' id='par_1_101' title="bbox 274 5006 1920 5090">
     <span class='ocr_line' id='line_1_102' title="bbox 274 5006 1920 5090; baseline 0.005 -27"><span class='ocrx_word' id='word_1_761' title='bbox 274 5006 374 5090; x_wconf 63' lang='grc' dir='ltr'><strong>ὁδξ</strong></span> <span class='ocrx_word' id='word_1_762' title='bbox 395 5006 732 5090; x_wconf 49' lang='lat' dir='ltr'><strong>manus</strong></span> <span class='ocrx_word' id='word_1_763' title='bbox 761 5020 893 5087; x_wconf 90' lang='lat' dir='ltr'><strong>post</strong></span> <span class='ocrx_word' id='word_1_764' title='bbox 921 5014 1131 5089; x_wconf 84' lang='grc' dir='ltr'>παθών,</span> <span class='ocrx_word' id='word_1_765' title='bbox 1172 5006 1388 5090; x_wconf 72' lang='lat' dir='ltr'><strong>legitur</strong></span> <span class='ocrx_word' id='word_1_766' title='bbox 1444 5012 1561 5077; x_wconf 77' lang='grc' dir='ltr'>υἱός</span> <span class='ocrx_word' id='word_1_767' title='bbox 1604 5016 1667 5071; x_wconf 90' lang='lat' dir='ltr'><strong>in</strong></span> <span class='ocrx_word' id='word_1_768' title='bbox 1725 5006 1920 5083; x_wconf 80' lang='lat' dir='ltr'><strong>editis,</strong></span> 
     </span>
    </p>
   </div>
   <div class='ocr_carea' id='block_1_102' title="bbox 272 5083 817 5143">
    <p class='ocr_par' dir='ltr' id='par_1_102' title="bbox 272 5083 817 5143">
     <span class='ocr_line' id='line_1_103' title="bbox 272 5083 817 5143; baseline 0.009 -5"><span class='ocrx_word' id='word_1_769' title='bbox 272 5083 378 5139; x_wconf 91' lang='lat' dir='ltr'><strong>sed</strong></span> <span class='ocrx_word' id='word_1_770' title='bbox 409 5083 577 5141; x_wconf 87' lang='lat' dir='ltr'><strong>deest</strong></span> <span class='ocrx_word' id='word_1_771' title='bbox 603 5085 664 5141; x_wconf 89' lang='lat' dir='ltr'><strong>in</strong></span> <span class='ocrx_word' id='word_1_772' title='bbox 685 5083 817 5143; x_wconf 64' lang='lat' dir='ltr'><strong>Sea.</strong></span> 
     </span>
    </p>
   </div>
   <div class='ocr_carea' id='block_1_103' title="bbox 341 5102 1924 5245">
    <p class='ocr_par' dir='ltr' id='par_1_103' title="bbox 341 5102 1924 5245">
     <span class='ocr_line' id='line_1_104' title="bbox 343 5102 817 5143; baseline 0.011 -5"><span class='ocrx_word' id='word_1_773' title='bbox 343 5102 378 5138; x_wconf 88' lang='grc' dir='ltr'><strong>α</strong></span> <span class='ocrx_word' id='word_1_774' title='bbox 409 5102 577 5141; x_wconf 68' lang='grc'><strong>(106815</strong></span> <span class='ocrx_word' id='word_1_775' title='bbox 603 5102 664 5141; x_wconf 87' lang='lat' dir='ltr'><strong>1n</strong></span> <span class='ocrx_word' id='word_1_776' title='bbox 685 5102 759 5143; x_wconf 64' lang='lat'><strong>56</strong></span> <span class='ocrx_word' id='word_1_777' title='bbox 805 5129 817 5142; x_wconf 78' lang='grc' dir='ltr'>ι</span> 
     </span>
     <span class='ocr_line' id='line_1_105' title="bbox 341 5102 1924 5245; baseline -0.008 -21"><span class='ocrx_word' id='word_1_778' title='bbox 341 5102 935 5245; x_wconf 37' lang='lat' dir='ltr'><strong>(12.)‘Sic§e’g.§lobl.</strong></span> <span class='ocrx_word' id='word_1_779' title='bbox 965 5161 1025 5216; x_wconf 92' lang='lat' dir='ltr'><strong>et</strong></span> <span class='ocrx_word' id='word_1_780' title='bbox 1075 5158 1228 5217; x_wconf 87' lang='lat' dir='ltr'><strong>Fele.</strong></span> <span class='ocrx_word' id='word_1_781' title='bbox 1279 5160 1337 5216; x_wconf 93' lang='lat'><strong>1.</strong></span> <span class='ocrx_word' id='word_1_782' title='bbox 1383 5158 1539 5217; x_wconf 88' lang='lat' dir='ltr'><strong>Editi</strong></span> <span class='ocrx_word' id='word_1_783' title='bbox 1584 5175 1744 5232; x_wconf 87' lang='lat' dir='ltr'><strong>vero,</strong></span> <span class='ocrx_word' id='word_1_784' title='bbox 1775 5156 1924 5233; x_wconf 87' lang='grc' dir='ltr'><strong>παρά</strong></span> 
     </span>
    </p>
   </div>
   <div class='ocr_carea' id='block_1_104' title="bbox 269 5224 817 5286">
    <p class='ocr_par' dir='ltr' id='par_1_104' title="bbox 269 5224 817 5286">
     <span class='ocr_line' id='line_1_106' title="bbox 269 5224 817 5286; baseline 0.011 -7"><span class='ocrx_word' id='word_1_785' title='bbox 269 5224 363 5281; x_wconf 84' lang='grc' dir='ltr'>τὸν</span> <span class='ocrx_word' id='word_1_786' title='bbox 396 5228 520 5282; x_wconf 74' lang='grc' dir='ltr'><strong>Υἳὸν</strong></span> <span class='ocrx_word' id='word_1_787' title='bbox 541 5231 639 5284; x_wconf 88' lang='grc' dir='ltr'><strong>τοῦ</strong></span> <span class='ocrx_word' id='word_1_788' title='bbox 662 5224 817 5286; x_wconf 71' lang='grc' dir='ltr'>Θεοῦ.</span> 
     </span>
    </p>
   </div>
   <div class='ocr_carea' id='block_1_105' title="bbox 343 5297 1922 5378">
    <p class='ocr_par' dir='ltr' id='par_1_105' title="bbox 343 5297 1922 5378">
     <span class='ocr_line' id='line_1_107' title="bbox 343 5297 1922 5378; baseline -0.003 -18"><span class='ocrx_word' id='word_1_789' title='bbox 343 5298 457 5374; x_wconf 84' lang='grc'>(20)</span> <span class='ocrx_word' id='word_1_790' title='bbox 484 5297 588 5378; x_wconf 66' lang='lat' dir='ltr'><strong>lia!</strong></span> <span class='ocrx_word' id='word_1_791' title='bbox 619 5302 782 5359; x_wconf 90' lang='lat' dir='ltr'><strong>deest</strong></span> <span class='ocrx_word' id='word_1_792' title='bbox 809 5302 1016 5378; x_wconf 81' lang='lat' dir='ltr'><strong>in_Seg.</strong></span> <span class='ocrx_word' id='word_1_793' title='bbox 1036 5306 1145 5378; x_wconf 42' lang='lat' dir='ltr'><strong>;_.et</strong></span> <span class='ocrx_word' id='word_1_794' title='bbox 1173 5301 1234 5378; x_wconf 81' lang='lat' dir='ltr'><strong>in</strong></span> <span class='ocrx_word' id='word_1_795' title='bbox 1276 5304 1478 5378; x_wconf 86' lang='lat' dir='ltr'><strong>eadem</strong></span> <span class='ocrx_word' id='word_1_796' title='bbox 1509 5303 1685 5374; x_wconf 81' lang='lat' dir='ltr'><strong>infra,</strong></span> <span class='ocrx_word' id='word_1_797' title='bbox 1718 5301 1922 5378; x_wconf 84' lang='grc' dir='ltr'>ἀνθρω-</span> 
     </span>
    </p>
   </div>
   <div class='ocr_carea' id='block_1_106' title="bbox 268 5366 1606 5450">
    <p class='ocr_par' dir='ltr' id='par_1_106' title="bbox 268 5366 1606 5450">
     <span class='ocr_line' id='line_1_108' title="bbox 268 5366 1606 5450; baseline 0.001 -1"><span class='ocrx_word' id='word_1_798' title='bbox 268 5366 451 5450; x_wconf 46' lang='lat' dir='ltr'><strong>“bilis:</strong></span> <span class='ocrx_word' id='word_1_799' title='bbox 467 5374 649 5450; x_wconf 48' lang='lat' dir='ltr'><strong>deest.</strong></span> <span class='ocrx_word' id='word_1_800' title='bbox 678 5377 812 5450; x_wconf 51' lang='lat'><strong>919%</strong></span> <span class='ocrx_word' id='word_1_801' title='bbox 839 5366 1016 5450; x_wconf 60' lang='grc' dir='ltr'><strong>ὶέθῌῗρ</strong></span> <span class='ocrx_word' id='word_1_802' title='bbox 1037 5366 1234 5450; x_wconf 60' lang='grc' dir='ltr'>’ἔχητί</span> <span class='ocrx_word' id='word_1_803' title='bbox 1258 5374 1606 5450; x_wconf 65' lang='grc' dir='ltr'>πρξσενέγκιι-</span> 
     </span>
    </p>
   </div>
   <div class='ocr_carea' id='block_1_107' title="bbox 344 5442 1920 5522">
    <p class='ocr_par' dir='ltr' id='par_1_107' title="bbox 344 5442 1920 5522">
     <span class='ocr_line' id='line_1_109' title="bbox 344 5442 1920 5522; baseline -0.004 -17"><span class='ocrx_word' id='word_1_804' title='bbox 344 5442 457 5516; x_wconf 79' lang='grc'>(21)</span> <span class='ocrx_word' id='word_1_805' title='bbox 506 5449 637 5522; x_wconf 62' lang='grc' dir='ltr'>ξος.</span> <span class='ocrx_word' id='word_1_806' title='bbox 668 5445 829 5522; x_wconf 84' lang='lat' dir='ltr'><strong>Cobl.</strong></span> <span class='ocrx_word' id='word_1_807' title='bbox 864 5442 1206 5517; x_wconf 35' lang='lat' dir='ltr'><strong>Felckuiri,</strong></span> <span class='ocrx_word' id='word_1_808' title='bbox 1233 5442 1525 5522; x_wconf 71' lang='grc' dir='ltr'>γενόμενος</span> <span class='ocrx_word' id='word_1_809' title='bbox 1556 5442 1831 5522; x_wconf 76' lang='grc' dir='ltr'>άγγὲλων,</span> <span class='ocrx_word' id='word_1_810' title='bbox 1854 5444 1920 5499; x_wconf 82' lang='grc' dir='ltr'>οὐ</span> 
     </span>
    </p>
   </div>
   <div class='ocr_carea' id='block_1_108' title="bbox 267 5512 840 5589">
    <p class='ocr_par' dir='ltr' id='par_1_108' title="bbox 267 5512 840 5589">
     <span class='ocr_line' id='line_1_110' title="bbox 267 5512 840 5589; baseline 0.012 -22"><span class='ocrx_word' id='word_1_811' title='bbox 267 5512 488 5589; x_wconf 77' lang='grc' dir='ltr'>πάντως</span> <span class='ocrx_word' id='word_1_812' title='bbox 519 5516 548 5571; x_wconf 91' lang='lat'><strong>6</strong></span> <span class='ocrx_word' id='word_1_813' title='bbox 577 5512 782 5589; x_wconf 69' lang='grc' dir='ltr'>ποιητή</span> <span class='ocrx_word' id='word_1_814' title='bbox 795 5538 840 5580; x_wconf 87' lang='grc' dir='ltr'>ς.</span> 
     </span>
    </p>
   </div>
   <div class='ocr_carea' id='block_1_109' title="bbox 345 5585 1918 5665">
    <p class='ocr_par' dir='ltr' id='par_1_109' title="bbox 345 5585 1918 5665">
     <span class='ocr_line' id='line_1_111' title="bbox 345 5585 1918 5665; baseline -0.006 -16"><span class='ocrx_word' id='word_1_815' title='bbox 345 5586 458 5665; x_wconf 62' lang='lat'>(22)</span> <span class='ocrx_word' id='word_1_816' title='bbox 488 5593 637 5665; x_wconf 77' lang='lat' dir='ltr'><strong>Seg.</strong></span> <span class='ocrx_word' id='word_1_817' title='bbox 660 5585 921 5665; x_wconf 45' lang='lat' dir='ltr'><strong>et_G:obl._</strong></span> <span class='ocrx_word' id='word_1_818' title='bbox 987 5588 1062 5665; x_wconf 77' lang='grc' dir='ltr'>ᾡς</span> <span class='ocrx_word' id='word_1_819' title='bbox 1097 5585 1329 5665; x_wconf 36' lang='grc' dir='ltr'>ἐἴρηται</span> <span class='ocrx_word' id='word_1_820' title='bbox 1354 5664 1359 5665; x_wconf 16' lang='grc' dir='ltr'><em>ν</em></span> <span class='ocrx_word' id='word_1_821' title='bbox 1383 5589 1521 5665; x_wconf 87' lang='grc' dir='ltr'>πρὸς</span> <span class='ocrx_word' id='word_1_822' title='bbox 1578 5593 1685 5645; x_wconf 81' lang='grc' dir='ltr'><strong>τῶν</strong></span> <span class='ocrx_word' id='word_1_823' title='bbox 1711 5586 1918 5665; x_wconf 59' lang='grc' dir='ltr'>άγίων,</span> 
     </span>
    </p>
   </div>
   <div class='ocr_carea' id='block_1_110' title="bbox 271 5657 1920 5736">
    <p class='ocr_par' dir='ltr' id='par_1_110' title="bbox 271 5657 1920 5736">
     <span class='ocr_line' id='line_1_112' title="bbox 271 5657 1920 5736; baseline 0.001 -24"><span class='ocrx_word' id='word_1_824' title='bbox 271 5657 363 5712; x_wconf 76' lang='grc' dir='ltr'><strong>καὶ</strong></span> <span class='ocrx_word' id='word_1_825' title='bbox 388 5657 593 5736; x_wconf 33' lang='grc' dir='ltr'>,οἴκεῖοῖ</span> <span class='ocrx_word' id='word_1_826' title='bbox 619 5662 808 5736; x_wconf 89' lang='lat' dir='ltr'><strong>(G_obl.</strong></span> <span class='ocrx_word' id='word_1_827' title='bbox 840 5657 1235 5736; x_wconf 27' lang='lat' dir='ltr'><strong>Xutoixelouc)‘</strong></span> <span class='ocrx_word' id='word_1_828' title='bbox 1283 5664 1380 5717; x_wconf 84' lang='grc' dir='ltr'><strong>τοῦ</strong></span> <span class='ocrx_word' id='word_1_829' title='bbox 1427 5657 1590 5733; x_wconf 76' lang='grc' dir='ltr'>Θεοῦ,</span> <span class='ocrx_word' id='word_1_830' title='bbox 1638 5660 1729 5716; x_wconf 89' lang='grc' dir='ltr'>καὶ</span> <span class='ocrx_word' id='word_1_831' title='bbox 1774 5657 1920 5715; x_wconf 84' lang='grc' dir='ltr'>’Θεοῦ</span> 
     </span>
    </p>
   </div>
   <div class='ocr_carea' id='block_1_111' title="bbox 273 5728 1013 5811">
    <p class='ocr_par' dir='ltr' id='par_1_111' title="bbox 273 5728 1013 5811">
     <span class='ocr_line' id='line_1_113' title="bbox 273 5728 1013 5811; baseline 0.001 -1"><span class='ocrx_word' id='word_1_832' title='bbox 273 5730 595 5811; x_wconf 28' lang='grc' dir='ltr'>καῖὲιιφιέετιν</span> <span class='ocrx_word' id='word_1_833' title='bbox 626 5728 1013 5811; x_wconf 47' lang='grc' dir='ltr'><strong>τέγρνενῖὶδέφτ</strong></span> 
     </span>
    </p>
   </div>
   <div class='ocr_carea' id='block_1_112' title="bbox 344 5800 1919 5882">
    <p class='ocr_par' dir='ltr' id='par_1_112' title="bbox 344 5800 1919 5882">
     <span class='ocr_line' id='line_1_114' title="bbox 344 5800 1919 5882; baseline -0.001 -21"><span class='ocrx_word' id='word_1_834' title='bbox 344 5800 463 5879; x_wconf 65' lang='lat'><strong>(23}</strong></span> <span class='ocrx_word' id='word_1_835' title='bbox 489 5800 653 5882; x_wconf 60' lang='lat' dir='ltr'><strong>Haec,</strong></span> <span class='ocrx_word' id='word_1_836' title='bbox 673 5800 763 5864; x_wconf 70' lang='lat' dir='ltr'><strong>x&#39;ai</strong></span> <span class='ocrx_word' id='word_1_837' title='bbox 789 5807 888 5862; x_wconf 87' lang='grc' dir='ltr'><strong>τοῦ</strong></span> <span class='ocrx_word' id='word_1_838' title='bbox 935 5800 1133 5880; x_wconf 74' lang='grc' dir='ltr'>Ἀδάμ,</span> <span class='ocrx_word' id='word_1_839' title='bbox 1182 5805 1398 5865; x_wconf 86' lang='lat' dir='ltr'><strong>desunt</strong></span> <span class='ocrx_word' id='word_1_840' title='bbox 1443 5805 1506 5865; x_wconf 90' lang='lat' dir='ltr'><strong>in</strong></span> <span class='ocrx_word' id='word_1_841' title='bbox 1560 5810 1692 5880; x_wconf 80' lang='lat' dir='ltr'><strong>Seg.</strong></span> <span class='ocrx_word' id='word_1_842' title='bbox 1749 5802 1919 5863; x_wconf 91' lang='lat' dir='ltr'><strong>Gobl.</strong></span> 
     </span>
    </p>
   </div>
   <div class='ocr_carea' id='block_1_113' title="bbox 2028 4938 3681 5013">
    <p class='ocr_par' dir='ltr' id='par_1_113' title="bbox 2028 4938 3681 5013">
     <span class='ocr_line' id='line_1_115' title="bbox 2028 4938 3681 5013; baseline -0.002 -15"><span class='ocrx_word' id='word_1_843' title='bbox 2028 4945 2087 4998; x_wconf 90' lang='lat' dir='ltr'><strong>et</strong></span> <span class='ocrx_word' id='word_1_844' title='bbox 2115 4941 2370 4998; x_wconf 86' lang='lat' dir='ltr'><strong>Felckm.</strong></span> <span class='ocrx_word' id='word_1_845' title='bbox 2407 4942 2457 4997; x_wconf 89' lang='lat'><strong>1.</strong></span> <span class='ocrx_word' id='word_1_846' title='bbox 2491 4939 2668 5013; x_wconf 81' lang='lat' dir='ltr'><strong>Paulo</strong></span> <span class='ocrx_word' id='word_1_847' title='bbox 2701 4944 2854 5013; x_wconf 85' lang='lat' dir='ltr'><strong>post,</strong></span> <span class='ocrx_word' id='word_1_848' title='bbox 2887 4938 2949 5013; x_wconf 81' lang='lat' dir='ltr'><strong>in</strong></span> <span class='ocrx_word' id='word_1_849' title='bbox 2980 4939 3211 5011; x_wconf 90' lang='lat' dir='ltr'><strong>iisdem,</strong></span> <span class='ocrx_word' id='word_1_850' title='bbox 3239 4942 3336 4995; x_wconf 86' lang='grc' dir='ltr'><strong>τοῦ</strong></span> <span class='ocrx_word' id='word_1_851' title='bbox 3368 4938 3550 5013; x_wconf 78' lang='grc' dir='ltr'>Λόγου</span> <span class='ocrx_word' id='word_1_852' title='bbox 3585 4938 3681 4995; x_wconf 90' lang='lat' dir='ltr'><strong>de-</strong></span> 
     </span>
    </p>
   </div>
   <div class='ocr_carea' id='block_1_114' title="bbox 2032 5010 3076 5086">
    <p class='ocr_par' dir='ltr' id='par_1_114' title="bbox 2032 5010 3076 5086">
     <span class='ocr_line' id='line_1_116' title="bbox 2032 5010 3076 5086; baseline -0.001 -17"><span class='ocrx_word' id='word_1_853' title='bbox 2032 5017 2141 5086; x_wconf 78' lang='lat' dir='ltr'><strong>est.</strong></span> <span class='ocrx_word' id='word_1_854' title='bbox 2177 5013 2309 5070; x_wconf 82' lang='lat' dir='ltr'><strong>Mox</strong></span> <span class='ocrx_word' id='word_1_855' title='bbox 2335 5013 2539 5086; x_wconf 83' lang='lat' dir='ltr'><strong>iidem,</strong></span> <span class='ocrx_word' id='word_1_856' title='bbox 2571 5010 2631 5067; x_wconf 81' lang='grc' dir='ltr'>ἐκ</span> <span class='ocrx_word' id='word_1_857' title='bbox 2656 5010 2855 5086; x_wconf 59' lang='grc' dir='ltr'>τοῦτου</span> <span class='ocrx_word' id='word_1_858' title='bbox 2886 5010 3076 5086; x_wconf 78' lang='grc' dir='ltr'>ἐρεῖτε.</span> 
     </span>
    </p>
   </div>
   <div class='ocr_carea' id='block_1_115' title="bbox 2103 5082 3682 5158">
    <p class='ocr_par' dir='ltr' id='par_1_115' title="bbox 2103 5082 3682 5158">
     <span class='ocr_line' id='line_1_117' title="bbox 2103 5082 3682 5158; baseline -0.002 -17"><span class='ocrx_word' id='word_1_859' title='bbox 2103 5084 2217 5158; x_wconf 66' lang='grc'>(24)</span> <span class='ocrx_word' id='word_1_860' title='bbox 2244 5085 2581 5158; x_wconf 86' lang='lat' dir='ltr'><strong>Seguerian.</strong></span> <span class='ocrx_word' id='word_1_861' title='bbox 2613 5082 2947 5141; x_wconf 80' lang='lat' dir='ltr'><strong>Goblerian.</strong></span> <span class='ocrx_word' id='word_1_862' title='bbox 2977 5090 3037 5142; x_wconf 88' lang='lat' dir='ltr'><strong>et</strong></span> <span class='ocrx_word' id='word_1_863' title='bbox 3068 5084 3321 5142; x_wconf 81' lang='lat' dir='ltr'><strong>Felckm.</strong></span> <span class='ocrx_word' id='word_1_864' title='bbox 3342 5085 3369 5141; x_wconf 90' lang='lat'><strong>1</strong></span> <span class='ocrx_word' id='word_1_865' title='bbox 3403 5084 3682 5142; x_wconf 80' lang='lat' dir='ltr'><strong>omittunt</strong></span> 
     </span>
    </p>
   </div>
   <div class='ocr_carea' id='block_1_116' title="bbox 2031 5155 3114 5302">
    <p class='ocr_par' dir='ltr' id='par_1_116' title="bbox 2031 5155 3114 5302">
     <span class='ocr_line' id='line_1_118' title="bbox 2031 5155 3114 5302; baseline 0.003 -20"><span class='ocrx_word' id='word_1_866' title='bbox 2031 5155 2214 5302; x_wconf 52' lang='grc' dir='ltr'><strong>πρῗέέ)</strong></span> <span class='ocrx_word' id='word_1_867' title='bbox 2246 5226 2659 5302; x_wconf 69' lang='lat' dir='ltr'><strong>Seguerianus,</strong></span> <span class='ocrx_word' id='word_1_868' title='bbox 2695 5222 3114 5302; x_wconf 60' lang='grc' dir='ltr'>ἐπιδεχόμενον.</span> 
     </span>
    </p>
   </div>
   <div class='ocr_carea' id='block_1_117' title="bbox 2125 5298 3674 5376">
    <p class='ocr_par' dir='ltr' id='par_1_117' title="bbox 2125 5298 3674 5376">
     <span class='ocr_line' id='line_1_119' title="bbox 2125 5298 3674 5376; baseline -0.003 -22"><span class='ocrx_word' id='word_1_869' title='bbox 2125 5298 2215 5368; x_wconf 86' lang='grc'>26)</span> <span class='ocrx_word' id='word_1_870' title='bbox 2240 5298 2369 5372; x_wconf 70' lang='lat' dir='ltr'><strong>Seg.</strong></span> <span class='ocrx_word' id='word_1_871' title='bbox 2403 5298 2571 5376; x_wconf 60' lang='lat' dir='ltr'><strong>(iob).</strong></span> <span class='ocrx_word' id='word_1_872' title='bbox 2604 5303 2663 5376; x_wconf 39' lang='lat' dir='ltr'><strong>e‘t</strong></span> <span class='ocrx_word' id='word_1_873' title='bbox 2694 5298 2946 5376; x_wconf 57' lang='lat' dir='ltr'><strong>Felcktp.</strong></span> <span class='ocrx_word' id='word_1_874' title='bbox 2983 5304 3034 5368; x_wconf 88' lang='lat'><strong>1,</strong></span> <span class='ocrx_word' id='word_1_875' title='bbox 3065 5301 3165 5376; x_wconf 70' lang='grc' dir='ltr'>τὴν</span> <span class='ocrx_word' id='word_1_876' title='bbox 3198 5300 3368 5376; x_wconf 77' lang='grc' dir='ltr'>σάρκα</span> <span class='ocrx_word' id='word_1_877' title='bbox 3421 5298 3521 5376; x_wconf 72' lang='grc' dir='ltr'>τὴν</span> <span class='ocrx_word' id='word_1_878' title='bbox 3576 5316 3674 5376; x_wconf 54' lang='grc' dir='ltr'>παέ</span> 
     </span>
    </p>
   </div>
   <div class='ocr_carea' id='block_1_118' title="bbox 2032 5368 3680 5454">
    <p class='ocr_par' dir='ltr' id='par_1_118' title="bbox 2032 5368 3680 5454">
     <span class='ocr_line' id='line_1_120' title="bbox 2032 5368 3680 5454; baseline 0.001 -31"><span class='ocrx_word' id='word_1_879' title='bbox 2032 5368 2248 5454; x_wconf 62' lang='grc' dir='ltr'>ροῦσαν,</span> <span class='ocrx_word' id='word_1_880' title='bbox 2287 5368 2484 5444; x_wconf 58' lang='grc' dir='ltr'>ματαία</span> <span class='ocrx_word' id='word_1_881' title='bbox 2511 5371 2547 5438; x_wconf 81' lang='grc' dir='ltr'><strong>ἡ</strong></span> <span class='ocrx_word' id='word_1_882' title='bbox 2580 5368 2759 5432; x_wconf 88' lang='grc' dir='ltr'>πίστις</span> <span class='ocrx_word' id='word_1_883' title='bbox 2787 5370 2963 5444; x_wconf 77' lang='grc' dir='ltr'>ὑμῶν,</span> <span class='ocrx_word' id='word_1_884' title='bbox 2998 5373 3204 5430; x_wconf 87' lang='lat' dir='ltr'><strong>multis</strong></span> <span class='ocrx_word' id='word_1_885' title='bbox 3234 5368 3494 5441; x_wconf 64' lang='lat' dir='ltr'><strong>omissis,</strong></span> <span class='ocrx_word' id='word_1_886' title='bbox 3527 5375 3593 5427; x_wconf 80' lang='lat' dir='ltr'><strong>ut</strong></span> <span class='ocrx_word' id='word_1_887' title='bbox 3622 5374 3680 5426; x_wconf 89' lang='lat' dir='ltr'><strong>et</strong></span> 
     </span>
    </p>
   </div>
   <div class='ocr_carea' id='block_1_119' title="bbox 2030 5444 3681 5601">
    <p class='ocr_par' dir='ltr' id='par_1_119' title="bbox 2030 5444 3681 5601">
     <span class='ocr_line' id='line_1_121' title="bbox 2030 5444 3681 5601; baseline -0.003 -30"><span class='ocrx_word' id='word_1_888' title='bbox 2030 5444 2360 5601; x_wconf 45' lang='grc' dir='ltr'><strong>Νῗὲξέξὲὲτ</strong></span> <span class='ocrx_word' id='word_1_889' title='bbox 2395 5511 2575 5601; x_wconf 52' lang='lat' dir='ltr'><strong>qul.‘</strong></span> <span class='ocrx_word' id='word_1_890' title='bbox 2593 5517 2651 5601; x_wconf 68' lang='lat' dir='ltr'><strong>et</strong></span> <span class='ocrx_word' id='word_1_891' title='bbox 2680 5513 2945 5601; x_wconf 54' lang='lat' dir='ltr'><strong>Felclim;</strong></span> <span class='ocrx_word' id='word_1_892' title='bbox 2967 5515 3114 5601; x_wconf 44' lang='lat'><strong>13:0</strong></span> <span class='ocrx_word' id='word_1_893' title='bbox 3150 5514 3327 5601; x_wconf 61' lang='grc' dir='ltr'>Λόγος</span> <span class='ocrx_word' id='word_1_894' title='bbox 3355 5512 3513 5601; x_wconf 43' lang='grc' dir='ltr'>’σάρξ</span> <span class='ocrx_word' id='word_1_895' title='bbox 3569 5511 3681 5601; x_wconf 52' lang='grc' dir='ltr'><strong>ὲγὲῖ</strong></span> 
     </span>
    </p>
   </div>
   <div class='ocr_carea' id='block_1_120' title="bbox 2028 5572 3682 5737">
    <p class='ocr_par' dir='ltr' id='par_1_120' title="bbox 2028 5572 3682 5737">
     <span class='ocr_line' id='line_1_122' title="bbox 2028 5572 3682 5737; baseline -0.001 -23"><span class='ocrx_word' id='word_1_896' title='bbox 2028 5572 2648 5737; x_wconf 41' lang='lat' dir='ltr'><strong>sustinete</strong></span> <span class='ocrx_word' id='word_1_897' title='bbox 2664 5572 3682 5736; x_wconf 35' lang='lat' dir='ltr'><strong>eremi&quot;;ﬁliisfiliis</strong></span> 
     </span>
    </p>
   </div>
   <div class='ocr_carea' id='block_1_121' title="bbox 2027 5678 3676 5807">
    <p class='ocr_par' dir='ltr' id='par_1_121' title="bbox 2027 5678 3676 5807">
     <span class='ocr_line' id='line_1_123' title="bbox 2031 5678 3676 5737; baseline -0.001 -23"><span class='ocrx_word' id='word_1_898' title='bbox 2031 5678 2282 5715; x_wconf 72' lang='lat' dir='ltr'><strong>relcum.</strong></span> <span class='ocrx_word' id='word_1_899' title='bbox 2317 5678 2367 5721; x_wconf 86' lang='lat'><strong>1,</strong></span> <span class='ocrx_word' id='word_1_900' title='bbox 2402 5678 2631 5737; x_wconf 77' lang='grc' dir='ltr'>Λογου),</span> <span class='ocrx_word' id='word_1_901' title='bbox 2664 5678 2771 5712; x_wconf 65' lang='lat' dir='ltr'><strong>eum</strong></span> <span class='ocrx_word' id='word_1_902' title='bbox 2827 5678 2907 5712; x_wconf 88' lang='grc' dir='ltr'><strong>ινα</strong></span> <span class='ocrx_word' id='word_1_903' title='bbox 2936 5678 2971 5728; x_wconf 87' lang='grc' dir='ltr'><strong>η</strong></span> <span class='ocrx_word' id='word_1_904' title='bbox 3005 5678 3132 5736; x_wconf 59' lang='lat' dir='ltr'><strong>cap;</strong></span> <span class='ocrx_word' id='word_1_905' title='bbox 3162 5678 3198 5731; x_wconf 82' lang='grc' dir='ltr'>ῃ</span> <span class='ocrx_word' id='word_1_906' title='bbox 3229 5678 3416 5736; x_wconf 80' lang='grc' dir='ltr'>Λογος·</span> <span class='ocrx_word' id='word_1_907' title='bbox 3456 5678 3539 5714; x_wconf 67' lang='grc' dir='ltr'><strong>Ἀ.</strong></span> <span class='ocrx_word' id='word_1_908' title='bbox 3565 5678 3608 5714; x_wconf 45' lang='grc' dir='ltr'>Αν</span> <span class='ocrx_word' id='word_1_909' title='bbox 3649 5678 3676 5712; x_wconf 92' lang='grc' dir='ltr'><strong>ο</strong></span> 
     </span>
     <span class='ocr_line' id='line_1_124' title="bbox 2027 5725 3676 5807; baseline 0.001 -20"><span class='ocrx_word' id='word_1_910' title='bbox 2027 5729 2202 5807; x_wconf 80' lang='grc' dir='ltr'>Λόγος</span> <span class='ocrx_word' id='word_1_911' title='bbox 2235 5725 2752 5807; x_wconf 17' lang='grc' dir='ltr'>σάρξνέγρνετολῖνα</span> <span class='ocrx_word' id='word_1_912' title='bbox 2778 5729 2867 5785; x_wconf 86' lang='grc' dir='ltr'><strong>καὶ</strong></span> <span class='ocrx_word' id='word_1_913' title='bbox 2893 5730 2923 5785; x_wconf 91' lang='lat'><strong>6</strong></span> <span class='ocrx_word' id='word_1_914' title='bbox 2950 5730 3147 5806; x_wconf 87' lang='grc' dir='ltr'>Λόγος.</span> <span class='ocrx_word' id='word_1_915' title='bbox 3179 5734 3357 5793; x_wconf 88' lang='lat' dir='ltr'><strong>Paulo</strong></span> <span class='ocrx_word' id='word_1_916' title='bbox 3416 5736 3567 5807; x_wconf 83' lang='lat' dir='ltr'><strong>post,</strong></span> <span class='ocrx_word' id='word_1_917' title='bbox 3600 5727 3676 5802; x_wconf 81' lang='grc' dir='ltr'>ἐν,</span> 
     </span>
    </p>
   </div>
   <div class='ocr_carea' id='block_1_122' title="bbox 2029 5804 3445 5881">
    <p class='ocr_par' dir='ltr' id='par_1_122' title="bbox 2029 5804 3445 5881">
     <span class='ocr_line' id='line_1_125' title="bbox 2029 5804 3445 5881; baseline -0.001 -21"><span class='ocrx_word' id='word_1_918' title='bbox 2029 5804 2163 5862; x_wconf 81' lang='lat' dir='ltr'><strong>ante</strong></span> <span class='ocrx_word' id='word_1_919' title='bbox 2194 5805 2404 5881; x_wconf 71' lang='grc' dir='ltr'>μορφῆ,</span> <span class='ocrx_word' id='word_1_920' title='bbox 2436 5804 2609 5875; x_wconf 72' lang='lat' dir='ltr'><strong>deest</strong></span> <span class='ocrx_word' id='word_1_921' title='bbox 2634 5805 2701 5865; x_wconf 88' lang='lat' dir='ltr'><strong>in</strong></span> <span class='ocrx_word' id='word_1_922' title='bbox 2724 5807 2857 5877; x_wconf 81' lang='lat' dir='ltr'><strong>Seg.</strong></span> <span class='ocrx_word' id='word_1_923' title='bbox 3044 5804 3055 5806; x_wconf 79' lang='grc'><strong><em>“</em></strong></span> <span class='ocrx_word' id='word_1_924' title='bbox 3422 5804 3445 5831; x_wconf 53' lang='grc' dir='ltr'>’ν</span> 
     </span>
    </p>
   </div>
  </div>
