4048 6368
334 445 490 502 1117

1234 445 1546 506 CONTRA
1593 446 2180 508 APOLLINARIUM
2227 448 2463 509 LIBER
2510 449 2829 510 PRIMUS.

3587 440 3743 500 1118

330 574 474 632 εἷ’ποι
505 597 610 646 τις,
641 575 703 630 τὸ
751 576 884 650 αἷμα
923 579 1010 632 καὶ
1062 578 1161 646 τὴν
1216 579 1430 655 σάρκας
1481 577 1630 636 Ἀλλ’
1689 579 1869 654 ὥσπερ
1913 580 1975 634 τὸ

2104 582 2361 639 mimum
2422 585 2754 655 induxistis,
2789 582 2956 654 quasi
3009 598 3144 637 vero
3200 580 3259 634 in
3318 577 3579 634 confesso
3623 593 3738 631 non

331 670 492 738 σῶμα
519 667 607 720 καὶ
635 667 698 720 τὸ
741 666 873 738 αἷμα
904 666 966 721 οὗ
1017 664 1360 743 διαφεύγουσι
1407 669 1506 738 τήν
1539 667 1856 748 ψηλάφησιν
1888 669 1978 724 καὶ

328 755 428 822 τὴν
460 759 659 829 τρῶσιν
693 756 860 828 ὁρατᾶ
909 751 1054 829 ὄντα,
1103 755 1303 828 δείξατε
1348 760 1483 831 ἡμῖν
1534 758 1622 812 καὶ
1656 760 1754 828 τὴν
1789 759 1976 834 ψυχὴν

335 845 410 915 μὴ
445 840 834 919 διαφεύγουσαν
864 850 1048 915 ταῦτα,
1093 847 1181 901 καὶ
1233 848 1434 922 ὁρατὴν
1484 845 1665 915 οὖσαν,
1699 848 1788 914 Ἢ,
1823 848 1866 901 εί
1903 848 1977 920 μὴ

330 930 552 988 δύνασθε
581 931 768 1004 δεῖξαι,
803 931 1032 1011 φανερός
1062 935 1202 991 ἐστιν
1253 937 1282 990 6
1330 934 1515 1011 λόγος.
1564 937 1646 991 ὅτι
1700 933 1822 991 οὔτε
1857 938 1982 1008 ὁρᾶ-

327 1041 414 1076 ται
446 1023 622 1098 ψυχὴ,
657 1021 780 1078 οὔτε
810 1024 1178 1080 ἀποκτείνεται
1233 1025 1334 1080 ὑπὸ
1382 1025 1670 1098 ἀνθρώπου
1704 1024 1886 1101 ὥσπερ
1919 1027 1981 1080 τὸ

329 1110 530 1183 σῶμία,
564 1113 742 1176 καθὼς
789 1112 1001 1189 εἷ’ρηκεν
1055 1116 1168 1188 (36)
1211 1115 1240 1168 ὁ
1289 1113 1506 1188 Κύριος.
1560 1114 1823 1184 ΙΙείσθητε
1865 1112 1979 1184 οῦν,

327 1198 410 1254 ὅτι
445 1201 472 1254 6
511 1194 705 1257 ἔσωθεν
753 1205 914 1275 ἡμῶν
958 1200 1238 1278 ἅνθρωπός
1287 1202 1428 1258 ὶστιν
1473 1206 1508 1273 ἡ
1560 1206 1712 1278 ψυχή
1751 1223 1762 1236 ·
1815 1209 1980 1259 τοῦτο

326 1289 418 1342 καὶ
459 1295 560 1359 τῆς
608 1292 833 1366 πρώτης
873 1289 1122 1355 πλάσεως
1173 1289 1546 1363 δεικνυούσης,
1597 1293 1686 1346 καὶ
1731 1300 1832 1363 τῆς
1862 1290 1982 1346 δευ-

325 1375 483 1453 τέρας
515 1375 818 1443 διαλύσεως
853 1378 1132 1452 δηλοῦσης
1167 1403 1180 1416 ·
1233 1383 1298 1437 οὗ
1351 1383 1516 1456 μόνον
1567 1381 1648 1460 ἐφ’
1695 1384 1830 1455 ἡμῖν
1861 1383 1984 1437 τοῦ-

327 1487 434 1520 των
469 1463 850 1540 δεικνυμένων,
897 1467 1045 1525 ἀλλὰ
1090 1470 1179 1524 καὶ
1227 1469 1279 1524 ἐν
1327 1471 1478 1543 αὐτῷ
1524 1475 1604 1544 τῷ
1643 1471 1856 1544 θανάτῳ
1884 1475 1982 1526 τοῦ

332 1558 566 1629 Χριστοῦ
596 1553 866 1612 ἐδείκνυτο
903 1577 915 1589 ·
949 1559 1010 1612 τὸ
1044 1557 1139 1632 μὲν
1170 1579 1279 1629 τοι,
1315 1559 1479 1636 μέχρι
1509 1561 1682 1637 τάφου
1724 1559 1926 1635 φθάσαν
1965 1581 1978 1594 ο

329 1644 364 1712 ἡ
400 1640 477 1712 δὲ,
513 1647 682 1721 μέχρι
729 1640 864 1716 ᾅδου
915 1642 1163 1704 διαϐᾶσα.
1220 1653 1511 1722 Δισιρετῶν
1567 1647 1625 1704 δὲ
1673 1644 1843 1712 ὄντων
1870 1655 1980 1704 τῶν

328 1733 512 1787 τόπων
545 1732 743 1807 πολλῷ
772 1736 851 1808 τῷ
884 1736 1085 1811 μέτρῳ,
1133 1737 1222 1792 καὶ
1266 1742 1363 1792 τοῦ
1415 1738 1509 1812 μὲν
1539 1740 1704 1793 τάσου
1737 1759 1980 1813 σωματι-

328 1821 432 1890 κὴν
491 1819 887 1899 ἐπιδεχομένου
955 1826 1053 1895 τὴν
1127 1821 1394 1902 ἐπίϐασιν,
1463 1825 1631 1882 ἐκεῖσε
1687 1835 1865 1904 παρῆν
1917 1829 1980 1883 τὸ

329 1913 510 1984 σῶμα,
541 1911 636 1967 τοῦ
670 1910 727 1967 δὲ
758 1909 889 1984 ᾅδου
919 1915 1230 1988 ἂσώματον.

2093 678 2268 740 esset,
2319 673 2656 730 interiorem
2716 678 2980 728 nostrum
3037 670 3335 726 hominem
3395 668 3457 723 in
3513 666 3741 721 Christo

2092 777 2221 816 esse
2247 761 2270 816 ?
2302 764 2414 818 Cur
2444 763 2554 820 hoc
2585 764 2656 819 de
2686 763 2884 818 anima
2911 776 3141 833 quoque
3174 757 3506 830 loquimini,
3532 771 3741 826 nempe

2091 867 2304 922 corpus
2339 856 2394 908 et
2450 853 2708 908 animam
2767 868 2895 907 esse
2951 848 3293 906 exteriorem
3326 845 3645 911 hominem,
3679 852 3744 898 ut

2093 941 2162 994 de
2194 942 2476 1012 sanguine
2508 949 2564 998 et
2593 959 2763 997 carne
2812 941 2945 1012 quis
2989 936 3243 993 dixerit?
3272 937 3378 991 Sed
3439 935 3592 990 sicut
3617 949 3740 987 cor-

2093 1045 2205 1099 pus
2238 1034 2292 1084 et
2324 1032 2565 1103 sanguis
2597 1035 2924 1086 contactum
2954 1033 3012 1084 et
3041 1027 3280 1083 vulnera
3311 1041 3422 1080 non
3456 1023 3744 1094 effugiunt

2092 1134 2225 1172 cum
2261 1119 2379 1174 sint
2408 1119 2699 1187 visibilia;
2759 1119 3046 1176 ostendite
3105 1116 3272 1171 nobis
3304 1114 3562 1169 animam
3597 1127 3743 1182 quc-

2093 1223 2207 1278 que
2265 1207 2366 1263 illa
2441 1225 2554 1264 non
2616 1210 2869 1282 effugere
2901 1212 2957 1263 et
2988 1204 3279 1262 visibilem
3329 1219 3482 1259 esse.
3513 1204 3628 1256 Aut
3684 1200 3735 1255 si

2093 1297 2398 1352 ostendere
2424 1315 2535 1353 non
2571 1298 2832 1369 potestis,
2863 1296 3238 1352 manifestum
3297 1297 3404 1363 est,
3439 1307 3629 1362 neque
3656 1291 3738 1344 vi-

2093 1384 2214 1438 deri
2249 1385 2533 1447 animam.
2568 1402 2756 1457 neque
2809 1386 2880 1441 ab
2937 1384 3174 1440 homine
3222 1383 3375 1437 sicut
3403 1397 3614 1452 corpus
3644 1395 3738 1434 oc-

2092 1472 2204 1528 cidi
2233 1491 2426 1546 posse,
2461 1479 2524 1529 ut
2571 1475 2717 1530 dixit
2771 1475 3078 1530 Dominus.
3109 1471 3334 1527 Credite
3387 1470 3568 1543 igitur
3594 1468 3739 1523 inte-

2092 1563 2305 1618 riorem
2331 1568 2600 1618 nostrum
2623 1563 2924 1619 hominem
2949 1577 3075 1618 esse
3101 1560 3395 1616 animam:
3422 1557 3574 1630 quod
3599 1573 3740 1612 sane

2091 1656 2148 1708 et
2179 1652 2366 1724 prima
2395 1653 2665 1708 formatio
2715 1653 3075 1726 comprobat,
3109 1655 3166 1706 et
3204 1665 3456 1721 sequens
3485 1645 3740 1702 dissolu-

2089 1741 2170 1796 tio
2203 1740 2502 1813 propalam
2551 1741 2729 1797 facit:
2778 1746 2952 1814 atque
3011 1757 3124 1795 non
3179 1739 3371 1794 solum
3427 1737 3485 1792 in
3544 1735 3736 1804 nobis,

2092 1831 2190 1885 sed
2225 1834 2280 1885 et
2310 1830 2367 1885 in
2426 1829 2556 1903 ipsa
2613 1830 2825 1888 Christi
2857 1835 3043 1886 morte
3085 1829 3230 1886 745
3279 1826 3540 1899 idipsum
3574 1841 3737 1881 com-

2092 1922 2491 1975 monstratur:
2523 1920 2756 1990 quando
2785 1935 2998 1990 corpus
3050 1917 3290 1990 quidem
3331 1932 3512 1986 usque
3543 1915 3614 1970 ad
3649 1930 3738 1969 se-

329 2000 598 2071 pulcrum
630 2007 860 2059 tantum
893 2005 1192 2077 pervenit:
1226 2007 1425 2063 anima
1470 2024 1601 2063 vero
1633 2008 1703 2063 ad
1762 2007 2059 2064 infernum
2093 2023 2282 2080 usque
2339 2009 2758 2064 transmeavit:
2791 2008 3053 2079 locisque
3109 2004 3293 2061 multo
3323 2004 3513 2076 spatio
3543 2004 3735 2058 ditan-

325 2090 507 2160 tibus,
540 2093 878 2165 sepulcrum
911 2096 1149 2168 quidem
1208 2099 1566 2172 corporalem
1598 2099 1912 2156 adventum
1971 2099 2217 2171 excepit,
2265 2116 2331 2155 ac
2389 2099 2469 2155 ibi
2501 2116 2715 2172 corpus
2773 2099 2980 2170 adfuit,
3013 2098 3277 2154 infernus
3306 2111 3437 2152 vero
3469 2097 3738 2167 incorpo-

327 2197 490 2238 reum
522 2183 783 2240 admisit.

405 2271 492 2326 14.
525 2275 647 2333 Πῶς
677 2272 786 2344 (37)
819 2271 932 2326 ἐκεῖ
971 2275 1156 2350 παρὼν
1209 2275 1237 2329 6
1287 2275 1484 2351 Κύριος
1530 2275 1858 2349 ἇσωμάτωσ,
1911 2275 1985 2337 ὡς

2167 2277 2254 2331 14.
2290 2279 2414 2343 Qua
2444 2277 2668 2334 ratione
2694 2277 2891 2350 igitur,
2926 2294 3060 2333 cum
3096 2277 3375 2333 Dominus
3404 2273 3521 2330 illic
3551 2273 3740 2329 incor-

335 2355 621 2434 ἄνθρωπος
673 2360 932 2434 ἐνομίσθη
985 2362 1088 2417 ὑπὸ
1144 2368 1242 2418 τοῦ
1300 2367 1578 2437 θανάτους
1625 2364 1717 2420 ’ίνα
1776 2368 1981 2440 ψυχαῖς

333 2451 454 2509 ταῖς
503 2446 553 2500 ἰν
609 2445 830 2521 δεσμοῖς
877 2449 1292 2524 κατεχομέναις,
1346 2454 1562 2530 μορφὴν
1610 2450 1748 2514 ίδίας
1797 2451 1982 2524 ψυχῆς

336 2533 684 2592 ἀνεπίδεκτον
745 2537 820 2600 ὡς
871 2535 1120 2608 δεκτικὴν
1187 2546 1295 2595 τῶν
1343 2538 1556 2615 δεσμῶν
1599 2546 1696 2596 τοῦ
1754 2542 1984 2596 θανάτου

337 2628 724 2701 παραστήσας,
803 2633 1076 2704 παροῦσαν
1162 2629 1478 2706 παρούσαις,
1573 2630 1835 2708 ὃιαρῥήξῃ
1918 2630 1986 2685 τά

339 2712 510 2790 δεσμὰ
538 2720 730 2794 ψυχῶν
760 2723 869 2774 τῶν
901 2718 951 2774 ἰν
1004 2715 1104 2795 ᾅδῃ
1147 2721 1553 2798 κατεχομένων,
1599 2723 1690 2777 τὸν
1723 2730 1822 2792 τῆς
1853 2723 1980 2777 ἀνα-

338 2807 572 2869 στάσεως
633 2804 1034 2881 διαπηξάμενος
1109 2808 1236 2887 ὅρον
1270 2831 1282 2844 ·
1344 2809 1436 2866 ’ίνα
1505 2813 1532 2866 6
1589 2809 1837 2882 πλάστης
1892 2811 1982 2866 καὶ

335 2896 575 2966 ποιητής
605 2901 702 2952 τοῦ
745 2898 1056 2974 ἀνθρώπου,
1097 2901 1186 2954 καὶ
1234 2898 1494 2976 καταδίκῃ
1538 2901 1729 2956 τοῦτον
1780 2896 1982 2956 ὑποϐα-

338 2985 474 3055 λὼν,
504 2985 664 3050 αὐτὸς
691 2987 903 3064 παρὼν,
936 2987 1272 3064 ἐλευθερώσῃ
1303 2988 1372 3045 δι’
1403 2991 1593 3046 ἑαυτοῦ
1643 2989 1693 3061 ἐξ
1747 2989 1986 3062 ὁλοκλή-

337 3094 434 3149 ρου
488 3077 581 3131 τὸν
625 3077 907 3153 ἄνθρωπον
959 3077 1010 3133 ἐν
1065 3083 1249 3158 μυρφῆ
1297 3087 1362 3151 τῆ
1439 3081 1652 3137 ἑαυτοῦ.
1703 3077 1842 3139 Οὔτε
1883 3082 1983 3157 γὰρ

339 3165 561 3228 θάνατος
627 3166 991 3243 ὑπερισχύσας
1046 3169 1358 3246 ὑπηγάγετο
1406 3171 1582 3243 ἑαυτῷ
1633 3171 1732 3240 τὴν
1787 3171 1988 3245 ἀνθρω-

336 3253 499 3323 πίνην
546 3258 643 3309 τοῦ
689 3255 867 3332 Λόγου
907 3259 1020 3331 (38)
1074 3260 1258 3334 ψυχὴν
1307 3259 1384 3322 εἷς
1429 3257 1642 3333 δεσμῶν
1690 3261 1934 3336 κατοχήν
1970 3277 1982 3290 ⁸

340 3339 462 3398 οὕτε
491 3343 656 3398 πάλιν
690 3346 724 3414 ἡ
772 3347 948 3423 φθορὰ
991 3352 1320 3421 τυραννικῶς
1371 3345 1708 3422 διαρπάσασα
1734 3349 1796 3403 τὸ
1829 3353 1989 3421 σῶμα

339 3430 544 3509 ἐνεργεῖ
595 3433 670 3495 είς
729 3431 1044 3512 διαφθορὰν,
1112 3437 1186 3498 ὡς
1251 3437 1602 3511 ἀπρονοήτων
1664 3435 1832 3492 ὄντων
1880 3443 1988 3492 τῶν

339 3523 694 3597 πραγμάτων.
737 3523 924 3585 Οὕτως
982 3524 1082 3600 γὰρ
1130 3524 1328 3580 ἐννοεῖν
1379 3526 1442 3580 τὸ
1471 3531 1716 3581 τοιοῦτον
1749 3522 1936 3589 ἀσεϐὲς
1973 3545 1986 3559 ⁸

2093 2366 2369 2438 poraliter
2393 2368 2645 2436 adesset,
2675 2367 2850 2422 homo
2876 2373 3069 2423 tamen
3095 2385 3128 2422 a
3149 2371 3337 2424 morte
3365 2364 3738 2422 existimatus

2092 2454 2222 2512 est?
2256 2460 2320 2510 ut
2353 2455 2743 2513 animabusin
2767 2457 3018 2512 vinculis
3051 2457 3320 2527 detentis,
3351 2454 3598 2528 propriae
3620 2453 3742 2508 ani-

2094 2561 2200 2599 mm
2235 2544 2504 2613 formam,
2537 2547 2874 2618 incapacem
2905 2546 3271 2601 vinculorum
3309 2544 3540 2612 mortis,
3571 2541 3741 2614 quasi

2092 2649 2358 2705 capacem
2393 2635 3090 2707 exbibens,przesentibus
3120 2631 3744 2707 praesentem,vincula

2093 2721 2424 2778 animarum
2460 2725 2518 2778 in
2551 2723 2776 2780 inferno
2809 2725 3176 2779 detentarum
3210 2723 3620 2794 disrumperet,
3652 2736 3743 2775 re-

2094 2811 2596 2885 surrectionisque
2627 2814 2946 2868 terminum
2971 2813 3341 2885 designaret:
3369 2815 3432 2866 ut
3455 2809 3738 2877 conditor,

2092 2903 2151 2954 et
2181 2901 2364 2958 factor
2395 2903 2662 2974 hominis,
2693 2903 2862 2973 etqui
2890 2902 3185 2958 hominem
3219 2900 3580 2957 damnationi
3602 2898 3739 2955 sub-

2087 2987 2328 3068 jecerat,
2359 2991 2484 3065 ipse
2516 3009 2771 3063 prazsens
2803 3009 2904 3064 per
2925 2992 3209 3062 seipsum,
3241 2989 3538 3045 hominem
3572 2987 3740 3058 plane

2097 3085 2156 3140 in
2173 3101 2280 3140 sua
2295 3082 2482 3154 ipsius
2505 3082 2689 3136 forma
2709 3079 3391 3151 liberaret.Nequaquam
3415 3077 3570 3133 enim
3584 3080 3751 3131 tanta

2098 3171 2302 3228 mortis
2335 3170 2420 3226 vis
2455 3169 2582 3238 fuit,
2616 3174 2680 3225 ut
2723 3169 3039 3241 subjiceret
3081 3168 3193 3223 sibi
3225 3166 3542 3221 humanam
3572 3163 3751 3219 Verbi

2097 3262 2376 3327 animam,
2409 3278 2475 3316 ac
2507 3275 2634 3316 eam
2668 3260 2726 3314 in
2761 3257 3012 3314 vinculis
3044 3257 3367 3313 detineret:
3404 3271 3589 3326 neque
3619 3270 3751 3308 rur-

2097 3368 2232 3408 sum
2266 3349 2557 3421 corruptio
2589 3348 2952 3421 tyrannicam
2987 3347 3043 3401 in
3087 3362 3299 3418 corpus
3332 3344 3460 3414 ejus
3491 3344 3607 3398 vim
3639 3341 3752 3397 sibi

2099 3440 2412 3512 arrogavit,
2442 3443 2507 3494 ut
2559 3437 2947 3510 putrefaceret
3003 3436 3220 3507 ipsum,
3255 3433 3424 3506 quasi
3467 3450 3559 3488 res
3592 3429 3756 3486 nulla

2100 3529 2466 3602 providentia
2497 3531 2854 3598 gererentur.
2893 3527 2973 3580 Ita
3003 3524 3158 3580 enim
3187 3541 3256 3579 ea
3284 3524 3354 3578 de
3385 3539 3446 3578 re
3477 3521 3755 3593 cogitare,

341 3608 469 3666 ἀλλ’
502 3613 529 3666 ὁ
581 3613 680 3680 τήν
727 3612 958 3683 ἐξέτασιν
1007 3616 1106 3682 τῆς
1157 3615 1441 3690 παρακοῆς
1487 3616 1855 3688 ποιησάμενος
1899 3615 1989 3670 καὶ

386 3701 455 3722 θνα
547 3700 561 3722 Ἰ
762 3703 774 3718 ‘
878 3705 984 3722 tarn
1065 3701 1088 3722 Β
1161 3702 1230 3722 ‘~
1335 3711 1362 3722 ιν
1621 3705 1631 3722 1
1769 3706 1782 3722 ς
1876 3704 1889 3722 1
1957 3704 1968 3722 Ι

2109 3618 2358 3691 impium
2393 3617 2605 3686 fuerit;
2639 3617 2739 3671 sed
2772 3616 2871 3686 qui
2905 3616 2975 3670 de
3022 3613 3278 3670 hominis
3309 3610 3759 3683 inobsequentia

2279 3708 2312 3722 ..
2526 3706 2538 3722 .
2606 3707 2617 3722 .
2691 3706 2724 3722 ..
2787 3705 2799 3722 ε
3323 3718 3425 3722 ___-
3467 3701 3750 3722 ,ιη-ιε---

339 3701 513 3773 κρίσιν
544 3700 822 3778 ἐπαγαγὼν
875 3705 1009 3777 (39),
1061 3701 1264 3772 διπλῆν
1298 3711 1396 3774 τῆς
1426 3705 1695 3781 τιμωρίας
1723 3706 1823 3774 τήν
1865 3704 1996 3759 ἀπό-

340 3811 495 3868 φασιν
531 3787 734 3846 δέδωκε
767 3810 779 3822 ·
833 3796 912 3864 τῷ
971 3791 1066 3865 μὲν
1124 3791 1303 3868 γηΐνῳ
1356 3793 1634 3868 εἰρηκώς·
1693 3800 1766 3863 Γῆ
1821 3795 1870 3848 εἶ
1905 3793 1996 3848 καὶ

339 3879 415 3942 είς
448 3882 550 3956 γῆν
595 3879 865 3956 ἀπελεῦσῃ
897 3899 910 3911 ⁶
964 3881 1054 3935 καὶ
1106 3880 1279 3944 οὕτως
1335 3879 1660 3957 ὑποδέχεται
1713 3883 1889 3958 φθορὰ
1932 3883 1996 3937 τὸ

342 3973 524 4042 σῶμα,
556 3969 826 4024 Δεσπότου
856 3969 1284 4048 ἀποφηναμένου
1305 3989 1318 4002 ·
1353 3975 1421 4044 τῇ
1458 3969 1514 4026 δὶ
1545 3974 1699 4048 ψυχῇ
1727 3991 1740 4005 ·
1777 3973 1998 4045 Θανάτῳ

346 4058 633 4132 ἀποθανῇο
685 4059 774 4113 καὶ
841 4058 1013 4124 οὕτως
1058 4058 1192 4135 διχῇ
1263 4059 1551 4137 διαιρεῖται
1611 4063 1638 4116 6
1689 4059 1994 4135 ἄνθρωπος,

345 4148 433 4200 καὶ
467 4145 519 4200 ἐν
555 4144 672 4202 δυσὶ
718 4147 909 4210 τόποις
955 4145 1204 4225 οἴχεσθαι
1251 4147 1662 4219 καταδικάζεται
1706 4152 1818 4225 (40)
1852 4192 1866 4208 .
1900 4149 1998 4205 Διᾶ

345 4240 506 4291 τοῦτο
567 4237 724 4312 χρεία
780 4239 974 4313 γέγονε
1025 4243 1120 4294 τοῦ
1193 4239 1644 4317 ἀποφηναμένου,
1687 4237 1780 4295 ’ίνα
1835 4239 1994 4303 αὐτὸς

349 4323 418 4382 δι’
449 4327 639 4382 ἑαυτοῦ
670 4325 808 4402 λύσῃ
854 4329 952 4397 τὴν
995 4329 1185 4384 ἑαυτοῦ
1233 4328 1524 4408 ἀπόφασιν,
1584 4328 1637 4384 ἐν
1687 4333 1870 4406 μορφῇ
1897 4334 1996 4385 τοῦ

346 4414 828 4482 καταδικασθέντος
913 4415 1322 4492 ἀκαταδικάστῳ
1431 4419 1521 4474 καὶ
1625 4419 1996 4493 ἀναμαρτήτῳ

348 4507 528 4582 ὀφθείς
566 4526 578 4539 ·
634 4505 728 4562 ’ίνα
782 4507 872 4563 καὶ
938 4510 972 4578 ἡ
1022 4507 1344 4584 καταλλαγή
1403 4512 1498 4563 τοῦ
1542 4512 1676 4564 Θεοῦ
1725 4509 1860 4584 πρὸς
1913 4507 1996 4564 τόι

347 4593 624 4671 ἄνθρωπον
676 4596 922 4672 γένηται,
975 4597 1067 4653 καὶ
1119 4600 1154 4667 ἡ
1201 4595 1480 4672 ἐλευθερία
1521 4601 1617 4652 τοῦ
1664 4598 1866 4660 παντὸς
1906 4598 1998 4652 ἀν-

349 4685 573 4760 θρώπου
620 4683 689 4740 δι’
732 4685 1020 4763 ἀνθρώπου
1071 4689 1182 4762 (41)
1239 4684 1468 4764 ὑπάρξῃ,
1519 4685 1572 4742 ἐν
1618 4689 1686 4761 τῇ
1735 4688 1998 4760 καινότητ

421 4809 463 4847 ⁶¹
498 4810 641 4870 Gen.
673 4828 758 4886 ιιι,
791 4814 877 4869 19.
953 4814 1000 4849 ⁶²
1029 4813 1172 4871 Gen.
1200 4831 1262 4887 ιι,
1296 4814 1382 4874 18.

425 4941 536 5025 (3ςὶ)
566 4942 718 5025 Seg.,
747 4939 1096 5025 προείρηκεν.
1123 4946 1258 5025 μοι
1287 4942 1619 5016 Anglican.,
1650 4945 1780 5016 Seg.
1830 4943 1999 5000 Gobl.

355 5010 610 5087 Felclim,
642 5010 706 5082 '1,-
739 5010 1080 5087 ᾷέσωῆμῶν
1113 5010 1420 5087 ἄνθρωποί.

424 5085 538 5177 (37')
569 5081 1181 5177 "lva’(Seguer.’61:aic)
1210 5081 1400 5177 ψυχῇ,
1423 5084 1493 5160 τῇ
1533 5083 1585 5169 ἐν
1616 5081 1841 5177 δεσμοῖς
1871 5105 2006 5177 κατ-

353 5157 596 5230 εχομὲνῃ
626 5155 932 5229 τούτῳ-τοῦ
981 5155 1172 5230 Ἀδὰμ
1217 5155 1475 5236 ιλιορξρήν,⁷
1499 5159 1584 5242 sic
1616 5155 1854 5231 Segher,
1892 5158 2006 5214 G0-

353 5229 496 5283 bler.
530 5236 588 5284 et
627 5229 778 5285 Felc.
814 5231 864 5287 1.
899 5230 1001 5285 sed
1033 5230 1332 5287 mendose.
1367 5236 1433 5286 ut
1479 5231 1730 5286 Videtur.
1761 5229 1897 5284 Mox
1928 5229 2004 5287 ὡς

353 5251 496 5283 υΙϐΓ.
530 5251 588 5284 ει
627 5251 778 5285 rem.
814 5251 864 5292 1.
899 5251 1001 5285 380
1033 5251 1332 5298 ωϐῐιοοεθ,
1367 5251 1433 5286 un
1479 5251 1730 5286 γιαθῑυτ.
1763 5251 1897 5284 Πιοί
1928 5251 2004 5291 ως

352 5295 600 5384 δεστικήν
630 5303 785 5384 quod
809 5302 866 5384 i_n
898 5302 1320 5384 editis‘deerat,
1345 5319 1416 5384 ex
1433 5302 1643 5384 iisdem
1669 5318 1813 5384 mss.
1836 5303 2005 5384 resti-

353 5374 606 5458 tuimusj
633 5377 691 5428 et
717 5374 1044 5458 siclegerat
1067 5374 1354 5430 Nannius.
1380 5374 1558 5430 Paulo
1577 5379 1728 5458 ppst,
1744 5375 2007 5458 “crepacem

350 5448 661 5569 πὲρουσῶν,
695 5446 782 5502 sic
812 5446 990 5501 iidem
1022 5463 1165 5502 mss.
1218 5463 1547 5519 perperam.
1581 5447 1711 5502 Mox
1743 5446 2005 5517 Seguer.,

353 5537 386 5569 α
422 5535 509 5569 ου.

353 5537 678 5671 ᾳοῖέέλτοῦ
737 5589 1136 5671 λοχευοάθθβι,
1174 5589 1243 5671 in
1275 5589 1448 5671 editis
1501 5588 2008 5671 Grzpc‘is,‘sed_ex-

2109 3708 2490 3780 quastionem
2526 3706 2751 3772 habuit,
2779 3703 3071 3774 judicium
3103 3703 3285 3770 dedit,
3316 3718 3432 3771 quo
3461 3701 3755 3774 duplicem

2107 3814 2289 3869 pcenas
2319 3797 2674 3852 sententiam
2710 3792 2974 3864 protulit,
2994 3797 3224 3848 terreno
3259 3789 3486 3862 corpori
3517 3789 3758 3844 dicens:

2109 3893 2280 3943 Terra
2308 3903 2386 3954 es,
2442 3893 2493 3940 et
2540 3885 2600 3938 in
2629 3887 2834 3938 terram
2863 3883 3152 3938 reverteris
3172 3882 3215 3916 ⁶¹
3240 3897 3262 3941 ;
3311 3883 3486 3949 atque
3539 3877 3620 3932 ita
3653 3881 3759 3931 Do-

2109 3976 2266 4032 mine
2300 3972 2655 4031 sententiam
2691 3969 3237 4042 ferente,corruptio
3268 3985 3481 4039 corpus
3508 3965 3757 4037 excipit;

2107 4066 2314 4121 animae
2347 4069 2565 4133 autem,
2627 4065 2800 4119 Morte
2855 4061 3110 4115 morieris
3129 4060 3213 4126 ⁶²;
3247 4063 3303 4113 et
3361 4056 3445 4112 sic
3483 4056 3634 4110 duas
3664 4053 3758 4108 di-

2104 4155 2323 4211 viditur
2352 4159 2545 4226 partes
2573 4150 3213 4220 homo,damnaturque
3244 4147 3314 4202 ad
3347 4146 3462 4200 duo
3493 4144 3761 4199 secedere

2107 4244 2251 4300 loca.
2285 4241 2564 4309 Quocirca
2595 4256 2742 4311 opus
2775 4238 2884 4294 fuit
2912 4237 3229 4309 iudicante,
3254 4240 3319 4291 ut
3346 4235 3471 4307 ipse
3504 4250 3605 4305 per
3633 4247 3763 4288 sese

2107 4349 2282 4389 suum
2313 4330 2562 4386 solveret
2599 4329 2923 4396 decretum,
2956 4326 3097 4380 dum
3149 4324 3209 4378 in
3256 4323 3443 4380 forma
3472 4321 3759 4391 damnati,

2105 4422 2463 4488 indemnata,
2487 4423 2543 4475 et
2575 4416 2790 4490 peccati
2814 4421 3044 4488 experte
3069 4413 3224 4470 visus
3247 4418 3336 4470 est
3360 4431 3373 4482 ;
3399 4417 3462 4468 ut
3483 4417 3538 4468 et
3559 4427 3758 4466 recon-

2107 4510 2322 4566 ciliatio
2359 4508 2453 4565 Dei
2487 4524 2617 4564 cum
2650 4505 2889 4562 homine
2947 4505 3132 4571 fieret,
3171 4508 3229 4559 et
3283 4502 3520 4558 libertas
3578 4499 3761 4556 totius

2107 4598 2366 4655 hominis
2397 4614 2499 4669 per
2519 4595 2816 4652 hominem
2843 4595 3092 4650 oriretur
3116 4592 3176 4648 in
3208 4592 3463 4648 novitate
3493 4587 3764 4660 imaginis

2109 4689 2239 4746 Filii
2270 4689 2398 4760 ejus
2426 4687 2568 4744 Jesu
2601 4685 2816 4742 Christi
2848 4683 3079 4740 Domini
3112 4681 3316 4739 nostri.
3345 4681 3505 4746 Quod
3538 4678 3583 4734 si
3617 4676 3762 4733 mihi

2113 4938 2432 5018 δίαφσοράν.
2466 4940 2640 5009 Editi,
2674 4936 3157 5018 6iacpopaiv,_male.

2187 5003 2292 5085 (39)
2315 5003 2566 5086 'Segper.
2597 5003 2846 5068 Goble'r.'
2867 5017 2939 5086 _et
2969 5011 3160 5086 Feqlck.
3195 5009 3246 5064 1.
3277 5003 3574 5086 ἐναγαγών.
3610 5003 3766 5086 Infra

2115 5076 2288 5159 editi,
2329 5076 2654 5158 ὑπῖδὲχεται
2707 5083 2928 5160 φθορά,
2955 5084 3074 5160 se(_i_
3109 5099 3217 5160 Vox
3265 5076 3463 5156 φθορά
3491 5079 3655 5134 abest
3704 5076 3763 5131 in

2113 5153 2375 5227 Segu'er.,
2410 5153 2823 5228 nec'eXpre'ssa'
2844 5153 2940 5228 εει
2963 5172 2998 5210 a
3026 5153 3270 5228 Nannio.

2186 5220 2298 5316 (‘40,)
2331 5220 2414 5286 Ita
2433 5220 2677 5316 ﬁSegugSr.
2713 5226 2944 5316 ροβε-ιω,
2988 5225 3242 5316 θῐνιτεξο.
3279 5225 3327 5278 1.
3360 5220 3514 5316 Editi
3537 5235 3679 5316 ἔρτο
3710 5221 3768 5316 et

2115 5292 2235 5370 alii,
2267 5292 2677 5370 ἔκαταδικῦσθη.
2700 5295 2873 5370 ΔΙιιῒιέιι
2917 5296 3138 5370 Anglic.
3176 5298 3414 5370 Seguer.
3450 5292 3677 5370 Gobler.
3711 5295 3769 5370 et

2121 5364 2268 5430 Fele.
2321 5377 2370 5440 ί,
2419 5364 3455 5442 ἀκαταδικάστως-καῖ”ἀναμαρτήτωᾳ
3503 5364 3652 5442 Editi
3692 5367 3765 5442 et

2119 5446 2238 5514 alii,
2269 5435 2672 5514 ἀκαταδικάσιῳ
2719 5440 2810 5495 καὶ
2861 5435 3249 5515 ἀναμαρτήτῳ,
3297 5435 3545 5508 utraque
3598 5435 3767 5491 lectio

2118 5517 2407 5590 quadrare
2436 5517 2682 5590 videtur.

2188 5589 2303 5660 (41)
2335 5589 2485 5654 Haec,
2521 5583 2587 5640 δι’
2635 5583 2946 5658 ἀντρώπου,
3003 5585 3219 5660 desunt
3260 5583 3319 5638 in
3363 5583 3601 5660 Seguer.
3637 5581 3765 5660 ρος

354 5649 633 5744 primitur
662 5649 1000 5744 innLa'tinis,
1031 5659 1564 5744 etin‘Segueriapo
1588 5649 2011 5744 habét_ur.AMox
2118 5649 2358 5744 ὕψι-ζει.
2382 5649 2635 5744 Felckr'n.‘
2647 5660 2716 5740 ,1,
2736 5649 2874 5735 ’Μοει
2905 5649 3258 5744 cim~nes~feIre
3292 5649 3469 5740 nisa,
3497 5653 3593 5706 τοῦ
3637 5649 3768 5703 Υἱοῦ

355 5730 678 5810 idem_cum
711 5732 941 5810 Gobler.
979 5735 1051 5810 _et
1095 5730 1364 5810 _Eelckm,
1390 5731 1517 5810 _1_,_t_§
1548 5730 1712 5787 πάλιν
1743 5733 1778 5802 ἡ
1813 5732 2006 5810 φθορά.

355 5806 485 5861 Mox
510 5808 746 5878 Seguer.
781 5829 798 5878 ε
847 5801 1010 5860 αὐτοῦ
1057 5802 1119 5859 τὸ
1163 5801 1354 5880 σῶμα.
1390 5804 1538 5863 Ibid.
1587 5820 1792 5872 omnes
1825 5801 2010 5879 'mis.,

2122 5731 2288 5786 αὐτοῦ
2318 5731 2522 5801 Ἰησοῦ.
2557 5729 2735 5797 Editi,
2765 5725 2861 5782 τοῦ
2892 5727 3019 5782 Υἱοῦ
3047 5730 3142 5781 τοῦ
3170 5727 3372 5798 Ἰησοῦ.
