4048 6400
331 462 487 523 1119

876 466 940 524 S.
986 465 1411 525 ΑἸἫΑΝΑΒῘΙ
1457 466 1629 527 OPP.
1682 464 1879 524 PARS
1923 463 1970 523 Ι.

2108 462 2529 524 HISTORICA
2573 462 2673 522 ET
2719 460 3192 523 DOGMATICA.

3587 461 3747 521 1120

332 593 516 651 alium
547 595 945 653 damnationis
967 595 1402 669 locum,pra3ter
1428 596 1537 654 hos
1557 598 1706 653 duos
1728 595 1984 651 indicare

2108 599 2195 664 τῆς
2227 591 2436 656 εἰκόνος
2460 597 2559 648 τοῦ
2607 592 2735 647 Υἰοῦ
2784 591 2949 647 αὑτοῦ
2989 592 3168 662 ἰησοῦ
3214 593 3451 664 Χριστοῦ
3495 587 3592 645 τοῦ
3639 596 3745 645 Κυ-

330 685 772 756 valetis,merito
803 687 1086 756 dixeritis,
1118 688 1177 743 in
1206 693 1327 744 tres
1358 692 1552 760 partes
1580 686 1759 743 dividi
1793 685 1984 741 homi-

333 792 468 832 nem
494 792 507 830 :
540 780 599 831 et
625 792 695 831 ex
725 776 958 833 duobus
989 776 1228 849 quidem
1268 776 1414 833 locis
1443 777 1867 833 revocationem
1900 776 1983 831 fa-

326 870 481 921 ctam
499 882 627 922 esse
652 867 732 935 ;in
753 865 926 923 tertio
948 883 1083 923 vero
1107 867 1342 923 tertiam
1369 873 1594 939 partem
1619 882 1855 922 manere
1868 865 1989 921 vin-

326 954 476 1011 culis
506 955 935 1029 colligatam.Si
961 973 1094 1012 vero
1118 956 1348 1012 nullum
1367 956 1551 1013 alium
1576 955 1771 1012 locum
1794 959 1989 1011 osten-

326 1045 465 1100 dere
512 1046 779 1116 potestis,
814 1048 1022 1117 praeter
1086 1045 1427 1118 sepulcrum
1486 1051 1545 1103 et
1573 1045 1890 1112 infernum,
1922 1061 1991 1101 ex

329 1133 546 1206 quibus
567 1133 743 1190 homo
761 1136 1008 1207 perfecte
1025 1140 1262 1208 ereptus
1274 1136 1352 1192 sit
1369 1134 1663 1209 (Christus
1696 1152 1798 1207 per
1819 1150 1990 1190 suam

334 1223 654 1295 perfectam
680 1228 737 1279 et
783 1224 1150 1280 verissimam
1184 1226 1433 1280 formam
1465 1229 1676 1281 nostras
1709 1223 1984 1292 similem,

334 1329 442 1368 nos
475 1311 915 1381 liberante),cur
945 1313 1137 1369 adhuc
1168 1314 1308 1369 talia
1335 1312 1807 1386 profertis,quasi
1838 1317 1991 1368 Deus

333 1400 588 1457 humano
607 1402 806 1473 generi
831 1402 1095 1457 nondum
1115 1402 1529 1457 reconciliatus
1549 1403 1627 1458 sit
1651 1405 1673 1456 ?
1691 1400 1991 1466 Quomodo

329 1487 511 1561 igitur
540 1488 806 1545 Salvator
836 1490 1118 1546 advenit?
1147 1508 1222 1546 an
1253 1491 1411 1563 quod
1435 1508 1549 1547 non
1581 1496 1779 1564 posset
1800 1495 1989 1546 totum

330 1577 557 1633 solvere
574 1577 875 1634 hominem
896 1578 924 1633 ?
944 1595 1018 1635 an
1044 1580 1200 1652 quod
1234 1585 1491 1636 mentem
1516 1597 1643 1653 quae
1662 1579 1841 1636 semel
1865 1595 1994 1652 pec-

330 1665 551 1722 caverit
581 1665 659 1722 sit
689 1672 1027 1724 exsecratus
1046 1669 1075 1723 ?
1104 1685 1177 1725 an
1208 1670 1378 1741 quasi
1402 1669 1658 1740 timeret,
1686 1684 1758 1725 ne
1778 1673 1837 1724 et
1865 1669 1991 1740 ipse

334 1755 556 1828 peccati
587 1755 881 1828 particeps
909 1762 1084 1827 esset,
1118 1757 1191 1826 si,
1212 1775 1346 1814 cum
1378 1758 1534 1813 Deus
1565 1758 1665 1825 sit,
1700 1760 1992 1829 perfectus

332 1843 511 1899 homo
541 1844 708 1900 fieret
731 1845 878 1901 ?Sed
908 1844 1229 1918 impietatis
1262 1846 1418 1920 pleni
1441 1850 1604 1918 sunt,
1637 1846 1738 1918 qui
1769 1845 1889 1902 hac
1911 1845 1994 1901 ita

2095 681 2216 757 ρίου
2245 686 2430 756 ἡμῶν.
2465 682 2529 740 Εἰ
2566 678 2624 737 δὲ
2665 680 2755 737 καὶ
2796 677 2980 757 ἕτερον
3023 681 3193 737 τόπον
3245 676 3547 750 καταδίκης
3580 677 3746 751 δεῖξαι

2096 769 2341 844 δύνασθε,
2391 771 2617 835 εἰκότως
2674 770 2733 828 ἂν
2785 771 3002 847 λέγοιτε
3050 772 3164 844 (42)
3207 775 3375 847 τριχῆ
3423 767 3750 847 διαιρεῖσθαι

2096 862 2187 916 τὸν
2220 861 2499 937 ἄνθρωπον
2524 880 2539 896 ·
2572 861 2660 917 καὶ
2719 861 2780 917 ἐκ
2829 861 2923 935 μὲν
2968 865 3076 916 τῶν
3128 857 3224 915 δύο
3266 859 3447 915 τόπων
3491 860 3592 930 τὴν
3627 857 3751 914 ἀνά-

2098 949 2293 1022 κλησιν
2326 952 2628 1028 γεγονέται,
2660 950 2713 1007 έν
2760 949 2818 1007 δὶ
2862 955 2942 1023 τῷ
2980 949 3151 1027 τρίτῳ
3200 950 3377 1023 μένειν
3427 949 3481 1005 έν
3525 946 3749 1023 δεσμοῖς

2097 1042 2160 1096 τὸ
2217 1038 2519 1115 δεδεμένον.
2578 1040 2640 1098 Εἰ
2695 1039 2753 1096 δὲ
2803 1042 2878 1115 μὴ
2934 1038 3090 1116 ἔχετε
3128 1037 3295 1110 δεῖξαι
3351 1035 3533 1114 ἕτερον
3580 1039 3752 1093 τόπον

2099 1130 2249 1207 παρὰ
2291 1130 2382 1186 τὸν
2434 1132 2604 1209 τάφον
2653 1129 2744 1185 καὶ
2792 1130 2883 1185 τὸν
2942 1124 3100 1200 ᾅδην,
3151 1128 3203 1199 ἐξ
3255 1129 3328 1183 ὧν
3378 1127 3754 1204 ἠλευθέρωται

2097 1218 2322 1282 τελείως
2373 1221 2401 1275 6
2448 1217 2754 1297 ἄνθρωπος,
2804 1222 3037 1295 Χριστοῦ
3080 1216 3544 1294 ἐλευθερώσαντος
3599 1218 3751 1291 ἡμᾶς

2098 1308 2152 1365 έν
2209 1313 2278 1384 τῇ
2339 1309 2531 1365 ἑαυτοῦ
2585 1310 2706 1373 καθ’
2752 1311 2900 1381 ἡμᾶς
2973 1310 3158 1386 μορφῇ
3218 1304 3407 1378 τελείᾳ
3458 1305 3549 1361 καὶ
3608 1304 3750 1376 ἀλη-

2100 1399 2326 1474 θεστάτῃ
2357 1418 2372 1433 ⁸
2400 1403 2518 1461 πῶς
2564 1393 2643 1453 ἔτι
2684 1402 2851 1453 ταῦτα
2898 1394 3101 1473 λέγετε,
3157 1397 3232 1457 ὡς
3279 1392 3495 1451 οὐδέπω
3540 1392 3745 1450 καταλ-

2100 1486 2360 1562 λαγέντος
2405 1492 2475 1561 τῇ
2525 1486 2907 1562 ἀνθρωπότητι
2965 1488 3079 1560 (43)
3119 1488 3219 1540 τοῦ
3273 1488 3456 1555 Θεοῦ,
3496 1488 3621 1547 Πῶς
3653 1483 3744 1539 οῦν

2101 1574 2439 1651 ἐπεδήμησεν
2472 1578 2502 1632 6
2533 1578 2769 1652 Σωτήρς
2801 1577 2838 1645 ἢ
2893 1577 2967 1637 ὡς
3017 1572 3276 1636 ἀδύνατος
3321 1573 3414 1629 τὸν
3463 1575 3749 1647 σύμπαντα

2101 1668 2259 1722 λῦσαι
2291 1664 2571 1743 ἄνθρωπον
2607 1685 2620 1737 ;
2654 1665 2690 1735 ἢ
2736 1666 2810 1728 ὡς
2865 1662 3261 1739 βδελυξάμενος
3284 1663 3376 1718 τὸν
3410 1662 3549 1735 ἅπαξ
3574 1664 3754 1739 ἁμαρ-

2097 1758 2335 1827 τήσαντα
2364 1761 2485 1812 νοῦν
2523 1776 2536 1827 ;
2568 1755 2603 1825 ἢ
2650 1756 2727 1818 ὡς
2777 1752 3038 1817 δεδοικὼς
3091 1755 3167 1827 μή
3200 1752 3290 1809 καὶ
3321 1752 3481 1817 αὐτὸς
3513 1753 3753 1828 μέτοχος

2099 1848 2323 1923 γένηται
2351 1852 2451 1917 τῆς
2482 1844 2770 1921 ἁμαρτίας,
2817 1843 2862 1900 εἰ
2902 1842 3113 1906 τὲλειος
3167 1841 3394 1919 γένηται
3440 1838 3751 1917 ἄνθρωπος,

331 1933 610 2005 cogitant.
643 1934 831 1998 Quam
862 1935 1019 1990 enim
1065 1941 1302 2008 peccato
1346 1936 1749 1992 definitionem
1779 1933 1992 1991 tribui-

2108 1936 2233 1999 Θεὸς
2278 1931 2352 1990 ὤν
2380 1955 2393 2006 ;
2428 1933 2585 1991 ’Δλλ’
2615 1928 2859 1997 ἀσεϐείας
2905 1928 3138 2007 ἔμπλεοι
3184 1933 3236 1988 οἱ
3263 1936 3430 1988 ταῦτα
3461 1930 3635 1994 οὕτως
3667 1930 3751 1985 ἐν·

332 2023 431 2094 tis,
464 2024 565 2094 qui
596 2022 718 2079 haec
747 2024 1080 2095 loquimini,
1112 2029 1417 2098 peccatum
1437 2025 1659 2082 aientes
1682 2042 1751 2082 ex
1780 2029 1993 2082 natura

2108 2028 2370 2087 νοοῦντες.
2398 2022 2468 2081 Τί
2496 2023 2599 2099 γάρ
2631 2024 2755 2100 περὶ
2800 2025 2902 2093 τῆς
2952 2020 3217 2097 ἁμαρτίας
3251 2022 3563 2097 ὁριζόμενοι
3586 2023 3759 2075 ταῦτα

328 2127 481 2182 esse,
511 2116 574 2169 ut
603 2112 751 2169 dixit
786 2112 1179 2186 impiissimus
1211 2115 1570 2173 Manicheus
1593 2116 1623 2171 ?

406 2292 494 2347 15.
528 2290 659 2347 Haec
689 2291 830 2348 dum
853 2290 936 2348 ita
966 2292 1218 2362 sentitis,
1235 2294 1515 2351 creatoris
1543 2299 1764 2350 natura;
1787 2292 1991 2348 crimi-

335 2384 569 2437 natores
599 2381 763 2437 estis.
798 2384 941 2438 Cum
972 2382 1045 2438 ab
1077 2382 1242 2439 initio
1271 2383 1425 2440 Deus
1459 2384 1640 2440 Adam
1666 2383 1993 2440 efformavit

338 2488 480 2528 num
502 2472 774 2528 innatum
792 2472 904 2546 ipsi
920 2481 1223 2545 peccatum
1246 2474 1432 2531 eﬂecit
1450 2473 1628 2540 ?Quid
1652 2474 1833 2548 igitur
1852 2492 1994 2547 prte-

337 2565 506 2633 cepto
537 2577 690 2634 opus
718 2561 875 2617 fuit?
901 2578 1006 2618 cur
1033 2562 1199 2619 illum
1232 2565 1534 2621 damnavit
1563 2565 1717 2638 quod
1753 2581 1992 2636 peccas-

337 2654 429 2705 set
447 2653 596 2722 ?quo
613 2654 784 2722 pacto
806 2652 994 2706 Adam
1010 2662 1141 2708 ante
1161 2653 1619 2709 inobedientiam
1641 2671 1756 2710 non
1776 2669 1989 2726 cogno-

334 2738 484 2796 verit
508 2739 731 2795 bonum
762 2744 821 2796 et
850 2740 1072 2796 malum
1097 2743 1126 2797 ‘I
1152 2744 1333 2808 Quem
1357 2742 1578 2799 scilicet
1598 2743 1751 2799 Deus
1775 2742 1993 2799 creavit

334 2826 395 2884 in
426 2827 886 2901 incorruptione,
919 2835 979 2886 et
1009 2832 1081 2887 ad
1114 2831 1433 2905 imaginem
1478 2850 1597 2889 suae
1627 2831 1989 2899 aeternitatis,

332 2918 605 2974 eumdem
639 2922 849 2974 natura
872 2919 1092 2991 peccati
1122 2927 1375 2993 eXperte,
1406 2930 1461 2978 et
1489 2922 1787 2979 voluntate
1806 2921 1992 2978 libera

333 3006 606 3063 donavit:
632 3008 844 3064 Invidia
876 3012 1058 3064 autem
1086 3010 1297 3068 diaboli
1316 3027 1461 3066 more
1492 3013 1724 3068 intravit
1748 3013 1807 3067 in
1825 3028 1990 3067 mun-

334 3096 468 3152 dum
487 3096 550 3167 ⁸³,
584 3114 720 3153 cum
755 3099 906 3153 746
936 3099 987 3155 is
1014 3099 1504 3172 transgressionis
1525 3102 1733 3157 artifex
1760 3105 1991 3157 auctor-

336 3201 451 3255 que
482 3185 610 3240 fuit.
672 3185 740 3241 Et
788 3186 875 3242 sic
905 3204 974 3243 ex
1032 3189 1501 3260 transgressione
1557 3190 1827 3262 praecepti
1871 3188 1990 3256 Dei,

334 3273 528 3329 factus
548 3278 639 3329 est
666 3274 842 3331 homo
873 3292 1055 3349 capax
1085 3277 1307 3333 inducti
1339 3279 1414 3334 ab
1453 3278 1690 3335 inimico
1720 3278 1989 3335 seminis.

2100 2111 2340 2181 λαλεῖτε,
2374 2114 2602 2189 φυσικὴν
2655 2113 2789 2168 εἶναι
2844 2114 2944 2182 τήν
2995 2111 3261 2186 ἁμαρτίαν
3313 2109 3579 2187 λέγοντες,
3620 2109 3760 2165 κατά

2096 2204 2188 2259 τὸν
2221 2198 2570 2259 ἀσεϐέστατον
2603 2206 2906 2278 Μανιχαῖον
2936 2219 2952 2271 ;

2173 2296 2258 2351 15.
2310 2295 2492 2350 Ταῦτα
2548 2288 2723 2355 οὕτως
2794 2294 3040 2371 φρονεῖτε
3098 2291 3400 2367 κατήγοροι
3467 2289 3751 2365 γινόμενοι

2096 2387 2196 2439 τοῦ
2248 2380 2588 2458 δημιουργοῦ
2641 2388 2743 2452 τῆς
2812 2401 3022 2459 φυσεως
3078 2381 3215 2455 (44),
3259 2381 3389 2437 "Ore
3433 2379 3526 2434 τὸν
3578 2376 3757 2451 Ἀδὰμ

2100 2472 2341 2546 ἀρχῆθεν
2400 2468 2631 2528 ἔπλασεν
2691 2471 2719 2526 ό
2804 2468 2953 2538 Θεὸς,
3027 2472 3227 2546 μήτιγε
3272 2470 3549 2547 σύμφυτον
3604 2466 3755 2540 αὑτῷ

2099 2560 2301 2618 δέδωκε
2325 2563 2427 2632 τὴν
2455 2560 2717 2638 ἁμαρτίαν
2752 2580 2767 2632 ;
2797 2559 2890 2623 Τίς
2914 2557 3007 2615 οὖν
3037 2556 3114 2615 ἔτι
3146 2557 3306 2635 χρεία
3351 2558 3418 2627 ἦν
3464 2560 3566 2627 τῆς
3602 2556 3751 2612 ἔντο-

2099 2650 2204 2723 λῆς
2236 2671 2250 2722 ;
2282 2656 2399 2714 πῶς
2444 2650 2502 2706 δὲ
2548 2650 2709 2706 αὑτὸν
2756 2647 3096 2706 κατεδίκασεν
3150 2648 3576 2722 ἁμαρτήσαντιη
3626 2651 3746 2708 πῶς

2099 2740 2156 2798 δὲ
2184 2741 2274 2797 καὶ
2312 2741 2418 2817 πρὸ
2462 2747 2563 2810 τῆς
2619 2742 2901 2816 παρακοῆς
2958 2736 3057 2794 οὐκ
3113 2736 3371 2814 ἐγίνωσκε
3425 2734 3593 2792 καλὸν
3654 2735 3749 2789 καὶ

2097 2832 2337 2907 πονηρὸν
2365 2831 2395 2885 6
2425 2827 2604 2903 ’Δδαμ
2635 2848 2650 2899 ;
2699 2830 2799 2886 "Ov
2848 2823 3078 2883 ἔπλασεν
3121 2828 3151 2883 6
3207 2826 3339 2889 Θεὸς
3368 2824 3457 2881 ἐπὶ
3481 2824 3752 2903 ἀφθαρσίᾳ

2096 2919 2186 2976 καὶ
2218 2920 2384 2976 εἰκόνι
2418 2922 2530 2993 (45)
2560 2926 2658 2989 τῆν
2711 2915 2850 2981 ἰδίας
2897 2914 3234 2989 ἀιδιότητος,
3288 2914 3538 2986 ἐποίησεν
3587 2914 3749 2969 αὑτὸν

2099 3009 2254 3088 φύσιν
2289 3011 2686 3085 ἀναμάρτητον,
2737 3007 2828 3063 καὶ
2875 3003 3099 3076 θέλησιν
3130 3005 3473 3078 οῦτεξοὼιον
3508 3023 3521 3036 ·
3557 3002 3754 3076 Φθόνψ

2099 3097 2159 3155 δὶ
2228 3093 2491 3154 διαϐολου
2584 3097 2812 3161 θάνατος
2874 3095 3125 3166 εἰσῆλθεν
3204 3093 3281 3158 εἰς
3347 3094 3441 3149 τὸν
3519 3092 3753 3165 κόσμον,

2100 3187 2404 3264 εὑραμένου
2424 3194 2523 3257 τῆς
2570 3181 2928 3261 παραϐάσεως
2974 3185 3071 3254 τὴν
3121 3183 3386 3240 ἀπίνοιαν.
3430 3180 3534 3240 Καὶ
3584 3180 3758 3245 οὕτως

2100 3277 2162 3334 ἐκ
2215 3284 2500 3354 παρακοῆς
2576 3274 2804 3345 ἑντολῆς
2879 3278 3013 3330 Θεοῦ
3084 3272 3303 3349 γέγονεν
3382 3274 3411 3327 6
3469 3269 3758 3345 ἅνθρωπος

337 3367 416 3415 Ac
432 3360 710 3434 deinceps
732 3370 1035 3435 peccatum
1062 3365 1121 3420 in
1144 3365 1404 3422 hominis
1425 3371 1635 3423 natura
1657 3368 1729 3423 ad
1752 3383 1989 3424 omnem

2108 3341 2344 3431 δεκτικὺς
2373 3341 2474 3438 τῆς
2504 3341 2802 3442 έπισποράς
2849 3369 2948 3421 τοῦ
2996 3341 3222 3441 ἐχθροῦ.
3255 3363 3350 3419 Καὶ
3394 3341 3610 3438 ἐνήργει

338 3449 878 3521 concupiscentiam
913 3454 1182 3510 movebat
1206 3471 1219 3510 :
1254 3471 1368 3511 non
1393 3456 1547 3528 quod
1570 3456 1839 3514 diabolus
1860 3473 1990 3513 eam

337 3536 397 3591 in
430 3535 529 3592 illo
562 3542 832 3594 naturam
855 3539 1241 3609 eﬁ‘ormasset,
1265 3543 1452 3599 absit!
1480 3560 1669 3616 neque
1688 3545 1845 3601 enim
1867 3545 1992 3600 dia-

340 3625 509 3682 bolus
539 3631 763 3683 naturas
794 3633 1021 3686 creator
1066 3631 1263 3700 fuerit,
1295 3637 1359 3688 ut
1398 3633 1849 3689 Manichaeorum
1879 3634 1994 3689 fert

339 3714 617 3788 impietas
643 3733 657 3784 ;
680 3717 783 3773 sed
807 3733 877 3773 ex
892 3719 1390 3789 praevaricatione,
1413 3727 1639 3779 naturas
1668 3723 1993 3796 perversio-

232 3874 237 3879 ,
338 3821 473 3861 nem
495 3804 688 3861 eﬂecit
711 3822 723 3861 :
748 3806 949 3879 sicque
967 3810 1232 3881 regnavit
1253 3827 1412 3867 mors
1428 3811 1487 3867 in
1506 3813 1783 3869 omnibus
1805 3813 1994 3869 homi-

339 3894 540 3952 nibus.
570 3900 636 3952 ln
674 3896 795 3969 hoc,
828 3897 1042 3970 inquit,
1073 3901 1220 3956 venit
1266 3902 1442 3957 Filius
1474 3903 1592 3973 Dei,
1637 3913 1700 3959 ut
1733 3904 1995 3960 dissolvat

336 3999 507 4056 Opera
536 3984 831 4042 diaboli“.
865 3989 1141 4053 Quaenam
1163 4007 1338 4063 opera
1365 3991 1583 4047 diaboli
1614 3992 1882 4049 dissolvit
1904 3994 1993 4049 Fi—

335 4072 453 4129 lius
480 4074 634 4131 Dei?
665 4092 844 4149 quam
905 4076 1042 4133 fecit
1072 4078 1227 4135 Deus
1274 4085 1546 4138 naturam
1579 4081 1705 4139 sine
1735 4088 1992 4154 peccato,

339 4178 469 4219 eam
500 4163 692 4236 ipsam
723 4166 796 4221 ad
829 4169 1365 4241 transgressionem
1414 4171 1676 4227 mandati
1708 4170 1829 4239 Dei,
1861 4189 1992 4245 per-

340 4251 513 4308 vertit
541 4253 831 4324 diabolus,
864 4260 923 4311 et
977 4264 1049 4312 ad
1091 4257 1486 4315 inventionem
1535 4260 1756 4332 peccati
1789 4261 1996 4319 mortis

345 4341 613 4399 eamdem
642 4343 757 4399 sibi
778 4344 893 4417 ipsi
915 4347 1262 4403 restauravit
1289 4347 1446 4405 Deus
1478 4348 1996 4425 Verbum,incapa-

344 4447 473 4515 cem
503 4430 802 4488 diabolicae
833 4435 1242 4506 perversionis,
1273 4442 1331 4493 et
1359 4436 1712 4496 inventionis
1751 4440 1993 4512 peccati.

344 4521 597 4593 Ideoque
629 4521 822 4577 aiebat
850 4523 1134 4582 Dominus
1159 4542 1173 4582 :
1213 4527 1364 4583 Venit
1381 4529 1640 4599 princeps
1661 4530 1862 4585 mundi
1887 4530 1997 4585 hu-

332 4610 452 4681 jus,
478 4612 531 4666 et
559 4610 621 4665 in
642 4625 731 4665 me
748 4626 863 4667 non
892 4614 1103 4670 invenit
1153 4614 1456 4687 quidquam
1473 4617 1538 4673 ⁸³.
1565 4618 1727 4683 Quod
1757 4619 1804 4675 si
1834 4620 1994 4693 prin-

2101 3458 2296 3516 λυιπὸν
2342 3460 2379 3529 ἠ
2430 3455 2667 3534 ἁμαρτία
2722 3455 2773 3511 ἂν
2828 3458 2897 3529 τῇ
2948 3454 3102 3533 φύσει
3148 3457 3244 3508 τυῦ
3299 3452 3590 3529 ἀνθρώπου
3618 3450 3756 3525 πρὸς

2100 3553 2272 3604 πὶσαν
2305 3544 2593 3619 ἐπιθυμίαν
2628 3551 2642 3577 ⁸
2676 3544 2739 3600 οὐ
2771 3543 2925 3622 φύσιν
2974 3542 3026 3598 ἐν
3077 3543 3230 3615 αὐτῷ
3261 3539 3627 3618 ἐργασαμένου
3655 3543 3755 3595 τοῦ

2102 3632 2390 3705 διαϐόλου,
2443 3636 2520 3710 μὴ
2569 3635 2831 3711 γένοιτοί
2876 3629 3004 3688 οὐδὲ
3052 3632 3153 3709 γὰρ
3203 3629 3413 3709 φύσεως
3442 3627 3501 3684 ἂν
3534 3627 3621 3700 εἴη
3654 3625 3755 3699 δη-

2106 3726 2370 3803 μιουργός
2399 3726 2428 3779 6
2473 3721 2751 3793 διάλολνς,
2801 3721 2939 3778 κατὰ
2978 3722 3077 3791 τήν
3116 3724 3226 3775 τῶν
3273 3717 3594 3803 Μανιχαίων
3626 3717 3758 3772 ἀσέ-

2102 3802 2249 3871 ϐειαν
2283 3831 2298 3847 ⁶
2333 3811 2478 3868 ἀλλὰ
2506 3810 2715 3890 φύσεως
2772 3812 2883 3885 (47)
2925 3809 3282 3886 παρατροπήν
3317 3807 3377 3863 ix
3399 3802 3758 3884 παραϐάσεως

2103 3904 2387 3980 εἰργάσατο
2421 3921 2434 3935 ·
2467 3900 2555 3956 καὶ
2588 3900 2760 3962 οὕτως
2803 3893 3142 3955 ἐϐασίλευσεν
3187 3898 3216 3953 6
3268 3896 3490 3962 θάνατος
3534 3896 3752 3951 πάντων

2104 3991 2426 4069 ἀνθρώπων.
2486 3990 2588 4047 Διά
2636 3993 2799 4044 τοῦτο
2865 3986 2980 4059 οὖν,
3051 3986 3239 4065 φησὶν,
3304 3984 3471 4054 ἦλθεν
3546 3986 3574 4039 6
3632 3986 3762 4047 Υἱὸς

2100 4086 2199 4138 τοῦ
2257 4085 2416 4151 Θεοῦ,
2462 4077 2556 4135 ’ίνα
2630 4076 2767 4153 λύσῃ
2831 4077 2900 4133 τὰ
2965 4073 3094 4154 ἔργα
3148 4080 3246 4132 τοῦ
3298 4069 3563 4131 διαϐόλου
3621 4077 3759 4148 (48).

2104 4176 2244 4227 Ποῖα
2272 4166 2403 4245 ἔργα
2429 4172 2528 4224 τοῦ
2577 4162 2842 4223 διαϐόλου
2892 4163 3079 4221 ἔλυσεν
3117 4165 3146 4220 6
3177 4163 3301 4226 Υἱὸς
3329 4168 3427 4219 τοῦ
3456 4167 3594 4219 Θεοῦ
3625 4181 3640 4231 ;
3675 4162 3764 4218 ὅτι

2104 4261 2284 4339 φύσιν,
2316 4257 2381 4328 ἣν
2423 4255 2674 4329 ἐποίησεν
2718 4257 2746 4311 6
2796 4256 2926 4317 Θεὸς
2979 4252 3379 4331 ἀναμάρτητον,
3428 4251 3761 4327 παρέτρεψεν

2056 4386 2063 4394 ~
2105 4350 2135 4404 6
2166 4342 2426 4409 διάϐολος
2474 4345 2551 4410 εἰς
2596 4340 2899 4422 παράϐασιν
2951 4340 3174 4413 ἐντολῆς
3223 4346 3377 4415 Θεοῦ,
3424 4341 3515 4397 καὶ
3556 4340 3761 4417 εὕρεσιν
3837 4412 3844 4417 _

2105 4436 2369 4515 ἁμαρτίας
2426 4434 2676 4505 θανάτου,
2732 4433 2936 4506 ταύτην
2985 4433 3159 4506 ἑαυτῷ
3207 4431 3532 4503 όνεοτήσατο
3562 4431 3591 4486 6
3635 4430 3769 4493 Θεὸς

2105 4530 2304 4607 Λόγος,
2361 4524 2707 4584 ἀνεπίδεκτον
2761 4533 2861 4596 τῆς
2909 4529 3009 4581 τοῦ
3072 4519 3338 4581 διαϐολου
3405 4528 3763 4598 παρατροπῆς

2105 4620 2194 4677 καὶ
2253 4618 2516 4695 εὑρέσεως
2571 4615 2837 4692 ἁμαρτίας
2894 4617 3025 4688 (49).
3078 4613 3178 4671 Καὶ
3217 4611 3307 4669 διὰ
3358 4616 3523 4668 τοῦτο
3580 4610 3761 4688 ἔλεγεν

342 4715 480 4771 ceps
507 4698 711 4755 mundi
739 4699 923 4772 hujus
953 4702 1101 4758 nihil
1130 4719 1375 4776 operum
1401 4722 1646 4764 suorum
1676 4708 1737 4764 in
1769 4708 1994 4767 Christo

2108 4712 2136 4767 6
2194 4708 2431 4785 Κύριοςο
2494 4708 2755 4783 Ἔρχεται
2815 4706 2845 4761 6
2889 4703 3075 4781 ἅρχων
3133 4708 3231 4759 τοῦ
3277 4704 3488 4776 κόσμου
3542 4700 3761 4769 τούτου,

342 4786 586 4857 invenit,
619 4788 807 4847 multo
852 4792 1043 4865 magis
1084 4792 1354 4851 Christus
1384 4794 1533 4851 nihil
1579 4812 1650 4853 ex
1676 4798 1803 4856 suis
1832 4800 2000 4873 opifi-

419 4908 464 4944 ⁶⁸
495 4908 632 4981 Sap.
665 4925 728 4975 ιι,
758 4910 849 4966 24.
927 4911 974 4946 ⁸⁸
1007 4911 1030 4966 Ι
1056 4911 1229 4968 Joan.
1261 4929 1348 4982 ιιι,
1378 4913 1434 4968 8.
1510 4915 1556 4950 ⁸⁸
1582 4914 1753 4974 Joan.
1783 4935 1898 4992 xxv,
1929 4921 2020 4978 30.

420 5027 537 5101 (42)
563 5028 657 5084 Sic
689 5029 930 5101 Seguer.
972 5031 1065 5087 cui
1115 5032 1410 5089 consentit
1455 5033 1743 5091 Nannius.
1789 5041 1855 5093 In
1886 5037 2005 5095 edi-

349 5095 889 5185 tis,.)(éyo:‘to.mllfox
917 5104 1074 5185 idem
1106 5104 1372 5185 Seguer.,
1397 5105 1524 5185 τὴν..
1551 5103 1868 5185 ἀπάκλησιν
1908 5130 2005 5185 γε·

350 5168 592 5258 γονὲναί,
624 5169 676 5225 έν
711 5168 777 5257 δέ.
821 5174 1115 5258 τῷΗτρίτῳ
1170 5168 1367 5258 μένειν
1394 5168 1469 5258 έν.
1496 5172 1720 5258 δεσμοῖς
1750 5168 1813 5235 τὸ
1844 5168 2003 5239 δεδί..

347 5242 532 5329 Paulo
564 5260 735 5329 secus
764 5246 821 5300 in
850 5242 1048 5329 editis,
1082 5242 1181 5320 qui
1217 5248 1455 5315 habent,
1483 5242 1817 5318 τῆν’ἀνάκ...
1850 5274 2005 5329 γενο-

354 5313 589 5388 μένην...
629 5314 798 5388 μένει,
830 5326 939 5375 etc.

422 5388 535 5460 (43)
570 5387 671 5463 Τῇῌ
687 5387 1071 5463 ἀνθρωπότητι
1114 5390 1278 5448 deest
1324 5390 1385 5463 in
1427 5392 1662 5463 Seguer.
1698 5396 1845 5454 solo.
1877 5397 2009 5454 Mox

355 5459 595 5532 Seguer.
632 5459 861 5532 Gsbler.
896 5467 953 5522 et
986 5462 1136 5520 Felc.
1171 5464 1223 5530 1,
1259 5462 1294 5532 ἢ
1328 5462 1402 5523 ὡς
1434 5459 1697 5520 ἀδῦνάτου
1730 5462 1884 5531 ὄντος
1917 5467 2009 5522 λῦ-

360 5530 575 5629 σαιίτὸν
600 5530 895 5629 σύμπαντα(
932 5533 1243 5629 ἄνθρωπον,
1364 5534 1451 5629 ἐῢς
1488 5532 1884 5629 βδελυξαμένοτ
1913 5539 2004 5596 τὸν

362 5554 447 5585 σαι
477 5554 568 5585 τον
600 5554 883 5605 συμπαντα
932 5554 1027 5590 avo
1068 5555 1243 5603 ωπον,
1290 5554 1325 5602 η
1378 5555 1451 5596 ως
1488 5554 1653 5629 poem

362 5604 765 5679 ἁμαρτήσαντα,
798 5605 833 5675 ἢ
867 5608 940 5670 ὡς
974 5554 1281 5667 δεδοικότος
1312 5606 1387 5679 μὴ
1419 5627 1509 5662 και
1540 5607 1658 5667 αὐτ.

432 5675 705 5759 (ξω-βιῳ
737 5680 1159 5759 εῦξετυηιιις-ἱιι
1181 5675 1403 5759 synodo
1446 5683 1887 5759 Constantinop.
1921 5701 2007 5756 ιιι,

360 5747 861 5824 tom.__Vl_0oncit.
896 5770 953 5824 p.
982 5754 1171 5824 762st
1197 5747 1322 5807 812.

438 5816 550 5889 (45)
580 5817 675 5875 Sic
702 5816 939 5893 Seguer.
970 5822 1203 5881 Gobler.
1243 5826 1303 5879 et
1330 5821 1582 5881 Felckm.
1623 5824 1677 5897 1,
1716 5829 1774 5884 et
1801 5827 2009 5902 synod.

2109 4797 2199 4856 καὶ
2250 4797 2303 4853 ἐν
2362 4796 2485 4871 ἐμοὶ
2539 4795 2777 4872 εὑρίσκει
2840 4791 3016 4854 οὐδέν.
3086 4793 3155 4855 Εἰ
3237 4789 3296 4849 δὲ
3357 4793 3386 4849 6
3431 4789 3622 4870 ἅρχων
3667 4788 3764 4847 τοῦ

2114 5040 2421 5116 Constant.
2457 5053 2476 5116 ξ
2504 5036 2566 5094 in
2598 5032 3245 5116 editi_s,_&_e0apelav_xai
3270 5030 3561 5116 εἰκόνὲκω

2213 5111 2302 5179 46)
2333 5109 2687 5181 Ιίειβεειιειι.
2720 5106 3043 5181 ϐοῂιὸτ.ἐι
3066 5180 3071 5181 ί
3094 5106 3275 5181 Fech
3298 5108 3350 5164 1.
3408 5106 3578 5181 Editi
3609 5120 3771 5181 vero,

2117 5176 2356 5258 ἐνήργει.
2393 5176 2629 5258 Μοξξ-ἐν
2658 5183 2728 5258 τῇ
2760 5178 2936 5258 etiam,
2982 5179 3206 5258 habent
3245 5178 3481 5253 Seguer.
3536 5176 3769 5235 Gobler.

2116 5257 2175 5309 et
2200 5250 2355 5308 ’Félc.
2391 5253 2439 5309 1.
2478 5253 2653 5321 Editi,
2687 5250 2838 5325 lviii
2871 5250 3147 5325 προθέσει.

2188 5326 2302 5396 (47)
2334 5328 2421 5398 Ita
2450 5327 2687 5398 Seguer.
2730 5321 2960 5398 Gobler.
2991 5321 3233 5398 et__Pelc.
3270 5321 3324 5398 1A
3343 5324 3777 5398 consequenter

2116 5390 2585 5468 ad‘su'periore'm
2618 5396 2950 5453 lectionem.
2982 5393 3160 5468 Editi,
3180 5390 3521 5468 προθέσεως.

2140 5536 2149 5555 9
2188 5458 2565 5557 (482-6013161'.
2598 5473 2657 5525 et
2686 5468 2838 5526 Eelc.
2872 5470 2922 5536 1,
2954 5470 3051 5521 τοῦ
3081 5458 3370 5522 διαϐόλου.
3420 5469 3558 5519 Ποῖα
3583 5483 3772 5533 ταυτα,

2448 5612 2691 5686 Seguer.
2731 5611 3039 5686 Anglican.
3074 5608 3307 5686 Gobler.
3339 5612 3398 5666 et
3428 5608 3578 5666 I‘elc.
3613 5611 3665 5686 1.
3706 5613 3773 5665 In

2117 5677 2292 5756 editis
2316 5683 2499 5756 deest
2525 5677 2556 5684 ⁷
2573 5677 2861 5756 ἁμαρτίαᾷ
2910 5688 3040 5739 Mox
3104 5680 3303 5756 τορτρυ
3383 5686 3517 5754 post
3536 5677 3775 5756 -κόσμου

2118 5754 2371 5899 ἁὲἒὲξιὶη
2401 5751 2641 5829 Seguer.
2675 5751 2822 5817 Ibid.
2861 5759 3098 5830 Seguer.
3152 5751 3401 5812 Gobier.‘
3425 5757 3484 5810 et
3533 5751 3692 5811 Fech
3722 5755 3773 5824 1,

2118 5844 2142 5881 ε
2318 5844 2357 5884 ι.

2116 5843 2357 5901 εορησει.

2278 5558 2416 5597 υσιν.
