4048 6406
245 474 401 535 1125

1150 464 1462 531 CONTRA
1502 463 2100 530 APOLLINARIUM
2148 465 2380 527 LIBER
2421 466 2743 531 PRIMUS.

3492 472 3646 534 1126

241 603 411 665 οὕτως
455 598 545 658 καὶ
595 598 668 656 δι’
712 600 828 662 ἐνὸς
872 598 1160 676 ὰνθρώπου
1211 600 1391 670 Ἰησοῦ
1432 598 1669 675 Χριστοῦ
1702 597 1816 669 (68)
1845 596 1915 666 ἡ,

2017 600 2297 666 eternam,
2331 602 2396 654 ut
2424 597 2708 671 scriptum
2738 602 2847 655 est.
2880 603 2992 656 Cur
3019 617 3155 674 ergo
3185 601 3380 660 dicitis
3408 620 3514 677 pro
3553 604 3649 661 in-

239 694 401 770 χάρις
435 688 730 770 βασιλεύσῃ
763 686 852 745 διὰ
900 686 1249 765 δικαιοσύνης
1303 687 1379 750 εἰς
1432 687 1575 756 ζωὴν
1638 685 1886 756 αἰώνιον,

238 764 778 858 καθὼς-γέγραπται.
812 783 941 843 Πῶς
987 776 1077 834 οῦν
1139 775 1347 853 λέγετε,
1404 776 1546 833 Ἀντῖ
1601 779 1699 831 τοῦ
1751 771 1886 829 ἔσω-

241 871 326 926 θεν
354 869 640 945 ἀνθρώπου
667 871 765 923 τοῦ
795 867 845 922 ἐν
892 868 1051 940 ἡμῖν,
1082 869 1209 931 νοῦς
1256 864 1573 939 ἐπουράνιος
1621 862 1674 919 ἐν
1720 864 1888 939 Χρισ-

242 963 388 1033 στῷς
420 960 652 1033 Μήτιγε,
689 954 827 1032 διχῆ
879 955 1100 1032 μερίσας
1144 955 1207 1010 τὸ
1266 951 1455 1026 ἔξωθεν
1507 953 1598 1008 καὶ
1639 953 1704 1008 τὸ
1752 949 1885 1008 ἔσω-

241 1051 324 1105 θεν
349 1050 484 1123 (69),
515 1046 606 1103 καὶ
639 1046 689 1101 ἰν
721 1047 877 1124 τάφῳ
916 1041 1259 1100 ἐπεδείκνυτο
1302 1044 1388 1098 καὶ
1444 1042 1497 1099 ἐν
1552 1039 1655 1118 ᾅδῃ
1683 1062 1696 1112 ;
1730 1039 1888 1097 Ἀλλ’

244 1137 351 1215 οὐχ
408 1132 522 1193 οἷόν
570 1156 631 1191 τε
654 1134 720 1205 ἦν
754 1136 866 1209 (70)
922 1129 1105 1206 ἕτερον
1167 1132 1279 1197 ἀνθ’
1337 1132 1522 1207 ἑτέρου
1583 1127 1887 1186 ἀντιδοῦναι

243 1226 461 1303 λύτρον·
497 1223 643 1282 ἀλλά
686 1228 846 1299 σῶμα
893 1222 1010 1279 ἀντὶ
1063 1223 1339 1296 σώματος,
1385 1220 1475 1276 καὶ
1525 1221 1712 1296 ψυχὴν
1771 1218 1889 1275 ἀντὶ

243 1320 431 1393 ψυχῆς
491 1312 714 1382 δέδωκε,
746 1312 834 1369 καὶ
889 1310 1102 1368 τελείαν
1157 1309 1383 1388 ὕπαρξιν
1438 1309 1569 1386 ὑπὲρ
1616 1307 1749 1365 ὅλου
1804 1308 1893 1363 ἀνι

243 1407 505 1483 θρώπουο
537 1399 800 1459 τοῦτ’ἔστι
858 1402 920 1457 τὸ
977 1398 1342 1477 ἀντάλλαγμα
1396 1403 1493 1454 τοῦ
1556 1402 1813 1472 Χριστοῦ,
1856 1397 1888 1453 ’ὀ

243 1492 525 1550 ὠνείδισαν
558 1491 645 1548 ἐπὶ
675 1495 773 1547 τοῦ
803 1493 1033 1566 σταυροῦ
1081 1490 1134 1545 οἱ
1183 1488 1375 1566 ἰχθροὶ
1420 1493 1521 1559 τῆς
1579 1491 1724 1558 ζωῆς
1752 1487 1887 1543 Ἰου-

243 1580 386 1639 δαῖοι
437 1584 547 1656 (71)
588 1578 1121 1656 παραπορευόμενοι,
1169 1577 1261 1634 καὶ
1317 1581 1591 1640 κινοῦντες
1645 1577 1740 1638 τὰς
1794 1596 1890 1631 κε-

1998 686 2211 743 tierore
2231 691 2434 744 nostro
2453 686 2976 755 homine,mentem
3005 689 3300 747 caelestem
3329 692 3391 748 in
3420 693 3650 750 Christo

1996 776 2156 832 esse?
2178 792 2318 831 num
2343 776 2484 849 quia
2502 776 2773 833 bifariam
2797 778 2984 834 diviso
3001 778 3281 836 exteriore
3302 784 3358 837 et
3378 781 3651 840 interiore

2000 864 2257 931 homine,
2289 868 2346 921 et
2379 865 2439 921 in
2469 865 2761 938 sepulcro.
2808 872 2866 923 et
2922 867 3146 924 inferno
3200 870 3518 943 apparuit?
3576 875 3653 927 At

1998 970 2115 1009 non
2172 957 2398 1027 poterat
2454 953 2704 1011 alterum
2755 972 2859 1028 pro
2886 956 3066 1013 altero
3098 957 3157 1013 in
3188 959 3651 1032 redemptionem

1996 1041 2262 1099 darizsed
2294 1059 2507 1116 corpus
2538 1061 2642 1118 pro
2672 1049 2995 1118 corpore,et
3025 1046 3285 1103 animam
3318 1065 3422 1120 pro
3453 1049 3653 1106 anima

1997 1131 2251 1200 dedit,ac
2282 1132 2597 1204 perfectam
2620 1134 3067 1191 subsistentiam
3101 1151 3205 1209 pro
3235 1140 3356 1194 toto
3388 1137 3651 1195 homine.

1996 1223 2118 1276 Hoc
2144 1224 2235 1277 est
2263 1220 2480 1277 Christi
2504 1224 3094 1297 commutatio,quam
3127 1224 3187 1280 in
3220 1242 3391 1283 cruce
3420 1228 3653 1300 probris

2000 1309 2243 1367 al'fecere
2271 1309 2401 1367 vitae
2421 1310 2645 1367 inimici
2665 1311 2876 1379 Judtei,
2900 1316 3314 1386 praetereuntes
3337 1320 3394 1371 et
3421 1333 3661 1373 moven-

1998 1403 2086 1456 tes
2112 1398 2307 1472 capita
2335 1400 2671 1472 sua.Neque
2700 1401 2855 1457 enim
2888 1402 3057 1457 nudas
3089 1403 3327 1460 Deitatis
3349 1421 3651 1463 accessum

1998 1488 2264 1545 infernus
2321 1488 2471 1545 748
2531 1488 2914 1548 sustinuisset
2972 1507 2985 1547 :
3045 1492 3155 1548 hoc
3185 1496 3242 1550 et
3271 1494 3568 1567 prophetas
3598 1500 3656 1553 et

1999 1577 2249 1650 apostoli
2280 1582 2595 1635 testantur.

241 1670 420 1752 φαλὰς
479 1670 682 1727 αὐτῶν.
739 1666 879 1727 Οὔτε
930 1668 1033 1746 γὰρ
1088 1669 1117 1724 6
1171 1662 1306 1739 ᾅδης
1364 1665 1591 1744 ἤνεγκεν
1649 1662 2114 1741 ἆπαρακαλύπτου
2172 1664 2428 1737 θεότητος
2484 1660 2765 1723 ἐπίϐασιν*
2816 1672 2977 1723 τοῦτο
3048 1667 3137 1725 καὶ
3211 1676 3488 1749 προφῆται
3560 1671 3656 1727 καὶ

244 1756 547 1819 ἀπόστολοι
584 1762 963 1836 μαρτυροῦσιν.

315 1852 403 1908 18.
435 1850 591 1906 ’Ἐστι
623 1846 681 1905 δὲ
707 1847 798 1904 καὶ
830 1846 919 1903 ἐπὶ
967 1853 1067 1917 τῆς
1124 1850 1224 1902 τοῦ
1281 1848 1513 1923 σταυροῦ
1570 1843 1888 1919 οἰκονομίας

243 1937 473 1996 συνιδεῖν
519 1937 584 1994 τὸ
632 1936 948 2015 λεγόμενον·
982 1933 1133 2001 ὅπως
1171 1935 1198 1990 6
1246 1934 1443 2011 Κύριος
1484 1937 1553 2009 τῇ
1607 1934 1700 2008 μὲν
1751 1953 1892 2008 προ-

244 2025 390 2105 ϐολῇ
446 2031 543 2085 τοῦ
590 2024 821 2102 α’ίματος
870 2026 970 2095 τήν
1020 2019 1351 2102 βεϐαιότητα
1396 2031 1497 2095 τῆς
1543 2024 1737 2099 σαρκὸς
1797 2021 1890 2078 ἐπ-

2075 1847 2161 1902 18.
2193 1848 2355 1912 Quod
2387 1852 2581 1905 autem
2612 1847 2836 1905 dictum
2866 1854 2976 1919 est,
3006 1850 3067 1907 in
3097 1850 3290 1908 crucis
3332 1853 3659 1910 oeconomia

2003 1934 2466 1993 animadvertere
2522 1935 2661 1993 licet
2691 1954 2704 1992 :
2739 1954 2854 2011 quo
2913 1944 3080 2012 pacto
3112 1940 3336 1996 scilicet
3367 1940 3656 1999 Dominus

2000 2024 2317 2082 emissione
2330 2025 2636 2100 sanguinis
2657 2027 2850 2085 carnis
2870 2044 3067 2085 veram
3086 2030 3485 2087 exsistentiam
3502 2047 3662 2090 com-

244 2117 535 2176 εδείκνυτο·
565 2121 635 2193 τῇ
670 2114 727 2172 δὲ
754 2117 1041 2194 προσθήκῃ
1080 2118 1177 2170 τοῦ
1231 2111 1426 2177 ὕδατος
1467 2114 1567 2183 τὴν
1618 2111 1889 2190 ἄχραντον

2017 2114 2346 2171 nonstrarit
2381 2131 2394 2169 :
2429 2133 2486 2172 et
2533 2134 2696 2188 aquae
2751 2117 3070 2186 additione,
3126 2119 3655 2177 incontaminatam

243 2209 592 2280 καθαρότητα
611 2184 849 2278 ἰδήλοί),
878 2184 970 2260 καί
1001 2184 1084 2260 δτι
1113 2208 1210 2260 τοῦ
1254 2208 1388 2261 Θεοῦ
1436 2204 1497 2259 τὸ
1548 2184 1725 2277 eos}
1758 2203 1890 2278 κρά-

2017 2203 2340 2276 puritatem,
2400 2222 2467 2261 ac
2522 2223 2724 2263 verum
2757 2223 2885 2264 esse
2915 2224 3126 2281 corpus
3158 2209 3254 2265 Dei
3287 2211 3609 2266 ostenderit
3643 2225 3657 2266 :

243 2298 338 2370 ξας
385 2294 444 2353 δὲ
499 2296 588 2352 καὶ
644 2293 835 2357 κλίνας
890 2295 991 2365 τὴν
1044 2290 1313 2372 κεφαλὴν,
1356 2292 1446 2347 καὶ
1503 2288 1781 2368 παραδοὺς
1829 2289 1893 2347 τὰ

245 2391 482 2462 πνεῦμα,
512 2386 574 2441 τὸ
602 2378 800 2449 ἔσωθεν
849 2387 945 2439 τοῦ
996 2380 1139 2438 ἰδίου
1183 2382 1462 2457 σώματος,
1492 2380 1737 2437 τουτέστι
1792 2382 1897 2451 τὴν

246 2476 435 2553 ψυχὴν
492 2473 752 2549 ἐσήμανε’
810 2472 935 2549 περὶ
991 2475 1056 2543 ἧς
1106 2469 1195 2528 καί
1254 2469 1491 2547 εἴρηκεν,
1552 2466 1634 2525 ὅτι
1691 2468 1896 2543 Τίθημι

253 2566 388 2643 ὑπὶρ
436 2568 544 2621 τῶν
594 2558 884 2641 προϐάτων
934 2566 1042 2618 τῶν
1093 2560 1265 2637 ἱμῶν.
1294 2563 1456 2616 Ὥστε
1482 2561 1581 2629 τῆν
1616 2555 1895 2615 ἕκπνευσιν

249 2655 351 2712 οὐκ
407 2651 468 2710 ἄν
525 2674 611 2717 τις
659 2652 805 2709 εἰποι
853 2651 1113 2724 θεότητος
1146 2649 1487 2725 μετάστασιν,
1518 2647 1666 2705 ἀλλᾶ
1713 2651 1897 2725 ψυχῆς

247 2744 649 2821 ἀποχώρησιν.
713 2741 779 2799 Εἰ
860 2741 961 2818 γὰρ
1049 2741 1186 2796 κατὰ
1252 2737 1570 2814 μετάστασιν
1640 2737 1898 2809 θεότητος

248 2836 278 2890 ὁ
338 2834 565 2899 θάνατος
620 2829 807 2907 γέγονε
861 2829 954 2885 καὶ
1006 2832 1042 2901 ἡ
1108 2833 1206 2885 τοῦ
1282 2829 1535 2902 σώματος
1612 2827 1894 2903 νίκρωσις,

248 2919 393 2978 ἴδιον
425 2920 530 2996 ἄρα
566 2921 792 2975 θάνατον
821 2918 1070 2989 ἀπέθανε,
1102 2917 1192 2974 καὶ
1368 2916 1430 2972 οὐ
1468 2916 1561 2972 τὸν
1604 2914 1895 2992 ἡμέτερον.

248 3013 356 3070 Καὶ
389 3011 505 3073 πῶς
544 3008 621 3072 εἰς
667 3005 802 3081 ’ᾅδου
847 3007 1119 3079 κατῆλθεν
1173 3005 1616 3084 ἀπαρακαλύπτῳ
1655 3008 1724 3080 τῇ
1774 3003 1900 3070 θεό-

247 3120 416 3172 τητι;
448 3103 562 3155 Ποῦ
620 3097 711 3153 οῦν
766 3100 801 3168 ἡ
859 3098 1038 3174 ψυχὴ,
1092 3099 1160 3168 ἣν
1219 3093 1581 3173 ἆπηγγείλατο
1626 3095 1655 3150 6
1703 3094 1901 3171 Κύριος

248 3187 457 3265 τιθέναι
519 3188 650 3265 ὑπὲρ
698 3190 807 3243 τῶν
852 3180 1167 3262 προϐάτων,
1200 3184 1323 3263 περὶ
1368 3188 1436 3256 ἧς
1484 3183 1575 3239 καὶ
1623 3189 1899 3261 προφῆται

256 3254 669 3354 πᾏρμηνύουσίν
697 3296 713 3346 ;
740 3275 787 3332 εἰ
835 3254 908 3331 δὲ¹
941 3278 1128 3352 ψυχῆς
1153 3254 1528 3351 ’ἀποχώρησις
1574 3254 1779 3349 γέγονε,
1812 3268 1902 3327 διὰ

252 3340 706 3444 enato-signem,
726 3364 808 3421 ὅτι
856 3340 966 3421 τὸν.
1002 3340 1599 3441 ήμέτερονηάνεδὲξατό
1650 3340 1896 3431 θάνατον,

247 3457 495 3512 τουτὲστι
523 3461 624 3526 τῆς
654 3456 774 3511 καθ’
795 3457 946 3528 ἡμᾶς
976 3451 1278 3517 διαλύσεως
1307 3452 1701 3529 ἀνασχόμενος,
1718 3449 1899 3528 ὥσπερ

253 3546 345 3602 καὶ
369 3546 673 3622 γεννήσεως
705 3546 843 3619 (73).

326 3637 417 3692 19.
451 3634 682 3689 Νάταιον
728 3630 819 3688 οὖν
874 3632 1024 3707 ὑμῶν
1083 3631 1145 3686 τὸ
1193 3629 1454 3713 σόφισμα*
1487 3628 1603 3685 ἰπεὶ
1658 3633 1777 3693 πῶς
1835 3626 1895 3684 ἂν

252 3724 282 3779 6
316 3721 541 3785 θάνατος
597 3721 854 3800 ἐγεγόνει,
888 3719 939 3777 εἰ
993 3722 1070 3795 μὴ
1128 3721 1219 3776 καὶ
1268 3719 1360 3775 τὸν
1412 3713 1606 3774 ἔσωθεν
1665 3718 1755 3774 καὶ
1809 3717 1900 3775 τὸν

252 3806 445 3887 ἔξωθεν
505 3813 865 3883 συνεστήκατο
929 3812 1104 3884 ἑαυτῷ
1164 3810 1192 3865 6
1249 3808 1424 3887 Λόγος
1476 3811 1611 3883 (74),
1657 3808 1901 3864 τουτέστι

254 3906 417 3977 σῶμα
444 3903 532 3958 καὶ
558 3903 743 3978 ψυχήν
774 3920 789 3972 ;
820 3902 947 3963 Πῶς
981 3897 1039 3955 δὶ
1067 3900 1158 3955 καὶ
1190 3898 1323 3976 ὑπὲρ
1370 3902 1467 3954 τοῦ
1514 3898 1712 3960 παντὸς
1759 3897 1903 3954 ἀντὲ-

254 3988 424 4047 δωκεν
457 3988 887 4065 ἀντίλυτρονςῆ
939 3994 1055 4052 πῶς
1114 3991 1151 4059 ἡ
1204 3987 1465 4065 κράτησις
1514 3992 1613 4043 τοῦ
1671 3986 1901 4053 θανάτου

246 4079 464 4137 τελείαν
522 4074 795 4153 ἐλάμϐανε
848 4079 948 4148 τὴν
1004 4077 1184 4148 λύσιν,
1232 4077 1279 4133 εἰ
1334 4079 1398 4133 τὸ
1454 4077 1591 4133 κατά
1641 4078 1901 4156 φρόνησιν

254 4172 598 4246 ἁμαρτῆσαν,
646 4168 745 4238 τὴν
800 4168 985 4243 ψυχὴν
1047 4169 1180 4241 (75),
1233 4165 1467 4243 Χριστὸς
1520 4164 1902 4240 ἀναμάρτητον
1949 4167 1956 4174 ’

248 4259 314 4314 οὐ
347 4258 707 4329 συνεστήσατο
738 4255 790 4312 ἐν
823 4253 1036 4329 ἑαυτῷ,
1069 4256 1187 4312 Ἔτι
1247 4253 1339 4310 οὗν
1402 4249 1674 4331 βασιόεύει
1724 4255 1753 4310 6
1807 4255 1902 4319 θά-

248 4369 406 4412 νατος
453 4350 553 4403 τοῦ
601 4344 796 4402 ἔσωθεν
844 4344 1175 4421 ἀνθρώπου·
1226 4342 1373 4406 τίνος
1415 4344 1517 4420 γὰρ
1575 4340 1755 4398 ἄλλου
1810 4341 1903 4397 καὶ

252 4433 568 4493 ἐϐασίλευσέ
590 4456 745 4505 ποτε,
778 4433 911 4512 οὐχὶ
952 4437 1138 4511 ψυχῆς
1187 4436 1287 4503 τῆς
1329 4432 1380 4489 ἐν
1425 4434 1684 4511 φρονήσει
1734 4434 1907 4508 ἁμαρ-

249 4524 528 4598 τησάσης;
586 4525 767 4591 καθὼς
846 4521 1096 4600 εἴρηται’
1155 4523 1310 4599 ψυχὴ
1391 4524 1503 4596 (76)
1559 4524 1596 4592 ἡ
1656 4522 1905 4599 ἁμαρτά-

247 4635 437 4683 νουσα,
496 4613 632 4686 αὕτη
690 4612 781 4669 καὶ
839 4613 1225 4669 ἀποθανεῖται·
1287 4611 1420 4688 ὓπερ
1480 4613 1546 4681 ἧς
1606 4611 1707 4681 τὴν
1764 4609 1904 4667 ἰδίαν

244 4703 436 4777 ψυχὴν
493 4704 722 4760 τέθεικεν
778 4703 807 4758 6
866 4703 1097 4777 Χριστὸς
1148 4699 1347 4778 λύτρον
1399 4701 1512 4775 (77)
1574 4697 1899 4763 ἀντιδιδούς.

323 4805 368 4848 ⁷³
394 4820 450 4873 x,
487 4804 574 4859 15.
650 4805 697 4841 ⁷²
724 4804 931 4862 Ezech.
961 4821 1121 4871 xvm,
1155 4804 1207 4860 4.

466 4897 852 4978 _Seg_uer.,_8_z’
889 4901 1007 4978 ζνὸς
1057 4901 1349 4977 ἀνθρώπου
1401 4901 1585 4970 Ἰησοῦ
1631 4900 1895 4975 Χριστοῦ.
1935 4915 1975 4978 ι]

249 4972 522 5031 Ιιιόἀὶὶίε
547 4972 714 5030 deest
742 4972 1051 5045 ἀνθρώπου.

318 5046 430 5118 (ρθ)
463 5045 700 5118 Seguer.
735 5038 966 5118 Gobler.
999 5043 1429 5118 et_Felekm.gl,
1454 5043 1518 5098 τὸ
1559 5038 1755 5118 ,ἔξωθεν
1807 5043 1899 5118 καὶ

247 5109 650 5244 τδὲσωθὲνζιι]
681 5117 876 5184 editis,
906 5116 998 5171 τὸν
1029 5111 1244 5187 ἔξωθεν,
1274 5114 1364 5170 καὶ
1409 5114 1461 5169 ἐν
1506 5109 1686 5193 τάιρῳ,
1718 5117 1899 5174 omis-

248 5204 336 5244 818
367 5205 462 5244 me
508 5205 603 5244 "8.

248 5204 336 5247 818
367 5204 603 5245 ωθαιιε.

322 5261 438 5331 (70)
466 5260 564 5315 Ἦν
592 5261 769 5331 deest
787 5258 849 5315 in
897 5263 1138 5331 Seguer.
1171 5258 1333 5315 Idem
1387 5258 1561 5330 paulo
1600 5269 1750 5331 post,
1782 5258 1901 5314 ἀντὶ

249 5330 529 5402 σώματος,
562 5338 621 5388 et
648 5331 734 5387 sic
758 5330 1071 5403 legendum
1118 5331 1369 5387 videtur.
1401 5331 1577 5399 Editi,
1604 5330 1745 5407 intsp
1798 5332 1904 5386 σώ-

332 5422 447 5465 τος.

253 5423 570 5547 μαῶἴῖέῆς
625 5468 1089 5547 ζωῆςΊουδαῖοι,
1122 5473 1198 5547 Vin
1259 5470 1442 5547 editis
1492 5473 1906 5547 omissum,ex

244 5544 399 5603 mss.
423 5544 664 5617 Seguer.
698 5544 863 5617 δεδι.
900 5551 957 5601 et
989 5545 1178 5601 Felck.
1212 5547 1237 5601 1
1272 5544 1701 5617 supplevimus.
1728 5547 1904 5604 Paulo

242 5623 405 5691 post,
439 5613 698 5691 Seéuerq
722 5613 953 5691 ﬁvsyxev
989 5617 1071 5691 civ.

323 5690 437 5761 (72)
466 5692 561 5774 sic
589 5684 824 5774 Gehler.
843 5684 910 5745 'et
940 5688 1129 5774 Felek.
1164 5688 1214 5743 1.
1241 5686 1396 5743 Editi
1424 5703 1579 5774 vero,
1611 5684 1702 5740 καὶ
1750 5687 1901 5774 εόχί,

234 5755 380 5818 mox
419 5755 590 5818 'edit.
650 5761 837 5818 Paris.
897 5761 1198 5829 mendose,
1256 5755 1690 5831 παρακαλύπτῳ.
1753 5755 1911 5821 Editi

242 5847 392 5891 vero
422 5832 696 5892 Commel.
731 5837 788 5892 et
816 5848 1022 5892 omnes
1052 5828 1225 5900 mss.,
1260 5828 1725 5906 ἀπαρακαλύπτῳ.

2005 2293 2310 2350 clamando
2343 2299 2541 2351 autem
2571 2299 2630 2351 et
2654 2296 2994 2353 inclinanda
3026 2301 3221 2370 caput,
3266 2298 3661 2371 spiritumque

2009 2383 2337 2452 reddendo;
2358 2385 2515 2456 quod
2544 2382 2698 2441 intra
2725 2385 3031 2459 proprium
3063 2403 3277 2460 corpus
3307 2388 3515 2458 erat,id
3548 2394 3660 2457 est,

2007 2471 2288 2544 animam,
2320 2472 2684 2546 signiﬁcarit,
2718 2474 2789 2530 de
2819 2491 2938 2547 qua
2964 2480 3021 2532 et
3049 2476 3274 2533 dixerat
3305 2492 3318 2531 :
3348 2482 3496 2534 Ροηο
3540 2494 3665 2535 eam

2004 2578 2105 2634 pro
2154 2562 2352 2618 ovibus
2390 2563 2528 2619 meis
2558 2563 2601 2599 τί
2638 2579 2651 2619 ;
2685 2562 2766 2620 ita
2793 2568 2858 2619 ut
2888 2564 3340 2636 exspirationem
3373 2582 3544 2622 nemo
3574 2566 3664 2622 di-

2007 2651 2158 2707 xerit
2186 2649 2420 2707 deitatis
2449 2651 3050 2725 transmigrationem,
3079 2654 3181 2709 sed
3212 2652 3422 2709 animae
3452 2656 3669 2711 disces-

2007 2757 2164 2798 sum.
2196 2740 2342 2796 Nam
2374 2740 2423 2796 si
2451 2757 2554 2812 per
2581 2742 3157 2815 transmigratioaem
3215 2744 3450 2800 deitatis
3506 2761 3667 2801 mors

2010 2833 2066 2887 et
2118 2829 2379 2901 corporis
2428 2829 2739 2886 exstinctio
2790 2831 3150 2903 contigisset,
3195 2833 3432 2905 propria
3479 2838 3669 2889 morte

2009 2918 2272 2988 obiisset,
2300 2922 2357 2974 et
2386 2936 2502 2975 non
2534 2923 2754 2976 nostra.
2788 2920 2856 2975 Et
2884 2921 3008 2993 qui,
3041 2922 3272 2990 amabo,
3296 2938 3410 2978 non
3441 2923 3671 2979 obtecta

2010 3007 2225 3064 deitate
2246 3006 2307 3063 in
2329 3006 2630 3064 infernum
2647 3009 3077 3065 descendisset?
3096 3010 3344 3067 Ubinam
3367 3011 3547 3085 igitur
3566 3010 3670 3069 illa

2009 3097 2230 3167 anima,
2256 3113 2431 3169 quam
2476 3097 2826 3169 promiserat
2856 3097 3142 3155 Dominus
3201 3116 3265 3156 se
3311 3116 3414 3172 pro
3462 3100 3669 3157 ovibus

2011 3185 2136 3243 suis
2166 3185 2524 3258 positurum,
2556 3187 2628 3242 de
2658 3203 2775 3258 qua
2805 3203 2865 3242 re
2890 3188 3190 3259 prophetas
3219 3188 3445 3261 praefati
3477 3189 3671 3245 sunt?

2008 3276 2068 3331 Si
2097 3292 2232 3332 vero
2263 3275 2474 3332 anima
2534 3276 2836 3332 discessus
2894 3276 3026 3343 fuit,
3086 3276 3216 3333 ideo
3281 3277 3505 3335 dictum
3560 3284 3673 3346 est,

2011 3381 2147 3421 eum
2180 3370 2443 3422 nostram
2469 3369 2719 3421 mortem
2748 3365 3101 3437 suscepisse,
3122 3365 3232 3422 hoc
3259 3371 3370 3437 est,
3400 3371 3668 3424 nostram

2011 3452 2459 3511 dissoiutionem
2490 3453 2870 3524 sustinuisse,
2900 3458 2965 3511 ut
2993 3460 3049 3512 et
3078 3461 3343 3513 nostram
3391 3456 3674 3515 nascendi

1931 3546 1975 3614 α
2013 3543 2323 3601 rationem.

2080 3633 2166 3690 19.
2223 3636 2457 3689 Vanum
2516 3632 2700 3706 igitur
2743 3640 2834 3689 est
2858 3637 3112 3691 vestrum
3145 3634 3451 3707 sophisma
3482 3653 3496 3691 ι
3530 3652 3668 3693 nam

2015 3722 2138 3794 qui,
2172 3738 2387 3795 quaeso,
2420 3738 2583 3778 mors
2610 3723 2962 3795 advenisset,
2997 3724 3111 3781 nisi
3142 3729 3199 3781 et
3226 3723 3564 3781 interiorem
3614 3728 3672 3781 et

2014 3812 2359 3868 exteriorem
2389 3809 2690 3867 hominem
2722 3811 2979 3868 Verbum
3011 3812 3072 3867 in
3131 3830 3194 3869 se
3249 3813 3673 3882 constituisset,

2012 3901 2072 3956 id
2103 3905 2193 3956 est
2214 3916 2429 3972 corpus
2459 3904 2517 3955 et
2544 3900 2805 3956 animam
2824 3900 2851 3956 ‘I
2882 3900 2988 3968 Qui
3023 3918 3124 3972 pro
3148 3906 3267 3957 toto
3299 3901 3536 3958 homine
3583 3918 3675 3957 re-

2014 3989 2373 4062 demptionis
2398 3989 2654 4062 pretium
2681 3990 2952 4060 deperit?
2981 3994 3083 4046 aut
3131 3992 3425 4063 quomodo
3466 3993 3674 4048 mortis

2011 4079 2329 4152 imperium
2360 4077 2533 4152 plene
2562 4079 2912 4151 abrogatum
2941 4079 3138 4148 luerit,
3199 4080 3249 4136 si
3308 4079 3454 4136 illud
3517 4082 3675 4153 quod

2012 4185 2117 4243 per
2140 4167 2593 4241 intelligentiam
2626 4171 2914 4241 peccarat,
2947 4168 3205 4223 animam
3238 4185 3469 4241 nempe,
3511 4168 3677 4225 Chri-

2012 4259 2224 4316 stusin
2245 4274 2373 4314 sese
2406 4254 2843 4329 impectabilem
2880 4272 2996 4312 non
3046 4257 3499 4314 constituisset?
3529 4258 3676 4331 Ergo

2015 4363 2175 4403 mors
2207 4345 2385 4402 etiam
2419 4361 2577 4400 nunc
2607 4352 2665 4399 in
2703 4343 2979 4400 interiore
3009 4344 3253 4402 homine
3285 4346 3629 4403 dominatur
3659 4364 3674 4403 :

2013 4437 2073 4492 in
2105 4451 2363 4508 quonam
2398 4434 2557 4489 enim
2593 4432 2708 4489 alio
2740 4449 3000 4505 unquam
3037 4442 3398 4509 regnaverat,
3450 4436 3565 4493 nisi
3616 4437 3676 4492 in

2014 4525 2367 4597 anima,quaa
2400 4522 2780 4596 intelligendo
2809 4524 3250 4595 peccaverat?ut
3278 4525 3501 4582 dictum
3536 4532 3628 4583 est
3659 4545 3672 4582 :

2012 4615 2209 4672 Anima
2242 4629 2363 4686 quae
2385 4614 2838 4686 peccaverit,ipsa
2868 4616 3139 4671 morietur
3156 4616 3204 4650 ’⁷³
3225 4631 3237 4670 :
3258 4632 3363 4688 pro
3393 4632 3511 4687 qua
3540 4633 3675 4689 pro-

2013 4703 2203 4776 priam
2234 4701 2496 4758 animam
2527 4700 2796 4758 Christus
2827 4702 2887 4758 in
2917 4703 3191 4775 {pretium
3250 4703 3676 4777 redemptionis

2081 4902 2193 4974 (73)
2219 4903 2305 4957 lta
2332 4900 2572 4971 Seguer.
2602 4900 2835 4974 Gobler.
2869 4906 2929 4960 et
2973 4902 3229 4959 Felckm.
3262 4904 3313 4959 1.
3345 4902 3496 4959 Editi
3530 4919 3668 4960 vero

2007 4981 2067 5031 et
2089 4970 2126 5044 ‘q
2139 4970 2338 5047 uidiam
2368 4970 2538 5047 mss”
2570 4970 2855 5047 γενέσεως.

2227 5046 2314 5129 ita
2339 5044 3106 5129 Anglic.'Segue~r..Gobler.
3137 5049 3199 5129 et
3230 5044 3483 5129 Felckm.
3520 5047 3662 5129 Laio

2011 5115 2185 5190 editis
2215 5115 2443 5190 desunt
2462 5117 2605 5190 hac,
2639 5115 2815 5190 tiqui;
2847 5117 2875 5170 ὁ
2906 5115 3101 5190 Λόγος.
3135 5117 3264 5190 Mox
3293 5122 3529 5189 Seguer.
3555 5118 3670 5176 Go-

2013 5189 2157 5246 bler.
2192 5194 2250 5245 et
2278 5187 2538 5260 Felckm.
2572 5188 2625 5254 1,
2657 5184 2886 5242 δέδωκεν
2926 5184 3029 5260 prb
3060 5184 3389 5243 ἆντέδωκενῖ

2087 5261 2199 5333 (75)
2232 5259 2559 5333 Τὴνμψυχήν
2593 5261 2850 5333 deestin
2899 5260 3138 5333 Seguer.
3176 5260 3525 5333 Paulo_post
3569 5262 3666 5314 Se-

2057 5330 2190 5389 uer.
2213 5330 2512 5403 Anglican.
2545 5332 2877 5403 Goblerian.
2905 5336 2963 5386 et
2994 5331 3248 5388 Felckm.
3277 5334 3328 5399 1,
3360 5330 3412 5386 ἐν
3475 5332 3669 5402 ἑαυτῷ.

2057 5350 2177 5389 uer.
2213 5349 2512 5403 angucan.
2545 5349 2877 5387 uonierian.
2905 5349 2963 5386 et
2994 5349 3248 5388 r'eicxm.
3277 5349 3328 5399 ι,
3360 5349 3412 5386 εν
3475 5349 3667 5402 εαυτῳ.

2012 5349 2408 5476 ἓάἰιίηὲαυτῷ,
2441 5402 2664 5476 omissa
2697 5420 2873 5476 praep.
2908 5403 3152 5476 Ibidem.
3170 5411 3406 5476 Seguer.
3432 5403 3667 5461 Gobler.

2015 5482 2075 5531 et
2125 5472 2377 5550 Felckin.
2432 5475 2484 5550 1,
2516 5473 2633 5550 ’ἔτι
2685 5472 3111 5550 οῦνςβασιᾷλεύει
3238 5472 3483 5550 θάνατος.
3517 5476 3671 5531 Editi

2014 5545 2392 5621 veroget_alii,
2419 5545 2481 5621 Τί
2508 5542 2600 5599 οὖν
2630 5546 2743 5621 κεθξ
2774 5542 2915 5621 ὑμᾶς
2951 5544 3225 5621 βασιλεύει
3258 5548 3286 5601 6
3314 5546 3562 5608 θάνατος.

2088 5619 2200 5692 (76)
2233 5616 2842 5692 §eguerianus_solus,
2879 5616 3170 5692 ὅτι-ψυχή.

2087 5688 2208 5777 (77),
2232 5689 2473 5780 seguer.
2509 5689 2753 5780 (iobler.
2788 5694 2848 5777 et
2897 5688 3152 5780 Ιξξθίιξιςιὶιἔ
3198 5690 3265 5780 ’1,
3311 5689 3608 5780 ἐντὲθηκεν
3641 5691 3670 5746 6

2015 5757 2249 5835 Χριστὸς
2282 5757 2477 5836 λύτρον
2514 5764 2777 5840 (Seguer.
2809 5757 3147 5836 ἂντίλυτρον)
3188 5757 3453 5827 ἀντιδούς.
