4048 6428
381 448 533 512 112Ἰ

938 450 1005 513 S.
1052 450 1482 512 ATHANASII
1525 450 1701 512 OPP.
1751 446 1947 510 PARS
1990 447 2039 507 Ι.
2064 479 2144 497 --
2173 445 2593 510 HISTORIGA
2633 446 2735 509 ET
2774 446 3258 511 DOGMATICA.

3635 451 3795 513 1128

373 580 593 656 posuit.
625 582 952 646 Quemnam
998 583 1195 637 autem
1254 580 1328 636 ab
1386 579 1555 637 initio
1619 576 2024 637 condemnavit

2142 576 2298 640 Τίνος
2358 572 2417 632 εὶ
2456 574 2546 632 καὶ
2601 576 2841 654 ἀρχῆθεν
2872 576 3121 654 κατέγνω
3150 578 3179 633 ὸ
3210 541 3344 640 Θεός
3372 582 3513 648 ςτῆς
3540 576 3794 644 πλάσεως

372 671 530 729 Deus
553 670 582 725 ‘I
615 686 764 743 opus
794 668 1065 743 opificiis,
1087 686 1159 725 an
1191 670 1480 726 actionem
1512 669 1727 742 cpificii
1756 667 1854 726 ΡΒί
1884 684 2034 740 opus

377 759 603 832 opiﬁcis
632 758 1065 824 condemnavit,
1097 759 1360 831 seipsum
1394 758 1809 816 condemnavit
1855 757 2034 814 Deus:

375 850 605 922 eritque
634 847 976 903 hominibus
1005 846 1243 903 similis.
1275 848 1437 913 Quod
1470 847 1520 903 si
1550 848 1799 921 impium
1832 846 1881 902 si
1925 846 2033 902 hoc

374 939 446 994 de
472 938 589 993 Deo
620 936 959 1010 cogitare,et
987 935 1037 992 si
1070 937 1195 1008 ipse
1219 936 1508 993 actionem
1540 935 1754 1009 cpiﬁcii
1788 936 2033 992 damna-

368 1027 471 1094 vit,
511 1026 703 1081 aufert
732 1025 914 1097 igitur
942 1024 1255 1092 actionem,
1287 1030 1345 1081 et
1393 1026 1632 1082 innovat
1681 1025 1980 1099 opificium
2018 1040 2032 1080 :

373 1130 510 1170 nam
543 1113 673 1186 ejus
704 1129 853 1186 opus
884 1128 1114 1184 sumus,
1147 1115 1326 1170 creati
1361 1115 1430 1171 ad
1465 1115 1612 1171 bene
1643 1115 2031 1188 operandum.

446 1311 534 1366 20.
569 1310 677 1367 Sed
710 1326 946 1368 rursum
978 1311 1174 1368 dicitis
1209 1328 1222 1368 :
1256 1312 1373 1368 Nos
1402 1316 1579 1369 Deum
1611 1311 1866 1368 dicimus
1895 1327 2030 1368 eum

373 1399 473 1472 qui
503 1416 573 1456 ex
597 1399 779 1456 Maria
806 1404 982 1457 natus
1005 1404 1095 1458 est
1121 1425 1136 1470 ;
1168 1417 1274 1458 cur
1321 1401 1520 1473 itaque
1574 1401 1792 1468 dicitis,
1852 1399 2032 1458 veluti

373 1488 652 1559 Marcion,
685 1489 869 1546 Deum
898 1489 1226 1557 advenisse,
1260 1507 1326 1547 ac
1360 1491 1544 1547 Deum
1578 1490 1822 1547 intactili
1856 1491 2029 1547 modo

374 1578 872 1651 accessisse,quod
897 1584 1168 1635 naturam
1191 1580 1403 1636 habeat
1421 1582 1616 1636 carnis
1631 1581 1900 1637 humanae
1914 1597 2029 1637 non

371 1667 673 1741 capacem?
688 1670 803 1724 Aut
832 1685 938 1724 cur
968 1673 1150 1725 Deum
1183 1668 1348 1726 illum
1384 1669 1579 1726 dicitis
1610 1670 1781 1726 sicuti
1813 1669 2030 1726 Paulus

369 1757 847 1814 Samosatensis?
876 1774 943 1814 ea
973 1759 1131 1814 enim
1165 1763 1255 1815 est
1284 1758 1445 1815 illius
1475 1759 1800 1832 impietatis
1859 1759 2029 1826 ratio,

372 1851 439 1903 ut
484 1846 669 1902 Deum
702 1847 1085 1903 confiteamur
1114 1864 1247 1903 eum
1279 1848 1377 1920 qui
1409 1865 1477 1903 ex
1504 1848 1685 1904 Maria
1716 1851 1889 1905 natus
1919 1853 2030 1915 est,

2145 669 2242 720 τοῦ
2273 663 2600 734 πλάσαντος,
2633 664 2669 736 ἢ
2721 671 2822 736 τῆς
2879 666 3123 743 πράξεως
3180 669 3277 721 τοῦ
3332 665 3694 741 πλάσματος;
3728 668 3795 724 Εἴ

2142 758 2243 821 τῆς
2300 752 2555 819 πλάσεως
2602 758 2698 811 τοῦ
2756 755 3065 818 πλάσαντος
3122 754 3366 831 κατέγνω
3411 758 3563 825 Θεὸς,
3601 757 3794 814 ἑαυτοῦ

2143 841 2420 920 κατέγνω·
2452 843 2543 899 καὶ
2598 840 2743 899 ἔσται
2784 844 2858 906 ὡς
2920 844 2971 898 οἳ
3020 844 3321 919 ἄνθρωποι.
3368 845 3431 900 Ei
3489 842 3547 901 δὶ
3601 842 3792 912 ἀσεϐὲς

2141 936 2304 988 τοῦτο
2354 932 2478 1007 περὶ
2537 937 2671 988 Θεοῦ
2714 932 2939 1003 ἐννοεῖν,
2987 932 3232 1009 κατέγνω
3289 931 3349 989 δὲ
3392 941 3497 1005 τῆς
3548 937 3795 1014 πράξεως

2140 1025 2237 1076 τοῦ
2293 1020 2638 1096 πλάσματος,
2681 1026 2953 1097 περιαιρεῖ
2999 1020 3180 1079 τοίνυν
3248 1024 3351 1094 τήν
3412 1024 3601 1099 πρᾶξιν
3652 1028 3788 1100 (78),

2141 1110 2229 1166 καὶ
2262 1117 2565 1167 καινοποιεῖ
2593 1111 2693 1181 τὴν
2721 1111 2941 1167 πλάσιν·
2975 1111 3142 1167 αὐτοῦ
3186 1110 3289 1189 γάρ
3336 1111 3494 1187 ἐσμεν
3546 1114 3791 1189 ποίημα,

2140 1201 2440 1263 κτισθέντες
2470 1199 2558 1256 ἐπὶ
2588 1197 2767 1278 ἐργοις
2800 1200 3041 1276 ἀγαθοῖς.

2212 1310 2303 1367 20.
2332 1306 2514 1364 Ἀλλὰ
2542 1308 2706 1363 πάλιν
2744 1306 2946 1383 λέγετε.
2978 1308 3171 1382 Ἡμεῖς
3221 1308 3350 1364 Θεὸν
3407 1306 3641 1385 λέγομεν
3696 1311 3792 1367 τὸν

2143 1395 2204 1453 ἐκ
2258 1396 2492 1473 Μαρίας.
2524 1401 2649 1461 Πῶς
2704 1394 2884 1452 τοίνυν
2926 1395 3140 1473 λέγετε,
3199 1398 3277 1460 ὡς
3331 1398 3589 1475 Μαρκίων
3651 1400 3787 1473 (79),

2141 1486 2272 1542 Θεὸν
2331 1483 2768 1560 ἐπιδημήσαντα,
2828 1486 2917 1542 καὶ
2984 1486 3114 1542 Θεὸν
3190 1486 3392 1564 ἆθιγῶς
3445 1486 3790 1564 προσεληλυ-

2143 1577 2293 1644 θότα,
2338 1575 2493 1649 φύσιν
2537 1571 2740 1652 ἔχοντα
2786 1572 3130 1632 ἀνεπίδεκτον
3176 1575 3374 1653 σαρκὸς
3398 1576 3785 1653 ἀνθρωπίνης

2139 1667 2211 1723 “Η
2243 1669 2359 1727 πῶς
2391 1663 2573 1741 λέγετε
2593 1666 2742 1732 Θεὸν,
2774 1666 2849 1728 ὡς
2878 1664 3098 1729 Παῦλος
3129 1666 3157 1720 ὁ
3205 1666 3553 1740 Σαμοσατεῦς
3579 1687 3594 1737 ;
3623 1671 3788 1723 τοῦτο

2139 1754 2239 1831 γὰρ
2299 1761 2398 1824 τῆς
2448 1753 2653 1810 ἐκείνου
2702 1749 2951 1817 ἀσεϐείας
2995 1754 3058 1810 τὸ
3107 1755 3416 1831 πρόσχημα
3465 1758 3600 1829 (80),
3655 1757 3787 1811 Θεὸν

2142 1841 2435 1921 ὁμολογεῖν
2483 1842 2575 1898 τὸν
2619 1841 2682 1899 ἐκ
2727 1842 2964 1916 Μαρίας,
2995 1843 3102 1918 πρὸ
3153 1844 3366 1900 αίώνων
3416 1844 3511 1919 μὲν
3563 1864 3789 1923 προορι-

376 1936 477 2010 qui
510 1939 682 2023 antea
711 1935 926 1992 saecula
944 1936 1182 2009 quidem
1216 1937 1539 2010 praeﬁnitus
1571 1937 1801 2011 sitzqui
1832 1943 2024 1994 tamen

2142 1933 2348 2005 σθέντα,
2402 1932 2463 1988 ἐκ
2520 1930 2579 2023 δὲ
2632 1931 2844 2023 Μαρίας
2906 1933 3022 2023 τήν,
3086 1934 3266 2023 ἀρχὴν
3334 1941 3435 2023 τῆς
3514 1934 3791 2023 ὑπάρξεως

369 2042 438 2081 ex
471 2024 646 2080 Maria
664 2022 899 2082 initium
919 2025 1239 2082 exsistendi
1258 2025 1807 2084 habuerit.Verbum
1830 2030 2024 2083 autem

2141 2020 2437 2097 ἐσχηκότα.
2470 2021 2640 2098 Λόγον
2675 2020 2732 2077 δὲ
2757 2021 2948 2099 ἐνεργῆ
2982 2021 3034 2093 ἐξ
3082 2020 3313 2094 οὐρανοῦ
3355 2022 3445 2078 καὶ
3504 2022 3695 2100 σοφίαν
3737 2023 3790 2079 ἐν

368 2114 574 2171 efﬁcax
604 2131 635 2170 e
667 2112 832 2185 crelc,
865 2119 921 2171 et
953 2115 1304 2188 sapientiam
1337 2115 1396 2172 in
1429 2115 1530 2173 illo
1577 2117 1892 2173 confitetur
1939 2118 2028 2190 (ac

366 2202 500 2275 plus
531 2220 709 2276 quam
739 2220 864 2274 vos,
887 2202 972 2259 illi
1004 2220 1106 2277 per
1136 2221 1306 2260 suam
1339 2204 1702 2278 impietatem
1736 2206 2028 2273 attribuit)

369 2297 435 2348 ut
454 2309 556 2350 vos
572 2292 765 2350 dicitis
782 2296 1037 2350 mentem
1053 2292 1345 2351 caelestem
1368 2294 1426 2350 in
1463 2311 1703 2368 corpore
1738 2295 2023 2353 animato.

369 2385 588 2439 Verum
620 2398 727 2439 nec
756 2399 968 2456 corpus
1001 2383 1329 2440 animatum
1362 2400 1427 2440 eo
1460 2384 1587 2457 ipso
1616 2384 1793 2442 homo
1835 2385 2028 2459 perfe-

370 2476 500 2529 ctus
527 2476 618 2529 est
650 2488 664 2526 :
700 2487 889 2545 neque
919 2489 1087 2529 mens
1117 2473 1393 2545 cmlestis,
1425 2490 1491 2531 eo
1521 2474 1651 2547 ipso
1708 2474 1863 2531 Deus
1915 2479 2026 2531 est.

368 2565 518 2617 Nam
549 2576 760 2634 corpus
791 2561 1114 2617 animatum
1142 2562 1376 2630 dicitur,
1398 2562 1456 2618 in
1491 2566 1780 2635 quantum
1814 2579 2028 2620 nomen

369 2648 579 2706 animae
611 2666 714 2722 per
743 2651 982 2707 modum
1016 2651 1396 2708 subsistentia
1427 2653 1485 2708 in
1528 2651 1627 2708 illo
1658 2652 2028 2726 exprimitur.

369 2743 591 2811 Corpus
607 2744 804 2795 autem
830 2738 1328 2813 hominis,corpus
1350 2741 1569 2797 dicitur
1587 2746 1781 2799 etnon
1805 2744 2024 2799 anima:

373 2832 432 2884 et
461 2828 662 2884 anima
690 2827 970 2894 hominis,
1003 2828 1201 2885 anima
1228 2830 1447 2886 dicitur
1475 2834 1532 2886 et
1586 2847 1702 2888 non
1762 2848 1974 2905 corpus
2012 2848 2025 2888 :

372 2916 620 2973 alterum
652 2917 723 2973 ad
758 2916 1097 2987 alterum,id
1129 2922 1221 2973 est
1248 2918 1497 2991 spiritus
1527 2920 1597 2976 ad
1631 2936 1861 2992 corpus.
1899 2920 2032 2990 Qui:

372 3005 671 3072 autem,ait
700 3004 1186 3077 Scriptura,novit
1212 3016 1448 3063 mentem
1478 3009 1697 3065 Domini
1719 3009 1805 3064 73?
1864 3008 2028 3064 Mens

384 3094 632 3165 Domini,
693 3095 954 3150 nondum
988 3095 1305 3165 Dominus;
1337 3096 1438 3153 sed
1470 3096 1705 3153 Domini
1736 3095 2030 3165 voluntas,

379 3182 713 3252 consilium,
732 3184 881 3239 749
906 3186 1010 3240 aut
1036 3184 1297 3241 efficacia
1324 3187 1396 3242 ad
1428 3185 1674 3260 aliquid.
1699 3188 1822 3253 Quo
1853 3186 2034 3260 igitur

378 3274 575 3329 animo
600 3272 720 3329 haec
750 3273 1017 3344 profertis
1046 3274 1243 3343 verba,
1272 3274 1582 3348 verbisque
1612 3276 2032 3332 commentitiis

2140 2109 2286 2183 αὖτῷ
2328 2107 2618 2186 ὁμολογεῖ,
2650 2108 2841 2166 πλεῖον
2891 2111 3022 2184 παρ’
3055 2111 3194 2184 ὑμᾶς
3243 2109 3611 2188 χαριζόμενος
3654 2114 3791 2168 κατά

2136 2200 2235 2269 τήν
2310 2196 2500 2255 ἑαυτοῦ
2585 2194 2831 2255 ἀσέϐειαν
2854 2218 2869 2233 ’
2923 2199 3103 2274 ὥσπερ
3168 2200 3325 2274 ὑμεῖς
3404 2200 3591 2277 λέγετε
3663 2206 3788 2256 νοῦν

2136 2289 2451 2366 ἐπουράνιον
2503 2288 2557 2345 ἐν
2607 2289 2820 2362 σώματι
2871 2288 3131 2365 ἐμψύχῳ.
3180 2286 3320 2347 Οὔτε
3364 2286 3421 2345 δὲ
3480 2294 3640 2365 σῶμα
3685 2288 3791 2365 ἔμ-

2136 2381 2315 2457 ψυχον
2344 2376 2454 2451 ἤδη
2483 2379 2767 2454 ἄνθρωπος
2797 2377 3005 2442 τέλειος
3038 2380 3175 2453 (81),
3207 2375 3331 2435 οὔτε
3376 2383 3506 2443 νοῦς
3551 2378 3789 2457 ἐπουρά-

2136 2489 2251 2531 νιος
2306 2464 2417 2539 ἤδη
2472 2466 2625 2531 Θεός.
2660 2472 2834 2541 Σῶμα
2875 2468 2977 2543 γὰρ
3025 2462 3273 2544 ἔμψυχον
3326 2465 3563 2546 λέγεται,
3612 2467 3694 2548 ἐφ’
3743 2470 3790 2543 ᾧ

2137 2555 2513 2619 ἐνυποστάτως
2544 2556 2607 2612 τὸ
2640 2563 2741 2627 τῆς
2781 2558 2969 2631 ψυχῆς
3019 2557 3235 2636 φέρεται
3286 2553 3479 2631 ὄνομα.
3512 2562 3688 2633 Σῶμα
3734 2556 3793 2615 δὲ

2137 2646 2427 2722 ἀνθρώπου
2457 2650 2619 2719 σῶμα
2648 2644 2884 2722 λέγεται,
2915 2645 3006 2701 καὶ
3039 2644 3101 2701 οὐ
3360 2647 3451 2702 καὶ
3491 2647 3650 2724 ψυχή
3698 2649 3788 2704 ἆν-

2140 2736 2362 2811 θρώπου
2421 2733 2662 2812 λέγεται,
2692 2734 2783 2790 καὶ
2832 2733 2896 2790 οὐ
2948 2739 3129 2808 σῶμα,
3187 2732 3370 2813 ἕτερον
3412 2735 3551 2811 πρὸς
3602 2734 3785 2810 ἕτερον

2138 2824 2221 2899 ὃν,
2250 2824 2495 2881 τουτέστι
2528 2827 2639 2899 (82)
2674 2828 2887 2898 πνεῦμα
2940 2825 3076 2900 πρὸς
3128 2829 3307 2899 σῶμα.
3338 2823 3436 2888 Τίς
3486 2823 3568 2893 δὲ,
3601 2826 3793 2905 φησὶν,

2139 2912 2280 2991 ἔγνω
2353 2918 2478 2971 νοῦν
2555 2912 2795 2986 Κυρίους
2854 2917 2995 2976 Νοῦς
3073 2913 3274 2990 Κυρίου
3340 2910 3495 2970 οὔπω
3567 2915 3786 2989 Κύριος,

2138 3003 2289 3060 ἀλλὰ
2315 3003 2516 3080 Κυρίου
2544 3000 2842 3074 θέλησις,ἦ
2865 3001 3117 3079 ﬂock-13,43
3140 3002 3381 3080 ἐνέργεια
3409 3002 3547 3081 πρός
3572 3007 3795 3070 τι.ῙΙῶς

2140 3092 2231 3149 οὖν
2296 3097 2464 3149 ταῦτα
2530 3089 2719 3148 λαλεῖν
2767 3095 2878 3167 (83)
2929 3090 3217 3161 ἐπινοεῖτε,
3266 3091 3532 3156 πλαστοῖς
3601 3092 3796 3171 λόγοις

2139 3180 2542 3253 καπηλεύοντες
2568 3182 2660 3237 τὸν
2692 3180 2867 3258 Δόγον
2896 3185 2994 3237 τοῦ
3024 3187 3160 3238 Θεοῦ
3184 3201 3198 3253 ;
3229 3180 3389 3241 ’Δλλ’
3414 3185 3450 3254 ἡ
3500 3188 3599 3240 τοῦ
3655 3188 3795 3240 Θεοῦ

2142 3269 2440 3343 Ἐκκλησία
2495 3267 2620 3326 οὔτε
2676 3266 2820 3327 οὔτω
2877 3270 3233 3350 παρείληφεν,
3267 3269 3393 3328 οὔτε
3444 3270 3589 3330 οὕτω
3644 3294 3791 3350 παρα

377 3326 635 3418 νὲὲιᾷιίιᾷ
648 3326 775 3417 se;
791 3326 1546 3436 nauaaimaaiszi'
1557 3326 2024 3433 “ramis;

2141 3326 2344 3417 έὸωκεν.
2390 3362 2522 3435 (84)·
2556 3357 2724 3431 ἀλλὰ,
2767 3326 2975 3425 καθὼςῑ
3000 3326 3322 3438 γέγραπται,
3348 3326 3467 3417 ήτὸν-
3488 3326 3778 3419 ⁷Θεὸνηιῖὲὶ

374 3467 488 3524 que
543 3450 624 3505 ita
680 3450 920 3522 accepit,
982 3468 1171 3524 neque
1219 3453 1301 3507 ita
1330 3453 1755 3522 tradidit;sed,
1788 3458 1854 3509 ut
1881 3452 2026 3511 scri-

372 3544 542 3611 ptum
573 3542 682 3608 est,
702 3537 888 3594 Deum
919 3538 1173 3595 Verbum
1207 3540 1306 3612 qui
1337 3545 1462 3598 erat
1489 3541 1644 3614 apud
1676 3542 1861 3599 Deum
1892 3546 2028 3598 ante

372 3627 586 3684 saacula
608 3628 668 3684 in
689 3629 1199 3685 consummatione
1218 3629 1567 3688 saeculorum
1590 3632 1896 3689 advenisse
1921 3649 1936 3689 :
1959 3649 2027 3688 ac

372 3734 441 3773 ex
471 3716 651 3773 Maria
676 3714 995 3787 Virgine,et
1022 3733 1092 3774 ex
1119 3717 1336 3791 Spiritu
1369 3724 1574 3775 sancto
1603 3720 1868 3793 genitum
1897 3735 2027 3777 esse

372 3805 585 3863 Filium
618 3804 973 3874 hominis,ut
1001 3806 1287 3880 scriptum
1319 3813 1428 3880 est,
1458 3811 1635 3866 Donec
1657 3811 1875 3882 peperit
1928 3812 2026 3868 Fi-

370 3896 512 3952 lium
538 3912 698 3952 suum
724 3896 1159 3968 primogenitum
1185 3898 1232 3933 ⁷⁸
1262 3914 1277 3954 :
1310 3904 1377 3955 ut
1406 3898 1571 3954 fieret
1598 3899 2026 3972 primogenitus

370 3986 429 4042 in
461 3984 667 4042 multis
697 3985 999 4055 fratribus,
1032 4002 1168 4043 cum
1198 3991 1394 4045 tamen
1426 3993 1576 4045 Deus
1604 4005 1776 4046 verus
1819 3993 1975 4047 esset
2006 4006 2021 4047 :

369 4079 434 4131 ut
482 4078 540 4131 et
570 4078 865 4148 quatenus
894 4074 1070 4132 homo
1102 4092 1206 4149 pro
1236 4077 1411 4134 nobis
1439 4082 1756 4150 pateretur,
1789 4082 1847 4134 et
1876 4095 2024 4152 qua-

366 4168 540 4220 tenus
573 4165 749 4231 Deus,
778 4180 845 4220 ex
877 4168 1063 4221 morte
1093 4169 1150 4221 et
1178 4166 1513 4237 passionem
1544 4183 1652 4223 nos
1684 4167 2020 4224 redimeret.

369 4257 671 4311 Incassum
701 4253 881 4326 igitur
907 4253 1339 4327 imaginamini,
1362 4273 1463 4313 vos
1520 4272 1692 4330 posse
1748 4258 1878 4330 eius
1923 4257 2022 4330 qui

362 4342 639 4415 intelligit
694 4347 751 4398 et
795 4360 1032 4399 carnem
1066 4344 1206 4416 agit,
1241 4345 1555 4401 novitatem
1588 4346 1649 4402 in
1680 4338 1851 4403 vobis
1875 4347 2022 4419 ipsis

360 4430 1052 4497 cfficere,exsistimantes
1073 4449 1176 4505 per
1195 4432 1586 4491 imitationem
1600 4435 1658 4491 id
1677 4435 1800 4492 fieri
1823 4452 2017 4509 posse:

362 4537 469 4577 nec
499 4520 800 4577 advertitis
839 4520 1252 4594 imitationem,
1296 4523 1583 4595 ρινεωὶεεί
1642 4525 1836 4598 operis
1891 4541 2021 4583 esse

362 4608 777 4679 imitationem,
809 4608 1069 4683 alioquin
1100 4626 1215 4668 non
1244 4611 1536 4670 diceretur
1564 4612 1836 4670 imitatio.
1874 4614 2019 4670 Dum

2136 3452 2333 3527 Λόγον,
2381 3449 2475 3506 τὸν
2534 3444 2665 3504 ὅντα
2720 3450 2855 3525 πρὸς
2910 3450 3003 3505 τὸν
3062 3450 3192 3507 Θεὸν
3246 3451 3354 3526 πρὸ
3407 3451 3645 3522 αἰώνων,
3695 3449 3788 3507 ἐπὶ

2135 3538 2414 3612 συντελείᾳ
2465 3543 2575 3594 τῶν
2636 3538 2850 3594 αὶώνων
2908 3536 3343 3613 ἐπιδημήσαντα,
3375 3540 3465 3596 καὶ
3517 3540 3569 3615 ἐξ
3628 3541 3787 3616 ἁγίας

2135 3629 2423 3704 Παρθένου,
2475 3627 2569 3683 καὶ
2623 3626 2683 3684 ἐκ
2730 3627 3045 3701 Ηνεόματος
3080 3629 3234 3705 ἁγίου
3282 3630 3607 3705 γεννηθέντα
3654 3628 3781 3685 Υἱὸν

2134 3718 2444 3795 ἀνθρώπου,
2493 3717 2569 3772 ὡς
2622 3716 2959 3794 γέγραπται·
2990 3719 3139 3781 Ἕως
3196 3718 3260 3772 οὗ
3317 3715 3463 3775 ἔτεκε
3508 3721 3601 3774 τὸν
3658 3719 3784 3774 Υἱὸν

2133 3808 2299 3879 αὐτῆς
2371 3806 2463 3863 τὸν
2538 3808 2890 3879 πρωτότοκον
2917 3828 2929 3840 ·
2976 3804 3069 3862 ’ίνα
3130 3807 3352 3884 γένηται
3427 3805 3786 3884 πρωτότοκος

2132 3896 2184 3953 ἐν
2234 3894 2472 3960 πολλοῖς
2513 3893 2793 3975 ἀδελφοῖς,
2842 3896 3005 3960 αὐτὸς
3048 3895 3124 3952 ὣν
3181 3897 3310 3960 Θεὸς
3363 3895 3664 3968 ἀληθινόςο
3693 3896 3792 3952 ἵνα

2131 3986 2221 4043 καὶ
2269 3986 2416 4062 πάθῃ
2470 3986 2604 4063 ὑπὲρ
2649 3988 2833 4059 ἡμῶν,
2868 3985 2943 4049 ὡς
3003 3983 3315 4061 ἄνθρωπος,
3344 3986 3435 4042 καὶ
3489 3983 3785 4063 λυτρώση-

2129 4098 2219 4133 ται
2267 4079 2417 4149 ἡμᾶς
2465 4074 2525 4131 ἐκ
2571 4074 2776 4138 πάθους
2825 4074 2917 4130 καὶ
2961 4075 3216 4149 θανάτου,
3263 4074 3341 4137 ὡς
3388 4075 3540 4163 Θεός.
3591 4076 3786 4144 Μάτην

2132 4166 2223 4222 οῦν
2283 4164 2628 4244 φαντάζεσθε,
2685 4169 2784 4220 τοῦ
2851 4164 3180 4243 φρονοῦντος
3229 4163 3319 4219 καὶ
3395 4161 3627 4239 ἄγοντος
3678 4164 3784 4234 τήν

2132 4254 2301 4331 σάρκα
2348 4252 2399 4308 ἐν
2444 4253 2657 4316 ἑαυτοῖς
2709 4250 3111 4325 δύνασθαι
3156 4251 3257 4320 τὴν
3306 4248 3599 4322 καινότητα
3650 4270 3787 4305 κατ-

2132 4345 2470 4421 εργάζεσθαι,
2502 4340 2745 4416 οῗόμενοι
2795 4337 2886 4396 διὰ
2935 4342 3245 4415 μιμήσεως·
3280 4338 3345 4394 οὗ
3391 4341 3665 4408 νοοῦντες,
3695 4337 3787 4394 ὅτι

2133 4434 2387 4507 μίμησις,
2436 4430 2781 4508 προαγούσης
2842 4429 3212 4507 πραγματείας
3260 4427 3463 4504 γίνεται
3518 4425 3781 4502 μίμησις·

2130 4521 2246 4578 ἐπεὶ
2294 4521 2395 4577 οὐκ
2442 4520 2503 4576 ἃν
2550 4518 2769 4596 λέγοιτο
2823 4518 3079 4594 μίμησις.
3108 4524 3196 4574 Ἐν
3228 4515 3286 4574 δὲ
3311 4520 3552 4595 Χριστῷ,
3581 4516 3785 4592 σαρκὸς

2132 4612 2301 4686 μόνης
2332 4610 2629 4681 καινότητα
2666 4609 3089 4686 ὁμολογοῦντες,
3120 4604 3475 4682 πλανώμενοι
3526 4602 3784 4683 βλασφη-

364 4703 563 4758 autem
590 4698 649 4756 in
683 4697 914 4756 Christo
946 4698 1132 4757 solius
1162 4702 1356 4759 carnis
1410 4702 1729 4761 novitatem
1788 4704 2024 4762 confite-

2141 4705 2303 4775 μεῖτε.
2337 4698 2403 4755 Ei
2457 4697 2559 4776 γὰρ
2613 4701 2712 4754 τοῦ
2769 4697 2994 4773 ἄγοντος
3186 4696 3286 4767 τὴν
3337 4693 3507 4772 σάρκα
3553 4690 3777 4749 δυνατὸν

431 4847 480 4885 ’⁷³
506 4847 674 4904 Rom.
706 4862 787 4911 xI,
816 4847 906 4903 34.
981 4847 1029 4884 ⁷⁸
1055 4847 1262 4905 Matth.
1296 4866 1335 4921 ι,
1365 4849 1455 4904 25.

435 5002 549 5079 (78)
580 5007 816 5077 Seguer.
848 5003 1081 5061 Gohler.
1111 5008 1166 5062 et
1212 5004 1468 5062 Felckm.
1503 5006 1554 5073 1,
1587 5002 1855 5079 περιαίρει
1904 5002 2021 5060 τοί-

361 5076 672 5223 νῗῇῗξνέὶο
704 5147 939 5223 §eguer.
975 5143 1545 5223 Editi_vero_,_)\€yetei
1573 5148 1722 5223 Θεὸν,
1754 5148 1827 5210 ὡς
1878 5155 2023 5223 Μαρ-

362 5216 516 5304 κίων.
547 5222 677 5304 _Mox
699 5216 964 5292 Seguer.,
990 5216 1438 5292 προεληλυθόταξ
1455 5222 1630 5292 Infra,
1652 5218 1839 5295 λέγετε
1861 5216 2025 5277 deest

362 5292 785 5437 méglliﬁéu,
804 5362 881 5437 _16
904 5357 1237 5437 πρόϐλημα.
1257 5363 1498 5437 ibidem
1544 5368 1805 5437 Seguer,
1834 5363 2019 5430 solus,

365 5433 684 5510 ὁμολογεῖν,
718 5433 819 5489 ubi
849 5433 997 5510 editi,
1016 5441 1072 5510 et
1097 5433 1219 5503 alii,
1247 5433 1537 5509 ὁμολογεῖ.
1567 5433 1718 5510 be,
1745 5434 1861 5510 μέν,
1889 5442 2021 5507 post

366 5507 608 5581 uiuam»,
630 5507 815 5581 deest
845 5507 904 5562 in
936 5509 1128 5581 editis,
1158 5525 1227 5563 ex
1256 5507 1487 5580 Seguer.
1522 5508 1947 5581 supplevimus.

436 5580 550 5650 (81)
580 5576 823 5645 Τέλειος,
860 5581 1021 5635 deest
1056 5579 1113 5635 in
1143 5576 1519 5650 Segueriano.

438 5646 551 5721 (82)
580 5655 818 5721 segucr.
853 5652 1083 5708 Gobler.
1119 5658 1176 5707 et
1218 5646 1478 5721 ‘Felckm.
1514 5653 1566 5715 1,
1598 5654 1759 5721 σῶμα
1811 5646 1868 5704 δὲ
1927 5649 2021 5703 ἆν-

438 5670 551 5722 (οκ)
581 5670 818 5720 aeguer.
853 5670 1083 5708 uomer.
1119 5670 1176 5707 et
1225 5670 1478 5707 relcxm.
1514 5670 1566 5715 ι,
1598 5670 1676 5704 σω
1811 5670 1868 5704 οε
1927 5670 2021 5703 αν-

367 5721 590 5845 ἓρώπου
618 5719 858 5797 λέγεται·
894 5723 982 5777 καὶ
1010 5723 1187 5797 ψυχὴ,
1219 5720 1401 5799 ἓτερον
1444 5722 1579 5797 πρὸς
1628 5670 1832 5799 ἓτζζον,
1862 5742 2021 5777 τουτ-

398 5812 502 5849 στι.

2126 5167 2246 5223 γονε

2198 5002 2307 5075 (83)
2337 5002 2430 5058 Sic
2458 5005 2587 5075 Sag.
2619 5000 2774 5075 Editi
2798 5015 2968 5075 vero,
2987 4995 3198 5075 καλεῖν.

2202 5062 2313 5145 (84)
2340 5062 2703 5143 Βεεὶιίἕηεὶε,
2734 5062 3113 5145 παραδέδωκεν
3126 5112 3148 5145 ._
3168 5072 3298 5145 Mox
3346 5067 3491 5135 hec,
3517 5066 3610 5121 καὶ
3666 5062 3777 5119 A6-

2321 5152 2497 5203 esunt
2526 5146 2587 5201 in
2617 5140 2946 5221 _Gobl.
2975 5140 3209 5221 gtfelc.
3244 5144 3295 5196 1.
3451 5206 3503 5221 ,κ
3569 5209 3591 5221 _
3746 5209 3774 5221 ..

2200 5206 2596 5298 (85)_Seguer.‘
2634 5206 2800 5298 οδω.
2855 5220 2912 5271 et
2974 5213 3127 5298 F610:
3186 5214 3236 5275 1,
3269 5206 3778 5298 ’φαντάζεσθεῃτοῦ

2130 5276 2463 5362 φρονοῦντος
2501 5287 2599 5362 ,καὶ
2657 5288 2886 5361 ἄγοντος
2935 5284 3034 5353 τὴν
3069 5282 3239 5362 σάρκα
3266 5276 3321 5362 ἐν
3350 5276 3561 5341 ἑαυτοῖς
3617 5276 3776 5362 δύνα-

2130 5348 2274 5442 ςξραι,
2298 5367 2355 5417 et
2387 5348 2470 5442 sic
2499 5348 2812 5442 legendum
2842 5374 2972 5442 esse
2993 5348 3069 5413 ex
3098 5348 3367 5442 cpqtextu
3391 5357 3655 5442 apparet;
3670 5356 3781 5408 Per

2130 5423 2278 5488 illud
2312 5423 2664 5508 autemt‘r’oﬁ
2706 5433 3029 5508 φρονοῦντος
3056 5426 3156 5508 καὶ
3178 5423 3402 5508 ἄγοντος
3430 5423 3529 5508 τὴν
3585 5423 3776 5508 σάρκα,

2129 5507 2387 5580 animum
2420 5497 2921 5580 intell_igit;Edi_ti,
2956 5497 3649 5580 φαντάζεσθεηφρονοῦντες
3680 5497 3781 5564 τὴν

2130 5576 2308 5651 σάρκαΔ
2333 5575 2495 5651 ἑαυτῇ
2528 5570 3014 5651 δόξᾳσθαιέφιέσ
3043 5570 3321 5651 dissimili
3340 5570 3673 5651 sententia.

2203 5636 2674 5720 |(86)Seg.rGrobl.
2707 5652 2765 5720 et
2796 5636 3047 5720 'Felcti,
3074 5641 3278 5720 γίνεται
3327 5641 3584 5720 μίμηιῃς,
3619 5636 3672 5693 ἔν
3716 5656 3786 5720 ,τε

2129 5707 2374 5800 Χριστξ,
2400 5707 2602 5800 έᾶρκὸς
2660 5716 2843 5800 μόνης.
2888 5707 3185 5800 καινότητα
3242 5707 3673 5788 ὁμολογοῦντες.
3716 5707 3785 5766 Εἴ

2128 5788 2232 5868 γᾶρ
2261 5788 2362 5846 τοῦ
2393 5788 2642 5868 ἄγοντος,
2662 5788 2882 5849 multis
2911 5788 3169 5846 omissis.
