4048 6372
250 408 407 468 1129

1159 403 1473 468 CONTRA
1514 397 2096 462 APOLLINARIUM
2145 397 2377 457 LIBER
2421 397 2744 459 PRIMUS.

3504 401 3660 459 1130

243 543 308 611 ἧν
343 539 654 616 ἀνθρώποις
683 540 782 608 τὴν
832 539 1126 610 καινότητα
1172 537 1599 612 κατεργάσασθαι
1632 535 1745 608 (87)
1775 532 1895 588 ὲαυ-
1926 589 1932 599 η

2034 531 2448 598 nini,crrantes
2475 533 2917 604 blasphematis.
2943 535 3003 590 Si
3033 535 3193 590 enim
3226 533 3500 607 possibile
3523 535 3662 590 fuis-

242 633 360 692 τοῖς
388 630 564 704 χωρὶς
599 631 861 703 Χριστοῦ,
893 624 1080 682 ἕπεται
1112 623 1169 681 δὶ
1196 629 1276 697 τῷ
1307 621 1490 699 ἄγοντι
1521 625 1584 679 τὸ
1605 623 1890 696 ἀγόμενονο

244 718 326 780 τίς
357 717 423 786 ἦν
456 715 617 793 χρεία
643 718 743 786 τής
777 719 1004 792 χριστοῦ
1035 711 1329 786 ἐπιδημίας
1365 733 1378 782 ;

315 985 405 1039 21.
440 983 671 1037 Μάταιοι
717 978 774 1036 δὶ
821 981 911 1035 καὶ
961 981 1012 1035 οἱ
1069 979 1337 1056 λέγοντες,
1397 979 1470 1040 ὡς
1517 979 1603 1032 ἐπὶ
1650 974 1744 1032 ἕνα
1784 977 1892 1030 τῶν

247 1074 544 1148 προφητῶν
597 1066 1058 1141 ἐπιδεδημηκέναι
1104 1067 1195 1122 τὸν
1248 1066 1422 1141 Λόγον
1475 1067 1612 1138 (88).
1666 1065 1756 1126 Τίς
1793 1066 1893 1140 γὰρ

243 1163 352 1212 τῶν
386 1162 705 1236 προφητῶν,
755 1157 884 1218 Θεὸς
942 1153 1036 1211 ὢν.
1097 1153 1380 1231 ἄνθρωπος
1435 1155 1673 1228 γέγονε;
1721 1154 1817 1206 Δια
1843 1151 1895 1205 τί

245 1244 305 1302 δὲ
348 1248 376 1301 6
423 1247 592 1319 νόμος
651 1244 803 1301 οὐδὲν
859 1243 1176 1311 ἐτελείωσε;
1228 1242 1316 1298 διὰ
1361 1243 1413 1298 τί
1463 1240 1521 1298 δὶ
1566 1241 1654 1296 καὶ
1715 1237 1893 1295 ἐϐασί-

247 1333 437 1390 λευσεν
473 1335 500 1389 6
544 1334 764 1399 θάνατος
811 1332 900 1389 καί
947 1333 1032 1388 ἐπὶ
1091 1331 1219 1394 τοὺς
1280 1333 1356 1404 μὴ
1407 1332 1814 1406 ἁμαρτήσαντας
1845 1329 1894 1383 ἐν

244 1428 326 1496 τῷ
357 1422 672 1496 ὁμοιώματι
703 1426 810 1476 τῶν
860 1419 1304 1497 πρωτοπλάστων
1345 1421 1451 1492 (89)
1491 1446 1504 1487 ;
1537 1417 1626 1473 διὰ
1647 1419 1698 1473 τί
1725 1416 1782 1473 δὶ
1808 1419 1897 1472 καὶ

248 1512 278 1565 6'
338 1511 533 1586 Κύριος
583 1508 810 1586 ἔλεγεν⁶
887 1511 1010 1567 Ἐὰν
1075 1511 1215 1582 ὑμᾶς
1274 1511 1301 1563 6
1361 1509 1482 1570 Υἱὸς
1535 1506 1896 1582 ἐλετθερώσῃ,

247 1598 416 1662 ὅντως
450 1599 724 1673 ἐλεύθεροι
782 1598 1009 1668 ἔσεσθε;
1061 1599 1203 1674 Οὐχί
1251 1599 1386 1653 κατὰ
1435 1599 1532 1666 τήν
1583 1599 1899 1667 καινότητα,

245 1690 346 1758 τήν
379 1687 430 1742 ἐν
464 1687 630 1760 αὐτῷ,
662 1687 750 1742 καὶ
767 1689 866 1756 τήν
901 1686 1244 1759 τελειότητα,
1288 1684 1357 1742 δι’
1386 1689 1451 1755 ἧς
1484 1687 1571 1740 καὶ
1606 1687 1657 1740 οἱ
1688 1683 1901 1740 πιστεύ-

259 1797 446 1839 σαντες
651 1775 1126 1848 ἀνακαινιζόμεθα,
1175 1774 1310 1830 κατὰ
1360 1775 1593 1848 μίμησιν
1637 1774 1726 1830 καὶ
1769 1795 1898 1847 μετ-

2004 626 2093 676 set
2123 621 2620 693 hominibus,ejus
2652 622 2752 694 qui
2786 639 3020 678 carnem
3045 624 3165 696 agit
3195 625 3508 680 novitatem
3533 625 3662 680 abs-

2004 726 2118 780 que
2149 709 2363 764 Christi
2397 727 2505 781 ope
2535 710 2646 765 sibi
2699 711 2844 782 ipsis
2877 712 3144 769 efﬁcere:
3179 719 3236 769 et
3267 713 3315 768 si
3349 715 3502 785 quod
3536 714 3660 786 agi-

2005 789 2103 852 tur
2131 802 2396 870 agentem
2448 799 2734 871 sequitur,
2769 801 2910 872 quid
2959 817 3108 873 Opus
3149 806 3274 857 erat
3301 801 3519 859 Christi
3551 803 3656 859 ad-

2004 891 2176 941 ventu
2200 887 2228 940 ?

2073 975 2164 1030 24.
2198 975 2345 1030 Vani
2376 991 2612 1047 quoque
2643 980 2801 1048 sunt,
2837 977 2940 1049 qui
2971 977 3176 1034 dicunt
3202 979 3459 1035 Verbum
3493 980 3659 1036 adve-

2007 1063 2186 1132 nisse,
2220 1069 2286 1118 ut
2315 1063 2373 1118 in
2405 1081 2589 1119 unum
2621 1081 2688 1119 ex
2719 1065 3040 1136 prophetis.
3071 1067 3209 1132 Quis
3231 1068 3388 1122 enim
3413 1068 3657 1138 prophe-

2005 1156 2223 1222 tarum,
2255 1152 2409 1206 Deus
2437 1169 2566 1207 cum
2603 1159 2776 1221 esset,
2812 1154 2988 1209 homo
3020 1156 3212 1211 factus
3242 1163 3332 1211 est
3356 1160 3378 1211 Ρ
3406 1161 3519 1210 Cur
3550 1174 3652 1211 au-

2007 1245 2124 1296 tem
2157 1243 2247 1295 (ex
2303 1241 2446 1296 nihil
2504 1241 2573 1295 ad
2623 1245 2925 1312 perfectum
2972 1243 3204 1298 adduxit
3224 1244 3315 1299 7‘?
3366 1261 3467 1300 cur
3500 1262 3656 1299 mors

2008 1329 2271 1400 regnavit
2300 1329 2474 1384 etiam
2498 1329 2557 1382 in
2591 1327 2722 1384 illos
2744 1331 2841 1402 qui
2873 1347 2984 1386 non
3011 1338 3388 1401 peccaverant
3409 1335 3479 1388 ad
3503 1331 3660 1388 simi-

2008 1416 2318 1472 litudinem
2351 1417 2848 1488 protoplastorum
2872 1419 2899 1472 ‘P
2931 1436 3110 1490 quare
3160 1421 3442 1476 Dominus
3477 1421 3658 1476 dixit:

2010 1506 2070 1561 Si
2101 1522 2224 1577 ergo
2252 1522 2338 1562 vos
2367 1507 2542 1561 Filius
2601 1507 2942 1578 liberaverit,
2994 1525 3116 1565 vere
3175 1510 3340 1565 liberi
3393 1513 3545 1566 eritis
3575 1509 3663 1564 7°?

2009 1595 2211 1650 Nonne
2242 1595 2569 1650 secundum
2602 1612 2752 1666 eam,
2788 1612 2916 1667 quas
2947 1597 3006 1652 in
3038 1597 3164 1668 ipso
3197 1603 3304 1668 est,
3338 1599 3658 1654 novitatem

2011 1688 2067 1738 et
2095 1683 2532 1755 perfectionem,
2563 1700 2666 1755 per
2696 1701 2873 1756 quam
2898 1701 3004 1741 nos
3037 1686 3138 1757 qui
3170 1687 3664 1757 credimus,reno-

2011 1788 2239 1842 vamur,
2272 1772 2598 1827 secundum
2633 1772 3024 1829 imitationem
3069 1779 3126 1830 et
3156 1776 3663 1847 participationem

249 1867 393 1942 οχήν
449 1869 549 1931 τῆς
603 1863 817 1927 τελείας
867 1866 1191 1934 καινότητος
1249 1869 1346 1919 τοῦ
1391 1865 1626 1937 Χριστοῦ
1663 1909 1676 1933 ,
1723 1861 1902 1918 Ἀλλὰ

2034 1861 2276 1917 ierfectaa
2304 1861 2580 1917 novitatis
2607 1860 2867 1917 Christi?
2895 1863 3004 1918 Sed
3031 1863 3177 1918 nihil
3198 1881 3315 1920 non
3346 1865 3666 1920 commenti

251 1955 381 2028 ὑμῖν
446 1956 619 2009 πάντα
677 1953 1043 2024 ἐπινενόηται,
1098 1954 1192 2007 ἰνα
1261 1952 1387 2025 μίαν
1454 1961 1552 2022 σῆς
1630 1954 1905 2028 ἀρνήσεως

249 2042 686 2114 κατασκευάσητε
743 2044 989 2117 γνώμην.
1039 2041 1137 2096 Καὶ
1205 2043 1304 2111 τήν
1383 2043 1474 2115 μὲν
1536 2042 1709 2115 ψυκήν
1771 2041 1904 2096 κατὰ

256 2133 609 2209 μετάφρασιν,
668 2132 800 2186 ποτὲ
846 2131 941 2204 μὲν
992 2134 1115 2186 νοῦν
1167 2133 1277 2202 (91)
1334 2135 1653 2206 παράφρονα
1702 2129 1904 2203 ὀνομά-

255 2225 456 2290 ζοντες,
515 2221 647 2275 ποτὲ
696 2217 753 2274 δὲ
802 2218 1066 2295 ἁμαρτίαν
1117 2218 1491 2287 ἐνυπόστατον,
1541 2219 1673 2274 ποτὶ
1722 2217 1798 2289 δὲ,
1832 2219 1906 2279 ὡς

253 2307 462 2386 ἐργάτιν
523 2311 622 2378 τῆς
678 2308 966 2383 ἁμαρτίας,
1020 2306 1265 2378 ἐξωθεὶτε
1327 2327 1337 2339 ο
1397 2308 1484 2362 καὶ
1554 2308 1652 2375 τὴν
1738 2307 1906 2381 σάρκα

250 2399 384 2452 ποτὲ
445 2397 539 2470 μὲν
590 2398 859 2467 ἅκτιστον,
916 2397 1049 2451 ποτὶ
1122 2393 1180 2450 δὲ
1254 2396 1600 2472 ἐπουράνιον,
1655 2395 1788 2450 ποτὶ
1848 2393 1906 2450 δὲ

253 2488 546 2559 ὁμοουσιον
607 2490 686 2558 τῷ
741 2486 898 2560 Λόγῳ
963 2487 1077 2559 (92)
1128 2483 1218 2539 ’ίνα
1289 2485 1496 2540 τελείαν
1545 2487 1754 2546 ἑαυτοῖς
1804 2485 1902 2553 τὴν

255 2573 477 2651 ἄρνησιν
535 2568 896 2649 βεϐαιώσητε,
941 2575 1140 2648 Ὥσπερ
1205 2570 1261 2627 δὲ
1305 2580 1547 2646 ”Αρειος,
1599 2571 1904 2642 ἀπυλισθη-

257 2684 353 2725 σας
385 2662 491 2717 ἀπὸ
520 2661 616 2729 τῆς
647 2661 900 2732 πίστεως,
947 2668 1045 2731 τῆς
1099 2661 1151 2715 ἐν
1197 2666 1265 2736 τῇ
1316 2661 1540 2738 ἀρρήτῳ
1583 2661 1672 2716 καὶ
1703 2659 1902 2731 ἄληθε-

251 2753 420 2825 στάτῃ
463 2756 560 2806 τοῦ
596 2751 724 2805 Υἱοῦ
772 2750 831 2805 ἐκ
872 2751 1076 2825 [ἰατρὸς
1136 2752 1404 2825 γεννήσει,
1455 2751 1621 2812 παθός
1674 2752 1786 2823 (93)
1815 2749 1904 2804 καὶ

251 2842 430 2914 τομήν
481 2841 570 2894 καὶ
624 2839 800 2916 ῥεῦσιν
850 2842 1164 2915 προεξεῦρεν
1201 2858 1212 2870 ·
1264 2837 1353 2893 τίνα
1401 2836 1490 2893 διὰ
1534 2843 1642 2894 τῶν
1693 2832 1900 2892 ἀσεϐῶν

256 2929 518 3006 ῥημάτών
575 2923 858 3001 καταϐάλῃ
911 2927 1038 2989 τοὺς
1105 2927 1463 3004 ἀστηρίκτους
1523 2927 1602 2989 εἷς
1655 2928 1748 2982 τὸν
1804 2934 1905 2996 τῆς

254 3018 600 3093 παρανομίας
681 3016 878 3091 βόθρον
933 3035 946 3048 °
1033 3017 1238 3092 Βόθρος
1307 3017 1409 3092 γὰρ
1489 3016 1652 3089 βαθὺς
1729 3016 1906 3088 στόμα

259 3107 602 3181 παρανόμου·
639 3103 780 3159 οὕτω
813 3103 856 3159 δ’
905 3103 969 3159 αὖ
1015 3104 1180 3159 πάλιν
1230 3101 1555 3174 Σαϐέλλιος,
1603 3104 1904 3160 ἀνυπόστα-

256 3215 349 3251 τον
407 3196 498 3250 τὸν
548 3195 670 3249 Υἱὸν
741 3194 1015 3265 ἐννοήσας,
1084 3194 1173 3249 καὶ
1250 3195 1582 3268 ἀνύπαρκτον
1646 3196 1708 3249 τὸ
1756 3195 1905 3269 ἅγιον

2015 1950 2180 2018 estis,
2212 1954 2276 2004 ut
2311 1967 2485 2005 unam
2542 1951 2793 2023 negandi
2843 1953 3195 2008 sententiam
3245 1953 3562 2010 adornetis.
3596 1955 3666 2009 Et

2014 2039 2246 2109 quidem
2281 2039 2539 2094 animam
2561 2039 2920 2111 deﬁnientes,
2935 2057 3062 2096 eam
3083 2043 3255 2097 modo
3286 2042 3661 2115 insipientem

2017 2127 2358 2196 nominatis,
2391 2129 2562 2184 modo
2597 2133 2897 2200 peccatum
2929 2129 2988 2184 in
3019 2130 3257 2188 homine
3287 2131 3620 2188 subsistens
3648 2149 3660 2187 :

2015 2218 2281 2272 eamdem
2313 2216 2630 2287 aliquando
2652 2222 2717 2272 ut
2738 2219 2956 2288 peccati
2989 2223 3285 2275 auctorem
3319 2219 3662 2276 eliminatis.

2017 2307 2086 2360 Et
2112 2321 2345 2360 carnem
2378 2322 2534 2360 nunc
2559 2304 2794 2376 quidem
2818 2305 3325 2375 increatam,nunc
3346 2308 3662 2376 omlestem,

2017 2393 2186 2448 modo
2218 2391 2783 2448 consubstantialem
2813 2392 3024 2460 Verbo,
3056 2399 3121 2449 ut
3159 2397 3474 2466 perfectam
3507 2395 3667 2450 vobis

2017 2482 2384 2553 negationem
2421 2481 2690 2536 ﬁrmetis.
2725 2480 2797 2535 Ut
2829 2487 3024 2536 autem
3057 2484 3231 2539 Arius
3262 2484 3465 2556 lapsus
3496 2503 3530 2540 a
3559 2485 3669 2540 ﬁde

2015 2572 2076 2626 in
2108 2569 2462 2626 ineffabilem
2495 2574 2552 2625 et
2580 2570 2949 2626 verissimam
2983 2571 3114 2627 Filii
3145 2589 3214 2628 ex
3235 2577 3406 2629 Patre
3436 2591 3671 2646 genera-

2015 2658 2257 2728 tionem,
2292 2659 2652 2729 passionem,
2675 2664 2730 2713 et
2756 2659 3094 2730 sectionem,
3119 2667 3176 2716 et
3205 2663 3485 2718 etﬂuxum
3511 2680 3669 2718 com-

2018 2751 2250 2802 mentus
2280 2752 2411 2812 est;
2445 2751 2508 2800 ut
2535 2762 2639 2818 per
2689 2747 2869 2818 impia
2921 2749 3096 2804 verba
3151 2767 3250 2806 eos
3295 2751 3393 2822 qui
3428 2751 3671 2806 minime

2017 2834 2171 2890 ﬁrmi
2201 2838 2388 2904 erant,
2410 2835 2466 2889 in
2502 2835 2724 2890 foveam
2747 2836 3078 2906 iniquitatis
3104 2839 3507 2910 praecipitaret:
3534 2856 3667 2894 nam

2015 2940 2070 2980 os
2099 2925 2354 2979 scelerati
2379 2926 2536 2994 fovea
2565 2924 2846 2994 pro/unda
2873 2925 2951 2991 77;
2980 2926 3063 2980 sic
3087 2944 3323 2982 rursum
3355 2927 3667 2994 Sabellius,

2017 3012 2117 3084 qui
2149 3013 2314 3067 ﬁnxit
2344 3011 2554 3067 Filium
2589 3013 2716 3067 sine
2761 3013 3062 3084 hypostasi
3113 3032 3262 3086 esse,
3294 3021 3352 3072 et
3383 3016 3665 3087 Spiritum

2015 3107 2288 3158 sanctum
2328 3101 2456 3158 sine
2503 3102 2862 3170 exsistentia,
2897 3103 3114 3176 alioqui
3163 3105 3507 3162 divisionem
3539 3107 3666 3162 dei-

2015 3193 2178 3257 tatis,
2209 3209 2275 3247 ac
2308 3190 3131 3265 principiorum,deorumque
3160 3195 3662 3251 enumerationem

256 3287 500 3357 Πνεῦμα,
551 3281 807 3355 διαίρεσιν
861 3284 1140 3356 θεότητος,
1211 3285 1298 3338 καὶ
1359 3285 1568 3360 ἀρχῶν,
1627 3283 1715 3338 καὶ
1769 3285 1901 3338 θεῶν

2041 3282 2216 3336 nduci
2247 3279 2616 3348 criminatus,
2645 3279 2894 3335 Judaica
2923 3283 3216 3338 sententia
3248 3284 3538 3339 ﬁrmatur.
3570 3284 3662 3340 Sic

258 3371 551 3450 ἀρίθμησιν
605 3373 1051 3444 καταιτιώμενος,
1118 3376 1186 3446 τῇ
1267 3371 1538 3447 Ἰουδαϊκῇ
1597 3371 1904 3447 στηρίζεται

257 3462 449 3537 γνώμῃ
483 3480 496 3493 ⁸
561 3461 702 3517 οὕτω
780 3458 846 3530 δὴ
902 3464 1011 3535 (94)
1087 3467 1414 3537 Μανιχαῖος,
1489 3461 1788 3532 ἀπιστήσας
1842 3461 1912 3532 τῇ

2016 3387 2250 3443 quoque
2293 3369 2652 3424 Manichasus
2707 3362 3092 3426 incarnationi
3142 3377 3198 3427 et
3251 3372 3603 3428 humanitati
3637 3391 3671 3428 a

2027 3459 2272 3514 Domino
2305 3461 2622 3528 assumpta
2675 3457 2848 3512 ﬁdem
2906 3476 3148 3531 negans,
3182 3462 3400 3534 impius
3431 3463 3672 3518 omnino

263 3552 530 3626 σαρκώσει
611 3552 698 3606 καὶ
780 3549 1178 3626 ὶνανθρωπήσει
1253 3556 1348 3606 τοῦ
1418 3551 1638 3626 Κυρίου,
1719 3544 1915 3618 ἀσεϐὴς

2034 3545 2724 3615 evasit,aiens,hominem
2747 3547 2979 3603 duobus
3002 3550 3303 3622 subjacere
3333 3551 3676 3621 Opiﬁcibus,

261 3642 398 3696 κατὰ
427 3641 598 3696 πάντα
626 3640 834 3716 γέγονε,
869 3639 1044 3716 λέγων
1098 3637 1246 3694 δυσὶν
1295 3641 1604 3694 ὑποκεῖσθαι
1638 3647 1915 3713 Δημιουρ-

267 3735 390 3806 γοῖς
415 3728 506 3784 τὰν
540 3728 846 3804 ἄνθρωπον,
879 3733 1107 3804 πονηρῷ
1156 3749 1214 3783 τε
1247 3729 1336 3782 καὶ
1371 3729 1554 3804 ἀγαθῷ
1589 3749 1601 3761 ·
1633 3729 1724 3783 τὸν
1758 3727 1915 3782 αὐτὸν

265 3817 469 3896 τρόπον
529 3818 615 3872 καὶ
682 3818 834 3890 ὑμεῖς
896 3820 1318 3891 σκοφαντοῦντες
1379 3815 1564 3891 λέγετε
1616 3817 1764 3889 ἡμᾶς
1820 3813 1918 3869 δύο

268 3906 445 3984 λέγειν
501 3906 679 3976 Υἱούς,
736 3907 822 3961 καὶ
898 3903 1356 3979 ἇνθρωπολάτρας
1413 3907 1560 3978 ἡμᾶς
1608 3905 1922 3977 ὁνόμάζετε,

268 3997 305 4067 ἢ
335 3999 436 4067 τήν
471 3996 737 4070 ἁμαρτίαν
792 3998 896 4066 (95)
948 3995 1360 4072 ἀνθυποφέρετε,
1413 3994 1520 4070 οὐχ
1564 3992 1656 4048 ’ίνα
1702 3988 1924 4064 εὐσεϐή-

270 4107 423 4156 σητε.
475 4083 601 4140 ἀλλ’
637 4083 728 4140 τίνα
775 4086 872 4153 τήν
922 4083 1138 4154 πλάνην
1199 4085 1349 4158 ὑμῶν
1398 4089 1517 4146 ταῖς
1575 4089 1765 4145 κακαῖς
1817 4085 1924 4155 (96)

2030 3636 2184 3691 malo
2210 3641 2266 3691 et
2297 3635 2561 3690 bono.lta
2591 3650 2824 3704 quoque
2861 3652 2982 3702 vos,
3014 3636 3123 3704 vel,
3179 3643 3240 3692 ut
3285 3639 3683 3710 sycophantae,

2030 3729 2178 3781 duos
2213 3723 2388 3780 Filios
2420 3739 2526 3778 nos
2557 3722 2867 3777 admittere
2912 3723 3142 3780 dicitis:
3179 3727 3262 3781 vel
3295 3744 3400 3783 nos
3427 3727 3686 3782 hominis

2031 3817 2285 3872 cultores
2315 3812 2554 3878 vocatis,
2579 3829 2801 3883 nosque
2826 3815 3046 3885 peccati
3079 3815 3440 3871 insimulatis
3466 3835 3478 3872 :
3516 3819 3690 3889 idque

2036 3922 2148 3961 non
2182 3921 2248 3960 ex
2280 3903 2492 3976 pietate
2523 3901 2696 3973 agitis
2724 3918 2737 3968 ;
2775 3903 2876 3957 sed
2911 3907 2972 3958 ut
3021 3904 3201 3959 errori
3233 3911 3427 3960 vestro
3450 3923 3553 3978 per
3582 3906 3691 3961 im-

2035 3995 2220 4067 proba
2247 3995 2601 4061 commenta,
2631 3989 2856 4045 felicem
2919 4008 3297 4064 progressum
3350 3994 3604 4066 paretis:
3638 4002 3694 4051 et

2039 4088 2103 4138 ut
2131 4081 2330 4154 impiis
2362 4079 2569 4135 vestris
2614 4078 2806 4134 verbis
2854 4079 3120 4136 inﬁrmos
3169 4081 3443 4138 avertatis
3479 4084 3630 4150 750
3658 4101 3692 4139 a

269 4175 604 4252 ἐφευρέσεσιν
680 4171 1108 4249 εὐπροχώρητον
1173 4169 1419 4246 δείξητε,
1483 4173 1570 4228 καὶ
1646 4171 1930 4242 ἐκκλίνητε

2039 4173 2173 4228 ﬁde.
2206 4171 2312 4226 Sed
2346 4174 2540 4224 tamen
2573 4167 2673 4222 Dei
2719 4168 3164 4224 fundamentum
3216 4171 3526 4228 immotum
3560 4189 3689 4245 per-

269 4263 399 4333 τοὺς
457 4260 816 4337 ἀστηρίκτους
870 4261 973 4316 ἀπὸ
1045 4265 1145 4326 τῆς
1214 4261 1446 4325 πίστεως
1499 4268 1616 4325 τοῖς
1685 4257 1930 4316 ἀσεϐέσιν

2041 4265 2260 4331 manet,
2284 4256 2628 4329 hujusmodi
2658 4255 2852 4328 sigillo
2882 4259 3278 4330 obsignatum.

273 4354 429 4427 ὐμῶν
461 4351 721 4428 ῥήμασιν.
754 4351 811 4405 Ὃ
859 4349 1046 4424 μέντοι
1101 4351 1312 4427 στερεὸς
1374 4349 1628 4424 Θεμέλιος
1676 4354 1775 4406 τοῦ
1801 4353 1932 4405 Θεοῦ

269 4439 512 4513 ἕστηκεν,
547 4436 691 4518 ἔχων
719 4442 818 4510 τήν
851 4437 1124 4518 σφραγῖδα
1152 4439 1377 4512 ταύτην.

343 4533 390 4569 ⁷⁸
411 4532 582 4588 Hebr.
615 4548 721 4601 vu,
756 4532 842 4588 19.
882 4532 926 4566 ⁷⁸
945 4529 1114 4588 Joan.
1145 4547 1274 4598 νιιι,
1305 4531 1393 4586 36.
1436 4531 1481 4566 ⁷⁷
1511 4535 1678 4587 Prov.
1704 4548 1841 4599 xm,
1879 4533 1964 4587 14.

351 4621 461 4692 (87)
493 4621 624 4692 Seg.
660 4619 824 4693 Gobl.
857 4624 914 4676 et
959 4619 1110 4693 Fe‘lc.
1164 4619 1216 4688 1,
1249 4620 1693 4693 κατεργάζεσθαι.
1727 4620 1789 4676 In
1811 4621 1935 4693 piis-

277 4669 411 4765 dein
442 4669 697 4765 ξηοχῠκαί
729 4693 973 4765 autem?
1005 4669 1217 4765 ἄγοντι,
1244 4669 1630 4764 ἀεοεῗίοῖῇυνε
1657 4693 1782 4748 loco
1800 4692 1932 4765 Seg.
1967 4669 2011 4733 D

281 4759 340 4816 δέ
367 4762 564 4837 habet.
599 4765 804 4837 Iidem,
835 4759 970 4837 1:le
1005 4759 1190 4837 χρεία.

356 4835 470 4906 (88)
502 4834 592 4888 Sic
617 4835 748 4906 Seg.
781 4835 948 4890 Gobl.
981 4834 1237 4906 et'l'elc.
1299 4836 1348 4899 1,
1399 4838 1456 4889 et
1499 4835 1736 4906 quidem
1762 4838 1942 4906 recte
2052 4835 2184 4905 Seg.
2226 4834 2346 4888 Gob

2052 4922 2230 4976 quam
2266 4905 2564 4960 malumus
2587 4905 2916 4961 lectionem.

284 4901 628 4982 gt'apparet
657 4901 816 4982 alibi.
851 4905 1028 4982 Editi,
1061 4901 1258 4982 (352w:
1285 4901 1723 4982 r§v_1cpocp_~qri}>v
1757 4901 1942 4958 ἔπιδε-

285 4973 594 5052 δημηκέναι
640 4976 748 5052 τὸνΔ
789 4975 1040 5052 Χριστὸν.
1097 4977 1229 5052 Μοξ
1272 4973 1941 5052 ΔθιῘίίᾸίκοὶῖἄνθρωπος,

286 5046 404 5120 βοά,
424 5046 512 5101 καί
543 5049 706 5104 deest
735 5049 792 5103 in
826 5046 958 5120 Seg.
1003 5052 1136 5120 Mox
1184 5048 1349 5104 Gobl.
1401 5046 1458 5105 et
1500 5050 1646 5107 Felc.
1683 5046 1742 5115 1,’
1769 5049 1866 5102 Διὰ
1894 5049 1945 5104 τί

285 5117 346 5174 δὲ
377 5113 572 5191 ὄνομα,
605 5130 656 5176 el
691 5121 769 5175 ita
803 5113 1258 5191 leg_ﬁ._Nannius,
1294 5121 1463 5176 male.

361 5188 621 5264 Τῶν
655 5188 1101 5264 πρωτοπλάστων
1136 5192 1295 5247 deest
1330 5192 1388 5246 in
1439 5192 1635 5258 editis,
1672 5193 1773 5246 sed
1808 5192 1944 5264 legi-

2043 4618 2218 4693 Editi,
2254 4616 2508 4693 ἐργάτην.
2543 4622 2669 4693 Mox
2710 4618 2886 4693 idem,
2919 4617 3014 4686 τήν
3046 4617 3322 4693 τεσάρκα.

2375 4691 2551 4765 Λόγῳ,
2586 4692 2752 4782 d’eest
2781 4691 2836 4776 in
2867 4693 2998 4782 Reg.
3027 4689 3283 4782 Gobl.'et
3317 4691 3554 4782 gela}.
3604 4763 3638 4782 ν

2124 4762 2236 4833 (93)
2261 4766 2413 4887 Seg.,
2467 4762 2717 4834 γεννήσει
2769 4762 3021 4844 ἀπώλετο
3072 4762 3261 4823 πάθος.
3315 4767 3442 4818 Mox
3471 4763 3698 4833 Anglic.

2128 4849 2184 4905 g.
2226 4834 2390 4908 Gob.
2443 4841 2499 4889 et
2548 4834 2773 4908 Felcai
2829 4830 3003 4905 ῥευσιν
3064 4833 3476 4908 προσεξεράσας.
3537 4837 3702 4890 Anti-

2124 4977 2235 5048 (94)
2263 4977 2354 5048 ΔΙιιει
2380 4979 2503 5044 Seg.
2541 4983 2600 5031 ln
2634 4977 2806 5031 editis
2833 4981 3026 5048 autem
3048 4971 3112 5043 δή
3138 4977 3317 5032 deest.
3348 4977 3477 5034 Mox
3501 4995 3706 5036 omnes

2055 5046 2227 5123 mss.,
2259 5046 2683 5123 ἐνανθρωπτξσει.
2717 5048 2889 5123 Editi.
2921 5046 3264 5123 dvﬁp‘imrricst

2259 5091 2608 5195 “StagirGobl:
2637 5093 2703 5195 et
2719 5091 2898 5195 Ἔθις).
2935 5122 2985 5195 1.,
3021 5091 3069 5184 ri}
3119 5091 3214 5195 δόο
3246 5125 3702 5195 συκοφαντοῦντες

2056 5186 2259 5276 λέγετε,
2320 5186 2747 5278 {dilapsi-tritam
2807 5186 3202 5278 τὴν,).ατρεία.ν
3261 5186 3573 5263 ὀνομάζετε,
3618 5192 3709 5247 καὶ

282 5261 484 5336 turin
519 5261 790 5336 plurimis
838 5265 1224 5336 manuscript.
1275 5264 1419 5336 Ibid.
1457 5264 1627 5320 Basil.
1663 5261 1944 5336 habent»;
2054 5261 2153 5329 τήν
2190 5261 2612 5336 ἁμαρτίαν,’8ρ(1
2650 5261 3040 5336 huiclectioni
3063 5261 3371 5336 antiquam
3403 5267 3711 5336 prist'eren-

280 5337 365 5429 τῷ
397 5333 646 5429 ὀνόματι.
681 5335 778 5388 Διὰ
805 5333 878 5429 τὲ
925 5335 1064 5429 Mox
1093 5335 1615 5429 Se‘guleria‘nqﬂ’Ea‘z‘v
1650 5335 1792 5429 οὗνὲ
1832 5335 1948 5429 Ιςιὸς

287 5401 619 5531 Ξῇξιςὶὲἓκ
657 5412 789 5480 Seg.
837 5406 1002 5464 Gobl.
1055 5412 1112 5462 et
1154 5401 1306 5464 Felc.
1359 5409 1409 5475 1,
1442 5401 1656 5462 ἔσεσθε.
1714 5408 1862 5462 Editi
1893 5413 1951 5464 et

375 5495 410 5535 l.
445 5495 582 5535 εστε.

285 5495 646 5676 ωιέὸίρσὲέε.
683 5551 854 5632 Gobl.
908 5547 1160 5630 et.Fclc.
1216 5551 1266 5613 1,
1317 5549 1368 5602 οἱ
1401 5549 1743 5610 πιστεύοντες
1799 5554 1947 5618 Mox,

291 5639 394 5673 του
477 5625 686 5676 οιστοῦ.
721 5623 939 5676 lemtur
970 5637 1029 5675 in
1061 5620 1186 5676 solo
1213 5625 1343 5676 Seu.

291 5620 686 5696 τοῦΑΧριστοῦ,
721 5623 939 5695 legitur
970 5621 1029 5696 in
1061 5620 1186 5696 solo
1213 5625 1343 5696 Seg.

369 5690 853 5769 (91)'_Seg,_solu's,
883 5690 1016 5769 ποτὶ
1061 5690 1156 5769 μὲν
1185 5690 1361 5769 γοῦν.
1392 5693 1544 5748 Editi
1576 5696 1800 5769 vei-opt
1827 5691 1950 5769 alii,

293 5761 430 5818 ποτὶ
464 5761 559 5839 μὲν
579 5761 720 5823 "66v.
775 5765 950 5824 Paulo
997 5761 1131 5837 pest
1181 5763 1338 5822 idem
1388 5781 1559 5835 mea,
1615 5764 1694 5828 ὡς
1716 5761 1953 5840 ἐργάτιν.

579 5897 851 5960 ΡΑτιιοι..
901 5894 1013 5957 Gs.
1054 5892 1274 5955 XXVI.

2058 5336 2193 5390 dam
2246 5333 2544 5411 duximus.
2600 5339 2783 5411 ΔΡοτιὈ
2814 5333 3219 5411 .orthodoxos,
3250 5333 3714 5411 ἀνθρώποΛάτρας

2057 5411 2292 5482 vocatos
2333 5409 2515 5482 fuisse
2563 5403 3124 5482 ahhApollinaristis
3179 5403 3428 5462 testatur
3473 5403 3713 5482 Gregbr.

2059 5478 2300 5533 Nazian.
2336 5481 2501 5550 Epist.
2535 5479 2604 5532 ad
2635 5477 2975 5532 Cledonium.

2133 5551 2245 5621 (96)
2276 5546 2402 5622 Seg.
2437 5551 2612 5606 habet
2667 5551 2878 5622 κακαῖς.
2925 5547 3096 5622 Editi,
3141 5546 3354 5617 καλαῖς,
3387 5569 3512 5621 (μιεὲ
3545 5551 3718 5610 lectio

2060 5619 2262 5676 eodem
2296 5619 2446 5678 redit
2476 5623 2523 5677 si
2559 5620 2779 5678 ironice
2831 5619 3174 5690 accipiatur.
3227 5622 3356 5676 Mox
3381 5619 3508 5690 Seg.
3546 5625 3713 5681 Gobl.

2063 5697 2121 5747 et
2148 5693 2299 5748 Felc.
2353 5697 2403 5760 1,
2455 5692 2912 5774 εὐπροχώρητον.
2969 5691 3123 5747 Editi
3172 5697 3229 5748 et
3257 5693 3379 5763 alii,
3428 5691 3718 5772 εὖπροχεί-

2064 5781 2250 5840 ρητον.
2809 5833 2819 5840 ι
3513 5807 3515 5809 -

3364 5895 3441 5952 36
