4048 6430
242 494 385 555 1133

1081 495 1392 554 CONTRA
1433 493 2030 558 APOLLINARIUM
2075 496 2308 556 LIBER
2351 497 2778 560 SECUNDUS.

3484 502 3638 560 H34

233 628 332 696 πὴν
377 625 776 700 ὗπομείναντος
832 627 906 688 είς
963 627 1156 702 σαρκὸς
1217 627 1591 700 μεταποίησιν,
1623 626 1657 696 ἢ
1690 630 1872 703 ψυχῆς

1993 647 2127 686 nem
2161 632 2666 701 trausformatum,
2700 632 2786 687 vel
2819 632 3026 687 anime
3061 633 3254 687 simile
3285 633 3505 688 factum
3539 633 3636 699 sit,

234 714 505 786 ὁμοίωσιν·
539 715 574 783 ἢ
611 716 684 777 ὡς
714 718 1076 793 φανταστικὴν
1126 716 1224 784 τὴν
1283 713 1442 786 δεῖξιν
1493 717 1872 787 ποιησαμένου

231 809 319 872 τῆς
348 803 690 879 ἀνθρωπίνης
728 811 968 880 μορφῆς,
1004 804 1184 880 ὥσπερ
1211 804 1263 857 οἱ
1300 802 1464 858 ἄλλοι
1512 808 1619 858 τῶν
1671 804 1870 879 αἱρετι-

233 896 334 946 κῶν
381 890 734 966 πλανώμενοι
787 891 1032 968 λέγουσιν
1061 912 1075 961 ;
1109 891 1266 948 Ἀλλ’
1306 891 1367 946 ού
1406 898 1682 968 συγχωρεῖ
1734 895 1811 965 (4)
1843 894 1871 946 6

236 979 586 1053 Ἀπόστολος,
632 986 815 1059 σαφῶς
866 981 1123 1056 εἰρηκὼς,
1158 979 1240 1035 ὅτι
1292 980 1388 1042 Τίς
1438 980 1611 1052 ὢν,τί
1658 976 1870 1037 ἔλαϐεν.

233 1072 426 1147 Ὥσπερ
459 1070 562 1146 γὰρ
595 1072 628 1140 ἡ
667 1071 849 1148 μορφή
881 1074 977 1124 τοῦ
1018 1074 1172 1138 Θεοῦ,
1202 1070 1264 1124 τὸ
1313 1067 1598 1144 πλήρωμα
1628 1076 1728 1138 τῆς
1775 1073 1873 1123 τοῦ

234 1157 410 1232 Λόγου
460 1157 717 1229 θεότητος
763 1164 966 1213 νοεῖται
1006 1176 1020 1192 ·
1069 1157 1245 1220 οὕτως
1295 1158 1383 1212 καὶ
1440 1161 1474 1227 ἡ
1539 1158 1721 1234 μορφή
1775 1163 1872 1212 τοῦ

234 1242 450 1319 δούλου,
484 1249 518 1316 ἡ
551 1247 712 1323 νοερὰ
739 1254 838 1316 τῆς
881 1248 1180 1324 ἀνθρώπων
1232 1245 1534 1308 συστάσεως
1578 1245 1733 1324 φύσις
1781 1246 1873 1300 σὺν

230 1337 292 1407 τῇ
340 1335 600 1409 ὀργανικῇ
668 1337 987 1390 καταστάσει
1058 1334 1410 1410 ὁμολογεῖται
1438 1353 1450 1366 ⁸
1497 1332 1588 1388 ’ίνα
1635 1337 1696 1389 τὸ
1752 1336 1871 1408 μὲν,

230 1423 315 1492 ἦν,
347 1425 376 1477 6
407 1423 585 1498 Λόγος
615 1423 828 1495 νοῆται,
860 1425 922 1479 τὸ
955 1421 1033 1492 δὲ,
1068 1423 1296 1499 ἐγένετο,
1327 1427 1362 1493 ἡ
1411 1425 1539 1500 σάρξ
1588 1426 1870 1499 ὁμοιιογῆ-

228 1532 310 1565 ται
343 1510 434 1564 σὺν
467 1516 534 1586 τῇ
585 1512 760 1589 ψυχῇ·
793 1512 912 1582 ἥτις
961 1511 1174 1589 λέγεται
1227 1515 1411 1590 μορφή
1463 1510 1686 1585 δούλου,
1716 1516 1874 1589 νοερά

231 1620 304 1661 τις
355 1598 606 1663 σύστασις
662 1601 932 1674 νοουμένη
969 1605 1067 1675 (5).
1103 1603 1199 1656 Διᾶ
1243 1606 1405 1656 τοῦτο
1448 1602 1735 1676 νεκρωθεὶς
1778 1601 1872 1657 ἄν·

231 1700 444 1764 θρωπος
480 1686 733 1766 ἄμορφος
765 1686 1005 1766 λέγεται,
1026 1690 1116 1745 καὶ
1148 1691 1332 1745 λύεται
1368 1689 1632 1760 ὅλος,τῆς
1664 1695 1870 1765 ψυχῆς,

228 1783 323 1846 τῆς
371 1775 568 1832 ἄλυτον
619 1777 858 1852 ἐχούσης
909 1780 1009 1847 τὴν
1061 1780 1240 1856 φύσιν,
1273 1779 1720 1854 ἀποχωρησάσης
1766 1781 1872 1834 ἀπὸ

230 1870 320 1920 τοῦ
353 1867 628 1940 σώματος.
662 1869 822 1925 ’Όθεν
852 1869 880 1922 6
915 1869 1010 1940 μὲν
1043 1868 1257 1930 Παῦλος
1289 1875 1388 1937 τῆς
1427 1873 1612 1942 νοερᾶς
1661 1868 1870 1941 φύσεως

229 1955 325 2022 τὴν
368 1956 663 2030 μαρτυρίαν
697 1961 954 2028 ποιεῖται,
990 1957 1017 2010 6
1050 1954 1106 2011 δὲ
1138 1957 1391 2026 Ἰωάννης
1437 1964 1536 2026 τῆς
1581 1957 1870 2032 ὀργανικῆς

228 2045 322 2096 τοῦ
390 2042 642 2116 σώματος
706 2041 1038 2114 ἐπιδείξεως,
1084 2043 1176 2098 (ίνα
1236 2044 1476 2120 ἑκάτεροι
1523 2045 1585 2099 τὸ
1633 2051 1736 2099 πᾶν
1769 2048 1869 2111 τῆς

231 2129 544 2203 οἰκονομίας
595 2134 892 2207 μυστήριον
943 2131 1360 2208 καταγγελλωσι
1525 2132 1702 2202 Δῆλον
1746 2136 1868 2210 γάρ,

230 2217 309 2273 ὅτι
339 2220 367 2273 6
396 2221 768 2296 προϋπάρχων
804 2222 935 2282 Θεὸς
966 2221 1136 2296 Λόγος
1167 2222 1272 2295 πρὸ
1301 2228 1401 2291 τῆς
1451 2221 1502 2276 ἐν
1555 2222 1710 2296 σαρκὶ
1755 2220 1874 2276 ἐπι-

229 2304 428 2380 δημίας
489 2307 588 2362 οὐκ
637 2310 701 2376 ἦν
756 2309 1062 2383 ἅνθρωπος,
1109 2307 1255 2364 ἀλλὰ
1303 2310 1431 2372 Θεὸς
1481 2310 1547 2378 ἦν
1587 2311 1722 2387 πρὸς
1780 2311 1870 2365 τὸν

228 2398 373 2467 Θεὸν,
407 2395 637 2472 ἀόρατος
665 2398 756 2451 καὶ
783 2397 997 2468 ἀπαθὴς
1029 2395 1102 2451 ὥν
1127 2400 1226 2471 (7).

294 2489 348 2540 2.
382 2481 521 2543 Οῦτε
575 2484 664 2540 οὖν
719 2487 802 2554 τὸ,
837 2487 1097 2562 Χριστὸς,
1131 2483 1306 2560 ὄνομα
1354 2485 1483 2562 δίχα
1523 2494 1624 2558 τῆς
1674 2488 1870 2563 σαρκὸς

225 2574 577 2649 προσάγεται’
623 2571 810 2644 ἐπειδή
864 2574 1154 2631 ἀκολουθεῖ
1200 2581 1280 2648 τῷ
1325 2577 1551 2649 ὀνόματι
1595 2577 1658 2632 τὸ
1705 2576 1872 2640 πάθος

224 2663 313 2716 καὶ
373 2663 400 2716 6
449 2663 672 2725 Θάνατος
724 2667 818 2735 (8),
869 2668 965 2718 τοῦ
1017 2666 1110 2737 μὲν
1164 2665 1382 2720 Παύλου
1428 2665 1770 2744 γράφοντος·
1808 2666 1871 2722 Εἰ

224 2751 467 2821 παθητὸς
546 2753 574 2806 6
651 2753 924 2828 Χριστὸς,
1001 2753 1050 2807 εἷ’
1119 2759 1336 2828 πρῶτος
1413 2754 1464 2824 ἐξ
1534 2754 1872 2816 ἀναστάσεως

223 2844 446 2915 νεκρῶν·
481 2840 569 2895 καὶ
621 2839 880 2917 ἀλλαχοῦ
929 2840 1184 2917 λέγοντος
1219 2845 1315 2916 (9)·
1346 2848 1415 2898 T6
1471 2842 1662 2919 ΙΙάσχα
1709 2845 1869 2916 ἡμῶν

224 2927 382 3000 ἐτύθη
448 2929 716 3002 Χριστός·
771 2930 860 2984 καὶ
940 2932 1022 2986 ὅτι
1081 2933 1405 3006 Ἀνθρωπος
1461 2935 1668 3002 Ἰησοῦς
1743 2933 1874 3006 Χρι-

225 3020 383 3088 στὸς,
437 3020 465 3074 ὁ
525 3016 651 3083 δοὺς
709 3020 894 3074 ἑαυτὸν
955 3019 1273 3097 ἀντίλυτρον
1328 3022 1460 3097 ὑπὲρ
1515 3024 1698 3094 ἡμῶν.
1761 3020 1875 3078 Οὐκ

224 3107 309 3162 ὅτι
369 3108 433 3162 οὐ
488 3108 637 3178 Θεὸς,
667 3105 796 3163 ἀλλ’
826 3110 907 3163 ὅτι
958 3109 1048 3164 καὶ
1098 3108 1383 3186 ἄνθρωπος
1413 3112 1440 3164 6
1475 3110 1724 3184 Χριστός.
1756 3111 1872 3178 Διὸ,

220 3196 565 3269 Μνημόνευε,
627 3197 813 3275 φησὶν,
877 3199 1083 3269 Ἰησοῦν
1162 3200 1385 3273 Χριστὸν
1464 3202 1578 3272 (10)
1645 3199 1870 3275 ἐγηγερ-

227 3283 391 3358 μένον
469 3284 528 3341 ἐκ
618 3291 863 3363 νεκρῶν,
946 3287 1005 3343 ἐκ
1087 3290 1396 3363 σπὲρματος
1482 3283 1646 3342 Δαϐἰδ
1735 3287 1873 3342 κατὰ

1981 737 2055 774 an
2089 721 2240 791 quod
2274 721 2686 792 imaginariam
2719 720 2976 792 speciem
3001 720 3271 776 humanae
3297 722 3494 776 formae
3519 739 3636 793 pra:

1983 825 2044 863 se
2067 809 2261 879 ferret,
2286 814 2350 863 ut
2387 808 2486 864 alii
2527 809 2784 864 hmretici
2820 813 3083 864 errantes
3105 809 3351 864 dicunt?
3382 809 3492 864 Sed
3526 810 3634 865 hoc

1983 913 2097 951 non
2129 898 2406 952 concedet
2434 897 2767 968 Apostolus,
2793 896 3130 968 quiliquido
3144 897 3322 952 dixit:
3350 899 3630 963 Quisnam

1981 1001 2114 1040 cum
2145 991 2319 1054 esset,
2352 986 2492 1056 quid
2526 986 2830 1056 acceperit.
2863 985 3026 1040 Sicut
3056 985 3214 1041 enim
3274 987 3464 1041 forma
3510 987 3630 1053 Dei,

1984 1073 2287 1145 plenitudo
2318 1072 2640 1128 divinitatis
2674 1073 2843 1128 Verbi
2873 1073 3257 1145 intelligitur;
3309 1074 3394 1129 sic
3446 1075 3632 1131 forma

1982 1162 2152 1230 servi,
2195 1162 2460 1216 humanae
2492 1162 2836 1217 substantiae
2867 1162 3200 1233 intelligens
3241 1168 3470 1233 natura,
3494 1181 3629 1219 cum

1980 1250 2254 1323 organica
2284 1250 2724 1322 compositione,
2755 1250 3129 1322 agnoscitur:
3164 1258 3229 1306 ut
3258 1251 3360 1306 illa
3389 1253 3628 1322 quidem

1981 1339 2237 1396 dictione
2293 1345 2432 1408 erat,
2488 1339 2744 1393 Verbum
2804 1338 3203 1410 intelligatur;
3262 1339 3364 1395 illa
3407 1346 3626 1408 autem,

1978 1431 2194 1500 factum
2247 1437 2344 1495 est,
2405 1444 2536 1482 caro
2595 1443 2729 1482 cum
2788 1427 2985 1482 anima
3043 1433 3428 1497 agnoscatur:
3499 1446 3627 1499 quae

1981 1519 2169 1573 forma
2199 1515 2350 1572 servi
2379 1516 2614 1582 dicitur,
2650 1533 2715 1571 ac
2747 1515 3157 1571 intellectualis
3189 1518 3457 1587 quaedam
3488 1517 3626 1572 sub-

1983 1606 2202 1662 stantia
2225 1622 2352 1660 esse
2383 1604 2751 1678 intelligitur.
2785 1604 3049 1675 Hincque
3081 1605 3145 1659 ﬁt
3177 1610 3239 1660 ut
3268 1605 3442 1661 homo
3477 1623 3628 1660 mor-

1981 1699 2138 1760 tuus,
2171 1694 2442 1749 informis
2471 1693 2722 1760 dicatur,
2753 1698 2809 1748 et
2839 1694 3038 1748 anima
3068 1710 3197 1765 quas
3247 1693 3630 1750 indissolubi-

1982 1782 2096 1839 lem
2125 1787 2396 1838 naturam
2426 1782 2625 1849 habet,
2653 1799 2683 1836 e
2713 1798 2950 1853 corpore
2982 1783 3304 1850 recedente,
3327 1787 3484 1838 totus
3515 1783 3628 1838 sol-

1981 1877 2168 1927 vatur.
2204 1872 2362 1927 Unde
2392 1870 2610 1926 Paulus
2642 1871 2879 1942 quidem
2914 1872 2986 1926 de
3015 1871 3395 1926 intellectuali
3420 1877 3630 1928 natura

1980 1960 2386 2016 testimonium
2419 1959 3005 2031 perhihet;loannes
3050 1976 3182 2014 vero
3234 1960 3304 2015 de
3353 1961 3630 2031 organica

1981 2048 2241 2120 corporis
2269 2046 2622 2112 ostensione,
2658 2052 2720 2102 ut
2746 2047 2920 2102 ambo
2968 2051 3155 2102 totum
3204 2046 3626 2102 incarnationis

1983 2137 2324 2210 mysterium
2349 2137 2684 2208 pradicent.
2718 2136 3098 2191 Manifestum
3127 2135 3283 2192 enim
3312 2141 3419 2201 est,
3448 2141 3626 2192 Deum

1982 2226 2237 2282 Verbum
2270 2226 2368 2296 qui
2396 2229 2528 2280 ante
2549 2225 2861 2280 adventum
2887 2224 2944 2279 in
2967 2240 3141 2280 carne
3164 2223 3625 2290 exsistebat,non

1981 2319 2121 2370 tunc
2152 2314 2472 2381 hominem,
2505 2314 2607 2369 sed
2639 2313 2824 2368 Deum
2858 2313 3038 2369 fuisse
3069 2314 3223 2384 apud
3258 2312 3628 2379 Deum,invi-

1981 2402 2212 2459 sibilem
2245 2406 2301 2458 et
2332 2402 2778 2474 impassibilem.

2050 2495 2103 2546 2.
2123 2492 2506 2562 Nequaquam
2530 2490 2710 2562 igitur
2731 2490 2852 2546 haec
2873 2507 3001 2559 vox,
3025 2489 3315 2556 Christus,
3339 2506 3512 2545 carne
3542 2505 3631 2545 se-

1980 2579 2145 2634 clusa
2168 2579 2490 2650 profertur;
2515 2579 2992 2650 quandoquidem
3019 2595 3228 2634 nomen
3255 2577 3628 2649 illud,passio

1985 2669 2130 2726 751
2166 2674 2224 2723 et
2255 2685 2412 2723 more
2445 2673 2907 2738 consequuntur,
2940 2684 3073 2722 cum
3110 2667 3326 2722 Paulus
3376 2667 3626 2722 scribat:

1981 2757 2043 2813 Si
2057 2758 2343 2828 passibitis
2377 2757 2646 2820 Christus,
2663 2759 2712 2811 si
2733 2759 2947 2827 primus
2969 2773 3036 2810 ea:
3059 2757 3466 2811 resurrectione
3487 2771 3628 2808 mor-

1981 2850 2207 2902 tuarum
2231 2847 2274 2881 δι
2300 2863 2313 2912 ;
2334 2849 2389 2900 et
2410 2844 2548 2900 alibi
2571 2844 2695 2915 ipse
2717 2845 2906 2899 dicat:
2926 2845 3139 2899 Pascha
3158 2853 3410 2898 nostrum
3433 2845 3626 2896 immo-

1983 2935 2128 2990 latus
2158 2939 2234 2990 est
2265 2934 2512 2989 Christus
2538 2933 2558 2967 ⁸
2593 2951 2606 3001 ;
2640 2938 2715 3003 et,
2765 2937 2939 2988 Homo
2985 2935 3259 3000 Christus,
3303 2937 3483 3000 Iesus,
3535 2932 3630 3002 qui

1981 3024 2127 3080 dedit
2145 3024 2496 3093 semetipsum
2508 3021 2938 3092 redemptionem
2949 3037 3048 3091 pro
3061 3021 3216 3076 nobis
3227 3021 3273 3054 ⁸²
3288 3020 3455 3075 “.Non
3473 3019 3627 3090 quod

1985 3117 2133 3168 Deus
2155 3129 2270 3167 non
2289 3111 2387 3178 sit,
2412 3111 2512 3166 sed
2532 3111 2685 3181 quod
2710 3113 2767 3164 et
2796 3109 2969 3165 homo
2991 3108 3258 3164 Christus
3298 3109 3392 3163 sit.
3419 3110 3628 3179 Quare,

1981 3202 2182 3257 Memor
2201 3205 2332 3266 esto,
2360 3199 2461 3267 ait,
2485 3201 2669 3255 Iesum
2689 3199 2976 3254 Christum
3019 3199 3383 3253 resurrexisse
3417 3215 3449 3251 a
3477 3212 3628 3252 mor-

1981 3293 2089 3345 tuis
2134 3307 2204 3345 ea:
2231 3291 2436 3344 semine
2465 3288 2645 3343 David
2698 3286 2989 3344 secundum
3020 3303 3241 3342 carnem
3296 3287 3362 3342 ⁸³.
3409 3285 3629 3342 Idcirco

220 3371 415 3445 σάρκα.
450 3373 548 3427 Καὶ
611 3361 907 3429 διὰήτοῦτο
966 3377 1001 3444 ἡ
1061 3361 1244 3452 Γραφή
1292 3375 1555 3451 ἑκατέρων
1604 3380 1710 3430 τῶν
1747 3374 1866 3430 ὄνο-

1986 3379 2288 3450 Scriptura
2319 3378 2390 3432 de
2422 3380 2672 3447 utroque
2697 3375 2932 3431 nomine
2955 3375 3311 3430 mentionem
3335 3373 3489 3441 facit,
3513 3388 3628 3444 quo

224 3466 416 3534 μάτων
465 3466 700 3516 ποιεῖται
744 3464 844 3532 τὴν
892 3466 1254 3540 προσαγωγὴν
1302 3463 1354 3518 ἐν
1396 3463 1647 3534 ἐπιδείξει
1700 3465 1875 3538 ὑπάρ-

220 3553 376 3622 ξεως’
411 3549 656 3623 ἀοράτως
687 3551 780 3624 μὲν
814 3556 946 3607 Θεοῦ
976 3553 1272 3626 νοουμένου
1302 3553 1392 3607 καὶ
1426 3549 1580 3614 ὄντος
1630 3551 1872 3623 ἀληθῶς,

221 3639 435 3714 ὁρατῶς
465 3635 523 3692 δὲ
571 3638 856 3714 ἀνθρώπου
905 3639 1315 3718 ψηλαφωμένου
1375 3642 1464 3696 καὶ
1529 3640 1874 3717 ὑπάρχοντος

223 3724 468 3796 ἀληθῶς·
504 3726 602 3782 οὐκ
630 3726 682 3782 ἐν
715 3725 972 3803 διαιρέσει
1001 3731 1309 3804 προσώπων
1343 3729 1378 3799 ἢ
1425 3729 1706 3803 ὀνομάτων
1738 3733 1870 3803 (11),

224 3813 376 3870 ἀλλά
433 3821 631 3892 φυσικῇ
686 3819 927 3893 γεννήσει
979 3819 1067 3872 καὶ
1125 3817 1311 3890 ἀλύτῳ
1369 3819 1593 3873 ὲνῶσει·
1650 3817 1762 3890 τίνα,
1819 3817 1870 3872 ἐν

226 3903 378 3975 αὐτῴ
408 3909 503 3959 τοῦ
533 3907 742 3970 πάθους
773 3904 1229 3981 ὁμολογουμένου
1259 3907 1504 3978 ἀληθῶς,
1538 3908 1566 3961 6
1592 3908 1752 3969 αὐτὸς
1783 3907 1873 3962 καὶ

217 3993 465 4063 παθητὸς
514 3994 602 4048 καὶ
652 3994 861 4064 ἀπαθὴς
911 3995 1044 4050 εἶναι
1083 3995 1520 4070 συνομολογῆται
1577 3996 1870 4066 ἀληθινῶς.

215 4084 350 4142 Πῶς
381 4080 470 4135 οῦν
504 4081 688 4156 γέγονε
729 4084 957 4156 Χριστὸς
1007 4084 1034 4137 ὁ
1069 4083 1260 4158 Λόγος,
1315 4085 1444 4146 Θεὸς
1492 4083 1589 4153 ὢν,
1621 4085 1746 4159 πρὶν
1788 4085 1874 4161 γὲ-

215 4189 383 4239 νηται
415 4168 743 4242 άνθρωπος;
777 4171 839 4225 Εἰ
876 4173 968 4244 μὲν
1003 4173 1102 4246 γὰς
1137 4173 1392 4243 θεότητος
1437 4171 1575 4229 ἴδιον
1623 4174 1706 4240 τὸ,
1735 4175 1872 4250 Χρι-

213 4258 370 4328 στὸς,
419 4253 615 4331 ὄνομα,
673 4259 807 4334 δίχα
850 4259 1067 4336 σαρκὸς,
1117 4261 1447 4335 προσακτέον
1491 4264 1592 4339 ἄρα
1649 4263 1738 4338 καὶ
1793 4266 1873 4334 τῷ

214 4345 415 4422 Πατρί,
446 4345 537 4400 καὶ
584 4351 664 4419 τῷ
711 4346 853 4422 ἁγίῳ
911 4347 1204 4422 Πνεύματιθ
1240 4347 1389 4404 ἔσται
1439 4347 1496 4404 δὲ
1541 4350 1629 4404 καὶ
1671 4351 1733 4404 τὸ
1777 4349 1874 4404 πά-

215 4447 315 4499 θος
357 4435 564 4508 κοινὸν,
598 4436 670 4498 ὥς
717 4457 855 4499 τινες
898 4435 1310 4511 πεπλανημένοι
1362 4436 1630 4514 λέγουσιν.
1665 4440 1734 4496 Ἣ
1783 4437 1872 4493 καὶ

1982 3469 2112 3539 ejus
2138 3466 2580 3522 subsistentiam
2611 3464 2902 3532 declaret;
2934 3463 3129 3535 ipsum
3171 3478 3380 3534 nempe
3428 3461 3628 3516 invisi-

1984 3557 2178 3612 biliter
2207 3554 2464 3627 quidem,
2499 3560 2563 3609 ut
2596 3559 2795 3620 Deum,
2831 3552 3129 3608 intellectu
3155 3556 3386 3608 tantum
3411 3549 3629 3622 percipi

1983 3651 2041 3700 et
2069 3660 2269 3699 revera
2301 3659 2465 3698 esse:
2501 3648 2566 3697 ut
2595 3641 2895 3697 hominem
2943 3645 3137 3696 autem
3190 3638 3498 3694 visibiliter
3549 3641 3629 3693 at-

1981 3732 2237 3797 trectari,
2267 3736 2324 3787 et
2353 3747 2552 3786 revera
2583 3731 2899 3785 exsistere:
2935 3747 3049 3784 non
3091 3729 3379 3784 divisione
3428 3743 3628 3797 perso-

1984 3837 2213 3887 narum,
2265 3824 2369 3874 aut
2409 3818 2867 3890 cogitationum;
2924 3818 3024 3872 sed
3075 3816 3330 3871 naturali
3383 3831 3625 3886 genera-

1983 3910 2160 3975 tione,
2194 3913 2252 3962 et
2280 3905 2679 3962 indissolubili
2712 3906 2964 3960 unione:
3002 3909 3065 3959 ut
3094 3905 3223 3974 ejus
3256 3903 3526 3974 passione
3570 3902 3627 3955 in

1983 3998 2249 4052 confesso
2269 4012 2403 4051 vere
2432 3995 2654 4062 habita,
2686 3994 2810 4065 ipse
2833 3992 3131 4065 passibilis
3162 3997 3219 4047 et
3246 3990 3629 4063 impassibilis

1984 4102 2182 4141 revera
2209 4101 2336 4140 esse
2367 4084 2740 4140 concedatur.
2774 4083 3076 4146 Quomodo
3124 4081 3304 4153 igitur
3347 4079 3624 4134 Verbum.

1983 4174 2137 4228 Deus
2167 4190 2302 4230 eum
2335 4178 2504 4235 esset,
2552 4172 2769 4227 factum
2800 4174 2890 4225 est
2945 4168 3232 4239 Christus,
3283 4168 3629 4240 priusquam

1985 4262 2156 4318 homo
2188 4261 2388 4317 fieret?
2419 4261 2566 4316 Nam
2600 4260 2648 4315 si
2680 4261 2789 4315 hoc
2821 4275 3057 4323 nomen,
3094 4257 3384 4322 Christus,
3417 4255 3631 4311 divini-

1987 4351 2089 4405 tati
2122 4368 2155 4406 a
2186 4365 2359 4406 carne
2419 4352 2701 4420 separatae
2751 4346 3048 4418 prOprium
3103 4345 3217 4413 sit;
3266 4361 3403 4418 ergo
3458 4345 3629 4411 Patri,

1983 4439 2342 4512 Spirituique
2373 4443 2576 4494 sancto
2604 4436 3044 4493 attribuendum
3075 4439 3202 4491 est:
3236 4435 3428 4507 passio
3489 4451 3633 4506 quo-

293 4589 339 4624 “
370 4589 494 4645 Act.
526 4605 681 4658 xxvx,
712 4590 803 4646 23.
879 4591 926 4626 "
956 4591 977 4647 Ι
1008 4589 1134 4647 Cor.
1166 4608 1222 4661 ν,
1253 4593 1308 4646 7.
1385 4591 1457 4627 ⁸²⁶
1486 4592 1509 4648 Ι
1536 4592 1685 4648 Tim.
1719 4609 1782 4663 ιι,
1811 4593 1867 4664 5,

2028 4591 2074 4626 ⁸³
2105 4591 2155 4646 II
2187 4590 2338 4646 Tim.
2372 4607 2435 4659 ιι,
2468 4590 2520 4647 8.

400 4735 528 4808 Sag.
559 4733 726 4789 Gobl.
759 4739 817 4789 et
846 4733 991 4789 Felc.
1031 4738 1084 4808 1,
1117 4731 1179 4808 οῦ
1211 4735 1585 4808 συγχωρήσει.

296 4803 373 4872 (5)
408 4807 494 4858 Ita
512 4819 727 4878 omnes
777 4805 1188 4878 manuscripti.
1218 4803 1745 4878 Edi't'i,'vooaptvou.
1780 4806 1872 4878 ln-

215 4875 313 4954 fra
342 4878 468 4954 Sag.
503 4873 668 4954 Ciobl.
702 4882 760 4931 et
789 4877 936 4954 lf‘elc.
973 4879 1022 4943 1,
1059 4873 1298 4954 ἐχούσης
1329 4877 1456 4954 τὴν-
1480 4873 1636 4954 φύσιν
1697 4876 1870 4954 Editi,

212 4941 591 5070 ἓχτῖύέτὲἓεηην
626 4949 866 5023 μορφήν.
889 4941 1019 5002 Mox
1064 4941 1127 5004 iii
1154 4941 1282 5020 δας.
1316 4941 1502 5005 (ἆόὸᾙ
1533 4956 1590 5006 et
1636 4949 1784 5004 Felc.
1821 4941 1872 5016 1,

255 5033 333 5070 πο
365 5033 547 5071 08851..

291 5089 373 5158 (6)
404 5087 533 5142 Haec
562 5088 634 5163 in
651 5090 883 5163 synodo
939 5106 997 5144 v1
1027 5092 1426 5163 imcumenica.
1461 5097 1518 5146 et
1567 5093 1718 5163 apud
1764 5091 1874 5147 Da-

205 5175 604 5236 mascenum,
623 5159 723 5236 lib.
745 5177 799 5215 ιν
830 5162 903 5215 De
933 5162 1072 5236 ortti.
1091 5162 1217 5232 ﬁde,
1247 5180 1373 5235 cap.
1399 5165 1449 5218 4.
1483 5159 1871 5236 Ibidem,Seg.

204 5230 487 5306 Go_bl._et
519 5229 662 5306 Felc.
701 5235 752 5299 1,
783 5229 1207 5306 καταγγείλωσι.

291 5302 532 5373 (7)__Haac
592 5303 675 5373 ita
712 5302 1045 5360 referuntur
1075 5323 1108 5360 a
1143 5307 1497 5361 Damasceno
1543 5306 1710 5373 ibid.,
1745 5304 1878 5373 dira-

202 5367 324 5440 θήξ
357 5367 456 5428 ὧν.
487 5373 617 5429 "Ore
657 5370 714 5428 δὲ
761 5375 973 5450 γέγονεν
1025 5376 1328 5451 ἄνθρωπος,
1358 5377 1442 5443 τὸ,
1476 5367 1730 5446 Χριστὸς,
1755 5371 1874 5429 ὄνο-

204 5463 326 5518 μα,
364 5451 475 5499 etc.

291 5517 372 5587 (8)
410 5513 512 5570 Καὶ
563 5517 591 5570 ὁ
637 5517 882 5579 θάνατος.
913 5520 1006 5575 Sic
1041 5536 1246 5574 omnes
1297 5535 1471 5586 mss.,
1505 5521 1605 5576 sed
1660 5521 1877 5575 desunt

189 5587 436 5667 lamein
463 5589 665 5667 editis.
702 5590 854 5667 Mox,
882 5594 980 5667 τοῦ
1010 5591 1102 5667 μὲν
1138 5587 1354 5667 Παύλου
1387 5592 1721 5667 γράφοντοςἒ
1739 5592 1871 5662 Seg.

186 5657 389 5737 Qobl.
425 5663 482 5713 et
512 5659 765 5737 Felclun.
803 5663 854 5727 1,
880 5657 1122 5737 Μωσεως
1152 5657 1477 5737 γράφοντὸς,
1503 5657 1875 5735 inale.Syn5-

194 5732 446 5810 deas:
475 5731 700 5810 τιδμὶν
730 5738 916 5810 Αοιρκᾷ
943 5731 1268 5810 γράφονέὸςυ

291 5801 373 5875 (9)
402 5801 567 5858 Gobl.
585 5801 716 5877 Seg.
743 5801 996 5862 Felckm'.
1015 5807 1040 5862 1
1062 5801 1134 5862 'et
1163 5805 1424 5879 synodus
1451 5807 1776 5877 Constant.,
1800 5823 1877 5860 νε-

1903 4744 1950 4807 D
1980 4737 2123 4807 κρῶν
2155 4735 2260 4807 τοῦΔ
2285 4729 2356 4807 δὴΔ
2383 4729 2602 4785 Παύλου
2634 4728 2909 4807 λέγοντος.
2944 4729 3093 4807 Editi
3125 4746 3295 4807 _mox,
3325 4727 3390 4807 τὸ
3435 4728 3628 4807 Πάσχα

1983 4801 2143 4876 ἡμῶν
2178 4803 2309 4877 ὑπὲρ
2336 4805 2519 4875 ἡμῶν,
2554 4805 2654 4859 sed
2685 4801 2851 4877 cum,
2871 4801 3214 4877 bn‘epjpiiw,
3241 4817 3346 4877 ne_c
3365 4803 3434 4877 in
3468 4806 3630 4877 textu

1985 4871 2182 4932 Graeco
2208 4871 2542 4947 Scriptura,
2577 4891 2679 4930 nec
2723 4871 3152 4947 iniSeg._'_Gobl.
3185 4877 3241 4927 et
3288 4871 3539 4947 Felckm.
3575 4872 3627 4936 4,

1984 4947 2236 5019 legatur,
2267 4943 2624 5020 expunctum
2656 4954 2765 5001 est.
2799 4946 2928 5000 Mox
2961 4945 3169 5020 ’1ησοῦς
3210 4943 3436 5020 ὶςρισξός
3471 4944 3634 5020 deest

1985 5016 2634 5089 in'editis,sed_legitur
2665 5022 2723 5089 in
2754 5021 2954 5089 Seg.et
2983 5017 3042 5070 in
3074 5016 3293 5088 synodo
3323 5016 3627 5070 Constant.

1986 5091 2132 5147 Ibid.
2168 5091 2365 5161 Basil.,
2399 5087 2594 5160 λύτρον
2630 5088 2761 5161 ὑπὲρ
2794 5087 3030 5161 πάντων.

2058 5162 2170 5241 (10)
2203 5155 2368 5241 (ξρὺὶξ
2400 5155 2656 5241 ξιέιὸιίτη.
2799 5165 2856 5241 et
2906 5160 3086 5241 Sag,
3112 5155 3215 5240 M6~
3266 5155 3624 5241 μνημονεύειν

1986 5227 2194 5302 Ἰησοῦν
2230 5232 2529 5307 Χριστόν...
2565 5227 2729 5307 Δαοίμδ
2751 5230 2963 5307 γράφει·
2993 5227 3307 5307 Διάᾼτοῦτο,
3339 5236 3448 5307 et_c.

2056 5299 2168 5374 (Η)
2201 5299 2349 5360 Εάῖῐί
2413 5306 2649 5374 habent,
2681 5301 2716 5369 ἢ
2765 5299 3069 5374 ὄνομάτων.
3105 5299 3542 5374 Se_guer,_Gobl.
3575 5301 3632 5374 et

1987 5368 2228 5431 Felck'rn.
2267 5381 2314 5442 1,
2351 5375 2385 5442 ἢ
2445 5368 2758 5444 νοημάτων.
2810 5368 2939 5426 Mox
2992 5368 3258 5444 Seg.,'iva
3309 5369 3476 5444 αὐτοῦ
3510 5371 3629 5444 Δτοῦ

1984 5446 2210 5507 πάθους.
2247 5439 2415 5513 Ιὸἱάξ,
2450 5439 2616 5501 Gobl.
2650 5451 2706 5500 et
2739 5444 2988 5498 Felckm.
3029 5439 3200 5509 1ξτοῦ
3248 5443 3452 5504 πάθους
3502 5439 3631 5512 ὁμο-

1986 5514 2342 5590 λογουμένου.
2378 5520 2498 5576 Πῶς
2531 5514 2646 5581 οὖν,
2685 5516 3039 5590 quibusdam
3073 5513 3625 5590 _omissis..lbide‘m.

1983 5581 2112 5661 Seg.
2144 5581 2456 5661 ét_synod.
2487 5581 2806 5651 Constant”
2839 5585 2928 5638 καὶ
2990 5585 3230 5661 παθητὸς
3285 5581 3375 5638 καὶ
3419 5583 3630 5661 ἀπαθὴς

1982 5655 2165 5734 νοόῖτο
2183 5655 2479 5734 ἀληθινῶς,
2501 5655 3484 5734 synod.Conslantgalyeac..Paulo
3503 5660 3632 5727 post

1985 5733 2135 5804 803.,
2171 5726 2298 5806 πρὶν
2327 5731 2362 5800 ἢ
2395 5726 2617 5804 γένηται
2650 5727 2966 5802 ἃνθρωπος;
3000 5726 3061 5781 Εἰ
3093 5728 3194 5802 γὰρ
3229 5726 3502 5796 θεότητος.
