4048 6434
467 489 623 550 1135

1003 487 1066 548 S.
1111 489 1538 550 ATHANASII
1582 487 1756 548 OPP.
1801 486 2008 548 PARS
2055 488 2102 546 l.
2136 518 2216 532 —
2245 487 2658 548 HISTURlCA
2707 487 2807 548 ET
2849 485 3328 550 DOGMATICA.

3714 484 3850 548 1136

466 634 582 691 que
605 619 940 676 communis
955 619 1156 690 erit,ut
1177 619 1420 690 quidam
1443 622 1709 674 errantes
1731 617 2094 672 arbitrantur

2227 615 2388 670 αὑτὸν
2419 617 2598 684 ἀπαθῆ
2629 614 2720 670 καὶ
2752 614 3039 687 ἀσώματον
3088 615 3220 670 Θεὸν
3269 616 3444 692 Λόγον
3490 613 3580 670 καὶ
3627 613 3726 690 πρὸ
3761 616 3848 684 τῆς

464 709 552 763 An
573 713 633 763 et
648 707 845 780 ipsum
865 706 1234 780 impassibile
1255 712 1312 762 et
1333 708 1743 778 incorporeum
1765 706 1952 762 Deum
1978 705 2111 762 Ver-

462 795 629 863 bum,
648 796 980 870 etiamante
1004 796 1488 862 incarnationem,
1513 801 1571 850 et
1595 795 1919 850 humanam
1945 799 2116 850 natu-

465 899 590 939 ram
623 889 1016 956 assumptam,
1047 883 1340 956 passionis
1367 889 1426 939 et
1455 884 1662 940 mortis
1691 899 1964 955 capacem
1988 899 2118 939 esse

466 970 723 1030 dicetis?
749 974 822 1028 At
851 973 976 1044 qui,
1006 989 1228 1045 quaeso,
1261 972 1465 1042 Filius,
1517 971 1619 1044 qui
1665 972 1817 1028 Patri
1865 973 2117 1028 consub-

467 1059 782 1130 stantialis,
815 1065 874 1116 et
896 1061 968 1117 ab
1000 1077 1067 1117 eo
1098 1062 1421 1117 secundam
1453 1061 1711 1116 divinam
1733 1067 2006 1116 naturam
2029 1061 2117 1116 in-

469 1147 692 1206 divisus
721 1154 830 1218 est,
863 1149 1166 1222 passibilis
1195 1149 1452 1220 dicatur,
1482 1166 1621 1207 cum
1652 1151 1730 1206 sit
1777 1149 2118 1206 immutabi-

467 1237 542 1295 lis
570 1243 629 1294 et
653 1238 1040 1308 invariabilis,
1074 1238 1191 1296 nisi
1221 1243 1461 1311 sumpta
1482 1239 1542 1294 in
1559 1238 1754 1312 seipse
1777 1254 1847 1295 ex
1862 1238 2121 1309 Virginis

472 1331 635 1385 utero
665 1332 788 1385 tota
815 1327 1087 1384 humane
1117 1333 1426 1384 structura
1451 1325 1666 1399 specie,
1708 1326 1884 1383 homo
1932 1327 2119 1382 factus

470 1417 587 1474 sit:
622 1421 687 1472 ut
713 1422 772 1473 et
803 1417 1109 1474 mutabilis
1138 1416 1314 1473 homo
1348 1420 1504 1474 esset
1527 1417 1587 1472 in
1617 1417 1912 1489 passione,
1927 1421 1984 1472 et
2004 1431 2123 1472 una

469 1505 861 1564 immutabilis
890 1511 1068 1577 esset,
1103 1511 1399 1578 quatenus
1430 1509 1626 1562 Deus?

539 1595 593 1652 3.
627 1597 994 1668 Quapropter
1023 1595 1225 1652 unctio
1255 1595 1410 1652 facta
1439 1600 1548 1662 est,
1600 1611 1714 1650 non
1763 1595 1919 1666 quod
1970 1595 2120 1650 Deus

471 1685 746 1741 unctione
757 1683 1183 1753 indiberet,nec
1195 1685 1349 1756 quod
1365 1685 1588 1756 absque
1598 1684 1713 1740 Deo
1729 1684 1924 1739 unctio
1937 1684 2119 1749 fieret;

2225 703 2545 778 σαρκώσεως
2594 705 2682 758 καὶ
2733 701 3192 777 ἐνανθρωπήσεως
3239 702 3409 780 έρεῖτε
3452 700 3688 759 δεκτικὸν
3731 704 3848 758 εἶναι

2226 793 2430 854 πάθους
2460 793 2550 847 καὶ
2581 794 2846 860 θανάτους
2882 791 2978 846 Καὶ
3011 797 3126 854 πῶς
3157 793 3187 847 6
3222 797 3308 866 τῷ
3355 793 3528 869 Πατρὶ
3577 791 3849 866 ὁμοοὺσιος

2229 883 2374 950 Υἱὸς,
2402 881 2493 936 καὶ
2539 879 2840 957 ἀδιαίρετος
2889 881 3025 935 κατά
3068 881 3166 950 τήν
3219 881 3367 936 θείαν
3417 881 3598 960 φύσιν,
3630 881 3851 952 παθητὸς

2227 968 2286 1026 ἂν
2321 969 2561 1045 λέγοιτο,
2595 971 2856 1046 ἄτρεπτος
2889 969 2961 1024 ὣν
2989 970 3078 1025 καὶ
3109 969 3510 1040 ἀναλλοίωτος,
3543 970 3589 1025 εί
3639 972 3731 1044 μή,
3760 969 3854 1026 λα-

2228 1054 2338 1114 ϐὼν
2399 1059 2458 1115 ἰκ
2515 1061 2724 1135 μήτρας
2771 1058 3042 1135 Παρθένου
3090 1051 3152 1114 τὸ
3202 1057 3418 1134 σύμπαν
3460 1066 3560 1130 τῆς
3589 1060 3852 1136 ἀνθρώπου

2228 1149 2532 1212 συστάσεως
2585 1147 2728 1210 εἶδος
2782 1147 2834 1202 έν
2903 1149 3078 1221 ἔαυτῷ
3125 1150 3263 1222 (12),
3315 1147 3521 1222 ἐγένετο
3571 1147 3852 1226 ἅνθρωπος·

2223 1235 2316 1292 ’ίνα
2371 1238 2457 1292 καὶ
2521 1234 2802 1313 ἅνθρωπος
2846 1235 2882 1310 ᾖ
2931 1237 2982 1290 έν
3031 1242 3112 1310 τῷ
3168 1237 3349 1308 πάθει,
3387 1235 3478 1292 καὶ
3530 1238 3778 1315 ἄτρεπτος
3820 1237 3852 1312 ᾖ

2230 1327 2359 1389 Θεὸς
2391 1322 2465 1381 ὥν
2493 1346 2508 1396 ς

2302 1595 2356 1650 3.
2389 1593 2488 1647 Διά
2515 1597 2674 1647 τοῦτο
2703 1593 2804 1668 γὰρ
2833 1593 2920 1647 καὶ
2949 1595 2984 1661 ἡ
3018 1592 3202 1668 χρίσις
3232 1591 3462 1669 ἐγένετο,
3493 1591 3603 1670 οὐχ
3639 1595 3709 1656 ὡς
3733 1599 3855 1650 Θεοῦ

2231 1681 2468 1755 χρίσεως
2520 1677 2797 1754 δεομένου,
2833 1678 2948 1736 οὐδ’
2978 1679 3043 1735 αὖ
3091 1679 3257 1736 πάλιν
3300 1685 3400 1747 τῆς
3451 1682 3684 1758 χρίσιως
3737 1681 3857 1760 δίχα

473 1775 574 1831 sed
595 1774 713 1831 Deo
733 1775 1067 1832 unctionem
1091 1775 1450 1847 applicante,
1469 1775 1778 1847 ipsamque
1798 1773 1856 1828 in
1883 1789 2097 1846 corpori

2232 1774 2365 1825 Θεοῦ
2395 1770 2714 1846 γενομένης,
2745 1769 2890 1826 ἀλλᾶ
2920 1775 3052 1826 Θεοῦ
3086 1770 3182 1843 μὲν
3223 1772 3320 1840 τήν
3373 1771 3554 1848 χρίσιν
3609 1792 3860 1848 προσαγο-

471 1864 767 1921 unctionis
785 1880 1018 1936 capace,
1048 1865 1383 1936 recipiente.
1416 1864 1792 1920 Manifestum
1810 1863 1990 1934 igitur
2008 1866 2120 1928 est,

473 1952 726 2010 Verbum
747 1969 863 2010 non
885 1954 1108 2025 absque
1123 1953 1382 2010 humana
1399 1970 1575 2010 carne
1586 1953 1884 2009 Christum
1901 1952 2117 2007 factum

474 2039 679 2109 fuisse,
703 2058 810 2100 nec
829 2058 958 2100 sese
977 2041 1293 2099 dividendo
1315 2042 1374 2098 in
1397 2041 1592 2100 carnis
1612 2041 1889 2114 speciem,
1905 2045 1963 2096 et
1982 2039 2113 2095 ani-

469 2146 576 2188 mm
607 2130 1095 2188 similitudinem:
1127 2131 1229 2188 sed
1263 2147 1508 2188 manens
1532 2131 1688 2202 quod
1709 2130 2112 2197 erat,formam

466 2221 617 2276 servi
637 2219 954 2292 accepisse,
975 2236 1093 2277 non
1122 2219 1464 2278 destitutam
1491 2220 1863 2288 .exsistentia,
1895 2219 2112 2290 quippe

463 2321 592 2380 qua
623 2323 726 2380 per
753 2306 1109 2380 passionem,
1140 2309 1652 2378 resurrectionem,
1682 2311 1738 2363 et
1779 2308 2108 2363 universam

459 2396 845 2452 (nconomiam
874 2412 1005 2452 sese
1033 2397 1325 2468 proderet,
1355 2402 1421 2452 ut
1447 2397 1734 2468 scriptum
1765 2401 1821 2452 et
1841 2411 2107 2467 compro-

459 2486 662 2542 batum
687 2489 795 2542 est.
829 2483 1015 2542 Dicite
1044 2484 1246 2556 igitur,
1278 2501 1381 2542 cur
1415 2487 1596 2542 Deum
1627 2486 1688 2540 in
1733 2485 1976 2540 Nazaret
2023 2484 2105 2540 fa-

453 2578 613 2630 ctum
637 2587 768 2632 esse
797 2573 1184 2641 existimatis;
1219 2574 1374 2644 quod
1401 2590 1606 2630 omnes
1637 2573 1824 2628 solent
1851 2570 2105 2626 haeretici

452 2661 752 2739 proferre?
783 2667 848 2718 ut
877 2661 1097 2717 Paulus
1127 2661 1564 2718 Samosatensis
1617 2662 1804 2718 Deum
1854 2678 1920 2717 ex
1971 2660 2106 2716 Vir-

450 2752 586 2824 gine
603 2750 947 2808 confitetur:
979 2755 1160 2807 Deum
1182 2767 1251 2806 ex
1268 2751 1509 2806 Nazaret
1529 2750 1743 2822 visum,
1761 2766 1829 2807 ac
1843 2751 1948 2822 qui
1972 2751 2106 2806 inde

452 2857 586 2898 cum
627 2839 972 2907 assistendi,
1031 2845 1158 2895 tum
1212 2840 1498 2911 regnandi
1559 2839 1791 2896 initium
1833 2839 2101 2896 duxerit:

453 2929 830 3000 Verbumque
849 2944 978 2985 esse
995 2944 1064 2984 ex
1101 2927 1244 2984 ccslo
1269 2929 1496 2995 efﬁcax,
1525 2928 1585 2984 in
1608 2945 1723 3000 quo
1753 2928 2103 3000 sapientiam

452 3033 583 3076 esse
601 3017 948 3074 conﬁtetur:
981 3017 1136 3088 quod
1172 3016 1557 3088 prmﬂnitione
1578 3016 1816 3088 quidem
1839 3020 1974 3072 ante
2004 3033 2106 3074 sa-

453 3106 586 3163 cula
615 3106 714 3172 sit,
740 3105 1081 3162 essistentia
1098 3120 1233 3160 vero
1253 3120 1322 3160 ex
1364 3105 1607 3161 Nazaret
1631 3105 1712 3160 sit
1740 3105 1965 3160 editum
1995 3123 2010 3173 ;
2043 3110 2108 3160 ut

453 3201 626 3263 Deus,
656 3193 869 3266 inquit,
901 3209 1056 3252 unus
1083 3191 1182 3250 ille
1207 3193 1304 3259 sit,
1353 3193 1450 3264 qui
1482 3208 1662 3264 super
1705 3194 1906 3250 omnia
1954 3197 2105 3250 Deus

449 3287 541 3341 est
568 3287 756 3338 Pater.
791 3280 952 3338 Talis
980 3286 1069 3338 est
1089 3280 1270 3350 hujus
1293 3280 1586 3354 impietas.
1619 3281 1876 3338 Marcion
1907 3287 2099 3338 autem

2236 1859 2418 1932 μένου,
2450 1859 2502 1914 ἐν
2536 1857 2592 1914 δέ
2616 1865 2696 1931 τῷ
2726 1857 2956 1933 δεκτικῷ
2978 1867 3080 1929 τῆς
3109 1860 3345 1935 χρίσεως
3378 1863 3589 1934 σώματι
3641 1858 3858 1938 δεχομέ-

2231 1969 2347 2006 νου.
2393 1946 2679 2023 Πρόδηλον
2728 1947 2840 2018 οῦν,
2873 1948 2954 2003 ὅτι
3003 1948 3067 2004 οὐ
3111 1945 3243 2025 δίχα
3289 1949 3860 2026 σαρκὸς-ἀνθρωπίνης

2225 2037 2254 2091 6
2295 2037 2466 2114 Λόγος
2525 2038 2754 2112 Χριστὸς
2809 2038 3026 2114 γέγονεν
3075 2040 3212 2112 (13),
3267 2039 3453 2094 ἑαυτὸν
3512 2039 3859 2114 καταμερίσας

2221 2123 2296 2186 είς
2340 2126 2533 2200 σαρκὸς
2567 2122 2841 2195 ἐπίδειξιν,
2867 2126 2901 2194 ἢ
2934 2124 3118 2200 ψυχῆς
3167 2125 3456 2199 ὁμοίωσιν·
3491 2123 3639 2182 ἀλλὰ
3689 2126 3852 2200 μένων

2220 2214 2249 2268 ὃ
2290 2213 2380 2284 ἦν,
2414 2210 2576 2270 ἔλαϐε
2618 2215 2718 2285 τὴν
2767 2219 2864 2270 τοῦ
2913 2211 3114 2270 δούλου
3157 2217 3400 2292 μορφὴν,
3433 2215 3494 2272 οὑ
3527 2215 3850 2289 λειπομένην

2221 2301 2492 2376 ὑπάρξεως
2523 2309 2621 2372 τῆς
2653 2301 2708 2357 ἐν
2753 2299 3004 2375 ἐπιδείξει
3053 2304 3456 2380 φανερουμένης
3502 2305 3637 2378 (14),
3669 2301 3755 2359 διά
3797 2325 3849 2360 τε

2216 2390 2420 2452 πάθους
2471 2391 2558 2446 καὶ
2617 2391 2952 2453 ἀναστάσεως
2996 2390 3087 2446 καὶ
3137 2392 3314 2464 πάσης
3360 2399 3460 2462 τῆς
3518 2391 3846 2467 οἰκονομίας,

2217 2479 2291 2541 ὡς
2346 2479 2644 2556 γέγραπται
2697 2479 2788 2534 καὶ
2847 2477 3179 2550 δεδήλωται.
3239 2479 3442 2537 Εἴπατε
3484 2481 3688 2552 τοίνυν,
3736 2487 3850 2546 πῶς

2217 2569 2342 2622 6-.6v
2376 2567 2427 2622 ἐν
2479 2569 2721 2641 Ναζαρὲτ
2763 2576 3075 2644 γεγενῆσθαι
3128 2567 3502 2645 ὑπειλήφατε;
3537 2567 3722 2642 έπειδὴ
3763 2570 3851 2626 καὶ

2215 2659 2409 2721 πάντες
2439 2659 2701 2733 αἱρετικοὶ
2735 2663 2894 2714 τοῦτο
2926 2656 3098 2734 λέγειν
3131 2658 3407 2732 εἰώθασιν,
3435 2658 3510 2723 ὠς
3567 2659 3782 2722 Παῦλος
3823 2660 3852 2714 6

2217 2747 2562 2820 Σαμοσατεὺς
2611 2751 2722 2822 (15)
2775 2749 2902 2804 Θεὸν
2958 2747 3019 2802 έκ
3067 2755 3168 2818 τῆς
3231 2749 3506 2825 Παρθένου
3575 2748 3855 2825 ὁμολογεῖ,

2214 2839 2342 2894 Θεὸν
2403 2837 2461 2893 ἐκ
2517 2837 2758 2910 Ναζαρὲτ
2815 2835 3062 2913 ὀφθέντα,
3093 2838 3182 2892 καὶ
3237 2837 3472 2894 έντεῦθεν
3529 2845 3630 2908 τῆς
3689 2837 3854 2915 ὑπάρ-

2213 2929 2343 2998 ξεως
2380 2927 2478 2995 τὴν
2531 2927 2708 3001 ἀρχὴν
2760 2926 3054 3002 ἐσχηκότα,
3085 2927 3174 2981 καὶ
3223 2927 3402 3003 ἀρχὴν
3433 2929 3546 3000 (16)
3581 2925 3855 3004 βασιλείας

2213 3015 2610 3093 παρειληφότα·
2644 3014 2814 3090 Λόγον
2867 3012 2924 3070 δὲ
2971 3014 3187 3091 ἐνεργὸν
3236 3013 3287 3088 ἐξ
3341 3015 3624 3092 οὐρανοὺς,
3653 3015 3742 3071 καὶ
3771 3037 3858 3072 σο·

2215 3104 2334 3181 φίαν
2364 3103 2416 3159 ἐν
2447 3103 2592 3176 αὑτῷ
2621 3103 2906 3179 ὁμολογεῖ·
2937 3108 3016 3176 τῷ
3057 3104 3152 3177 μὶν
3198 3109 3530 3181 προορισμῷ
3580 3106 3688 3181 πρὸ
3733 3105 3864 3160 αἰώ-

2213 3215 2318 3248 νων
2369 3189 2520 3262 ὅντα,
2551 3197 2618 3266 τῇ
2671 3192 2728 3247 δὲ
2785 3193 3004 3268 ὑπάρξει
3055 3192 3114 3248 ἐκ
3159 3193 3398 3267 Ναζαρὶτ
3448 3190 3855 3270 ἀναδειχθένταο

2207 3279 2300 3336 τίνα
2349 3283 2426 3344 εἷς
2476 3280 2558 3352 εἴη
2609 3283 2746 3354 (17),
2773 3281 2955 3358 φησὶν,
2988 3283 3016 3336 6
3062 3281 3149 3338 ἰπὶ
3200 3284 3372 3337 πάντα
3409 3282 3539 3345 Θεὸς
3570 3283 3598 3338 6
3649 3285 3856 3360 Πατήρ.

449 3376 509 3429 et
539 3370 917 3437 Manichsus,
948 3369 1154 3425 dicunt
1169 3345 1461 3426 iDeumin
1491 3369 1791 3443 Virginem
1831 3370 2097 3426 advenis-

2215 3370 2446 3440 Τοιαύτη
2494 3369 2690 3425 τούτου
2738 3372 2773 3440 ἡ
2824 3364 3057 3424 ἀσέϐεια.
3109 3370 3366 3446 Μαρκίων
3419 3367 3475 3426 δὲ
3543 3371 3632 3426 καὶ
3687 3374 3857 3430 Μανι-

446 3477 532 3527 se,
563 3476 630 3516 ac
659 3458 908 3516 intactili
939 3458 1113 3514 modo
1146 3458 1455 3530 prodiisse,
1491 3475 1594 3516 nec
1615 3474 1888 3530 capacem
1916 3459 2098 3518 fuisse

449 3547 929 3606 communicaudi
960 3561 1095 3602 cum
1129 3551 1340 3603 natura
1368 3547 1652 3613 humana,
1680 3547 1740 3602 in
1790 3552 2096 3620 peccatum

444 3637 632 3710 lapsa,
663 3653 731 3692 ac
759 3634 1010 3708 principi
1043 3635 1315 3706 nequitiae
1345 3636 1634 3707 subjecta.
1667 3635 1726 3692 Si
1757 3638 1938 3703 enim,
1991 3638 2094 3703 ait,

449 3727 601 3784 hanc
626 3723 970 3797 assumpsit,
1002 3727 1060 3779 et
1089 3723 1340 3796 principi
1373 3724 1643 3796 nequitiae
1673 3724 1944 3781 Christus
1961 3725 2096 3781 sub-

445 3815 610 3872 ditus
637 3813 770 3885 erit,
796 3817 856 3869 et
911 3812 1130 3885 peccati
1181 3828 1387 3883 expers
1437 3829 1550 3868 non
1595 3814 1741 3881 erit;
1796 3815 1944 3871 752
1990 3815 2091 3872 sed

447 3903 748 3978 propriam
768 3915 1003 3957 carnem
1021 3899 1376 3966 exhibuisse,
1399 3901 1695 3971 inquiunt,
1730 3917 1798 3957 ex
1831 3919 1981 3969 sese,
2025 3918 2093 3960 ea

449 4011 566 4068 qua
584 3992 758 4049 libuit
777 3989 1185 4057 similitudine,
1208 4007 1278 4046 ex
1306 3991 1450 4047 caalo
1470 3991 1694 4048 scilicet
1723 3993 2002 4060 exhibita,
2035 3998 2093 4050 et

449 4085 508 4140 in
540 4081 753 4140 calum
783 4093 1071 4152 regressa,
1104 4079 1344 4134 demum
1374 4095 1503 4150 qua
1531 4085 1654 4137 tota
1682 4081 1764 4136 sit
1791 4082 2091 4140 divinitas.

441 4171 788 4229 Valentinus
799 4172 1024 4234 contra,
1045 4183 1280 4224 carnem
1295 4168 1529 4224 deitatis
1545 4173 1768 4240 partem
1787 4186 1917 4228 esse
1937 4188 2091 4228 com-

441 4264 697 4328 mentus,
717 4256 1053 4330 passionem
1071 4255 1339 4312 Trinitati
1358 4272 1729 4314 communem
1752 4258 1938 4315 fuisse
1958 4276 2087 4316 con-

435 4349 641 4408 tendit.
671 4345 846 4404 Arius
872 4360 1007 4402 vero
1037 4360 1273 4402 carnem
1305 4345 1516 4414 solam,
1539 4347 1609 4403 ad
1633 4347 2084 4406 occultationem

437 4435 762 4496 divinitatis
781 4433 1095 4490 confitetur
1127 4450 1142 4500 ;
1173 4434 1299 4490 vice
1329 4440 1523 4490 autem
1556 4435 1850 4492 interioris
1901 4438 2086 4495 nostri

435 4525 716 4590 hominis,
746 4523 805 4578 id
837 4526 926 4578 est
953 4521 1185 4590 animae,
1217 4521 1473 4578 Verbum
1506 4523 1589 4579 ait
1618 4524 1675 4578 in
1708 4540 1882 4581 carne
1907 4527 2083 4582 exsti-

433 4617 616 4685 tisse;
648 4611 977 4687 passionem
1008 4613 1066 4666 et
1093 4610 1164 4666 ab
1195 4610 1398 4667 inferis
1429 4613 1914 4670 resurrectionem
1937 4615 2080 4674 divi-

509 4815 622 4890 (12)
653 4810 820 4890 Gobl_.
848 4811 978 4880 Sag.
1019 4811 1100 4890 _et
1132 4808 1393 4890 [felckmz'
1419 4811 1471 4877 1,
1503 4807 1556 4862 ἐν
1581 4807 1783 4890 tanta»
1821 4812 1992 4890 Editi,
2026 4811 2079 4890 ἐν

433 4876 756 4962 corallo}:
780 4876 1109 4962 Segfsolous
1147 4876 1462 4962 habet,_'iva
1507 4879 1595 4933 καὶ
1628 4876 1894 4962 argento}:
2026 4883 2079 4962 έν

429 4962 511 5031 τῷ
539 4951 730 5031 πάθει,
750 4951 1317 5031 mequo-interpres
1342 4951 1556 5031 legisse
1587 4951 1837 5031 videtur,
1865 4951 1956 5009 ’ίνα
1987 4953 2079 5009 καὶ

429 5022 1109 5104 rpcm64_._l_1'abet_eni‘m‘.'
1138 5022 1528 5104 convertibilis,
1560 5028 1620 5104 et
1663 5022 1901 5104 quidem
1955 5043 2076 5104 me.

428 5091 566 5158 lius.
599 5099 771 5166 Editi,
797 5093 888 5149 'iva
936 5093 1033 5167 mi
1077 5091 1383 5167 ἄνθρωπος,
1412 5101 1532 5167 etc.
1568 5091 1697 5151 Moi
1743 5096 2076 5167 Goblerian.

426 5173 677 5228 Felckm.
712 5165 830 5224 1st
857 5165 1258 5240 Segrhabe‘nt,
1303 5165 1415 5240 mi_
1438 5165 1699 5227 ἀθάνατος
1749 5165 1820 5220 ὣν
1852 5165 1889 5240 ᾖ
1921 5167 2074 5230 Θεός.

425 5249 544 5301 Nos
574 5245 636 5298 in
664 5244 829 5297 tanta
873 5237 1192 5292 lectionum
1245 5237 1518 5294 varielate
1568 5247 1819 5294 veterem
1863 5237 2075 5296 lectio-

426 5333 560 5373 nem
595 5313 781 5370 secuti
813 5325 1043 5376 sumus,
1073 5311 1290 5380 quippe
1323 5325 1448 5380 qua:
1479 5314 1537 5364 et
1563 5327 1820 5381 congrua
1879 5313 2073 5368 videa-

423 5394 542 5456 tur,
564 5392 621 5442 et
649 5381 1042 5456 quorumdam
1068 5382 1572 5456 mss.auct_oritate
1595 5384 1880 5456 firmetur.
1901 5385 2071 5456 Ibid..

425 5432 1958 5532 ézgféaui'afégékjaf£313.35;3.1135615:
1971 5432 2073 5509 ἰζιᾶ

423 5522 585 5604 τοῦτο
611 5527 716 5604 γὰρ
872 5524 1028 5604 Infra
1052 5523 1548 5604 56317910551735.
1584 5522 1747 5580 ἀλλά.

473 5593 791 5731 θ(13Υ8ὸῗη
822 5596 852 5650 6
899 5593 1071 5668 Λόγος
1125 5593 1402 5650 τοῦ’Θεοῦ
1459 5597 1698 5671 γέγονεν.
1749 5595 1979 5653 Gobler.
2012 5600 2072 5654 et

527 5675 682 5730 ckm.
755 5668 816 5731 ,ὁ
855 5663 1023 5731 Λόγος
1051 5665 1290 5731 γέγονεν,
1323 5667 1497 5724 male.

427 5674 682 5731 Felckm.
716 5674 816 5737 1,6
855 5674 1023 5794 Δόγὶος
1051 5674 1290 5792 γέγονεν,
1323 5674 1497 5724 male.

427 5743 886 5871 agit/12.8mm
984 5738 1056 5794 ob
1086 5779 1100 5792 .
1147 5743 1208 5795 et
1254 5739 1507 5797 Felckm.
1569 5741 1620 5813 1,
1665 5738 2063 5814 θεωρουμένης,

464 5833 521 5870 ια
546 5833 625 5871 τε.

2208 3465 2391 3535 χαῖος,
2443 3460 2571 3514 Θεὸν
2624 3454 3011 3530 έπιδημήσατα
3063 3457 3114 3514 ἐν
3177 3459 3458 3536 Παρθένῳ,
3516 3460 3605 3514 καὶ
3657 3459 3858 3537 ἀθιγῶς

2207 3551 2317 3620 (18)
2368 3545 2808 3626 προεληλυθότα,
2860 3547 2950 3602 καὶ
2999 3545 3362 3612 ἀνεπιδέκτως
3415 3547 3614 3624 ἔχοντα
3661 3570 3859 3605 κοινω-

2205 3643 2364 3706 νῆσαι
2414 3634 2566 3713 φύσει
2621 3633 2957 3709 ἀνθρωπίνῃ,
2987 3638 3057 3709 τῇ
3111 3635 3538 3706 ὸποπεπτωκυίᾳ
3583 3634 3652 3711 τῇ
3680 3637 3856 3712 ἁμαρ-

2201 3726 2293 3796 τίᾳ
2321 3726 2454 3798 (19),
2483 3721 2573 3778 καί
2620 3723 2949 3797 ὑποκειμένῃ
2997 3727 3076 3796 τῷ
3115 3725 3347 3800 ἄρχοντι
3391 3730 3494 3794 τῆς
3541 3725 3759 3787 κακίας.
3795 3724 3859 3782 Ei

2200 3815 2302 3889 γάρ
2331 3813 2530 3884 ταύτην
2557 3811 2954 3887 προσηγάγετο,
2987 3811 3077 3867 καὶ
3104 3816 3186 3884 τῷ
3235 3813 3459 3890 ἄρχοντι
3505 3815 3608 3882 τῆς
3656 3813 3855 3876 κακίας

2201 3903 2563 3968 ὑποκείσεται,
2612 3902 2698 3957 καὶ
2746 3900 2846 3956 οὐκ
2886 3895 3032 3955 ἔσται
3083 3901 3262 3977 χωρὶς
3321 3903 3591 3976 ἁμαρτίας
3645 3903 3675 3957 6
3721 3909 3854 3974 Χρι-

2197 3992 2342 4056 στός·
2379 3989 2505 4046 ἀλλ’
2551 3987 2690 4045 ἰδίαν
2746 3993 2857 4062 (20)
2905 3991 3074 4064 σάρκα
3121 3987 3490 4066 ἐπιδεδεῖχθαι
3545 3989 3598 4062 ἐξ
3651 3992 3850 4048 ἑαυτοῦ

2197 4083 2313 4136 καθ’
2343 4080 2634 4152 ὁμοίωσιν,
2667 4078 2742 4140 ὡς
2771 4077 3034 4149 ἠθέλησεν
3088 4077 3138 4148 ἐξ
3183 4078 3415 4154 οὐρανοῦ
3447 4080 3728 4158 ὀφθεῖσαν,
3763 4081 3856 4136 καὶ

2198 4171 2275 4235 εἷς
2331 4166 2589 4246 οὐρανοὺς
2646 4168 2999 4243 χωρήσασαν,
3029 4167 3118 4222 καὶ
3175 4167 3406 4240 θεότητα
3456 4166 3597 4240 ὅλην
3659 4167 3855 4226 οὖσαν.

2195 4256 2554 4318 Οὐαλεντῖνος
2607 4253 2666 4310 δέ
2720 4253 2886 4310 πάλιν
2935 4255 3118 4310 κοινὸν
3149 4262 3250 4326 τῆς
3277 4254 3506 4331 Τριάδος
3556 4259 3620 4313 τὸ
3678 4260 3858 4322 πάθος

2196 4347 2365 4424 λέγει,
2394 4353 2493 4416 τῆς
2526 4344 2784 4416 θεότητος
2827 4343 2990 4420 μέρος
3032 4345 3132 4414 τὴν
3186 4346 3358 4421 σάρκα
3415 4347 3852 4424 φανταζόμενος.

2195 4440 2410 4512 ’Δρειος
2444 4432 2501 4490 δὲ
2535 4435 2706 4511 σάρκα
2741 4433 2912 4506 μόνην
2944 4434 3080 4507 πρὸς
3134 4434 3454 4512 ἀποκρυφήν
3504 4442 3605 4505 τῆς
3655 4435 3855 4507 θεότη-

2190 4547 2285 4589 τος
2312 4524 2598 4598 ὁμολογεῖ·
2631 4521 2748 4577 ἀντὶ
2775 4519 2833 4576 δὲ
2869 4527 2966 4576 τοῦ
3015 4519 3212 4586 ἔσωθεν
3268 4521 3321 4578 έν
3369 4526 3506 4597 ἡμῖν
3554 4523 3856 4600 ἀνθρώπου

2193 4618 2326 4690 (21),
2357 4612 2600 4670 τουτέστι
2637 4617 2738 4680 τῆς
2769 4613 2978 4687 ψυχῆς,
3008 4611 3100 4666 τὸν
3135 4610 3312 4686 Λόγον
3340 4611 3393 4668 ἔν
3430 4616 3499 4686 τῇ
3551 4615 3711 4688 σαρκὶ
3759 4611 3856 4669 λέ-

2265 4815 2378 4884 (15)
2408 4813 2566 4884 Seg.,
2599 4809 2628 4864 6
2656 4814 2756 4884 τῆς
2791 4810 3176 4884 Σαμοσατέων.

2261 4879 2370 4956 (l6)
2406 4879 3147 4956 Basil._Gobl.‘etljelckm.
3185 4884 3236 4956 1,
3267 4879 3460 4956 καὶᾲὼς
3482 4881 3672 4956 Δἀρχήν

2262 4949 2373 5028 (17)
2405 4949 2674 5028 ερεξηγτίνα
2717 4949 2845 5028 Θεὸς
2893 4949 2949 5028 ᾖ,
2988 4951 3184 5028 ,φῃσ-ὶν,
3288 4953 3375 5008 ἐπὶ
3423 4949 3638 5008 πάντα(
3671 4954 3850 5011 Gobl.

2189 5033 2246 5083 et
2268 5020 2608 5088 ‘Felckmri,
2635 5020 2726 5076 ’ἱνα
2755 5020 2949 5088 Θεὸςῇ
2980 5020 3022 5076 δ’
3039 5021 3126 5078 ἐπὶ
3158 5020 3346 5080 πάντα.

2276 5045 2526 5082 ιτθιοκω.
2557 5045 2608 5088 1,
2645 5045 2726 5076 ινα
2755 5045 2886 5082 uso:
2980 5045 3008 5076 ο
3039 5045 3126 5078 επι
3158 5045 3346 5080 παντα.

2259 5099 2369 5171 (18)
2403 5099 2559 5169 Seg.,
2603 5095 2692 5171 καὶ
2746 5093 2875 5171 Θεὸν
2914 5045 3143 5171 ἓθιγῶς.
3175 5097 3239 5154 In
3286 5097 3492 5154 eodem
3543 5095 3703 5152 infra
3751 5097 3847 5150 καί

2185 5162 2367 5231 deest.
2399 5162 2734 5225 ἃηῖθνπάντα
2763 5162 3149 5229 άνεπιδέκτως.

2258 5244 2368 5311 (19)
2403 5247 2556 5312 Seg.,
2595 5237 3022 5312 ὑποπεπτᾼωκυίᾳ
3058 5239 3316 5312 Δἁμαρτίᾳ
3355 5244 3457 5312 τῆς
3503 5236 3695 5312 κακίας
3749 5238 3847 5292 καὶ

2185 5309 2534 5384 smmum.
2562 5315 2692 5384 Seg.
2721 5314 2778 5384 et
2824 5309 3013 5384 Gobl_.,
3049 5309 3471 5381 ὑποπεπτωκυίᾳ
3526 5312 3594 5382 τῇ
3653 5311 3846 5384 ἆμαρ-

2179 5383 2267 5453 τίς
2325 5379 2422 5452 τῆς
2475 5379 2686 5455 κακίαξ.
2720 5379 3075 5455 ὑποκειμένῃ.
3111 5384 3243 5440 Mox
3287 5389 3416 5455 Seg.
3447 5379 3580 5455 post
3626 5379 3847 5452 ταῦτην

2182 5452 2376 5530 habet,
2401 5453 2560 5530 φησί.
2595 5453 2775 5530 Paulo
2805 5452 3192 5530 postLBasil”
3223 5455 3313 5530 καὶ
3345 5452 3607 5509 ο-ῦκέοτι.

2253 5528 2362 5597 (20)
2397 5523 2482 5582 l'ta
2511 5527 2640 5598 seg,
2668 5523 2842 5598 _G_obl._
2873 5529 2930 5580 et
2958 5525 3211 5598 Eelckm.
3245 5528 3298 5593 1,
3329 5543 3480 5598 quos
3501 5525 3847 5598 sequimur:

2177 5592 2520 5686 Editi'vero,
2552 5592 2679 5651 ἀλλ’
2709 5593 2932 5668 ὁμοίαν.
2968 5596 3098 5654 Mox
3127 5592 3304 5656 iidem
3337 5592 3762 5670 manuscripti,
3789 5593 3848 5664 ξε

2175 5687 2360 5722 αυτου.

2173 5741 2358 5886 Q35,321)
2391 5740 2629 5814 Seguer.
2660 5738 2995 5798 Goblerian.
3043 5745 3102 5798 et
3139 5740 3394 5799 Felckm.
3427 5743 3480 5810 1,
3512 5741 3688 5813 ἡμῶν
3751 5737 3848 5793 ἀν-

2240 5861 2242 5863 .
2291 5831 2418 5870 που.

2240 5831 2418 5870 ιοπου.
