4048 6366
265 455 419 515 H37

1120 456 1439 518 CONTRA
1480 454 2073 517 APOLLINARIUM
2114 455 2345 516 LIBER
2388 457 2824 520 SECUNDUS.

3520 460 3677 522 1138

262 608 353 662 γοι
384 586 686 664 γεγονέναι,
715 587 815 658 τήν
841 590 938 642 τοῦ
967 588 1175 651 πάθους
1199 587 1402 656 νόησιν,
1434 590 1523 643 καὶ
1561 591 1660 658 τὴν
1694 588 1745 659 ἐξ
1778 585 1898 659 ᾆδον.

2027 589 2194 644 nitati
2214 590 2504 646 ascribere
2527 606 2728 646 ausus.
2753 590 3039 646 Sabellius
3061 594 3258 648 autem
3280 591 3445 648 Pauli
3468 592 3672 649 Samo-

260 677 546 732 ἀνάστασιν
578 680 646 751 τῇ
700 678 914 747 θεότητι
962 680 1253 754 προσάγειν
1302 677 1550 751 τολμῶν.
1604 671 1907 738 Σαϐέλλιος

261 762 318 821 δὲ
363 770 460 821 τοῦ⁹
493 764 854 840 Σαμοσατέως
888 764 1109 823 Παύλου
1138 766 1228 821 καὶ
1267 772 1374 821 τῶν
1423 767 1539 821 κατ’
1586 764 1746 820 αὐτόν
1797 765 1910 819 ἄπι-

259 852 523 910 δέδεικται
570 858 670 925 τὴν
724 857 972 933 γνώμην
1019 853 1281 917 δεδοικὼς
1329 855 1431 930 γὰρ
1481 857 1581 924 τήν
1611 853 1659 927 ἐξ
1692 853 1905 930 Ἀρείου

257 941 540 1020 διαίρεσιν,
586 948 655 1018 τῇ
707 944 1022 1019 ἀναιρετικῇ
1070 945 1459 999 καταπέπτωκε
1490 944 1692 1017 πλάνῃ.
1727 945 1907 1016 Ὑμεῖς

254 1029 313 1087 δί
341 1034 448 1087 τίνι
480 1034 825 1108 πρόσκεισθε,
858 1033 894 1103 ἢ
922 1036 1029 1088 τίνι
1082 1034 1301 1109 βοηθεῖν
1361 1032 1622 1109 βούλεσθε
1652 1052 1665 1102 ;
1716 1036 1809 1101 "ll,
1841 1034 1904 1087 τὸ

252 1119 576 1196 λεγόμενον,
634 1122 921 1201 πάμφυλοι
970 1125 1082 1196 (22)
1130 1121 1425 1197 γεγόνατε;
1478 1126 1613 1176 Πᾶσι
1655 1121 1758 1195 γὰρ
1789 1126 1904 1181 τοῖς

252 1210 681 1286 προειρημένοις
720 1212 1015 1287 αἱρετικοῖς
1066 1211 1456 1286 συνηνέχθητε,
1512 1211 1902 1278 ἀπιστήσαντες

246 1302 317 1363 τῆ
349 1299 557 1354 ὲνώσει·
611 1299 701 1355 καὶ
752 1299 1123 1374 ἀντιλέγοντες
1169 1304 1237 1373 τῇ
1283 1297 1589 1375 πληρώσει,
1646 1298 1720 1360 εἰς
1750 1298 1901 1352 ἀναί-

250 1407 395 1463 ρεσιν
443 1391 823 1464 κεχωρήκατε,
878 1385 1190 1464 διαιρέσεως
1239 1386 1441 1443 δειλίαν
1475 1390 1588 1461 (23)
1626 1407 1900 1464 προφασι-

250 1474 491 1548 ζόμενοι.
543 1480 747 1553 ’Ὠσπερ
798 1474 856 1531 δὲ
902 1477 953 1531 οἱ
1004 1473 1331 1549 διαιροῦντις
1384 1479 1676 1549 μεμήνασι,
1726 1476 1815 1529 καὶ
1847 1477 1897 1530 οἱ

246 1566 641 1638 παραιροῦντες
713 1562 1111 1634 πεπλάνηνται,
1188 1563 1360 1627 οὕτως
1435 1565 1487 1619 οἱ
1557 1564 1898 1638 ἀναιροῦντες

249 1649 610 1707 ἀπόλλυνται·
672 1651 941 1723 ἀληθινῆς
998 1658 1099 1721 τῆς
1151 1652 1469 1725 οἰκονομίας
1526 1653 1896 1728 γεγενημένης

245 1742 380 1814 (24),
413 1739 502 1795 καὶ
530 1746 633 1811 τῆς
673 1739 930 1811 ἀληθείας
962 1741 1385 1819 φανερωθείσης,
1418 1742 1507 1796 καὶ
1536 1748 1638 1812 τῆς
1668 1742 1896 1817 χάριτος

249 1828 723 1905 μαρτυρουμένης.

2020 679 2292 747 satensis,
2324 681 2570 750 ejusque
2590 680 2927 750 sequacium
2957 680 3308 736 sententiam
3327 682 3670 753 probatzve-

2018 766 2168 821 ritus
2191 767 2347 821 enim
2367 769 2492 822 Arii
2515 768 2888 835 divisionem,
2936 766 2995 822 in
3018 785 3275 824 errorem
3307 770 3405 841 qui
3444 772 3671 841 (perso-

2016 857 2146 925 nas)
2168 856 2237 910 de
2260 856 2453 910 medio
2474 855 2629 910 tollit
2652 855 2929 926 delapsus
2954 859 3186 912 est.Vos
3208 862 3403 913 autem
3428 858 3666 914 cuinam

2016 944 2345 1012 adbmretis,
2367 944 2458 999 vcl
2485 945 2717 999 cuinam
2743 944 3015 1016 opitulari
3038 944 3215 1000 vultis
3235 946 3263 1000 ‘2
3299 950 3477 1012 Num,
3509 948 3663 1017 quod

2014 1034 2317 1104 proverbio
2350 1034 2551 1102 fertur,
2583 1032 2913 1101 Cujuslibet
2931 1033 3124 1089 tribus
3145 1034 3285 1089 estis
3308 1032 3332 1088 ?
3352 1032 3497 1090 Nam
3523 1036 3665 1090 dum

2015 1120 2214 1176 unioni
2248 1123 2420 1176 ﬁdem
2456 1123 2707 1194 negatis,
2741 1122 2879 1177 dum
2915 1122 3267 1193 plenitudini
3298 1124 3662 1196 repugnatis,

2012 1225 2147 1265 cum
2180 1212 2456 1266 omnibus
2487 1228 2668 1281 supra
2701 1211 3039 1267 memoratis
3069 1210 3357 1267 haereticis
3414 1228 3661 1268 consen-

2009 1299 2135 1353 titis
2160 1316 2173 1353 :
2211 1304 2487 1370 metuque
2515 1299 2843 1365 divisionis,
2870 1303 2936 1354 ut
2955 1299 3481 1367 causiﬁcamini,ad
3504 1301 3659 1373 (per-

2010 1392 2205 1455 sonas)
2226 1389 2574 1443 auferendas
2597 1387 2860 1443 animum
2886 1388 3220 1459 appulistis.
3236 1392 3451 1445 Verum
3477 1390 3659 1462 utqui

2010 1475 2298 1540 dividunt,
2331 1476 2654 1542 insaniunt,
2686 1479 2743 1531 et
2771 1476 2871 1547 qui
2904 1477 3239 1547 detrahunt,
3278 1481 3514 1545 errant;
3575 1477 3659 1534 sic

2009 1565 2109 1637 qui
2142 1567 2212 1620 de
2247 1566 2436 1621 :ziedio
2468 1565 2704 1632 tollunt,
2740 1564 2797 1619 in
2830 1564 3149 1636 perniciem
3198 1571 3376 1622 eunt:
3418 1582 3553 1623 cum
3601 1571 3661 1623 et

2008 1670 2140 1710 vera
2167 1653 2497 1709 incarnatio
2528 1654 2698 1717 facta,
2731 1659 2790 1709 et
2807 1655 3020 1710 veritas
3040 1654 3186 1723 visa,
3212 1654 3402 1727 gratia
3427 1671 3658 1728 quoque

2004 1743 2345 1799 testimonio
2376 1743 2753 1815 comprobata
2781 1743 2976 1799 fuerit.

315 1921 367 1973 4.
398 1917 459 1972 Τί
513 1917 695 1974 τοίνυν
747 1917 1211 1996 προφασιζόμενοι
1270 1921 1586 1997 σοφίζεσθε;
1641 1919 1693 1974 τί
1758 1920 1891 1973 ὑπο-

2075 1923 2247 1978 4.Ουιο
2263 1922 2461 1993 itaque
2483 1921 2729 1993 argutiis
2741 1922 3323 1995 sophismatibusque
3342 1925 3646 1981 contendi-

239 2007 555 2084 κρινόμενοι
616 2007 1025 2064 ὑποκαλύπτετε
1074 2011 1209 2082 (25),
1254 2008 1343 2063 καὶ
1393 2008 1454 2062 ού
1504 2013 1748 2086 φανερῶς
1802 2008 1891 2064 λέ-

241 2117 383 2173 γετε,
416 2094 498 2151 ὅτι
526 2095 658 2171 οὐχί
692 2091 875 2152 λαϐὼν
906 2095 1107 2151 δούλου
1158 2098 1373 2174 μορφὴν
1425 2096 1648 2172 γέγονεν
1684 2096 1892 2174 ἄνθρω-
1937 2108 1940 2111 ⁷

245 2203 371 2255 πος,
397 2184 527 2240 ἀλλ’
575 2186 657 2240 ὅτι
708 2184 862 2263 ὤφθη
913 2186 988 2247 ὡς
1039 2184 1365 2259 ἅνθρωπος;
1414 2185 1612 2255 ταύτην
1664 2186 1893 2262 παρέχει

251 2273 354 2340 τὴν
404 2276 588 2328 πεῦσιν
639 2272 795 2345 ὐμῶν
848 2276 955 2347 (26)
987 2275 1014 2328 6
1049 2274 1239 2349 λόγος,
1272 2274 1537 2352 προφάσει
1570 2274 1833 2351 λεγόντων
1862 2278 1896 2330 .6

253 2359 414 2424 αὐτὸς
444 2361 534 2416 καὶ
567 2363 595 2417 6
624 2360 802 2423 αὐτός.
844 2362 942 2417 Διά
969 2367 1129 2417 τοῦτο
1159 2363 1476 2437 καταλέγειν
1505 2365 1605 2428 τῆς
1653 2362 1896 2435 ἀληθοῦς

251 2450 566 2524 οἰκονομίας
595 2449 951 2526 ἐπειχειρεῖτε
980 2456 1456 2530 συκοφαντοῦντες,
1500 2452 1588 2507 καὶ
1621 2451 1895 2527 λέγοντεςο

251 2540 577 2616 ’Ἄνθρωπον
637 2539 855 2616 λέγουσι
913 2542 1003 2595 τὸν
1056 2542 1285 2616 Χριστὸν
1338 2542 1762 2610 θεοποιηθέντα..
1795 2542 1899 2599 Καί

249 2633 356 2684 ποῦ
382 2629 466 2697 τὸ,
499 2629 585 2684 Ἐν
621 2629 912 2705 ἀρχῇ
964 2629 1033 2699 ἦν
1081 2631 1109 2684 6
1162 2630 1381 2704 Λόγος;
1430 2630 1518 2685 καὶ
1570 2632 1652 2685 ὅτι
1703 2627 1898 2691 Λαϐὼν

254 2718 471 2796 μορφὴν
541 2714 744 2772 δούλου
820 2718 1027 2794 ἐγένετο
1100 2716 1417 2794 ἄνθρωπος;
1497 2718 1533 2787 ἢ
1612 2718 1896 2796 ἄνθρωπόν

249 2828 381 2886 φησι
417 2807 552 2879 μετὰ
580 2811 713 2863 Θεοῦ
744 2800 892 2876 ὄντα,
920 2808 955 2877 ἢ
990 2804 1272 2884 ἄνθρωπόν
1305 2830 1437 2886 φησι
1467 2813 1583 2880 Θεῷ
1755 2831 1897 2883 συμ-

260 2896 558 2965 πλακεντα,
591 2896 626 2965 ἢ
659 2896 943 2973 ἄνθρωπον
980 2898 1112 2973 ὑπὲρ
1152 2898 1361 2971 κόσμου
1406 2898 1758 2968 ἀποθανόντα,
1806 2901 1899 2954 καὶ

255 2985 417 3060 μέρος
447 2983 545 3040 τοῦ
570 2981 781 3058 κόσμου
827 2983 975 3054 ὄντα,
1006 2986 1042 3055 ἢ
1096 2984 1382 3062 ἄνθρωπον
1411 2994 1509 3055 τῆς
1540 2988 1804 3063 ἁμαρτίας
1837 2988 1898 3045 οὗ

250 3073 613 3150 χωρισθέντα,
648 3074 685 3144 ἢ
716 3074 999 3151 ἄνθρωπον
1032 3074 1278 3152 ἀγγέλων
1315 3074 1664 3145 δεσπόζοντα,
1722 3078 1756 3147 ἢ
1807 3079 1896 3133 ἀν-

253 3175 471 3238 θρωπον
509 3164 610 3218 ὑπὸ
650 3166 749 3233 τῆς
797 3164 1022 3227 κτίσεως
1077 3166 1570 3240 προσκυνούμενον,
1616 3167 1650 3236 ἢ
1698 3167 1899 3243 ἄνθρω-

251 3273 354 3308 πον
389 3252 582 3328 Κύριον
617 3249 767 3322 ὄντα,
814 3258 911 3326 τοῦ
958 3253 1297 3309 Ἀποστόλου
1342 3254 1623 3331 λέγοντος·
1682 3255 1898 3320 Παῦλος

2000 2012 2078 2066 tis
2097 2011 2125 2065 ?
2155 2028 2269 2080 qua
2298 2011 2369 2066 de
2398 2027 2577 2066 causa
2605 2010 2982 2066 simulatione
3022 2012 3307 2067 utimini?
3362 2018 3419 2069 et
3464 2030 3648 2085 quare

2002 2100 2195 2172 palam
2223 2116 2339 2155 non
2370 2099 2587 2165 dicitis,
2608 2117 2764 2167 eum,
2792 2117 2908 2155 non
2937 2106 3239 2173 assumpta
3258 2103 3409 2158 servi
3431 2101 3643 2171 forma,

2003 2189 2302 2244 hominem
2336 2190 2557 2245 factum
2590 2189 2794 2259 fuisse,
2823 2190 2924 2245 sed
2955 2189 3122 2261 quasi
3147 2190 3445 2246 hominem
3468 2208 3649 2263 appa-

2006 2279 2197 2334 ruisse
2221 2280 2241 2332 ἒ
2271 2295 2339 2333 ea
2369 2279 2584 2351 quippe
2614 2284 2703 2334 est
2728 2278 3204 2350 interrogationis
3232 2283 3435 2335 vestrae
3461 2280 3651 2352 signi-

2007 2368 2345 2439 ficatio,qua
2367 2365 2788 2434 fraudulenter,
2808 2367 3015 2439 ipse,et
3036 2367 3183 2439 ipse,
3207 2367 3417 2424 iterato
3439 2368 3650 2425 dicitis.

2006 2457 2255 2528 Ideoque
2270 2456 2813 2512 vermincarnationi
2837 2457 3131 2512 adversari
3152 2457 3658 2530 studetie,nosque

2008 2545 2323 2602 calumniis
2352 2546 2723 2618 oppugnatis,
2760 2545 3071 2616 dicitisque
3099 2561 3112 2601 :
3141 2546 3418 2602 Homines
3449 2545 3534 2601 illi
3569 2547 3659 2603 di-

2008 2640 2148 2691 cunt
2178 2635 2474 2689 Christum
2505 2650 2634 2690 esse
2664 2634 2960 2706 hominem
2993 2634 3092 2707 qui
3128 2640 3277 2691 Deus
3325 2634 3512 2691 factus
3561 2635 3655 2690 sit.

2007 2724 2225 2794 Ecquid
2258 2723 2371 2779 sibi
2400 2722 2526 2778 vult
2547 2722 2726 2779 illud:
2759 2726 2824 2779 In
2843 2725 3118 2795 principio
3136 2728 3257 2780 erat
3311 2726 3393 2780 Ve;
3410 2726 3544 2781 bum
3561 2725 3609 2761 ⁸⁸
3630 2725 3659 2780 ?

2008 2819 2084 2883 et,
2118 2819 2376 2870 Formam
2416 2814 2569 2868 servi
2611 2815 2888 2884 accipiens
2934 2812 2999 2880 ⁸⁸,
3058 2813 3247 2869 factus
3294 2818 3383 2869 est
3432 2813 3659 2869 homo?

2009 2889 2209 2974 quam,
2236 2906 2339 2957 aut
2370 2901 2692 2969 hominem,
2726 2902 2915 2966 aiunt,
2948 2917 3082 2956 cum
3115 2901 3231 2956 Deo
3251 2901 3653 2969 exsistentem,

2008 2996 2109 3048 aut
2138 2991 2435 3047 hominem
2468 2980 2582 3045 Deo
2614 2988 3046 3059 complicatum,
3080 2994 3179 3045 aut
3203 2989 3495 3046 hominem
3552 3007 3655 3062 pro

2010 3083 2231 3137 mundo
2263 3085 2585 3145 mortuum,
2618 3083 2676 3134 et
2699 3078 2798 3150 qui
2821 3095 2957 3150 pars
2980 3079 3185 3134 mundi
3209 3079 3285 3134 sit
3309 3096 3321 3133 :
3347 3083 3449 3135 aut
3469 3080 3657 3136 homi-

2012 3186 2141 3226 nem
2176 3170 2395 3242 peccati
2425 3185 2538 3223 non
2573 3174 2864 3238 expertem
2897 3184 2910 3223 :
2945 3173 3048 3223 aut
3078 3168 3373 3224 hominem
3432 3169 3657 3242 angelis

2012 3262 2433 3332 imperantem:
2468 3263 2569 3312 aut
2602 3257 2898 3312 hominem
2931 3257 3026 3327 qui
3060 3275 3092 3312 a
3116 3257 3401 3313 creaturis
3454 3258 3658 3314 adore-

253 3325 474 3404 δοῦλος⁷
513 3344 693 3413 Ἰησοῦ
751 3325 1006 3418 Χριστοῦ·
1067 3344 1101 3412 ἢ
1167 3325 1449 3418 ἄνθρωπον
1503 3348 1896 3422 σταυρωθέντα,

2013 3325 2146 3406 tur:
2182 3354 2285 3404 aut
2319 3346 2612 3403 hominem
2645 3347 2741 3417 qui
2778 3325 3063 3402 Dominus
3094 3346 3193 3417 sit,
3242 3347 3469 3402 dicente
3512 3350 3659 3419 Apo-

248 3432 340 3487 καὶ
374 3432 573 3507 Κύριον
603 3434 700 3500 τῆς
751 3428 914 3502 δόξης
972 3429 1121 3499 ὄντα,
1180 3433 1215 3501 ἢ
1268 3433 1550 3508 ἄνθρωπον
1608 3436 1893 3491 ἀκούοντα·

254 3519 427 3577 Κάθου
460 3520 521 3576 έκ
563 3518 746 3592 δεξιῶν
809 3542 934 3594 μου·
985 3522 1019 3591 ἣ
1081 3520 1361 3596 ἄνθρωπον
1423 3524 1721 3600 ἐρχόμενον
1779 3526 1897 3603 κρί-

252 3632 333 3665 σιν
375 3616 575 3686 κρῖναι.
639 3609 787 3681 Αὕτη
838 3610 981 3666 ἐστὶν
1037 3612 1188 3684 ὑμῶν
1244 3614 1279 3681 ἡ
1340 3612 1541 3686 θολερά
1596 3615 1895 3689 ἀνατροπὴ,

249 3700 311 3768 ἣν
366 3699 615 3768 ποτίζετε
667 3699 795 3761 τοὺς
848 3699 1185 3772 ἀνθρώπους,
1241 3702 1331 3756 καὶ
1384 3702 1691 3773 μεθύσκετε.
1726 3704 1897 3780 Ἐριο-

248 3789 447 3859 τήσατε
478 3789 656 3843 τοίνυν
712 3786 1033 3856 Ἰουδαίους,
1085 3787 1195 3857 τίνα,
1245 3794 1412 3844 ταῦτα
1455 3793 1583 3867 παρ’
1630 3793 1808 3847 αὐτῶν
1842 3794 1897 3848 ἀ-

249 3876 537 3939 κούσαντες
593 3877 660 3932 τὰ
708 3876 925 3953 ῥήματα
982 3878 1118 3933 κατά
1176 3881 1410 3955 Χριστοῦ
1469 3878 1755 3956 λεγόμενα,
1804 3885 1891 3938 καὶ

249 3971 357 4022 τῶν
392 3966 469 4027 εἲς
530 3965 686 4020 αὑτὸν
747 3966 1206 4037 πεπιστευκότων,
1266 3962 1639 4043 ἕρυθριάσητεο
1704 3976 1897 4042 μάθετε

252 4054 310 4110 δὲ
338 4055 428 4109 καὶ
458 4057 606 4128 παρὰ
658 4059 767 4109 τῶν
812 4052 998 4110 ἄλλων
1045 4056 1348 4130 αἱρετικῶν,
1378 4057 1445 4111 τὰ
1475 4057 1608 4112 αὐτὰ
1660 4058 1894 4115 λαλούν-

247 4164 357 4199 των
388 4142 477 4197 καὶ
510 4141 876 4218 φρονούντων.
930 4145 1243 4218 Προκείσθω
1298 4146 1481 4200 τοίνυν
1534 4152 1639 4201 τῶν
1693 4150 1896 4224 αἱρετι-

248 4237 360 4288 κῶν
392 4231 460 4287 τὰ
490 4228 737 4306 δόγματα
794 4232 901 4304 (29)
962 4232 1049 4287 καὶ
1094 4240 1194 4303 τῆς
1267 4235 1526 4310 ὑμετέρας
1582 4241 1897 4314 φρονήσεως

249 4324 285 4392 ἡ
318 4321 538 4397 γνώμη,
570 4321 659 4375 καὶ
697 4327 799 4390 τῆς
829 4322 1099 4397 ἡμετέρας
1126 4324 1359 4388 πίστεως
1390 4325 1418 4378 6
1446 4324 1631 4401 λόγος,
1681 4327 1770 4381 καὶ
1800 4334 1896 4382 τοῦ

250 4410 592 4489 Εὖαγγελίου
624 4411 653 4465 6
687 4408 837 4486 ὅρος,
869 4410 957 4466 καὶ
987 4415 1096 4466 τῶν
1128 4411 1449 4469 ἀποστόλων
1502 4415 1563 4468 τὸ
1619 4418 1894 4492 κήρυγμα,

249 4500 339 4555 καὶ
369 4504 477 4555 τῶν
506 4504 805 4578 προφητῶν
837 4502 872 4570 ἡ
909 4499 1195 4576 μαρτυρία,
1226 4500 1314 4555 καὶ
1360 4509 1459 4571 τῆς
1511 4502 1897 4579 πληρωθείσης

250 4588 563 4661 οἰκονομίας
593 4592 628 4659 ἡ
659 4588 1005 4660 κατανόησις.

2008 3440 2194 3496 stole:
2233 3438 2441 3494 Paulus
2470 3452 2654 3492 servus
2701 3440 2838 3492 Jew
2878 3434 3091 3491 Christi
3109 3436 3189 3490 ηε
3226 3439 3328 3490 aut
3356 3435 3656 3491 hominem

2009 3529 2375 3592 crucifixum,
2402 3527 2498 3597 qui
2533 3524 2817 3579 Dominus
2849 3525 2926 3579 sit
2955 3525 3151 3596 gloriae
3179 3540 3193 3579 :
3227 3529 3327 3580 aut
3357 3525 3654 3581 hominem

2010 3619 2112 3691 qui
2143 3619 2265 3672 hac
2298 3617 2499 3693 audiat
2533 3632 2545 3669 :
2580 3613 2713 3670 Sede
2740 3630 2773 3668 a
2803 3613 3011 3669 dextris
3039 3616 3178 3670 meis
3205 3615 3285 3668 δτι
3321 3619 3422 3669 aut
3464 3615 3655 3670 homi-

2004 3725 2138 3777 nem
2170 3706 2269 3777 qui
2298 3708 2579 3759 venturus
2611 3703 2708 3765 sit,
2745 3707 2807 3756 ut
2837 3703 3119 3757 mundum
3144 3703 3392 3773 judicet.
3421 3705 3547 3758 Haec
3568 3710 3657 3760 est

2010 3799 2187 3852 lutosa
2212 3798 2407 3848 vestra
2441 3793 2744 3856 subversio,
2770 3806 2887 3861 qua
2908 3790 3179 3846 homines
3216 3791 3429 3861 potatis
3469 3795 3527 3845 et
3565 3791 3653 3845 in-

2009 3884 2247 3942 ehriatis
2268 3884 2331 3937 33.
2360 3883 2718 3951 lnterrogate
2738 3895 2875 3951 ergo
2892 3878 3217 3945 Judaaos,ut
3233 3896 3365 3934 cum
3385 3878 3506 3933 haec
3527 3880 3653 3950 ipsa

2007 3974 2184 4029 verba
2214 3975 2413 4028 contra
2445 3970 2767 4035 Christum,
2801 3974 2859 4022 et
2887 3972 3088 4022 contra
3120 3967 3553 4024 Christifideles
3578 3968 3651 4023 ab

2006 4064 2126 4119 illis
2159 4061 2385 4134 prolata
2412 4057 2736 4123 audieritis,
2770 4057 3147 4112 erubescatis.
3179 4056 3395 4111 Discite
3420 4070 3653 4129 quoque

2008 4154 2079 4208 ab
2110 4150 2238 4205 aliis
2272 4148 2576 4206 haereticis.
2613 4146 2710 4213 qui
2744 4147 2948 4200 eadem
2981 4160 3108 4215 qua:
3131 4161 3233 4200 vos
3256 4144 3578 4216 loquuntur
3597 4152 3655 4201 et

2007 4238 2360 4298 sentiunt.ln
2385 4237 2645 4290 medium
2662 4235 2771 4289 add
2784 4233 3655 4304 ucanturitaquehzereticorum

2007 4332 2303 4400 dogmata,
2334 4329 2526 4380 vestra
2553 4323 2862 4389 sententia,
2888 4321 3021 4376 fidei
3048 4326 3258 4377 nostra
3280 4322 3450 4380 ratio.
3473 4324 3659 4379 Evan-

2007 4419 2143 4492 gelii
2179 4414 2464 4479 definitio,
2498 4410 2898 4484 apostolorum
2944 4410 3298 4482 pradicatio,
3345 4412 3660 4485 prephem-

2007 4525 2139 4564 rum
2171 4504 2596 4569 testimonium,
2630 4506 2686 4556 et
2716 4506 2961 4572 peractae
2992 4501 3327 4556 mcenomize
3352 4517 3521 4558 verus
3545 4519 3663 4558 mo-

2007 4599 2120 4654 dus
2148 4609 2402 4666 veraque
2432 4592 2602 4647 ratio.

319 4680 374 4733 5.
408 4676 612 4734 Εῗπατε
634 4678 840 4748 τοίνυν,
875 4683 992 4741 πῶς
1026 4676 1214 4755 λέγετε
1243 4681 1373 4734 Θεὸν
1406 4679 1467 4735 ἐκ
1516 4684 1757 4756 Ναζαρὲτ
1788 4688 1898 4761 (40)

2079 4687 2133 4740 5.
2165 4682 2533 4755 Respondete
2561 4680 2762 4753 igitur,
2798 4696 2916 4751 qua
2948 4679 3171 4736 ratione
3222 4680 3417 4736 dicitis
3469 4681 3655 4736 Deum

248 4768 585 4842 γεγενῆσθαι,
616 4774 718 4836 τῆς
768 4766 1027 4836 θεότητος
1072 4769 1147 4829 ὡς
1200 4768 1381 4843 ἀρχὴν
1428 4769 1683 4845 γενέσεως
1732 4771 1899 4848 ἀπαγ-

250 4852 544 4931 γέλλοντες
599 4857 737 4911 κατά
788 4855 1003 4911 Παῦλον
1056 4857 1147 4911 τὸν
1197 4858 1537 4930 Σαμοσατέα,
1587 4859 1623 4928 ἢ
1653 4867 1751 4924 τῆς
1776 4883 1899 4940 σαρ-

2008 4795 2076 4834 ex
2102 4774 2383 4832 Nazareth
2420 4774 2635 4828 factum
2670 4772 2871 4838 fuisse,
2904 4769 3221 4842 deitatique
3243 4771 3479 4826 initium
3505 4771 3656 4827 exsi-

2008 4866 2201 4923 stendi
2223 4868 2392 4936 juxta
2422 4860 2671 4916 Paulum
2700 4863 3170 4915 Samosatensem
3204 4859 3499 4916 ascribitis
3521 4877 3534 4927 ;
3554 4865 3658 4916 aut

323 4964 370 4999 ⁸⁸
397 4964 563 5022 Joan.
598 4982 637 5032 ι,
672 4965 723 5020 1.
799 4963 845 4998 ⁸⁸
876 4963 1125 5037 Philipp.
1160 4983 1221 5036 ιι,
1253 4968 1308 5021 7.
1386 4967 1431 5002 ⁸⁵
1472 4968 1639 5024 Rom.
1674 4987 1712 5037 I,
1749 4971 1800 5025 1.
1876 4972 1898 5006 ⁸

2013 4973 2105 5031 sal.
2141 4989 2255 5038 cxx,
2289 4971 2339 5024 1.
2415 4968 2461 5003 ³⁸
2492 4966 2706 5022 Hahae.
2744 4964 2921 5031 11,15.

324 5070 436 5149 (22)
471 5067 761 5149 Πάμφυλοι
785 5068 1062 5149 γεγόνατε,
1096 5088 1299 5128 omnes
1341 5074 1457 5129 fere
1488 5077 1897 5149 manuscripti.

253 5139 404 5216 Ediiti
420 5139 590 5216 'vero,
611 5139 899 5216 ’πάμφι-λοι
929 5141 1209 5216 γεγόνατε.

324 5213 597 5291 (231363.
629 5213 1130 5291 Anglican.'G'obl.
1176 5221 1234 5271 et
1274 5216 1527 5272 Felckm.
1586 5220 1636 5285 1,
1702 5213 1902 5291 διαιρέ·

252 5282 391 5346 σεως
423 5282 682 5356 διάνοιαν,
717 5282 914 5340 ἷιιίουε
945 5292 1117 5343 recte.

347 5359 437 5427 24)
468 5357 790 5432 Seg._Gobl.
826 5364 883 5412 et
910 5358 1162 5432 Felckm.
1196 5359 1595 5432 1,_yevop.évnc.

344 5432 435 5501 25)
467 5428 640 5485 Basil.
675 5438 800 5499 Seg.
832 5429 999 5483 Gobl.
1034 5435 1091 5484 et
1119 5428 1374 5501 Eelck'm:
1416 5428 1473 5501 ⁷1,
1502 5428 1899 5501 ,ἐπικαλύπτε-

248 5497 487 5576 1::_.M_b_x
523 5503 579 5576 in
613 5502 731 5576 hac
757 5497 954 5576 Verba,
989 5501 1070 5554 ὅτι
1105 5499 1233 5576 οὐχὶ.
1268 5497 1468 5576 λαϐὼν
1494 5500 1704 5576 δούλουΔ
1760 5523 1900 5576 μορ-

290 5570 356 5638 ἠν
392 5572 420 5626 ὁ
453 5569 817 5659 δοξανπάτρης,
851 5571 1124 5659 aliusque
1154 5569 1501 5659 scholiastes
1534 5574 1591 5628 in
1618 5569 1806 5659 Felck.
1836 5569 1894 5659 2,

253 5644 352 5716 ὅρα
380 5644 471 5697 καὶ
499 5648 661 5699 τοῦτο
694 5644 700 5646 ⁷
730 5645 909 5728 (quod
955 5644 1181 5700 scilicet
1236 5647 1406 5713 quasi
1455 5647 1629 5701 homo
1659 5654 1835 5712 esset,
1868 5648 1897 5700 ὁ

253 5714 835 5791 ᾼόγοςηαρρειιιιζβιυιι)
865 5715 1023 5787 οἶμαι
1052 5715 1142 5770 τὸν
1174 5714 1433 5790 θεόλογον
1468 5713 1893 5791 δέχεσθαιλδίά.

251 5784 407 5857 803.,
446 5784 651 5863 ἐγίνετο
682 5784 968 5865 ἅνθρωπος

2086 5080 2196 5149 (26)
2220 5073 2462 5149 Ταύτην-
2492 5072 2593 5149 γὰρ
2652 5065 2913 5149 ᾔει-τήν
2951 5072 3153 5149 πεῦσιν
3202 5070 3231 5149 6
3276 5066 3446 5149 λόγος
3480 5070 3656 5149 ὖμῷν,

2011 5143 2140 5222 Seg.
2178 5143 2340 5222 item,
2367 5143 2530 5222 Go_bl'.
2565 5143 2904 5222 et‘FelckIn.
2942 5144 2968 5197 1
3002 5143 3242 5213 habent,
3271 5146 3478 5199 πεῦσιν.
3520 5143 3654 5201 Edi-

2012 5214 2300 5289 ῐίξὲαύτην
2328 5214 2556 5293 παρέχει
2588 5214 2687 5293 τὴν
2720 5217 2956 5293 πνεῦσιν.

2106 5295 2195 5362 27)
2226 5282 2382 5362 Seg.,
2408 5282 2509 5342 ’κάῖ
2536 5285 2699 5342 πάλιν
2729 5285 2793 5362 τὸ
2825 5282 2877 5337 ἰν
2907 5284 3076 5359 ἀρχῇ.

2229 5364 2301 5418 "H
2320 5360 2615 5434 ἄνθρωπον
2636 5360 2783 5434 θεῷ,
2801 5364 2940 5434 _Seg.

2081 5424 2387 5514 (mitium.
2417 5424 2473 5487 et
2501 5424 2756 5514 Felckrm
2794 5430 2845 5493 1,
2876 5424 3022 5514 ποιρά
3042 5429 3181 5514 τῷν,
3210 5424 3396 5514 ἄλλων
3450 5427 3661 5503 αἱρετι-

2009 5497 2117 5560 κῶν
2150 5497 2214 5560 τὰ
2247 5503 2688 5578 δόγματαηΜοκ
2715 5502 2869 5578 Se_g.,
2902 5497 2979 5578 to:
2996 5497 3131 5578 αὐτὰ
3160 5497 3312 5578 ὑμῖν.

2079 5582 2191 5648 (30)
2223 5567 2369 5648 δρέξ
2401 5576 2622 5645 Anglic.
2656 5567 2910 5648 tlobl:._et
2944 5567 3208 5648 Felckm.
3258 5574 3332 5648 1,_
3363 5567 3454 5648 ἐκ⁸
3479 5574 3657 5648 Ναζα-

2007 5641 2408 5723 ρέτ.Ε(]ἱῐί”έν
2471 5641 2736 5722 Ναζαρέτ.
2797 5644 2925 5699 Mox
2984 5641 3059 5703 ὡς
3118 5649 3253 5699 ante
3307 5642 3509 5718 ἀρχήν.
3556 5646 3656 5702 de-

2005 5722 2094 5778 est
2126 5722 2183 5777 in
2210 5727 2335 5792 Seg.
2700 5748 2705 5752 τ
