4048 6388
229 476 384 537 1146

1073 474 1387 538 CONTRA
1432 471 2021 538 APOLLINARIUM
2069 472 2297 532 LIBER
2341 470 2777 533 SECUNDUS.

3475 465 3631 526 1146

230 603 329 681 ᾃδῃ
385 610 497 681 (56)
552 609 920 684 κατεχομένας
981 611 1162 685 ψυχας
1219 609 1499 680 πνεύματα
1552 606 1824 679 ὀνομάσας
1858 650 1873 677 ,

2004 607 2236 678 spiritus
2265 622 2500 676 vocans,
2533 606 2616 660 ait
2647 622 2660 661 :
2695 604 2864 666 Abiu,
2895 611 2954 659 ut
2983 603 3176 673 εἰς,ᾳαὶ
3205 602 3266 657 in
3294 615 3511 657 carcere
3532 602 3630 655 in-

231 689 428 771 ἕλεγεν·
510 695 808 772 Ἐπορεύθη
886 701 1002 758 τοῖς
1083 696 1133 751 ἐν
1220 701 1437 775 φυλακῆ
1523 693 1876 751 κατακεκλει-

232 783 450 856 σμένοις
533 785 828 858 πνεύμασιν
915 783 1353 862 εὐαγγελίσασθαι
1437 786 1536 853 τήν
1629 783 1876 840 ἀνάστα-

233 893 313 926 σιν
349 892 362 942 ;
398 870 574 928 Ἀλλὰ
615 874 769 947 ὑμεῖς
814 875 988 929 πάντα
1035 875 1180 950 παρὰ
1227 874 1382 952 φύσιν
1423 873 1604 949 λέγετε
1631 873 1721 928 καὶ
1756 872 1874 926 ὀνο-

233 962 447 1034 μάζετε,
474 959 566 1017 ’ίνα
599 965 672 1036 μή
726 983 858 1018 ποτε
908 963 1043 1018 κατὰ
1093 961 1248 1040 φύσιν
1295 960 1765 1038 διηγούμενοιτὴν
1794 959 1876 1015 oi-

229 1050 490 1122 κονομίαν
524 1050 932 1122 ἑπαληθεύσητε
981 1056 1062 1123 τῷ
1121 1052 1302 1128 Λόγῳ,
1361 1050 1444 1106 ὅτι
1502 1048 1591 1106 καί
1625 1053 1736 1123 (57)
1786 1046 1874 1103 ἄν·

232 1149 448 1214 θρωπος
502 1139 716 1215 γέγονεν
780 1139 1005 1210 ἀληθῶς
1036 1141 1063 1195 ὁ
1107 1140 1306 1215 Λόγος.
1339 1141 1611 1215 Εἱρήκατε
1638 1138 1760 1214 γὰρ,
1793 1136 1876 1191 ὅτι

230 1229 388 1305 φωνή
416 1233 549 1283 Θεοῦ
581 1229 720 1286 ἐστιν
752 1232 788 1298 ἡ
837 1228 1092 1304 λέγουσα,
1125 1228 1209 1284 ὅτι
1255 1231 1526 1304 Ἐγκειται
1577 1229 1612 1298 ἠ
1668 1225 1880 1281 διάνοια

229 1320 329 1370 τοῦ
385 1318 674 1390 ἀνθρώπου
743 1316 830 1372 ἐπὶ
877 1317 946 1372 τὰ
995 1317 1211 1393 πονηρὰ
1265 1317 1542 1390 ἐπιμελῶς
1597 1315 1656 1371 ἐκ
1699 1313 1881 1385 νεότη-

230 1423 346 1467 τος·
381 1405 442 1459 οὐ
487 1411 755 1474 νοοῦντες,
807 1406 912 1474 ὅτι,
966 1405 1027 1462 ἐκ
1073 1406 1357 1476 νεότητος,
1417 1405 1674 1482 εἰρηκώς,
1705 1405 1766 1459 τὸ
1826 1402 1878 1473 ἐξ

229 1492 528 1569 ἐτ’ἔισπορᾶς
557 1495 646 1549 καὶ
679 1494 939 1569 ἐπίκηρον
971 1497 1084 1567 (58)
1112 1492 1377 1566 ἐδήλωσε.
1429 1495 1526 1549 Διὰ
1581 1498 1741 1550 τοῦτο
1799 1487 1878 1546 ὥ-

234 1601 388 1654 μοσε.
441 1582 638 1658 Κύριος
693 1587 773 1654 τῷ
826 1577 998 1637 Λαϐἰδ
1059 1581 1349 1654 ἀλήθειαν,
1415 1582 1475 1638 ἐκ
1525 1585 1736 1657 καρποῦ
1777 1587 1879 1649 τῆς

229 1667 446 1734 κοιλίας
473 1670 639 1725 αὐτοῦ
669 1671 966 1740 ἀναστῆσαι
1013 1672 1106 1728 τὸν
1149 1674 1381 1748 Χριστὸν
1414 1672 1476 1726 τὸ
1503 1671 1640 1726 κατὰ
1687 1669 1874 1745 σάρκα’

231 1757 360 1834 οὖχί
394 1756 561 1834 ἄνδρα
606 1759 665 1814 ἐκ
725 1762 1138 1833 μεταποιήσεως
1191 1761 1444 1831 θεότητος
1502 1757 1878 1835 ὀφθησόμενον

234 1847 374 1922 (ἰπεί
401 1847 487 1911 τίς
511 1849 577 1917 ἧν
611 1847 772 1925 χρεία
799 1853 896 1904 τοῦ
928 1847 1124 1922 ὀμόσαι
1155 1854 1236 1922 τῷ
1269 1846 1432 1904 Δαϐὶδ
1482 1850 1573 1904 τὸν
1621 1847 1814 1922 Κύριον
1842 1849 1878 1920 ;)

230 1935 383 1992 ἀλλὰ
413 1931 652 1992 λαϐόντα
679 1939 778 2006 τὴν
808 1943 906 1993 τοῦ
938 1936 1141 1994 δούλου
1188 1941 1402 2016 μορφὴν
1458 1937 1512 1994 ὲν
1557 1938 1737 2012 ἀνοχῇ
1779 1943 1878 2005 τῆς

233 2027 535 2102 γεννήσεως
567 2028 681 2100 (59)
737 2033 837 2096 τῆς
887 2027 946 2083 ἐκ
991 2029 1246 2103 γυναικὸς
1294 2029 1385 2083 καὶ
1436 2027 1711 2098 αὐξήσεως
1752 2024 1880 2096 ἠλι-

241 2115 364 2177 κίας
391 2122 492 2184 τῆς
529 2116 647 2169 καθ’
698 2118 869 2189 ἡμᾶς,
919 2115 994 2179 ὥς
1044 2137 1205 2194 φησιν
1250 2119 1280 2173 6
1326 2115 1682 2180 Ἀπόστολοςο
1735 2116 1886 2173 Έπεὶ

243 2201 336 2258 οὖν
408 2205 474 2258 τά
545 2201 735 2259 παιδία
803 2206 1200 2277 κεκοινώνηκεν
1253 2204 1482 2278 αἳματος
1529 2205 1618 2260 καὶ
1667 2203 1884 2275 σαρκὸς,

239 2291 330 2348 καὶ
372 2292 532 2354 αὐτὸς
586 2293 985 2369 παραπλησίως
1045 2298 1158 2368 (60)
1229 2296 1460 2370 μετέσχε
1522 2293 1629 2349 τῶν
1687 2291 1882 2349 αὒτῶν·

239 2379 640 2457 παραπλησίως
673 2384 767 2455 μὲν
800 2385 935 2457 (61),
968 2382 1050 2438 ὅτι
1083 2383 1180 2439 οὐκ
1210 2383 1269 2439 ἐκ
1297 2385 1628 2458 σπέρματος,
1671 2381 1795 2438 ἀλλ’
1827 2382 1888 2436 ἐκ

240 2470 575 2544 Πνεύματος·
609 2476 718 2527 τῶν
745 2469 803 2527 δὶ
831 2473 1031 2541 αὑτῶν,
1057 2472 1140 2527 δτι
1171 2472 1280 2548 οὐχ
1321 2472 1602 2549 ἑτέρωθεν,
1652 2469 1779 2527 ἀλλ’
1827 2470 1886 2526 ἐκ

237 2559 547 2635 σπέρματος
572 2565 671 2616 τοῦ
702 2556 868 2616 Δαὸὶδ
899 2563 985 2617 καὶ
1017 2566 1116 2617 τοῦ
1138 2557 1410 2638 Ἀϐραὰμ,
1442 2562 1534 2616 καὶ
1563 2565 1660 2616 τοῦ
1684 2558 1882 2633 Ἀδὰμ,

240 2649 317 2713 ὡς
340 2651 657 2726 γέγραπται.
1535 2682 1537 2684 -

309 2739 365 2794 9.
396 2742 522 2802 Πῶς
577 2736 693 2808 οὖν,
750 2738 1112 2815 παρελθόντες
1156 2741 1252 2802 τὰς
1310 2738 1460 2813 ἁγίας
1518 2739 1750 2812 Γραφὰς,
1794 2739 1884 2795 καὶ

239 2829 338 2894 τῆς
394 2825 649 2898 ἀληθείας
705 2827 804 2895 τήν
853 2829 1182 2903 φανέρωσιν,
1226 2827 1428 2904 λέγετε,
1479 2826 1563 2882 ὅτι
1604 2827 1652 2882 εί
1705 2829 1781 2900 μὴ
1834 2826 1887 2898 ἐξ

243 2916 435 2971 ἑαυτοῦ
487 2918 600 2989 (62)
648 2916 785 2989 ἀνὴρ
828 2912 1010 2994 ὤφθη,
1079 2915 1228 2974 ἀλλὰ
1291 2913 1476 2973 λαϐὼν
1541 2916 1885 2992 ἀνθρωπίνην

244 3003 492 3079 ὕπαρξιν,
546 3003 758 3080 ἐγένετο
812 3003 1141 3074 (ἄνθρωπος’
1208 3007 1347 3078 πρὸς
1411 3003 1579 3079 ἄνδρα
1621 3006 1724 3077 ἄρα
1771 3027 1891 3060 συν-

243 3095 434 3171 ήφθη’
494 3089 640 3148 ἔσται
697 3091 756 3148 δδ
809 3093 900 3148 καὶ
958 3096 986 3148 6
1043 3093 1371 3169 σταυρωθεὶς
1430 3093 1633 3168 Κύριος
1678 3099 1778 3162 τῆς
1827 3090 1889 3147 δό

245 3183 344 3252 ξης
374 3178 700 3255 ἄνθρωποςς
761 3181 880 3238 Ἐὰν
940 3181 1030 3237 οὖν
1091 3181 1360 3252 ἀκούσητε
1405 3180 1502 3238 τοῦ
1537 3180 1740 3257 Πέτρου
1794 3180 1889 3236 λέ-

243 3288 456 3345 γοντος·
529 3275 726 3325 Τοῦτον
792 3271 882 3325 καὶ
950 3272 1180 3347 Χριστὸν

243 3357 469 3429 ἐποίησε
565 3360 656 3414 τὸν
760 3357 967 3430 Ἰησοῦν
979 3405 992 3430 ,

241 3447 333 3503 ἰπὶ
360 3447 508 3512 τίνος
537 3449 634 3516 τήν
665 3448 887 3519 ποίησιν
923 3443 1230 3522 λαμϐάνετε
1256 3470 1270 3519 ς
1303 3449 1348 3505 εἰ
1385 3450 1481 3522 μὲν
1513 3449 1598 3505 ἐπὶ
1645 3456 1748 3519 τῆς
1793 3454 1890 3505 τοῦ

243 3536 428 3612 Λόγου
487 3537 744 3608 θεότητος
787 3541 938 3611 (63),
991 3538 1043 3592 τί
1099 3535 1176 3594 ἔτι
1232 3540 1532 3612 Ἀρειανοῖς
1594 3540 1889 3616 μέμφεσθε,

238 3627 309 3681 τὰ
341 3625 428 3680 ἴσα
457 3624 678 3688 ἐκείνοις
709 3631 1066 3704 φρονοῦντες;
1121 3626 1167 3681 εἰ
1200 3625 1258 3681 δὲ
1286 3625 1372 3681 ἐπὶ
1422 3633 1522 3695 τῆς
1569 3626 1624 3681 ἐν
1671 3631 1751 3698 τῷ
1794 3622 1894 3681 Λό-

241 3736 324 3790 γῳ
351 3718 448 3769 τοῦ
479 3711 681 3769 δούλου
716 3722 956 3793 μορφῆς,
987 3714 1040 3770 τί
1072 3710 1149 3770 ἔτι
1184 3715 1393 3776 ἑαυτοῖς
1437 3717 1550 3789 (64)
1614 3716 1891 3790 μάχεσθε;

242 3802 373 3859 ἀλλ’
406 3802 512 3879 οὐχ
541 3803 720 3865 οὕτως
773 3805 931 3878 ὑμεῖς
981 3804 1392 3860 πεπιστεύκατε·
1445 3801 1610 3859 πάλιν
1653 3803 1754 3879 γὰρ
1804 3802 1894 3860 λέ-

244 3913 385 3970 γετε*
467 3892 528 3950 El
593 3895 627 3963 ἡ
705 3895 1064 3968 ἁμαρτήσασα
1139 3895 1295 3971 φύσις
1369 3892 1421 3947 ἐν
1489 3897 1606 3965 Θεῷ
1661 3891 1892 3968 γέγονεν,

247 3983 516 4058 ἁμαρτίαν
579 3984 656 4055 μὴ
706 3986 1018 4054 ποιήσασα,
1073 3983 1278 4059 ἀνάγκη
1352 3982 1531 4038 τοίνυν
1581 3983 1892 4058 κατέχεται·

244 4072 310 4128 τὸ
342 4068 400 4127 δὲ
427 4071 635 4146 ἀνάγκῃ
684 4072 1049 4152 κατεχόμενον
1102 4071 1279 4148 βιαιόν
1321 4070 1488 4129 ἐστιν.
1539 4070 1741 4128 Εἷίπατε
1785 4071 1896 4127 τοί-

252 4179 370 4215 νυνο
434 4160 497 4213 El
552 4158 615 4214 τὸ
673 4159 750 4231 μή
810 4158 1132 4233 ἁμαρτάνειν
1181 4159 1317 4214 κατὰ
1367 4157 1606 4235 ἀνάγκην
1665 4158 1893 4234 γίνεται,

243 4250 308 4305 τὸ
376 4248 701 4323 ἁμαρτάνειν
776 4248 912 4304 κατὰ
984 4247 1140 4326 φύσιν
1189 4244 1357 4304 ἔσται’
1417 4245 1617 4303 δώσετε
1661 4246 1754 4302 οὖν
1799 4248 1893 4302 τὸν

242 4345 345 4408 τῆς
377 4337 586 4416 φύσεως
635 4334 968 4413 δημιουργὸν
1013 4344 1116 4407 τῆς
1161 4337 1427 4413 ἁμαρτίας
1475 4336 1609 4391 εἶναι
1657 4334 1891 4412 ἐνεργόν.

244 4427 309 4485 Εἰ
343 4424 400 4482 δὲ
452 4425 775 4506 βλασφημία
821 4429 937 4501 (65)
983 4425 1099 4482 ἐστὶ
1147 4426 1211 4481 τὸ
1246 4430 1519 4497 τοιοῦτον,
1548 4425 1684 4480 κατὰ
1732 4424 1896 4499 ἀνάγ-

242 4537 344 4586 κην
390 4513 446 4570 δὶ
475 4517 537 4572 τὸ
588 4517 910 4593 ἁμαρτάνειν
955 4511 1286 4590 συμϐέϐηκε·
1350 4510 1658 4588 πρόδηλον,
1710 4512 1792 4569 ὅτι
1831 4514 1893 4569 τὸ

251 4605 327 4677 μή
362 4605 686 4680 ἁμαρτάνειν
715 4607 851 4661 κατὰ
885 4603 1036 4684 φύσιν
1069 4607 1258 4682 γέγονε
1306 4607 1418 4678 (66)
1471 4605 1568 4659 Διὰ
1608 4607 1792 4673 τοῦτο,
1837 4602 1891 4659 ἐν

1257 3272 1347 3326 καὶ
1413 3271 1607 3346 Κύριον
1677 3272 1705 3325 ὁ
1759 3271 1887 3326 Θεὸς

1096 3359 1153 3414 ὅν
1252 3361 1407 3433 ὑμεῖς
1495 3344 1888 3433 έσταυρώσατε,
1921 3344 1965 3412 C

1986 697 2131 754 clusi
2157 700 2318 752 erant
2344 695 2654 766 spiritibus,
2688 694 3145 750 resurrectionem
3169 691 3575 746 annuntiaret1
3603 688 3631 742 ‘I

1985 787 2094 842 Sed
2126 802 2226 841 vos
2261 784 2460 841 omnia
2507 788 2715 856 printer
2761 787 3035 837 naturam
3086 780 3282 836 dicitis
3330 783 3387 835 et
3431 777 3629 851 appel-

1985 875 2145 940 latis,
2197 891 2302 929 nec
2344 874 2515 944 juxta
2560 871 2888 928 naturalem
2947 887 3186 925 sensum
3241 868 3628 924 mconomiam

1987 968 2348 1032 enarrantee,
2382 979 2516 1018 vera
2555 961 2884 1032 proferatis,
2920 975 3128 1029 nempe
3187 958 3442 1013 Verbum
3499 973 3632 1012 vere

1987 1053 2284 1107 hominem
2317 1052 2535 1106 factum
2563 1067 2710 1106 esse.
2745 1050 2987 1104 Dixistis
3017 1049 3198 1114 enim,
3243 1046 3373 1118 ipsa
3405 1045 3630 1101 Domini

1987 1158 2122 1197 voce
2143 1144 2563 1196 testamentum
2589 1139 2734 1194 illud
2753 1154 2883 1193 esse
2898 1138 3093 1194 Sensus
3110 1142 3162 1192 et
3181 1137 3435 1207 cogitatio
3457 1135 3632 1190 homi-

1986 1232 2096 1297 nis,
2148 1232 2204 1285 in
2257 1229 2467 1283 malum
2510 1242 2688 1299 prona
2740 1232 2823 1281 est
2873 1227 2941 1281 ab
2985 1226 3352 1281 adolescentia
3397 1240 3499 1278 sua
3546 1224 3568 1257 ³
3617 1239 3629 1277 ;

1991 1335 2107 1374 non
2140 1317 2558 1388 intelligentes,
2592 1331 2727 1371 cum
2759 1315 2924 1384 dixit,
2953 1316 3024 1370 ab
3053 1314 3439 1379 adolescentia,
3488 1311 3632 1366 illud

1989 1409 2142 1479 quod
2174 1408 2245 1462 ab
2276 1407 2516 1462 inimico
2546 1406 2790 1461 insitum
2823 1411 2878 1460 et
2925 1403 3138 1459 lethale
3184 1407 3274 1458 est
3321 1402 3634 1457 indicasse.

1988 1500 2240 1568 Ideoque
2273 1497 2478 1566 iuravit
2498 1496 2760 1551 Dominus
2791 1493 2969 1549 David
2996 1494 3284 1548 veritatem
3302 1491 3422 1559 ’,de
3443 1492 3635 1546 fructu

1991 1585 2209 1643 ventris
2239 1587 2368 1656 ejus
2396 1601 2458 1639 se
2487 1583 2785 1639 Christum
2825 1582 3151 1638 secundum
3197 1596 3432 1636 carnem
3480 1580 3634 1634 exci-

1989 1680 2246 1732 taturum
2282 1690 2295 1728 :
2333 1689 2446 1728 non
2479 1673 2578 1742 qui
2608 1688 2676 1727 ex
2707 1671 3030 1726 divinitatis
3086 1669 3412 1726 mutatione
3460 1669 3636 1723 homo

1991 1764 2186 1837 specie
2215 1768 2388 1818 tenus
2433 1761 2724 1817 videndus
2773 1764 2931 1816 esset
2975 1758 3261 1831 (alioquin
3313 1758 3454 1829 quid
3486 1773 3637 1828 opus

1992 1853 2202 1909 fuisset
2231 1853 2540 1921 utjuraret
2569 1849 2848 1905 Dominus
2875 1848 3072 1916 David)
3105 1865 3117 1902 :
3154 1846 3634 1913 sedquiformam

1919 1979 1966 2044 B
1995 1941 2146 1998 servi
2177 1945 2594 2012 assumpturus
2625 1942 2871 2004 esset,ex
2907 1937 3145 2008 Virgine
3166 1936 3422 2005 nasci,ac
3452 1935 3637 1990 astatis

1995 2035 2351 2100 statumque
2371 2032 2752 2100 augmentum
2768 2031 2967 2082 nostro
2981 2041 3142 2080 more
3157 2025 3416 2096 accipere
3427 2023 3638 2094 digna-

1998 2125 2176 2186 retur,
2212 2125 2276 2176 ut
2305 2119 2387 2174 ait
2416 2117 2728 2189 Apostolus
2761 2133 2774 2172 ε
2809 2117 2952 2184 Quia
2979 2131 3104 2185 ergo
3129 2115 3288 2186 pueri
3333 2113 3637 2168 communi-

1995 2213 2250 2268 caverunt
2281 2209 2449 2265 carni
2467 2216 2521 2262 et
2542 2207 2844 2274 sanguini;
2869 2214 2922 2261 et
2952 2207 3066 2276 ipse
3085 2204 3349 2258 similiter
3367 2203 3479 2273 (60)
3504 2218 3636 2273 par-

1994 2302 2244 2372 ticipavit
2271 2297 2474 2355 eisdem
2503 2298 2547 2358 ‘;
2575 2297 2840 2350 similiter
2868 2294 3102 2364 quidem
3135 2293 3272 2364 quia
3297 2307 3414 2348 non
3443 2307 3514 2346 ex
3541 2306 3641 2346 se-

1997 2390 2175 2456 mine,
2209 2387 2312 2445 sed
2346 2402 2415 2443 ex
2445 2385 2666 2457 Spiritu
2693 2403 2708 2451 ς
2737 2383 2942 2439 eisdem
2971 2399 3126 2449 vero,
3169 2381 3311 2452 quia
3359 2397 3474 2436 non
3506 2379 3640 2435 aliis

1996 2475 2491 2550 participavit,sed
2523 2491 2589 2530 ex
2621 2474 2848 2529 semine
2873 2471 3052 2528 David
3083 2475 3141 2526 et
3162 2469 3406 2526 Abrahae
3427 2474 3484 2524 et
3507 2469 3639 2524 Ade:

1997 2566 2233 2640 prodiit,
2267 2571 2333 2621 ut
2360 2564 2642 2637 scriptum
2673 2567 2780 2619 est.

2066 2745 2124 2812 9,
2154 2744 2272 2800 Cur
2297 2743 2497 2814 itaque
2527 2759 2725 2798 sacras
2755 2742 3107 2814 Scripturas,
3140 2745 3517 2812 apertamque
3546 2757 3640 2796 ve-

1998 2834 2230 2891 ritatem
2263 2832 2791 2900 praetermittentes,
2822 2830 3039 2897 dicitis,
3069 2830 3126 2886 Si
3163 2845 3275 2884 non
3307 2847 3375 2885 ex
3423 2846 3488 2884 se
3517 2829 3644 2899 ipse

1995 2920 2086 2976 vir
2113 2920 2406 2992 apparuit,
2439 2920 2540 2975 sed
2582 2919 2902 2974 humanam
2952 2919 3310 2974 assumenda
3367 2919 3644 2972 substan-

1997 3010 2165 3074 tiam,
2195 3008 2372 3064 homo
2415 3009 2603 3064 fac-tus
2650 3011 2778 3074 est;
2812 3024 2948 3078 ergo
2978 3008 3098 3063 viro
3148 3009 3498 3077 conjunctus
3533 3010 3644 3070 est,

2000 3098 2226 3169 eritque
2256 3097 2542 3153 Dominus
2571 3097 2765 3169 gloriae
2796 3098 2895 3168 qui
2929 3097 3245 3154 cruciﬁxus
3277 3101 3388 3161 est,
3427 3095 3600 3151 homo
3621 3093 3648 3149 ?

2000 3185 2058 3240 Si
2095 3186 2277 3258 igitur
2306 3185 2611 3241 audieritis
2642 3190 2880 3241 Petrum
2913 3187 3201 3242 dicentem
3238 3203 3251 3240 :
3286 3187 3460 3253 Hune,
3494 3184 3649 3240 Chri-

2000 3284 2144 3332 stum
2172 3284 2224 3331 el
2256 3276 2544 3331 Dominum
2573 3277 2704 3345 fecit
2735 3280 2899 3342 Deus,
2930 3277 3141 3340 Iesum,
3189 3292 3350 3346 quem
3395 3290 3487 3330 vos
3515 3289 3645 3329 oru-

2003 3364 2260 3435 ciﬁxislis
2288 3365 2330 3431 ‘,
2381 3364 2661 3434 quidnam
2715 3369 2912 3420 actum
2962 3363 3347 3436 intelligetis?
3376 3366 3427 3419 si
3475 3362 3646 3418 Verbi

2001 3451 2513 3523 deitatem,ecquid
2547 3453 2739 3509 adhuc
2771 3454 3016 3508 Arianos
3048 3452 3647 3525 reprehenditis,cum

2001 3542 2202 3597 eadem
2236 3559 2364 3614 quas
2386 3541 2471 3596 illi
2503 3542 2813 3600 sentiatis?
2845 3543 2903 3598 Si
2923 3559 3054 3597 vero
3077 3558 3203 3597 eam
3233 3553 3358 3612 quin
3381 3541 3439 3596 in
3464 3541 3649 3596 Verbo

2002 3635 2092 3686 est
2121 3632 2272 3686 servi
2307 3630 2577 3696 formam,
2610 3649 2716 3688 cur
2745 3633 2939 3688 adhuc
2967 3631 3269 3687 vobiscum
3317 3631 3602 3702 pugnatis
3621 3629 3648 3684 ?

2003 3723 2219 3775 Verum
2257 3735 2630 3792 nequaquam
2663 3721 2744 3776 ita
2775 3721 3029 3783 creditis,
3063 3737 3200 3775 nam
3228 3722 3440 3776 iterum
3472 3720 3652 3774 insta-

2003 3807 2102 3870 tis,
2130 3807 2188 3862 Si
2215 3813 2427 3863 natura
2455 3824 2586 3878 quae
2617 3809 2892 3880 peccavit,
2925 3810 2985 3864 in
3019 3809 3135 3865 Deo
3173 3809 3481 3878 exsistens,
3516 3824 3649 3880 pec-

2004 3901 2202 3952 catum
2230 3913 2344 3953 non
2379 3897 2598 3962 fecerit,
2631 3899 2683 3952 vi
2713 3915 2849 3969 ergo
2871 3898 3347 3968 detinetur.quod
3379 3902 3574 3952 autem
3597 3895 3651 3950 vi

2004 3985 2321 4050 detinetur,
2355 3986 2413 4042 in
2445 3990 2601 4042 statu
2633 3991 2724 4043 est
2748 3986 3020 4042 violento.
3049 3992 3125 4042 At
3175 3986 3376 4058 dicite,
3421 3985 3502 4050 Si,
3535 4001 3650 4041 non

2004 4089 2262 4145 peccare,
2294 4090 2362 4129 ex
2394 4075 2741 4132 necessitate
2773 4075 2870 4144 ﬁt;
2903 4091 3141 4146 peccare
3190 4075 3514 4131 secundum
3549 4091 3651 4129 na-

2003 4166 2197 4217 turam
2230 4164 2342 4218 erit
2374 4179 2386 4218 :
2421 4169 2478 4218 et
2498 4163 2548 4218 si
2577 4164 2659 4220 ita
2689 4181 2752 4220 se
2784 4181 2877 4220 res
2907 4165 3100 4232 habet,
3122 4164 3457 4219 concedatis
3479 4180 3650 4235 oper.

2003 4255 2088 4307 tet
2118 4257 2339 4307 natura
2371 4258 2713 4320 creatorem,
2749 4254 2966 4324 peccati
2999 4269 3131 4310 esse
3161 4253 3452 4326 opificem.
3484 4253 3650 4318 Quod

2001 4339 2052 4396 si
2079 4339 2448 4412 blaspemum
2483 4341 2628 4398 illud
2673 4349 2782 4412 est,
2813 4347 2874 4399 et
2902 4343 2951 4398 si
2985 4359 3222 4399 necesse
3267 4347 3359 4399 est
3399 4358 3473 4398 ex
3495 4341 3652 4398 acci-

2002 4429 2163 4486 denti
2197 4435 2499 4500 peccatum
2534 4447 2700 4499 esse;
2736 4431 3029 4503 liquidum
3079 4438 3191 4496 est.
3223 4448 3339 4488 non
3391 4448 3650 4504 peccare,

2003 4519 2332 4576 secundum
2356 4525 2628 4575 naturam
2663 4521 2869 4577 fuisse:
2896 4526 3068 4593 atque
3097 4521 3240 4578 adeo
3273 4522 3460 4577 forma
3477 4523 3652 4589 servi,

2004 4623 2132 4679 quae
2165 4608 2223 4663 in
2258 4607 2428 4664 Verbi
2458 4611 2675 4666 deitate
2708 4613 3002 4684 apparuit,
3035 4628 3151 4667 non
3200 4611 3254 4666 vi
3289 4613 3518 4679 adacta,
3549 4612 3652 4667 sed

325 4749 343 4783 ¹
377 4745 526 4804 Petr.
550 4764 635 4818 ιιι,
671 4748 757 4803 19.
833 4750 857 4784 ³
881 4747 1027 4805 Gen.
1061 4763 1187 4816 vm,
1213 4748 1310 4804 21.
1385 4748 1409 4782 ⁸
1436 4746 1593 4804 Psal.
1626 4763 1817 4814 cxxxr,
1852 4748 1877 4802 1

2015 4749 2235 4805 "Hebr.
2269 4767 2331 4822 ιι,
2365 4752 2450 4806 14.
2528 4752 2550 4786 ⁸
2579 4754 2703 4809 Act.
2738 4771 2798 4808 ιι.
2831 4754 2920 4809 36.

323 4892 434 4966 (56)
465 4893 724 4964 Seguer.,
755 4891 809 4948 ἑν
837 4887 991 4962 ᾅδου.
1025 4893 1177 4950 Ibid.
1217 4892 1420 4959 Basil.,
1451 4889 1896 4966 καταδεχομένας
1931 4895 1978 4961 D

297 4984 434 5024 υγας
443 5007 456 5020 .

247 4969 564 5110 ψιῗὲῗῖἰαί
591 5035 842 5110 desetis
873 5039 1002 5108 Seg.
1034 5039 1423 5110 Μοκ-ΒοεληθιΔ
1451 5035 1702 5110 Anglic_._,
1758 5031 1898 5110 ἀλη-

246 5103 357 5170 θῶέ
445 5105 654 5182 Λόγος.-
674 5107 822 5182 Editi
857 5103 991 5182 vero
1017 5114 1075 5165 et
1118 5107 1237 5182 alii,
1266 5103 1512 5182 ’ἀληθῶς
1543 5103 1594 5182 ’ὃΔ
1647 5103 1896 5182 Χριστός.

241 5186 372 5237 Mox
396 5177 721 5256 $93,9pr
755 5183 815 5234 et
843 5179 1102 5256 Felckm.
1137 5180 1191 5245 1,
1226 5177 1400 5256 (φωνὴ
1463 5177 1705 5253 Κυρίου.’
1749 5179 1896 5235 Ibid.

237 5259 395 5319 Seg.,
431 5246 850 5319 ηδιδάσκουσα,
884 5250 988 5306 ὅτι.

357 5294 395 5317 .,
431 5270 466 5319 η
501 5270 850 5317 οιοασκουσα,
884 5270 988 5306 οτι.

313 5270 428 5449 ξξιϐ)
459 5329 590 5396 Seg.
623 5322 792 5378 Gobl.
823 5327 882 5379 et
909 5322 1164 5380 Felckm.
1199 5323 1250 5389 1,
1285 5320 1584 5395 ἐπικήρως.
1606 5328 1626 5348 ’τ
1646 5321 1896 5394 Anglic.,

331 5413 543 5449 καιοον.
580 5393 752 5449 Paulo
785 5399 938 5449 nost.
969 5399 1097 5449 Seu.
1131 5393 1296 5449 Gobl.
1331 5399 1390 5449 et
1427 5395 1742 5449 Felckm.l.
1769 5392 1896 5446 ἀνα-

239 5392 558 5469 ἐπίκαιρονξ
580 5393 752 5469 Paulo
785 5399 938 5469 post,
969 5399 1111 5469 Seg._
1131 5393 1296 5450 Gobl.
1331 5399 1390 5469 et
1412 5392 1897 5469 _Felckm.i,'dvu;

240 5464 458 5538 στήσειν
486 5466 576 5520 τὸν
612 5464 850 5539 ,Χριστὸν
883 5466 1020 5520 κατὰ
1048 5464 1240 5539 σάρκα.
1275 5466 1427 5539 Editi
1471 5481 1607 5539 vero
1636 5470 1896 5539 etcaate-

241 5541 292 5597 ri
325 5535 734 5609 inanusdripti,
773 5537 1068 5602 ἀναστῆσαι
1097 5535 1190 5610 τὸν
1224 5537 1454 5610 Χριστὸν
1483 5537 1620 5592 κατὰ
1650 5535 1840 5610 σάρκα.

319 5611 432 5683 (59)
466 5612 554 5667 Ita
583 5607 716 5682 Ség.
743 5611 909 5666 Gobl.
943 5615 1002 5666 et
1031 5607 1285 5665 FelckmL
1322 5611 1373 5664 1.
1406 5610 1558 5666 Editi
1590 5607 1897 5684 veroqui-

245 5701 406 5743 σεως.

321 5755 434 5828 (60)
467 5749 899 5828 Παραπλησίως,
917 5751 1022 5828 hic
1051 5765 1167 5828 non
1496 5753 1759 5820 omnino,
1791 5753 1892 5808 sed

245 5823 499 5897 prosim
524 5823 598 5882 ad
621 5825 1051 5883 similitudinem
1079 5823 1392 5896 signiﬁcat.

2082 4894 2476 4973 (61)_Sic~Seg.
2510 4904 2684 4973 recte.
2719 4898 3056 4973 Editivere,
3115 4896 3518 4973 παραπλησίως
3573 4896 3652 4954 δέ.

2082 4912 2193 4968 (01)
2224 4912 2315 4951 διο
2335 4912 2416 4952 ’δϐ
2465 4939 2476 4951 .
2510 4912 2684 4953 recte.
2719 4912 2872 4954 Editi
2903 4915 3035 4954 vere

2011 4967 2326 5046 ιηξζέβὲε·
2357 4912 2543 5046 Bolus.
2568 4965 2652 5046 ἔτι
2684 4970 2789 5046 οὐχ
2821 4970 3039 5046 ἑτέρων-

2105 5039 2196 5112 62)
2227 5039 2315 5094 Ita
2343 5045 2469 5112 Seg.
2504 5043 2654 5097 Editi
2685 5039 2820 5098 vero
2845 5039 3117 5111 ὲξάὐτοῦ.

2102 5107 2353 5185 63)_Seg.
2387 5107 2550 5185 Gfobl.
2582 5118 2638 5168 et
2671 5107 2920 5185 Felckui.
2958 5115 3006 5182 1,
3061 5107 3380 5185 λαμϐάνητε
3410 5109 3496 5166 ἐπὶ
3551 5115 3650 5180 τῆς

2007 5185 2104 5253 τοῦ
2135 5181 2323 5253 Λόγου
2347 5183 2625 5253 θεότητος,
2657 5186 2745 5239 καὶ
2777 5184 2831 5240 τί
2861 5183 2960 5251 ἔτι,
2995 5181 3165 5243 male.
3200 5181 3324 5241 Mox
3355 5185 3554 5252 iidem,
3589 5185 3654 5238 τὰ

2009 5202 2104 5234 του
2135 5202 2210 5235 ΛΟ
2253 5202 2314 5236 ου
2347 5202 2368 5246 θ

2009 5251 2099 5307 ica
2129 5202 2368 5310 ἐκείνων.

2081 5327 2192 5400 (64)
2225 5332 2308 5384 [ta
2337 5332 2466 5399 Seg.
2500 5327 2666 5383 Gobl.
2701 5334 2758 5383 et
2789 5328 3040 5384 Felckm.
3073 5329 3126 5395 1,
3153 5346 3300 5400 quos
3322 5328 3650 5400 sequimur.

2009 5398 2159 5475 Ed‘iti
2190 5415 2322 5475 vero
2353 5398 2486 5475 cum
2521 5400 2746 5475 casteria
2794 5398 3230 5475 manuscripljs,
3291 5401 3530 5475 μορφῆς,
3561 5399 3650 5475 καὶ

2007 5465 2172 5523 πάλιν
2203 5471 2436 5531 ἑαυτοῖς·
2473 5470 2652 5525 Paulo
2685 5476 2815 5542 post
2844 5471 2985 5526 Gobl
3041 5465 3380 5528 et'Felcslim:
3413 5465 3467 5534 1,
3501 5470 3584 5542 ότι
3606 5471 3649 5542 ,ἡ

2008 5542 2386 5667 ἐμαρτήσασα.
2422 5542 2577 5599 Infra
2605 5540 2733 5615 Seg.
2768 5543 2933 5598 Gobl.
2966 5549 3024 5598 et
3053 5544 3302 5600 Felckm.
3339 5545 3389 5611 1,
3420 5544 3482 5597 τὸ
3514 5540 3570 5597 δὲ
3600 5541 3651 5598 ἐν

2042 5633 2228 5667 ναγκη.

2042 5635 2066 5666 ν
2073 5633 2208 5668 αγκη
2216 5656 2228 5668 .

2077 5634 2632 5759 ῗέἒῖλέοευοινὶδηυε,
2662 5683 3036 5759 βλασφημίας.

2078 5756 2191 5829 (66)
2225 5761 2356 5812 Haec
2385 5756 2444 5813 in
2476 5756 2700 5838 synodo
2728 5756 2950 5826 vr,’act.
2975 5758 3030 5812 8.
