4048 6342
447 434 602 496 1147

995 443 1055 502 S.
1107 443 1528 502 ATHANASII
1575 444 1746 504 OPP.
1799 446 1994 504 PARS
2038 445 2087 504 Ι.
2123 478 2197 489 -
2228 444 2645 506 HlSTORlCA
2692 445 2794 505 ET
2838 445 3317 506 DOGMA'I‘ICA.

3705 444 3864 506 1148

457 576 667 644 suapte
693 578 902 630 natura
930 581 986 630 et
1015 575 1248 640 virtute,
1278 592 1339 631 se
1371 578 1588 648 peccati
1610 585 1902 650 expertem
1936 578 2097 633 exhi-

2224 579 2279 650 τῇ
2309 576 2404 630 τοῦ
2437 577 2613 652 Λόγου
2662 576 2877 646 θεότητι
2928 576 3149 653 ὀφθεῖσα
3191 579 3225 645 ἡ
3256 581 3353 632 τοῦ
3404 574 3606 632 δούλου
3648 578 3859 654 μορφὴ,

455 660 571 730 bet,
606 669 916 735 postquam
951 664 1313 720 necessitatis
1343 666 1760 736 conditionem,
1791 674 1847 722 et
1879 668 2094 738 peccati

458 749 640 820 legem
664 752 952 819 dissolvit,
977 758 1032 807 et
1059 753 1409 825 captivitatis
1441 760 1749 827 tyrannum
1771 757 1828 810 in
1862 757 2098 828 captivi-

455 843 635 893 tatem
663 840 924 907 adduxit,
979 846 1040 896 ut
1090 842 1168 896 ait
1216 843 1500 914 propheta
1535 859 1548 898 :
1583 846 1856 900 Ascendili
1904 848 1963 899 in
2007 846 2094 900 al-

454 937 593 992 tum,
623 929 821 1000 cepisti
847 931 1222 1000 captivitatem
1253 933 1293 984 ⁸.
1330 931 1473 987 Nam
1505 950 1636 989 cum
1673 935 1920 989 formam
1945 933 2097 990 servi

351 1059 358 1066 .
452 1017 689 1072 inimico
715 1019 958 1074 Verbum
993 1020 1289 1090 objecerit,
1327 1039 1427 1093 per
1456 1040 1589 1077 eum
1623 1023 1879 1095 quiolim
1912 1024 2098 1078 victus

455 1105 963 1172 fuerat,victoriam
997 1115 1347 1164 consecutus
1378 1113 1774 1175 est.0uocirca
1804 1129 1906 1184 per
1927 1129 2099 1168 omne

455 1196 794 1252 tentationis
826 1213 1012 1267 genus
1045 1201 1418 1268 pertransivit
1470 1201 1666 1265 Jcsus,
1718 1203 1854 1272 quia
1905 1205 2101 1256 omnia

455 1285 731 1356 sumpsit,
766 1287 820 1340 in
856 1303 981 1357 qua
1012 1289 1353 1343 temtationis
1385 1291 1848 1360 experimentum
1897 1292 2099 1346 cadere

456 1374 660 1444 possit,
694 1374 911 1446 quibus
941 1375 1239 1431 victoriam
1274 1394 1376 1448 pro
1412 1378 1747 1434 hominibus
1793 1379 2101 1451 reportavit

452 1462 753 1532 dicitque:
806 1462 1094 1534 Conﬁdite,
1140 1482 1234 1535 ego
1257 1469 1364 1521 vici
1410 1468 1675 1522 mundum
1726 1470 1766 1523 ⁷.
1822 1470 2098 1526 158Ne-

451 1567 566 1621 que
594 1551 749 1606 enim
783 1557 978 1607 contra
1011 1555 1307 1623 deitatem,
1332 1573 1504 1627 quam
1535 1556 1592 1611 in
1628 1557 1727 1612 illo
1758 1575 1872 1614 non
1907 1565 2096 1626 norat,

451 1639 670 1697 bellum
692 1643 1641 1718 suscepitdiaholus;nequaquam
1662 1647 1816 1702 enim
1842 1649 1898 1702 id
1920 1665 2102 1705 ausus

455 1735 632 1797 esset,
665 1730 912 1803 ideoque
952 1735 1143 1789 aiebat
1177 1752 1189 1789 :
1225 1735 1284 1790 Si
1314 1737 1487 1792 Filius
1531 1738 1627 1792 Dei
1653 1754 1707 1793 es
1737 1739 1794 1805 ';
1829 1739 1930 1794 sed
1962 1756 2098 1795 con-

454 1821 546 1874 tra
579 1819 896 1887 hominem,
920 1839 1091 1893 quem
1125 1823 1262 1879 olim
1297 1825 1352 1878 in
1386 1842 1639 1882 errorem
1687 1828 1972 1884 deducere
2005 1846 2098 1883 va-

452 1905 584 1975 luit,
613 1925 683 1964 ex
712 1925 826 1980 quo
860 1911 918 1964 in
949 1927 1154 1967 omnes
1185 1912 1454 1969 homines
1487 1915 1722 1970 malitia
1755 1933 1873 1971 sua:
1905 1918 2097 1973 efﬁca-

455 1995 606 2052 ciam
635 1999 1142 2070 propagavit.Cum
1182 2007 1378 2057 autem
1412 2005 1545 2058 Adae
1579 2005 1778 2060 anima
1811 2006 1866 2060 in
1897 2008 2100 2063 mortis

455 2087 945 2144 condemnatione
971 2089 1350 2157 detineretur,
1384 2109 1450 2146 ac
1481 2097 1760 2164 perpetuo
1791 2095 1862 2149 ad
1908 2094 2104 2150 Domi-

455 2191 600 2230 num
629 2192 803 2231 suum
836 2178 1117 2233 clamaret
1150 2196 1162 2233 :
1196 2179 1333 2235 item
1367 2197 1498 2236 cum
1525 2182 1563 2236 ii
1599 2183 1694 2253 qui
1730 2183 1844 2238 Deo
1876 2183 2106 2255 placue-

456 2269 609 2329 rant,
642 2269 698 2319 et
730 2267 830 2336 qui
861 2266 920 2320 in
953 2266 1078 2338 lege
1112 2269 1362 2324 naturali
1385 2271 1682 2339 justitiam
1713 2273 1967 2328 assecuti
1988 2274 2106 2329 fue-

458 2357 612 2420 rant,
646 2370 761 2409 una
791 2370 924 2409 cum
959 2357 1182 2412 Adamn
1213 2358 1634 2429 detinerentur,
1659 2377 1723 2414 ac
1756 2361 1934 2416 simul
1966 2379 2100 2417 cum

459 2440 560 2498 illo
590 2441 859 2513 lugerent
890 2447 1346 2518 clamarenlque,
1384 2449 1684 2519 Dominus,
1709 2466 1880 2521 quem
1911 2453 2104 2506 condi-

463 2531 630 2587 derat
657 2532 954 2589 hominem
1011 2536 1343 2605 miseratus,
1391 2538 1575 2593 voluit
1623 2557 1724 2611 per
1755 2543 2102 2613 mysterium

461 2622 614 2692 quod
647 2623 1064 2689 manifestavit,
1097 2642 1304 2680 novam
1338 2626 1588 2683 salutem
1621 2629 1879 2684 humano
1909 2631 2101 2702 generi

463 2710 1228 2785 conciliare,inimicumque
1261 2717 1358 2786 qui
1384 2733 1485 2787 per
1505 2717 1778 2772 invidiam
1805 2718 2103 2774 hominem

460 2799 766 2872 deceperat
796 2801 1106 2873 proﬂigare
1139 2820 1153 2859 :
1186 2805 1599 2861 exaltationem
1620 2813 1813 2862 autem
1849 2807 2105 2864 hominis

461 2889 676 2945 unione
705 2889 804 2945 illa
833 2896 890 2946 et
918 2894 1445 2950 communicatione
1475 2913 1606 2950 cum
1642 2896 1948 2953 Altissimo
1980 2899 2104 2969 (na-

460 2982 592 3034 tura
623 2983 680 3034 et
712 2979 790 3035 rei
824 2982 1086 3051 veritate)
1121 2984 1403 3054 majorem
1455 3001 1629 3055 quam
1681 3002 1808 3056 quae
1859 2985 2105 3057 intelligi

463 3069 652 3139 possit
680 3068 954 3126 exhibere
983 3071 1264 3142 dignatus
1294 3078 1402 3128 est.

533 3249 619 3303 10.
653 3252 965 3320 Propterea
995 3251 1153 3305 venit
1183 3252 1440 3307 Verbum
1474 3254 1631 3324 quod
1688 3253 1841 3309 Dens
1872 3258 2016 3322 erat,
2051 3260 2107 3309 et

460 3334 633 3408 primi
665 3335 923 3393 hominis
953 3344 1200 3405 creator,
1232 3346 1296 3394 ut
1337 3339 1511 3396 homo
1563 3341 1746 3410 fleret,
1783 3359 1899 3414 quo
1929 3341 2104 3397 homo
2135 3324 2178 3390 (ἶ

461 3425 700 3498 quidem
734 3427 1366 3500 revivisceret,iniquus
1395 3435 1590 3485 autem
1620 3430 1807 3486 hostis
1836 3431 2104 3502 proﬂiga-

463 3519 624 3570 retur
657 3532 670 3582 ;
705 3516 857 3586 quod
894 3521 1095 3570 natum
1129 3533 1197 3571 ex
1229 3517 1495 3586 muliere,
1528 3536 1596 3574 ex
1623 3520 1814 3592 prima
1843 3520 2108 3576 eﬂ‘orma-

461 3601 621 3658 tione
654 3603 900 3659 formam
934 3604 1190 3660 hominis
1223 3607 1278 3660 in
1312 3607 1505 3679 seipse
1545 3608 1822 3677 restituit,
1873 3625 2107 3664 carnem

462 3706 596 3748 vero
626 3709 794 3748 suam
827 3694 1050 3765 absque
1081 3695 1416 3750 carnalibus
1447 3697 1953 3768 cupiditatibus,et
1973 3699 2108 3752 abs-

467 3797 579 3854 que
611 3781 888 3838 humanis
917 3784 1395 3855 cogitationibus,
1431 3787 1489 3841 in
1547 3786 1804 3859 imagine
1836 3788 2111 3843 novitatis

465 3869 750 3927 exhibuit.
782 3870 1066 3927 Volunta
1118 3873 1274 3928 enim
1335 3874 1516 3930 solius
1573 3875 1895 3931 divinitatis
1942 3881 2109 3931 erat:

465 3960 757 4032 siquidem
792 3967 1005 4017 natura
1037 3967 1158 4018 tota
1189 3963 1360 4020 Verbi
1393 3965 1615 4031 aderat,
1651 3965 1760 4020 sub
1791 3964 2114 4036 specimine

465 4047 736 4105 humana:
771 4050 989 4117 formai,
1046 4067 1270 4108 necnon
1320 4052 1589 4118 visibilis,
1637 4054 1878 4109 eeundi
1928 4054 2110 4109 Adam

465 4138 659 4194 carnis
692 4155 704 4194 :
743 4156 857 4195 non
888 4140 947 4194 in
975 4139 1255 4196 divisione
1289 4158 1695 4212 personarum,
1737 4144 1837 4198 sed
1870 4143 1928 4198 in
1963 4144 2111 4198 exsi-

465 4228 681 4284 stentia
712 4229 1042 4284 divinitatis
1065 4235 1122 4284 et
1157 4231 1564 4287 humanitatis.
1594 4234 1961 4304 Quapropter
1992 4234 2114 4287 dia-

465 4316 637 4373 bolus
669 4317 740 4372 ad
769 4318 971 4372 Jesum
990 4324 1051 4372 ut
1067 4320 1138 4373 ad
1156 4319 1449 4375 hominem
1475 4321 1788 4376 accedebat
1814 4338 1826 4375 :
1861 4323 1961 4376 sed
1985 4338 2116 4377 cum

472 4406 531 4460 in
563 4421 630 4460 eo
653 4405 878 4478 antiqui
902 4408 1307 4478 superinducti
1341 4411 1589 4466 seminis
1618 4412 1866 4483 vestigia
1897 4428 2011 4466 non
2038 4427 2119 4466 re-

475 4495 712 4566 periret,
746 4511 934 4566 neque
967 4496 1153 4551 ullum
1214 4499 1272 4553 in
1327 4500 1600 4570 prasenti
1651 4500 1967 4556 tentatione
1988 4517 2119 4572 pro-

537 4603 559 4637 ⁸
597 4599 742 4657 Psal.
781 4618 951 4671 nxvu,
985 4603 1071 4657 19.
1148 4605 1168 4638 ⁷
1197 4605 1365 4660 Joan.
1400 4623 1516 4671 xvr,
1549 4607 1636 4660 33.
1713 4608 1734 4641 ⁸
1765 4607 1963 4662 Matth.
2000 4623 2078 4672 IV,
2109 4608 2162 4660 3.

543 4707 777 4798 (67)‘lta
809 4707 941 4798 ξος.
986 4708 1206 4781 Anglic.
1241 4710 1406 4798 Gobl.
1457 4718 1515 4798 et
1559 4711 1816 4798 Felckm.
1880 4714 1929 4767 1.
1973 4711 2120 4798 Ἐξςὶιὶ
2153 4735 2200 4798 D

472 4795 605 4857 vero
636 4785 693 4857 e_t
729 4782 942 4857 caeteri
987 4780 1951 4857 manuscriptidai'xgalccuﬁcac,”
1990 4783 2121 4857 Mox

473 4805 605 4835 νιπυ
636 4805 693 4835 δι
739 4805 927 4836 σαςιυη
988 4805 1373 4854 ωαιιυιίῦτιριι
1435 4805 1530 4857 αιχ
1584 4805 1921 4843 αΛωτευσας.
1990 4805 2121 4838 mox

471 4852 606 4923 89g.
640 4851 805 4907 Gobl.
840 4858 893 4908 et
929 4852 1181 4908 Felckm.
1218 4855 1266 4919 l,
1318 4848 1506 4922 ἀνέϐη.
1540 4805 1693 4910 ἓόὶῑί
1753 4862 1810 4912 et
1856 4855 1980 4918 alii,
2034 4853 2122 4906 ἀν-

473 4917 582 4991 ἑΒῆ
581 4943 626 4983 ς.
659 4931 832 5009 recte.
868 4924 1023 5009 Ibid.‘
1046 4917 1372 5009 Seg."G.'ol_)l.
1405 4917 1742 5009 et'Felckm.
1786 4917 2119 5009 1,.ᾐχμαλώι

469 5013 679 5075 τευσενῖ
703 4995 846 5075 Ibid.
884 4995 1048 5051 Gobl.
1082 4995 1360 5075 et_F.e|ck.
1400 5000 1448 5066 1,
1481 4998 1579 5064 τὴν
1635 4995 1869 5075 μορφήν,
1888 4995 2123 5054 ⁷ὀιοίεεο

471 5066 592 5141 γάρΪ
612 5070 756 5141 ᾼΜοι
784 5071 944 5141 ch.,
971 5062 1405 5141 προϐαλόμενος.

545 5138 660 5211 (68)
688 5144 816 5212 Seg.
849 5138 1115 5212 Goleet
1138 5138 1386 5196 B‘elem.
1426 5144 1474 5210 1,
1505 5140 1603 5207 τὴν
1639 5141 1767 5212 ὑπὲρ
1826 5143 1985 5211 ἡμῶν
2043 5139 2123 5192 νί-

545 5155 660 5211 (ne)
688 5155 816 5261 veg.
849 5155 1014 5193 uonl.
1048 5155 1106 5194 et
1138 5155 1386 5196 r‘elckm.
1426 5155 1474 5210 ι,
1505 5155 1603 5207 την
1639 5155 1767 5212 οπερ
1826 5155 1985 5211 ημων
2043 5155 2123 5192 νι-

471 5229 597 5299 ama.
633 5209 1375 5299 B‘asi',bntpﬁv’epmnivﬂv
1430 5215 1603 5280 νίκην.
1669 5213 1819 5267 Ειιὶιί
1878 5229 2008 5266 vero
2068 5218 2125 5266 et

473 5282 596 5350 alii,
628 5282 726 5348 τὴν
766 5282 898 5353 ὑπὲρ
931 5282 1232 5353 ἀνθρώπων
1265 5284 1442 5351 νίκην.

542 5353 654 5422 (69)
693 5352 1029 5409 Basiliensis
1062 5351 1151 5407 διὰ
1182 5361 1371 5416 ταῦτα.

565 5425 656 5494 70)
688 5424 854 5496 Gobl.
890 5431 948 5480 et
980 5427 1235 5496 Felckm.
1277 5433 1324 5494 1,
1368 5426 1588 5496 έξέτέινε
1640 5426 1737 5492 τὴν
1772 5423 1960 5478 κακίαν
2021 5425 2120 5479 αὖ-

473 5491 591 5550 τοῧ.
625 5491 740 5563 Τῆς
768 5491 824 5548 δὲ
848 5499 942 5549 τοῦ
975 5494 1172 5568 ’Δδάμ.

549 5568 662 5637 (71)
700 5569 1074 5638 Anglicanus,
1111 5569 1374 5640 δεσπότην
1408 5568 1692 5638 διηνεκῶς.

692 5640 823 5714 ξθίζ-
856 5641 1125 5714 (ξοβιμθῐ
1160 5639 1410 5700 Felckm.
1452 5646 1498 5703 l.
1558 5642 1644 5695 καὶ
1681 5639 1960 5714 βοώντων.

551 5708 664 5780 (73)
689 5711 847 5788 βεεν
883 5708 971 5788 διᾷ
1001 5713 1225 5788 φθόνου.
1263 5715 1431 5770 Paulo
1473 5721 1606 5785 post
1655 5708 1854 5779 Basil.,
1916 5711 2121 5784 ἀνθρώ·

479 5799 584 5834 που
615 5781 703 5833 καὶ
737 5780 873 5852 πρὸς
903 5780 1017 5838 τόν,

2131 1956 2179 2021 Β

2209 665 2307 720 οὐκ
2364 667 2561 740 ἀνάγκη
2619 666 2969 739 ὑποκειμένη,
3030 665 3174 721 ἀλλά
3230 667 3382 744 φύσει
3437 667 3525 720 καὶ
3587 663 3859 739 δυνάμει,

2204 756 2304 822 τὴν
2360 755 2762 827 ἀναμαρτησίαν
2818 753 3201 827 ἐπιδείκνυται,
3262 753 3559 810 διαλύσασα
3614 757 3708 810 τὸν
3757 763 3859 824 τῆς

2207 843 2443 917 ἀνάγκης
2477 844 2626 918 ὅρον,
2661 845 2748 898 καὶ
2801 845 2886 898 τὸν
2943 848 3045 908 τῆς
3094 846 3360 918 ἁμαρτίας
3407 844 3601 916 νόμον,
3633 844 3722 898 καὶ
3763 845 3855 898 τὸν

2207 939 2304 1000 τῆς
2335 931 2719 1007 αῗχμαλωσίας
2768 932 3026 1008 τύραννον
3081 931 3575 1008 αίχμαλωτεύσασα
3616 935 3750 1004 (67),
3781 930 3855 993 ὥς

2207 1042 2368 1097 φησιν
2426 1024 2453 1076 ὁ
2511 1024 2841 1098 προφήτης·
2902 1017 3129 1091 Ἀνέὸης
3191 1021 3264 1083 είς
3341 1021 3516 1094 ὕψος,
3574 1020 3856 1097 ᾐχμαλώ-

2205 1130 2395 1172 τιυσας
2452 1110 2858 1185 αἰχμαλωσίαν.
2919 1112 3031 1178 Τὴν
3093 1112 3194 1185 γάρ
3247 1112 3462 1188 μορφὴν
3509 1115 3606 1165 τοῦ
3651 1108 3854 1164 δούλου

2207 1200 2342 1253 κατὰ
2389 1205 2487 1254 τοῦ
2536 1199 2736 1275 ἐχθροῦ
2789 1195 3243 1274 προϐαλλόμενος
3273 1201 3300 1254 6
3342 1201 3540 1274 Λόγος,
3570 1200 3669 1268 τήν
3700 1199 3854 1267 νίκην

2208 1290 2501 1358 πεποίηται
2550 1287 2638 1343 διά
2684 1294 2780 1343 τοῦ
2832 1290 2962 1343 ποτὶ
3011 1291 3362 1358 ἡττηθέντος.
3415 1290 3511 1343 Διά
3555 1293 3720 1343 τοῦτο
3768 1290 3858 1342 καὶ

2210 1378 2381 1431 πάντά
2460 1379 2548 1432 τὸν
2611 1379 2912 1453 πειρασμὸν
2972 1377 3305 1432 συνετέλεσεν
3369 1379 3396 1431 6
3451 1379 3662 1445 Ἰησοῦς
3701 1422 3714 1444 ,
3773 1376 3855 1430 δι

2209 1467 2381 1520 πάντα
2430 1463 2591 1521 ἔλαϐε
2637 1467 2703 1520 τὰ
2751 1470 3055 1540 πειρασμοῦ
3103 1471 3292 1540 πεῖραν
3345 1465 3641 1541 ἐσχηκότα,
3683 1463 3753 1519 δι’
3785 1466 3857 1518 ὧν

2209 1557 2306 1624 τήν
2371 1556 2501 1629 ὑπὲρ
2560 1555 2858 1627 ἀνθρώπων
2911 1555 3062 1624 νίκην
3123 1555 3416 1623 πεποίηται
3458 1558 3592 1627 (68),
3654 1554 3853 1628 λέγων’

2210 1650 2488 1718 Θαρσεῖτε,
2542 1643 2649 1717 ἐγὼ
2693 1644 2950 1714 νενίκηκα
2995 1644 3089 1698 τὸν
3146 1665 3376 1719 κρσμον.
3429 1644 3506 1700 Οὐ
3566 1644 3669 1718 γὰρ
3724 1645 3859 1718 πρὸς

2164 1765 2170 1772 ·
2211 1733 2440 1803 θεότητα
2469 1731 2641 1806 ⁴ίξρατο
2683 1733 2772 1787 τὸν
2826 1731 3068 1805 πόλεμον
3105 1735 3132 1787 6
3165 1729 3448 1802 διάϐολος,
3479 1734 3540 1801 ἣν
3570 1733 3858 1806 ἠγνόησεν,

2211 1819 2334 1876 οὐδὲ
2381 1822 2480 1895 γὰρ
2529 1819 2754 1893 ἐτόλμα·
2807 1819 2896 1876 διὰ
2933 1827 3094 1876 τοῦτο
3146 1825 3259 1894 (69)
3314 1820 3514 1895 ἔλεγεν·
3549 1820 3614 1877 Εἴ
3648 1820 3711 1874 σὺ
3757 1822 3857 1874 εἶὸ

2211 1912 2334 1972 Υἱὸς
2390 1916 2485 1965 τοῦ
2541 1915 2674 1966 Θεοῦ
2710 1931 2721 1943 ·
2785 1909 2931 1965 ἀλλά
2987 1911 3123 1984 πρὸς
3180 1909 3510 1986 ἄνθρωπον,
3571 1910 3628 1964 ’ὀν
3689 1910 3860 1963 πάλαι

2214 1999 2490 2069 πλανῆσαι
2545 1999 2751 2075 ἴσχυσε,
2784 1999 2870 2054 καὶ
2919 2001 2970 2070 ἐξ
3013 1999 3218 2054 ἐκείνου
3271 2000 3346 2061 εἷς
3402 2002 3604 2061 πάντας
3655 1998 3861 2075 ἀνθρώ-

2215 2109 2349 2150 πους
2401 2088 2618 2158 ἐξέτεινε
2666 2096 2763 2158 τῆς
2812 2090 2998 2149 κακίας
3047 2088 3210 2143 αὐτοῦ
3255 2091 3354 2157 τὴν
3405 2087 3692 2164 ἐνέργειαν.
3747 2091 3859 2157 Τῆς

2217 2176 2274 2233 δὶ
2297 2183 2394 2232 τοῦ
2427 2176 2603 2250 Ἀδὰμ
2650 2181 2763 2252 (70)
2811 2182 2995 2253 ψυχῆς
3048 2177 3099 2232 έν
3152 2175 3410 2251 καταδίκῃ
3455 2179 3687 2232 Θανάτου
3735 2199 3860 2232 κατ-

2217 2267 2513 2342 εχομένης,
2571 2268 2658 2321 καὶ
2723 2267 2939 2341 βοώσης
2998 2268 3131 2342 πρὸς
3189 2268 3278 2321 τὸν
3342 2267 3535 2336 ἑαυτῆς
3597 2263 3861 2336 δεσπότην

2216 2354 2507 2418 διαπαντὸς
2565 2359 2699 2428 (71),
2752 2355 2840 2410 καὶ
2897 2360 3003 2410 τῶν
3061 2356 3526 2432 εὐαρεστησάντων
3585 2361 3665 2427 τῷ
3722 2356 3860 2427 Θεῷ,

2215 2445 2304 2500 καὶ
2365 2442 2754 2499 δικαιωθέντων
2797 2443 2846 2499 ἐν
2894 2449 2974 2515 τῷ
3032 2450 3243 2521 φυσικῷ
3293 2447 3469 2517 νόμῳ,
3531 2465 3864 2520 συγκατεχο-

2219 2535 2390 2608 μένων
2441 2539 2520 2606 τῷ
2567 2533 2765 2606 ’Λδάμ,
2811 2533 3252 2605 τυμπενθούντων
3303 2555 3359 2588 τε
3405 2534 3493 2588 καὶ
3554 2529 3810 2606 συμὸοών
3841 2568 3860 2577 ο

2212 2645 2319 2678 των
2357 2627 2490 2694 (72),
2543 2621 2770 2693 ἒλεήσας
2801 2624 2828 2676 6
2860 2623 2988 2684 Θεὸς
3019 2624 3109 2676 τὸν
3152 2622 3458 2697 ἄνθρωπον,
3494 2625 3551 2677 ’ὀν
3585 2623 3860 2690 ἐποίησεν,

2214 2710 2488 2784 ηὐδόκησε
2560 2711 2648 2766 διὰ
2726 2712 3026 2786 μυστηρίου
3081 2713 3434 2788 φανερώσεως
3473 2760 3485 2780 ,
3543 2712 3861 2777 καινότητος

2216 2802 2485 2876 σωτηρίαν
2556 2802 2972 2876 κατεργάσασθαι
3018 2806 3098 2872 τῷ
3149 2800 3286 2875 γένει
3345 2806 3451 2854 τῶν
3510 2801 3810 2876 ἀνθρώπων
3848 2846 3862 2870 ,

2214 2891 2302 2946 καὶ
2334 2891 2636 2963 καθαίρεσιν
2701 2891 2795 2962 μὶν
2855 2892 3185 2959 ποιήσασθαι
3243 2895 3339 2944 τοῦ
3389 2887 3475 2944 διά
3507 2890 3702 2967 φθόνον
3752 2893 3864 2963 (73)

2217 2982 2590 3050 ἀπατήσαντος
2626 2979 2846 3054 ἐχθροῦ,
2879 2979 3082 3052 ὒψωσιν
3117 2977 3173 3033 δὶ
3220 2975 3615 3053 ἀσυλλόγιστον
3651 2976 3862 3033 ἀναδεῖ-

2217 3072 2297 3142 ξαι
2328 3074 2424 3124 τοῦ
2472 3069 2760 3142 ἀνθρώπου
2924 3070 3058 3141 πρὸς
3107 3070 3196 3122 τὸν
3236 3071 3490 3142 Ὕψιστον
3542 3068 3730 3122 ἑνώσει
3772 3070 3866 3122 καὶ

2215 3159 2472 3230 κοινωνίᾳ
2503 3159 2654 3233 φύσει
2687 3158 2775 3212 καὶ
2807 3156 3054 3228 ἀληθείᾳ.

2289 3252 2374 3305 10.
2408 3248 2505 3302 Διά
2552 3252 2711 3301 τοῦτο
2758 3245 2922 3314 ἦλθεν
2969 3247 2997 3300 6
3052 3245 3230 3318 Λόγος
3287 3246 3415 3306 Θεὸς
3475 3245 3572 3311 ὢν,
3622 3245 3711 3298 καὶ
3767 3249 3864 3300 τοῦ

2217 3339 2437 3412 πρώτου
2487 3337 2771 3411 ἀνθρώπου
2820 3333 3196 3410 δημιουργὸς,
3254 3335 3493 3409 γενέσθαι
3555 3335 3866 3409 ἄνθρωπος,

2218 3425 2294 3488 εἰς
2330 3427 2660 3495 ζωοποὶησιν
2707 3425 2800 3498 μὲν
2844 3428 2942 3478 τοῦ
2994 3424 3303 3498 ἀνθρώπου,
3343 3423 3650 3498 καθαίρεσιν
3687 3420 3745 3477 δὲ
3771 3420 3867 3476 τοῦ

2217 3512 2404 3570 ἀδίκου
2446 3516 2684 3589 ᾕχθροῦ·
2735 3513 2822 3567 καὶ
2892 3512 3150 3588 ἐγεννήθη
3213 3511 3274 3566 ἐκ
3327 3512 3595 3587 γυναικὸς,
3652 3510 3714 3565 ix
3769 3517 3867 3578 τῆς

2217 3606 2441 3681 πρώτης
2500 3602 2750 3665 πλάσεως
2822 3603 2921 3670 τήν
2999 3601 3282 3676 ἀνθρώπου
3364 3602 3577 3676 μορφὴν
3641 3599 3692 3653 ἐν
3755 3602 3866 3671 (74)

2219 3694 2392 3764 ἑαυτῷ
2467 3693 2904 3763 ἀναστησάμενος
2940 3738 2954 3762 ,
3013 3690 3063 3744 ἂν
3135 3687 3385 3760 ἐπιδείξει
3469 3690 3664 3762 σαρκὸς
3740 3687 3869 3764 δίχα

2220 3787 2488 3858 σαρκικῶν
2547 3780 2873 3853 Θελημάτων
2923 3780 3010 3834 καὶ
3071 3779 3356 3854 λογισμῶν
3409 3777 3786 3851 ἀνθρωπίνων,
3819 3777 3865 3831 ἐν

2222 3872 2384 3927 εἷκόνι
2442 3870 2762 3938 καινότητος
2798 3913 2810 3925 .
2869 3874 2929 3923 Ἡ
2984 3869 3084 3944 γάρ
3143 3867 3366 3938 θέλησις
3425 3863 3684 3936 θεότητος
3747 3867 3816 3938 μό
3850 3897 3868 3907 -

2220 3982 2317 4031 νης
2351 3964 2479 4030 (75)”
2524 3955 2711 4026 ἐπειδὴ
2755 3958 2843 4012 καὶ
2895 3957 3049 4033 φύσις
3105 3956 3210 4027 ὅλη
3261 3961 3356 4011 τοῦ
3414 3953 3618 4029 Λόγου,
3666 3955 3718 4009 έν
3763 3955 3869 4009 ἐπι-

2224 4047 2380 4119 δείξει
2434 4050 2647 4125 μορφῆς
2698 4054 2795 4115 τῆς
2855 4046 3200 4121 ἀνθρωπίνης
3242 4047 3331 4100 καὶ
3381 4047 3493 4117 (76)
3539 4046 3736 4119 σαρκὸς
3775 4051 3868 4111 τῆς

2225 4140 2511 4214 ὁρωμένης
2537 4141 2633 4190 τοῦ
2661 4133 2910 4209 δευτέρου
2942 4133 3136 4208 Ἀδάμ,
3173 4134 3272 4190 οὐκ
3319 4134 3370 4188 έν
3419 4131 3674 4209 διαιρέσει
3708 4154 3871 4206 προσ-

2228 4229 2414 4294 ώπων,
2473 4225 2596 4280 ἀλλ’
2656 4224 2709 4279 έν
2767 4225 2983 4298 ὑπάρξει
3045 4224 3306 4293 Θεότητος
3359 4224 3450 4277 καὶ
3507 4222 3873 4297 ἀνθρωπότη-

2226 4338 2337 4378 τος.
2391 4316 2487 4370 Διά
2530 4319 2692 4369 τοῦτο
2739 4315 2844 4389 γάρ
2888 4313 3116 4387 προσῄει
3150 4315 3262 4385 (77)
3295 4313 3323 4366 ὁ
3356 4307 3613 4373 διάϐολος
3668 4317 3746 4383 τῷ
3779 4313 3881 4381 Ἰη-

2229 4410 2348 4474 σοῦ,
2379 4406 2451 4464 ὡς
2507 4404 2794 4477 ἀνθρώπῳ,
2839 4404 2914 4474 μή
2966 4401 3225 4477 εὑρίσκων
3269 4398 3326 4456 δὲ
3353 4399 3404 4456 ἒν
3437 4401 3583 4472 αὐτῷ
3623 4407 3724 4469 τῆς
3780 4421 3876 4454 πα-

2232 4495 2389 4556 λαιᾶς
2450 4493 2614 4547 αὐτοῦ
2675 4491 2971 4567 ἰπισπορᾶς
3028 4493 3316 4567 γνώρισμα
3373 4493 3528 4564 (78),
3591 4486 3731 4562 μηδὲ
3788 4492 3879 4556 τῆς

2303 4709 2414 4780 (74)
2448 4708 2533 4762 Ita
2563 4707 2690 4775 Seg.
2727 4711 2789 4761 ln
2820 4706 3015 4780 editis.
3050 4703 3101 4758 ἐν
3130 4705 3314 4780 deest.

2301 4775 2413 4850 (75)
2444 4780 2858 4849 Seguerianus,
2891 4776 3147 4850 Θεότητος
3181 4775 3342 4847 μόνη,
3370 4776 3471 4850 sed
3503 4779 3744 4850 praestat
3773 4792 3873 4830 an-

2228 4847 2394 4928 tiqua
2427 4847 2827 4928 lect’lo,estqu_e
2859 4849 3168 4928 Athanasii
3185 4847 3871 4928 _sententia,_volunt:atem

2232 4919 2551 4977 in'Christo
2584 4923 2662 4976 ita
2694 4919 2878 4978 solius
2909 4919 3230 4975 divinitatis
3257 4936 3406 4988 esse,
3457 4924 3523 4974 ut
3569 4935 3639 4974 ex
3694 4919 3871 4973 divini

2231 4994 2404 5050 Verbi
2438 4992 2757 5072 volunta_t_e,
2818 5009 3022 5072 omnes
3070 4993 3140 5072 in
3199 4991 3428 5072 9hristo
3484 4991 3865 5072 cogitationes

2233 5074 2516 5133 actusque
2546 5066 2881 5136 prodirent;
2915 5065 2996 5120 ita
3022 5070 3085 5118 ut
3116 5063 3278 5118 nulla
3307 5064 3366 5118 in
3399 5079 3464 5136 eo
3495 5061 3873 5136 carnaliscu-

2235 5139 2470 5210 piditas,
2508 5134 2960 5210 nullahumana
3010 5136 3306 5210 cogitatio,
3368 5134 3576 5210 vitiosa
3617 5134 3871 5210 scilicet,

2232 5205 2500 5265 oriretur.
2535 5209 2648 5264 Nec
2683 5209 2999 5264 humanam
3034 5205 3230 5262 tamen
3264 5206 3460 5262 inesse
3497 5205 3729 5262 Christo
3778 5221 3870 5259 vo-

2231 5282 2516 5337 luntatem
2547 5289 2734 5352 negat,
2767 5297 2944 5351 quam
2977 5279 3194 5334 diserte
3223 5279 3519 5349 superius,
3573 5294 3704 5350 pag.
3753 5277 3876 5338 709,

2235 5353 2492 5408 admittit
2522 5358 2762 5407 sanctus
2792 5353 3012 5406 doctor.

2304 5426 2416 5494 (76)
2447 5425 2529 5479 lta
2557 5429 2685 5494 Seg.
2721 5425 2782 5477 In
2803 5423 3007 5494 editis,
3038 5419 3128 5494 καί
3161 5421 3344 5494 deest.

2306 5426 2396 5494 (76
2447 5426 2529 5479 lta
2557 5429 2685 5494 Seg.
2721 5426 2782 5477 In
2815 5426 3007 5488 editis,
3038 5426 3128 5474 καί
3161 5426 3344 5476 deest.

2306 5426 2418 5564 (77)
2452 5497 2604 5568 Seg..
2635 5493 2889 5568 προσῄει.
2922 5493 3088 5550 Gobl.
3119 5497 3177 5548 et
3207 5491 3461 5548 Felckm.
3515 5493 3564 5561 1,
3625 5489 3872 5564 προσείη.

2234 5567 2409 5642 Editi,
2437 5567 2703 5642 ¹ιτρόσεισι.
2792 5567 2813 5642 ν·
3067 5634 3213 5642 _____
3493 5639 3501 5642 _
3606 5633 3642 5642 ,,

2307 5638 2417 5707 (⁷8)
2447 5633 2597 5721 ἕξει,
2640 5635 3012 5721 χνωρριτεξαςα.
3033 5713 3044 5721 _
3067 5634 3230 5721 Edi‘ti‘
3265 5649 3398 5721 vero
3455 5639 3512 5688 et
3540 5633 3871 5721 smmis-

2236 5705 2422 5786 ρισμα.
2459 5705 2771 5786 lbidLS'eg.‘
2797 5705 2962 5786 Gobl,
2995 5713 3054 5786 et
3084 5706 3340 5786 Felokm,
3375 5705 3424 5771 1,
3462 5705 3638 5786 ,μήτι

2239 5775 2398 5853 μηδὲ.
2433 5785 2556 5839 Mox
2586 5775 2749 5839 Gobl.
2781 5786 2840 5836 et
2871 5775 3123 5836 Felckm.
3160 5780 3210 5847 1,
3252 5775 3672 5851 προσχώρησιν.
3728 5777 3874 5834 Editi
