4048 6372
263 467 420 527 1149

1101 464 1412 528 CONTRA
1463 463 2060 530 APOLLINARIUM
2103 467 2335 528 LIBER
2381 465 2812 548 SECUNDUS.

3513 455 3669 515 1150

259 602 394 677 πρὸς
456 601 517 655 τὸ
575 600 744 676 παρὸν
800 599 1197 675 ἐπιχειρήσεως
1251 597 1609 674 προχώρησιν
1637 640 1651 665 ,
1711 600 1910 668 ἡττᾶτο

2029 616 2318 674 gressum,
2338 607 2648 674 superatus
2679 619 2812 658 cum
2839 603 3061 674 pudore
3076 601 3270 666 cessit,
3293 595 3661 653 debilitatus-

261 689 663 765 αἲσχυνόμενος
706 689 796 743 καὶ
845 689 1168 760 νικώμενοςο
1218 687 1307 742 καὶ
1359 687 1562 742 ἀτονῶν
1613 683 1782 762 ἔλεγεο
1815 688 1910 748 Τίς

263 778 422 840 οὗτος
482 780 510 832 6
573 778 1013 853 παραγενόμενος
1083 776 1133 849 ἐξ
1208 774 1412 850 Ἑδὼμ,
1473 775 1747 831 τουτέστιν
1783 821 1796 845 ,
1854 777 1913 832 ἐκ

259 870 361 944 γῆς
416 868 714 940 ἀνθρώπων
775 869 906 940 (79),
969 860 1258 920 διαϐαίνων
1321 865 1412 941 βίᾳ
1472 866 1605 938 μετά
1662 865 1907 941 ἰσχύος;

262 956 356 1011 Διὸ
404 955 492 1010 καὶ
552 957 580 1009 6
640 955 836 1030 Κύριος
892 950 1107 1029 ἔλεγεν·
1167 961 1426 1030 Ἔρχεται
1487 955 1514 1007 6
1572 953 1757 1030 ἅρχων
1815 960 1911 1009 106

260 1044 471 1118 κόσμου
527 1044 758 1111 τούτου,
817 1043 907 1098 καὶ
967 1043 1018 1098 ἐν
1077 1042 1202 1115 ἐμοὶ
1261 1041 1492 1118 εὑρίσκει
1551 1039 1724 1098 οὐδέν.
1786 1043 1908 1097 Καί-

257 1153 344 1188 τοι
377 1134 465 1188 καὶ
497 1135 706 1209 ψυχὴκ,
737 1131 827 1187 καὶ
858 1137 1040 1204 σῶμα,
1067 1131 1157 1186 καὶ
1184 1131 1314 1188 ὅλον
1345 1132 1436 1186 τὸν
1469 1137 1684 1207 πρῶτον
1736 1153 1909 1206 μεμα-

263 1223 506 1295 θήκαμεν
540 1218 687 1298 ἔχειν
717 1222 808 1276 τὸν
861 1218 1104 1295 δεύτερον
1159 1218 1340 1294 Ἀδὰμ
1556 1221 1616 1277 Ei
1657 1223 1761 1296 γὰρ
1786 1222 1910 1296 περὶ

265 1311 543 1386 ὑπάρξεως
603 1311 891 1387 ἀνθρώπου
948 1310 1015 1378 ἢν
1065 1310 1166 1378 τὸ,
1228 1307 1401 1382 οὐδὲν,
1461 1313 1580 1372 πῶς
1635 1311 1697 1366 τὸ
1751 1315 1912 1383 σῶμα

261 1399 384 1473 εὗρε
411 1401 474 1455 τὸ
523 1401 801 1476 ὁρώμενον
857 1399 1138 1472 εἰρηκότος
1189 1397 1340 1454 οὐδέν
1378 1426 1392 1468 ;
1424 1397 1584 1455 Ἀλλ’
1615 1399 1722 1475 οὐχ
1765 1401 1912 1473 εὗρεν

261 1489 313 1544 ἐν
358 1490 526 1562 αὐτῷ,
576 1491 649 1543 ὧν
696 1489 855 1552 αὐτὸς
901 1488 1187 1563 εἰργάσατο
1238 1487 1290 1542 ἐν
1337 1492 1416 1560 τῷ
1463 1489 1665 1564 πρώτῳ
1713 1485 1906 1562 Ἀδάμ·

257 1577 350 1634 καὶ
384 1577 557 1640 οὕτως
586 1576 854 1647 κατελύθη
890 1579 925 1646 ἡ
977 1577 1215 1650 ἁμαρτία
1263 1576 1312 1630 ἐι
1363 1580 1596 1653 Χριστῷ·
1635 1575 1723 1632 διὰ
1750 1582 1910 1632 τοῦτο

257 1668 351 1723 καὶ
411 1670 446 1735 ἡ
504 1667 690 1744 Γραφή
749 1671 1026 1742 μαρτυρεῖ·
1087 1668 1180 1728 "Oc
1239 1666 1504 1741 ἁμαρτίαν
1565 1667 1667 1721 οὐκ
1721 1665 1909 1736 ἐποίη-

261 1777 377 1826 σεν,
437 1753 562 1810 οὐδὲ
621 1755 808 1832 εὑρέθη
868 1752 1033 1817 δόλος
1091 1758 1202 1828 (81)
1262 1755 1314 1810 ἰν
1391 1759 1470 1827 τῷ
1528 1755 1755 1828 στόματι
1813 1757 1907 1811 αὑ-

258 1866 378 1901 του.

2022 707 2135 762 que
2166 692 2247 745 ait
2279 709 2292 747 :
2327 693 2463 760 Quis
2492 701 2569 748 est
2625 695 2726 747 iste
2773 694 2868 763 qui
2896 693 3046 746 venit
3073 691 3142 746 de
3182 689 3369 756 Edam,
3402 685 3511 740 hoc
3550 687 3660 748 est,

2021 795 2089 834 ex
2111 785 2268 836 terra
2300 781 2628 847 hominum,
2656 781 2912 837 incedens
2950 781 3222 834 violenter
3267 792 3393 831 cum
3441 774 3662 844 fortitu-

2019 869 2240 924 dine”?
2288 870 2502 925 Idcirco
2560 871 2754 925 aiebat
2809 869 3140 924 Dominus:
3205 867 3356 920 Venit
3410 865 3667 934 princeps

2019 958 2216 1012 mundi
2243 958 2428 1030 hujus,
2460 964 2514 1014 et
2543 961 2605 1013 in
2628 974 2712 1014 me
2742 959 2890 1014 nihil
2921 957 3199 1013 invenit”.
3234 955 3580 1023 Quanquam
3604 951 3662 1004 et

2020 1047 2279 1102 animam
2311 1054 2367 1103 et
2395 1064 2629 1118 corpus,
2653 1053 2960 1118 totumque
2984 1046 3239 1117 primum
3258 1037 3663 1104 Adamum,di-

2020 1137 2274 1194 dicimus
2300 1140 2622 1194 secundum
2647 1139 2937 1193 Adamum
2963 1133 3416 1191 habuisse.Nam
3441 1130 3488 1185 si
3513 1128 3658 1183 illud

2017 1227 2185 1294 nihil,
2217 1228 2288 1282 de
2319 1227 2656 1283 substantia
2721 1225 2973 1282 hominis
3021 1226 3332 1284 diceretur.
3365 1219 3658 1291 quomodo

2018 1315 2247 1371 visibile
2269 1333 2480 1388 corpus
2517 1316 2737 1370 invenit
2773 1317 2900 1386 ejus
2932 1313 3030 1385 qui
3075 1313 3317 1376 dixerat,
3339 1308 3523 1363 nihil?
3547 1307 3655 1362 Sed

2021 1404 2167 1459 nihil
2191 1404 2411 1460 invenit
2442 1405 2501 1459 in
2535 1403 2634 1460 illo
2668 1402 2960 1472 diabolus,
3007 1419 3072 1457 ex
3117 1400 3190 1455 iis
3223 1415 3350 1470 quas
3384 1398 3442 1451 in
3472 1396 3662 1467 primo

2020 1491 2258 1548 homine
2289 1493 2710 1564 operatusipse
2742 1493 2968 1566 fuerat:
3000 1494 3178 1560 atque
3201 1489 3281 1542 ita
3298 1487 3662 1541 destructum

2019 1586 2109 1638 est
2136 1583 2195 1636 in
2228 1582 2454 1637 Christo
2473 1587 2772 1654 peccatum
2803 1598 2816 1647 ;
2849 1580 3230 1651 quamobrem
3261 1576 3560 1646 Scriptura
3581 1576 3664 1627 te-

2020 1674 2212 1726 statur
2245 1688 2257 1725 :
2293 1673 2400 1739 Qui
2425 1674 2708 1742 peccatum
2735 1685 2844 1725 non
2875 1670 3022 1740 fecit,
3056 1682 3155 1722 nec
3183 1669 3262 1722 est
3291 1666 3542 1719 inventus
3574 1659 3664 1716 do-

2024 1758 2114 1815 lus
2144 1763 2206 1816 in
2235 1776 2326 1816 ore
2354 1761 2474 1832 ejus
2497 1761 2560 1815 ¹¹.

343 1937 426 1991 11.
460 1937 584 1997 Πῶς
615 1931 704 1988 οὗν
751 1932 954 2008 λέγετε,
1004 1933 1088 1988 ὅτι
1137 1932 1397 1989 ἀδύνατόν
1444 1934 1586 1989 ἐστιν
1634 1934 1908 2011 ἀναιχμα-

2091 1941 2176 1994 11.
2210 1944 2322 1994 Cur
2353 1938 2552 2011 itaque
2580 1938 2780 1994 dicitis
2805 1954 2817 1992 :
2852 1933 3220 2009 Impossibile
3247 1936 3335 1988 est
3365 1930 3663 2031 hominem

262 2023 530 2080 λώτιστον
559 2024 804 2098 γενέσθαι
832 2024 924 2078 τὸν
979 2023 1114 2096 ἅπαξ
1157 2022 1673 2099 αῗχμαλωτισθὲντα
1701 2023 1907 2100 ἄνθρω-

260 2133 366 2168 πον
399 2132 413 2181 ;
443 2109 534 2166 ἵνα
565 2113 628 2167 τὸ
686 2112 779 2184 μὲν
831 2109 1092 2167 ἀδύνατον
1139 2117 1221 2184 τῷ
1266 2118 1382 2185 Θεῷ
1427 2113 1736 2188 προσάγητε
1775 2116 1908 2187 (82),

257 2201 324 2256 τὸ
351 2198 408 2255 δὲ
440 2198 662 2255 δυνατὸν
694 2205 774 2272 τῷ
827 2195 1095 2273 διαϐόλῳ,
1143 2199 1478 2256 ἀκατάλυτον
1519 2202 1682 2257 αὐτοῦ
1714 2202 1909 2276 λεγον-

262 2310 351 2351 τες
402 2291 501 2358 τὴν
552 2289 824 2365 ἁμαρτίαν
875 2288 925 2342 ἐν
969 2293 1038 2363 τῇ
1089 2288 1244 2367 φύσει
1291 2294 1398 2344 τῶν
1451 2291 1787 2364 ἀνθρώπων,
1837 2292 1912 2356 ὡς

262 2377 353 2434 καὶ
383 2379 434 2432 οἱ
479 2377 644 2434 ἄλλοι
694 2379 980 2454 αἱρετικοίο
1008 2377 1098 2432 καὶ
1149 2377 1239 2433 διὰ
1265 2384 1425 2434 τοῦτο
1458 2379 1781 2450 ἆληλυθὲναι
1810 2383 1908 2451 τήν

262 2463 516 2537 θεὸτητα,
543 2470 642 2536 τὴν
689 2469 763 2541 μή
814 2466 1394 2543 αἰχμαλωτιζομένην,
1427 2467 1479 2523 ἐν
1509 2469 1772 2543 ὁμοιώσει
1800 2472 1914 2543 (83)

261 2557 461 2634 σαρκὸς
491 2555 582 2611 καὶ
613 2560 823 2632 ψυχῆς,
867 2554 954 2610 ’ίνα
1003 2556 1137 2626 αύτή
1183 2554 1697 2632 ἀναιχμαλώτιστος
1729 2558 1911 2632 μείνῇ,

265 2645 355 2701 καὶ
411 2644 583 2706 οὕτως
639 2645 780 2723 ὀφθῇ
828 2645 1037 2718 καθαρὰ
1084 2641 1421 2716 δικαιοσύνη.
1469 2645 1608 2700 Πότε
1637 2647 1748 2720 (84)
1780 2651 1912 2722 γοῦν

264 2735 370 2790 οὐκ
417 2735 482 2802 ἦν
532 2741 632 2803 τῆς
683 2732 939 2804 θεότητος
989 2735 1197 2809 καθαρά
1243 2737 1278 2803 ἡ
1329 2732 1642 2804 δικαιοσύνη
1680 2754 1694 2805 ;
1727 2736 1825 2798 Τίς
1858 2733 1914 2791 δὲ

264 2826 317 2882 ἰν
375 2823 594 2884 τούτοις
651 2822 952 2898 ἀνθρώπων
1027 2823 1324 2898 εὐεργεσία,
1383 2824 1429 2877 εί
1491 2827 1565 2896 μή
1623 2824 1915 2895 ταυτότητι

271 2916 553 2990 ὑπάρξεως
599 2911 689 2966 καὶ
739 2910 950 2988 φύσεως
997 2907 1274 2983 καινότητι
1323 2909 1479 2991 ὤφθη
1512 2915 1540 2968 6
1589 2913 1806 2990 Κύριος,
1840 2915 1913 2976 ὥς

267 3024 432 3084 φησιν
487 3003 515 3056 6
575 2998 916 3062 Ἀπόστολος
951 3022 963 3034 ·
1031 3006 1127 3056 Ἦν
1200 3001 1515 3057 ἐνεκαίνισεν
1590 3005 1726 3077 ἡμῖν
1788 3001 1912 3059 ἀδὸν

268 3093 582 3170 πρόσφατον
630 3089 720 3144 καὶ
775 3094 972 3159 ζῶσανο
1033 3089 1232 3164 λέγων.
1291 3093 1438 3166 Ἐγώ
1487 3091 1599 3166 εἶμι
1657 3095 1692 3162 ἠ
1741 3089 1866 3155 ὁδὸς
1898 3139 1914 3166 ,

269 3182 359 3238 καὶ
385 3184 421 3250 ἡ
457 3181 592 3250 ζωὴ,
624 3181 712 3234 καὶ
764 3182 799 3249 ἠ
860 3177 1090 3250 ἀλήθεια
1123 3197 1137 3247 ;
1171 3177 1350 3235 Ἀλλὰ
1381 3181 1583 3257 λέγετε,
1613 3186 1684 3257 τῇ
1711 3183 1916 3256 ὁμοιώ-

265 3292 347 3328 σει
376 3271 466 3325 καί
510 3272 579 3342 τῇ
642 3271 870 3342 μιμήσει
924 3269 1185 3337 σώζεσθαι
1241 3269 1369 3332 τοὺς
1417 3271 1790 3340 πιστεύοντας,
1824 3271 1912 3326 καὶ

268 3361 334 3416 οὐ
385 3363 454 3432 τῇ
514 3333 841 3412 ἀνακαινίσει
1076 3358 1166 3412 καὶ
1210 3358 1284 3433 τῇ
1335 3359 1580 3436 ἀπαρχῇ.
1642 3333 1915 3423 Καὶγιπῶς
1947 3333 1990 3400 C

265 3447 620 3522 πρωτότοκος
650 3446 866 3522 γὲγονεν
896 3446 947 3501 ἐν
977 3445 1215 3509 πολλοῖς
1242 3446 1522 3527 ἀδελφοῖς,
1563 3450 1652 3504 καὶ
1692 3449 1915 3526 ἀπαρχή

261 3543 372 3594 τῶν
431 3534 848 3610 κεκοιμημένων
908 3537 1138 3612 Χριστὸς
1175 3580 1188 3604 ,
1248 3537 1308 3599 ’ὸς
1362 3537 1474 3592 ἐστι
1552 3537 1764 3616 κεφαλή
1821 3543 1919 3593 106

265 3627 522 3699 σώματος
571 3631 669 3694 τῆς
723 3624 1049 3694 Ἐκκλησίας
1109 3643 1122 3693 ;
1177 3625 1315 3683 Οῧτε
1379 3627 1480 3702 γὰρ
1547 3625 1728 3690 πίστις
1784 3628 1920 3682 κατά

268 3714 447 3786 δήλου
504 3715 802 3789 φαινομένη
863 3715 975 3786 (86)
1018 3713 1196 3777 πίστις
1247 3712 1307 3768 ἃν
1354 3712 1591 3790 λέγοιτοο
1651 3713 1779 3770 ἀλλ’
1808 3710 1916 3770 ἔστι

264 3803 447 3866 πίστις
476 3806 511 3872 ἡ
556 3803 619 3858 τὸ
665 3800 928 3858 ἀδύνατον
984 3801 1036 3857 ἐν
1091 3800 1312 3876 δυνάμει
1361 3803 1706 3876 πιστεύουσα,
1737 3804 1826 3859 καὶ
1854 3805 1917 3859 τὸ

261 3892 478 3955 ἀσθενὲς
521 3891 572 3947 ἔν
616 3891 790 3966 ἰσχύϊ,
835 3891 926 3946 καὶ
976 3891 1040 3946 τὸ
1094 3893 1328 3962 παθητὸν
1391 3892 1442 3946 ἐν
1497 3893 1726 3965 ἀπαθείᾳ
1759 3940 1774 3965 ,
1826 3895 1913 3949 καὶ

259 3983 324 4038 τὸ
351 3983 583 4060 φθαρτὸν
635 3980 688 4036 ἐν
732 3980 1019 4056 ἀφθαρσίᾳ,
1069 3980 1159 4035 καὶ
1206 3983 1269 4036 τὸ
1321 3983 1514 4054 θνητὸν
1557 3982 1608 4037 ἐν
1637 3983 1915 4054 ἀθανασίᾳ.

260 4071 340 4128 Τὸ
401 4072 700 4145 μυστήριον
760 4073 922 4124 10610
992 4069 1127 4145 μέγα
1183 4068 1350 4138 ἐστὶν,
1383 4071 1456 4134 ὥς
1497 4093 1657 4149 φησιν
1688 4073 1716 4127 6
1749 4072 1912 4128 Ἀπό-

266 4159 483 4220 στολος’
547 4157 654 4234 ἐγὼ
715 4155 772 4212 δὲ
812 4156 1008 4230 λέγων,
1069 4158 1146 4220 εἷς
1201 4160 1437 4232 Χριστὸν
1473 4206 1486 4227 ,
1534 4161 1624 4215 καὶ
1683 4161 1758 4222 είς
1814 4163 1913 4231 τὴν

261 4247 610 4318 Ἐκκλησίαν.
667 4251 745 4304 Οὐ
796 4245 895 4321 γὰρ
954 4245 1117 4314 ἦλθεν
1176 4249 1211 4316 ἡ
1246 4249 1438 4318 θεότης
1468 4250 1660 4318 ἑαυτὴν
1689 4247 1914 4304 δικαιῶ-

264 4359 373 4405 σαι,
430 4333 554 4392 οὕτε
609 4338 722 4409 (87)
774 4337 877 4411 γὰρ
919 4334 1197 4410 ἥμαρτεν,
1255 4334 1414 4394 Ἀλλ’
1475 4336 1789 4414 ἐπτώχευσε
1846 4335 1916 4392 δι’

260 4428 409 4499 ἡμᾶς
465 4425 730 4489 πλούσιος
788 4421 862 4479 ὢν
894 4468 908 4493 ,
967 4422 1056 4480 ’ίνα
1109 4429 1273 4498 ἡμεῖς
1347 4429 1416 4499 τῇ
1495 4425 1696 4482 ἰκείνου
1766 4447 1913 4481 πτω-

261 4515 392 4591 χείᾳ
445 4514 846 4588 πλουτήσωμεν
875 4558 887 4570 .
949 4516 1074 4576 ΙΙῶς
1127 4511 1184 4570 δὲ
1253 4513 1594 4590 ἆπτώχευσεν
1654 4517 1682 4570 6
1735 4514 1911 4584 θεός;

2020 2044 2054 2083 a
2083 2028 2420 2100 captivitate
2453 2028 2702 2083 liberum
2734 2043 2885 2091 esse,
2919 2026 3014 2097 qui
3049 2022 3228 2080 semel
3262 2023 3318 2076 in
3362 2019 3661 2094 captivita-

2018 2120 2136 2174 tem
2169 2123 2334 2174 actus
2364 2118 2486 2173 sit?
2510 2122 2573 2172 ut
2605 2116 3008 2189 impotentiam
3042 2114 3277 2186 quidem
3311 2113 3661 2182 Deo,poten-

2019 2207 2160 2262 tiam
2184 2223 2318 2262 vero
2346 2207 2579 2262 diabolo
2602 2204 3104 2269 attribuatis,dum
3129 2202 3323 2257 dicitis
3356 2203 3661 2272 peccatum

2021 2295 2092 2351 ab
2125 2296 2252 2367 ipso
2284 2297 2612 2360 inductum,
2665 2311 2965 2362 nunquam
2997 2292 3056 2347 in
3091 2291 3397 2346 hominum
3458 2292 3664 2343 natura

2020 2385 2243 2440 destrui
2294 2401 2467 2456 posse
2499 2387 2589 2453 (ut
2619 2388 2676 2439 et
2703 2384 2895 2438 caeteri
2945 2383 3112 2438 aiunt
3140 2377 3438 2450 haeretici),
3473 2393 3539 2432 ac
3597 2391 3664 2430 ea

2021 2473 2093 2528 de
2113 2490 2289 2528 causa
2307 2473 2535 2529 venisse
2559 2473 3084 2542 divinitatem,qum
3107 2470 3336 2541 captiva
3357 2482 3660 2538 nunquam

2024 2562 2235 2630 fuerat,
2263 2563 2322 2617 in
2355 2561 2744 2618 similitudine
2764 2559 2956 2616 carnis
2980 2565 3036 2615 et
3057 2558 3268 2614 anima:
3290 2575 3304 2624 ;
3329 2562 3393 2611 ut
3415 2556 3544 2628 ipsa
3567 2571 3668 2610 ca-

2023 2651 2284 2723 ptivitate
2308 2651 2491 2707 libera
2521 2667 2754 2722 semper
2776 2653 3058 2715 maneret,
3083 2653 3138 2703 et
3167 2645 3494 2717 sicjustitia
3522 2659 3670 2716 pura

2023 2745 2350 2812 appareret.
2401 2740 2785 2806 Quandouam
2837 2738 3018 2810 igitur
3076 2736 3399 2790 divinitatis
3435 2732 3669 2806 justitia

2025 2846 2173 2900 pura
2214 2847 2330 2885 non
2379 2829 2536 2884 fuit?
2559 2830 2627 2884 Et
2657 2829 2951 2900 quodnam
2984 2827 3043 2881 in
3076 2826 3206 2880 istis
3238 2840 3374 2895 erga
3403 2823 3668 2878 homines

2023 2917 2398 2984 beneﬁcium,
2431 2917 2544 2972 nisi
2577 2933 2711 2972 cum
2753 2916 2956 2972 eadem
3006 2914 3365 2978 exsistentia,
3398 2916 3455 2966 et
3482 2911 3538 2966 in
3573 2927 3674 2965 na-

2024 3012 2172 3064 tura
2207 3009 2460 3063 novitate
2489 3007 2862 3078 apparuisset
2890 3005 3198 3072 Dominus,
3227 3009 3291 3057 ut
3321 3003 3400 3057 ait
3423 3007 3669 3073 Aposto-

2025 3095 2157 3153 lus:
2191 3098 2367 3166 Quam
2415 3098 2704 3152 innovavit
2749 3096 2904 3150 nobis
2950 3097 3101 3150 viam
3131 3109 3349 3161 novam,
3379 3099 3431 3146 el
3481 3091 3669 3146 vium--

2023 3190 2133 3242 lem
2157 3187 2223 3241 ¹³.
2258 3186 2459 3241 dicens
2492 3203 2504 3241 :
2538 3187 2650 3255 Ego
2679 3201 2802 3240 sum
2841 3186 2946 3251 vii,
2980 3185 3208 3248 veritas,
3235 3185 3286 3237 et
3315 3184 3430 3236 vita
3460 3180 3520 3233 ιδ.
3555 3179 3667 3234 Sed

2028 3276 2174 3332 757
2221 3274 2438 3340 dicitis,
2485 3274 2872 3337 similitudine
2923 3277 2981 3329 et
3036 3270 3367 3326 imitatione
3411 3268 3664 3324 salutem

2027 3363 2310 3436 consequi
2351 3380 2452 3420 eos
2509 3364 2608 3436 qui
2660 3363 2928 3433 credunt,
2983 3379 3098 3417 non
3148 3359 3542 3423 renovatione,
3602 3372 3669 3411 ac

2027 3452 2176 3526 ipsis
2204 3452 2503 3524 primitiis.
2539 3455 2662 3520 Quo
2717 3455 2886 3524 pacto
2943 3467 3079 3522 ergo
3131 3446 3558 3522 primogenitus
3608 3448 3665 3500 in

2028 3541 2234 3598 multis
2259 3541 2537 3598 fratribus
2567 3546 2625 3597 et
2655 3539 2929 3613 primitias
2963 3538 3380 3594 dormientium
3405 3536 3672 3591 Christus

2026 3646 2156 3687 esse
2186 3631 2396 3703 potuit,
2441 3632 2538 3701 qui
2573 3634 2651 3685 est
2679 3637 2845 3699 caput
2881 3629 3122 3699 corporis
3167 3625 3532 3682 Ecclesiae“?
3559 3624 3668 3679 Ne-

2027 3736 2141 3791 que
2161 3721 2317 3775 enim
2342 3720 2484 3774 fides
2505 3719 2802 3773 evidenter
2819 3734 3131 3789 apparens,
3161 3716 3304 3770 ﬁdes
3335 3714 3448 3768 dici
3472 3718 3672 3785 potue-

2025 3809 2102 3864 rit
2143 3824 2156 3862 :
2190 3825 2389 3863 verum
2423 3808 2568 3863 ﬁdes
2601 3813 2691 3862 est
2721 3823 2847 3877 quae
2879 3807 3033 3878 quod
3087 3801 3452 3876 impossibile
3484 3806 3574 3856 est
3611 3800 3668 3854 in

2026 3899 2310 3970 potentia,
2335 3899 2488 3969 quod
2521 3897 2824 3952 infirmum
2851 3896 2907 3949 in
2942 3895 3172 3960 virtute,
3199 3893 3355 3964 quod
3389 3888 3669 3962 passibile

2025 3986 2084 4042 in
2119 3985 2777 4057 impassibilitate,quod
2799 3981 3182 4054 corruptibile
3199 3982 3256 4035 in
3279 3978 3672 4048 incorruptio-

2026 4091 2120 4143 ne,
2176 4077 2331 4145 quod
2393 4074 2636 4130 mortale
2697 4074 2754 4128 in
2814 4071 3259 4127 immortalitate
3308 4085 3438 4124 esse
3468 4067 3674 4122 credit.

2025 4163 2345 4235 Mysterium
2400 4163 2498 4219 hoc
2544 4179 2810 4231 magnum
2839 4165 2940 4231 est,
2973 4165 3036 4214 ut
3093 4160 3173 4214 ait
3217 4157 3551 4230 Apostolus,
3582 4171 3676 4226 ego

2024 4260 2208 4307 autem
2237 4252 2355 4307 dico
2386 4253 2445 4306 in
2494 4252 2731 4316 Christo,
2763 4256 2817 4305 et
2848 4251 2906 4304 in
2936 4247 3182 4304 Ecclesia
3216 4247 3278 4302 ¹⁸.
3329 4245 3452 4301 Non
3512 4244 3668 4300 enim

2023 4340 2184 4395 venit
2237 4341 2536 4407 divinitas,
2589 4346 2653 4395 ut
2711 4356 2840 4395 sese
2863 4338 3236 4408 justificaret,
3271 4352 3460 4407 neque
3515 4333 3669 4388 enim

2024 4429 2280 4501 peccavit
2313 4447 2326 4484 :
2358 4430 2466 4485 Sed
2509 4447 2715 4503 egenus
2768 4433 2950 4500 factus
2988 4437 3088 4493 est,
3147 4444 3271 4482 cum
3315 4427 3462 4481 dives
3507 4432 3665 4488 esset,

2023 4522 2086 4574 ut
2111 4534 2209 4574 nos
2237 4520 2395 4575 illius
2425 4522 2614 4591 inopia
2645 4519 2841 4575 divites
2867 4534 3102 4574 essemus
3135 4518 3196 4570 ιθ.
3231 4515 3531 4582 Quomodo
3564 4530 3668 4568 au-

333 4623 506 4697 '_Isa.
541 4641 699 4697 1.11111,
731 4626 781 4678 1.
850 4622 1102 4697 _'_°_Joan.
1135 4641 1250 4691 xxv,
1281 4625 1370 4697 30.
1451 4625 1491 4660 ¹¹
1529 4626 1549 4680 l
1594 4625 1748 4680 Patr.
1809 4640 1871 4678 11.

2099 4626 2142 4660 ¹²
2180 4625 2352 4683 Hebr.
2385 4645 2440 4697 x,
2472 4628 2563 4682 20.
2643 4628 2688 4663 ¹³
2718 4627 2886 4683 Joan.
2920 4641 3037 4694 x1v,
3067 4626 3120 4680 6.
3199 4625 3242 4660 ¹⁴
3280 4624 3470 4680 Colos.
3507 4640 3546 4689 1,
3581 4623 3666 4677 17.

263 4695 308 4732 ¹⁶
337 4693 546 4766 Ephes.
577 4697 633 4765 5,
666 4696 759 4753 32.
845 4694 887 4730 ‘°
917 4695 967 4751 II
998 4699 1125 4751 Cor.
1157 4713 1278 4763 vm,
1309 4696 1364 4750 9.

255 4813 392 4883 vero
422 4802 480 4883 et
513 4797 632 4883 alii:
664 4798 1047 4883 προχώρησιν.
1085 4801 1229 4857 Vide
1260 4818 1441 4875 supra
1471 4817 1636 4858 num.
1686 4803 1741 4856 6.
1792 4801 1906 4858 Ibi-

2029 4804 2262 4883 1992159".-

260 4870 411 4942 dem
425 4870 578 4942 $63.,
608 4870 856 4942 ἡττᾶται.

330 4939 782 5022 (79)-Ξοεημτιξν
839 4939 900 4995 ἐκ
953 4949 1054 5022 γῆΑς
1110 4942 1434 5022 ἀνθρώπων,
1495 4945 1900 5022 ωἰομεΔι-θοῑο.

257 5009 385 5090 εισι
417 5009 582 5090 idqui
604 5009 662 5068 et
683 5014 946 5090 .Graacus
967 5009 1317 5090 "Scriptura
1367 5009 1581 5084 textus,
1615 5009 1906 5090 διαϐαίνων

254 5082 353 5212 fl?
385 5083 519 5154 μετὰ
568 5082 782 5168 ἰσχύος.
832 5087 894 5141 In
942 5087 1116 5142 editis
1135 5082 1203 5144 ἐι
1233 5089 1290 5143 in
1324 5082 1574 5155 castoris,
1605 5088 1694 5164 βίᾳ
1719 5091 1902 5146 deest.

283 5155 481 5211 bidem
515 5157 882 5212 Sezuerlanu
917 5157 1010 5211 Διὸ
1041 5159 1132 5212 καὶ
1159 5161 1187 5212 6
1240 5161 1492 5212 Χριστός.
1547 5161 1725 5212 Paulo
1773 5166 1902 5212 nost

283 5155 481 5235 bidem
501 5155 882 5235 βοεῦσι-ἰωὴ
917 5157 1010 5235 Διρ
1041 5159 1187 5235 καὶὸ
1240 5161 1492 5235 Χριστός.
1547 5155 1725 5218 Paulo
1773 5166 1907 5235 post

252 5227 428 5304 Basil.
461 5233 526 5304 et
547 5228 927 5304 Anglicanus,
961 5229 1176 5304 εὑρήσει
1210 5227 1385 5289 οὐδέν.

324 5299 437 5371 (80)
471 5299 566 5356 Sic
595 5299 722 5371 Ség.
757 5301 922 5357 Gobl.
978 5299 1035 5358 et
1079 5299 1328 5363 Felckm.
1389 5310 1433 5360 ι.
1485 5305 1637 5361 Editi
1683 5321 1816 5362 vero
1849 5310 1906 5360 et

249 5373 446 5454 centeri
469 5373 894 5454 manuscripti,
925 5374 1015 5427 καί
1046 5372 1174 5429 ὅλον
1210 5378 1325 5454 εἶχε
1352 5377 1444 5432 τὰν
1478 5381 1695 5451 πρῶτον
1729 5377 1757 5430 6
1783 5373 1902 5430 δεύο

245 5461 403 5518 τερος
418 5439 632 5518 λ’ᾼδάμ.

319 5514 724 5595 (81‘)_Qobl._9t
779 5515 1035 5595 Fglcl‘iltn.
1098 5519 1151 5588 4,
1210 5519 1299 5574 καὶ
1347 5519 1454 5595 οὐχ
1484 5518 1677 5594 εὑρέθη
1713 5514 1899 5580 δόλος.

243 5581 375 5661 Mox
393 5581 601 5661 iidem,
640 5587 765 5647 Πῶς
795 5583 898 5661 οὖν.
920 5581 1093 5661 ἔλεγε.

319 5660 436 5735 (_8_2)
465 5658 1062 5735 Seg.,_npocayaiyn1é.
1119 5663 1292 5735 Paulo
1337 5669 1468 5735 post
1508 5661 1899 5735 SegsAnglic.

319 5679 436 5731 (οι)
465 5679 620 5733 393.,
652 5679 1062 5748 προσαγαγητε.
1121 5679 1292 5748 {eum
1337 5679 1487 5750 ροεῐυ
1508 5679 1640 5790 SBE.
1672 5679 1898 5734 angue.

251 5729 482 5812 gobler.
516 5738 572 5788 et
602 5731 944 5812 Felckm._1,
989 5751 1042 5786 εν
1090 5754 1158 5808 τῃ
1199 5734 1369 5812 ’φύσει
1420 5755 1529 5812 των
1562 5804 1573 5812 Α
1617 5734 1898 5812 νθρώξτων.

252 5800 405 5857 Editi
437 5819 572 5859 vero
601 5809 660 5860 et
687 5801 879 5860 cateri
914 5800 1386 5880 manuscripti,tv
1407 5810 1477 5882 τῇ
1509 5804 1661 5884 φύσει
1682 5800 1786 5860 ’τοῦ
1813 5805 1900 5859 ἀν-

2011 5452 2132 5506 Gob

2089 4877 2200 4948 (83)
2229 4877 2357 4948 Sag.
2394 4876 2560 4932 Gobl.
2623 4876 2841 4948 Anglic.
2883 4880 2961 4948 _et
3008 4875 3260 4948 Eelckm.
3292 4875 3344 4940 1,
3377 4870 3428 4925 ἐν
3458 4871 3666 4942 ὁμοιώ-

2019 4944 2358 5020 ματι.Ἐ(1ἰῖί
2389 4965 2521 5004 vero
2552 4952 2609 5003 et
2640 4944 2759 5014 alii,
2793 4944 3159 5020 ivﬁpozibest.

2090 5021 2200 5090 (84)
2231 5025 2359 5092 Seg.
2393 5020 2698 5089 Anglican.
2735 5013 3189 5092 Basilfli‘elckm.
3222 5017 3256 5092 3_
3297 5020 3352 5092 et
3394 5016 3450 5092 5,
3509 5013 3660 5092 πότε.

2017 5086 2144 5148 Μόχ
2171 5086 2410 5166 Βεειῖοιι.
2447 5086 2677 5149 beler.
2712 5098 2768 5148 et
2799 5090 3051 5145 Felckm.
3089 5091 3138 5157 1,
3171 5086 3260 5141 καὶ
3290 5087 3374 5148 τίς
3424 5086 3474 5140 ἐν
3533 5086 3660 5141 τού-

2013 5183 2151 5224 τοις.

2107 5237 2198 5308 85)
2232 5234 2649 5308 Seguerianus,
2682 5231 3062 5308 ἀνακαινώσει.

2107 5237 2178 5291 85
2232 5237 2649 5308 Seguerianus,
2682 5237 3062 5287 ἀνακαινώσει.

2083 5237 2199 5379 (86;
2231 5312 2368 5380 Seg.
2394 5306 2560 5361 Gobl.
2596 5312 2653 5360 et
2679 5305 2932 5380 Felclgui.
2970 5307 3020 5368 1,
3050 5302 3186 5357 κατὰ
3231 5298 3444 5380 ἀδήλου
3498 5322 3661 5380 φερο-

2017 5373 2753 5453 pévy.'Ang'li_canus,_xu1a‘z
2782 5373 2993 5453 ἀδήλου
3017 5375 3339 5453 φαινομένη.
3356 5373 3658 5453 (Mog-1:383.

2161 5421 2174 5433 ο
2207 5400 2582 5451 ﬂugllcaﬂus,
2613 5400 2753 5430 κατα
2782 5400 2993 5444 αοηΛου
3017 5400 3339 5453 φαινῠμενη.
3372 5400 3499 5429 Μυλ
3527 5400 3658 5447 Dex.

2119 5400 2177 5505 ii.
2219 5457 2275 5506 et
2301 5450 2554 5505 Felckm.
2591 5451 2639 5516 1,
2700 5447 3047 5503 πιστεύουσα.
3109 5447 3256 5503 Editi
3313 5451 3370 5503 et
3417 5446 3538 5517 alii,
3571 5466 3659 5499 πι-

2013 5520 2290 5576 στεύσασα.

2083 5596 2196 5664 (87)
2226 5598 2380 5665 Seg.,
2412 5587 2559 5648 οὐδὲ.
2593 5596 2719 5665 Mox
2748 5591 2979 5665 l_3_as_il.,A
3008 5587 3102 5643 'iva
3129 5593 3296 5665 ἡμεῖς
3327 5587 3654 5665 πλουτήσωῖ

2015 5661 2141 5737 μιν.
2165 5661 2382 5721 Ibidem
2404 5669 2531 5737 _Seg
2561 5709 2573 5734 ,
2605 5663 2728 5724 ΙΙὼς
2761 5661 2817 5717 δὶ
2848 5661 3187 5737 ἐπτώχευσεν
3219 5663 3247 5716 6
3280 5661 3467 5735 Λόγος.
3503 5663 3652 5718 Editi

2011 5731 2069 5794 et
2094 5736 2214 5810 alii,
2247 5739 2370 5797 Πῶς
2401 5731 2457 5792 δὶ
2490 5731 2834 5812 ἶπτώχευσεν
2866 5735 2894 5790 6
2925 5731 3076 5796 θεόξ.
