  <div class='ocr_page' id='page_1' title='image "/cluster/home/n/w/nwhite01/storage/ocr_20150623/26/hvd.32044019208479/652.png"; bbox 0 0 4048 6406; ppageno 0'>
   <div class='ocr_carea' id='block_1_1' title="bbox 213 425 358 484">
    <p class='ocr_par' dir='ltr' id='par_1_1' title="bbox 213 425 358 484">
     <span class='ocr_line' id='line_1_1' title="bbox 213 425 358 484; baseline -0.014 0"><span class='ocrx_word' id='word_1_1' title='bbox 213 425 358 484; x_wconf 76' lang='grc'>1157</span> 
     </span>
    </p>
   </div>
   <div class='ocr_carea' id='block_1_2' title="bbox 1052 414 2753 480">
    <p class='ocr_par' dir='ltr' id='par_1_2' title="bbox 1052 414 2753 480">
     <span class='ocr_line' id='line_1_2' title="bbox 1052 414 2753 480; baseline -0.001 -2"><span class='ocrx_word' id='word_1_2' title='bbox 1052 416 1362 480; x_wconf 83' lang='lat' dir='ltr'>CONTRA</span> <span class='ocrx_word' id='word_1_3' title='bbox 1407 414 2000 478; x_wconf 78' lang='lat' dir='ltr'>APOLLINABIUM</span> <span class='ocrx_word' id='word_1_4' title='bbox 2050 415 2278 476; x_wconf 80' lang='lat' dir='ltr'>LIBER.</span> <span class='ocrx_word' id='word_1_5' title='bbox 2325 415 2753 480; x_wconf 85' lang='lat' dir='ltr'>SECUNDUS.</span> 
     </span>
    </p>
   </div>
   <div class='ocr_carea' id='block_1_3' title="bbox 3457 423 3612 484">
    <p class='ocr_par' dir='ltr' id='par_1_3' title="bbox 3457 423 3612 484">
     <span class='ocr_line' id='line_1_3' title="bbox 3457 423 3612 484; baseline 0.006 -2"><span class='ocrx_word' id='word_1_6' title='bbox 3457 423 3612 484; x_wconf 79' lang='lat'>1158</span> 
     </span>
    </p>
   </div>
   <div class='ocr_carea' id='block_1_4' title="bbox 203 548 1851 630">
    <p class='ocr_par' dir='ltr' id='par_1_4' title="bbox 203 548 1848 630">
     <span class='ocr_line' id='line_1_4' title="bbox 203 548 1848 630; baseline -0.004 -20"><span class='ocrx_word' id='word_1_7' title='bbox 203 560 315 617; x_wconf 80' lang='grc' dir='ltr'>ταῖς</span> <span class='ocrx_word' id='word_1_8' title='bbox 348 558 554 630; x_wconf 80' lang='grc' dir='ltr'>ψυχαῖς</span> <span class='ocrx_word' id='word_1_9' title='bbox 587 549 964 629; x_wconf 76' lang='grc' dir='ltr'>εὐηγγελίζετο</span> <span class='ocrx_word' id='word_1_10' title='bbox 999 570 1012 586; x_wconf 75' lang='grc' dir='ltr'><strong>ο</strong></span> <span class='ocrx_word' id='word_1_11' title='bbox 1043 550 1095 606; x_wconf 82' lang='grc' dir='ltr'>ἐν</span> <span class='ocrx_word' id='word_1_12' title='bbox 1127 548 1184 606; x_wconf 64' lang='grc' dir='ltr'>δὲ</span> <span class='ocrx_word' id='word_1_13' title='bbox 1213 552 1428 622; x_wconf 87' lang='grc' dir='ltr'>σώματι</span> <span class='ocrx_word' id='word_1_14' title='bbox 1472 554 1704 625; x_wconf 77' lang='grc' dir='ltr'>Χριστοῦ</span> <span class='ocrx_word' id='word_1_15' title='bbox 1736 551 1848 621; x_wconf 85' lang='grc'>(13)</span> 
     </span>
    </p>
   </div>
   <div class='ocr_carea' id='block_1_5' title="bbox 1968 548 3614 630">
    <p class='ocr_par' dir='ltr' id='par_1_5' title="bbox 1968 549 3614 627">
     <span class='ocr_line' id='line_1_5' title="bbox 1968 549 3614 627; baseline 0.007 -24"><span class='ocrx_word' id='word_1_16' title='bbox 1968 549 2278 605; x_wconf 74' lang='lat' dir='ltr'>animabus</span> <span class='ocrx_word' id='word_1_17' title='bbox 2314 552 2693 621; x_wconf 60' lang='lat' dir='ltr'>pradicatum</span> <span class='ocrx_word' id='word_1_18' title='bbox 2725 558 2853 620; x_wconf 87' lang='lat' dir='ltr'>est;</span> <span class='ocrx_word' id='word_1_19' title='bbox 2884 553 2941 609; x_wconf 88' lang='lat' dir='ltr'>in</span> <span class='ocrx_word' id='word_1_20' title='bbox 2966 572 3207 627; x_wconf 89' lang='lat' dir='ltr'>corpore</span> <span class='ocrx_word' id='word_1_21' title='bbox 3227 563 3420 614; x_wconf 82' lang='lat' dir='ltr'>autem</span> <span class='ocrx_word' id='word_1_22' title='bbox 3451 559 3614 614; x_wconf 82' lang='lat' dir='ltr'>Chri-</span> 
     </span>
    </p>
   </div>
   <div class='ocr_carea' id='block_1_6' title="bbox 207 633 1846 721">
    <p class='ocr_par' dir='ltr' id='par_1_6' title="bbox 207 633 1846 721">
     <span class='ocr_line' id='line_1_6' title="bbox 207 633 1846 721; baseline -0.005 -22"><span class='ocrx_word' id='word_1_23' title='bbox 207 646 237 713; x_wconf 77' lang='grc' dir='ltr'>ἡ</span> <span class='ocrx_word' id='word_1_24' title='bbox 271 645 442 721; x_wconf 74' lang='grc' dir='ltr'>φθορὰ</span> <span class='ocrx_word' id='word_1_25' title='bbox 471 646 822 716; x_wconf 80' lang='grc' dir='ltr'>κατηργεῖτο,</span> <span class='ocrx_word' id='word_1_26' title='bbox 855 640 944 696; x_wconf 86' lang='grc' dir='ltr'>καὶ</span> <span class='ocrx_word' id='word_1_27' title='bbox 991 643 1026 710; x_wconf 75' lang='grc' dir='ltr'>ὴ</span> <span class='ocrx_word' id='word_1_28' title='bbox 1077 638 1344 718; x_wconf 78' lang='grc' dir='ltr'>ἀφθαρσία</span> <span class='ocrx_word' id='word_1_29' title='bbox 1386 638 1444 693; x_wconf 65' lang='grc' dir='ltr'>ἐκ</span> <span class='ocrx_word' id='word_1_30' title='bbox 1485 639 1657 712; x_wconf 81' lang='grc' dir='ltr'>τάφου</span> <span class='ocrx_word' id='word_1_31' title='bbox 1705 633 1846 690; x_wconf 84' lang='grc' dir='ltr'>ἐδεί-</span> 
     </span>
    </p>
   </div>
   <div class='ocr_carea' id='block_1_7' title="bbox 201 725 1850 805">
    <p class='ocr_par' dir='ltr' id='par_1_7' title="bbox 201 725 1850 805">
     <span class='ocr_line' id='line_1_7' title="bbox 201 725 1850 805; baseline -0.005 -18"><span class='ocrx_word' id='word_1_32' title='bbox 201 753 376 789; x_wconf 88' lang='grc' dir='ltr'>κνυτο.</span> <span class='ocrx_word' id='word_1_33' title='bbox 432 735 590 787; x_wconf 85' lang='grc' dir='ltr'>Ὥστε</span> <span class='ocrx_word' id='word_1_34' title='bbox 645 730 743 787; x_wconf 78' lang='grc' dir='ltr'>οὐκ</span> <span class='ocrx_word' id='word_1_35' title='bbox 796 732 1080 805; x_wconf 76' lang='grc' dir='ltr'>ἅνθρωπος</span> <span class='ocrx_word' id='word_1_36' title='bbox 1135 733 1269 783; x_wconf 90' lang='grc' dir='ltr'>Θεοῦ</span> <span class='ocrx_word' id='word_1_37' title='bbox 1347 727 1665 803; x_wconf 81' lang='grc' dir='ltr'>ἐχωρίζετο,</span> <span class='ocrx_word' id='word_1_38' title='bbox 1728 725 1850 780; x_wconf 77' lang='grc' dir='ltr'>οὕτε</span> 
     </span>
    </p>
   </div>
   <div class='ocr_carea' id='block_1_8' title="bbox 201 811 1847 896">
    <p class='ocr_par' dir='ltr' id='par_1_8' title="bbox 201 811 1847 896">
     <span class='ocr_line' id='line_1_8' title="bbox 201 811 1847 896; baseline -0.005 -20"><span class='ocrx_word' id='word_1_39' title='bbox 201 823 320 885; x_wconf 85' lang='grc' dir='ltr'>Θεὸς</span> <span class='ocrx_word' id='word_1_40' title='bbox 350 821 488 895; x_wconf 89' lang='grc' dir='ltr'>πρὸς</span> <span class='ocrx_word' id='word_1_41' title='bbox 547 817 828 896; x_wconf 76' lang='grc' dir='ltr'>ἄνθρωπον</span> <span class='ocrx_word' id='word_1_42' title='bbox 886 815 1267 893; x_wconf 79' lang='grc' dir='ltr'>ἐγκατάλειψιν</span> <span class='ocrx_word' id='word_1_43' title='bbox 1318 813 1582 890; x_wconf 83' lang='grc' dir='ltr'>διηγεῖτο,</span> <span class='ocrx_word' id='word_1_44' title='bbox 1634 811 1757 869; x_wconf 69' lang='grc' dir='ltr'>οὔτε</span> <span class='ocrx_word' id='word_1_45' title='bbox 1812 816 1847 883; x_wconf 82' lang='grc' dir='ltr'>ἠ</span> 
     </span>
    </p>
   </div>
   <div class='ocr_carea' id='block_1_9' title="bbox 199 905 1850 985">
    <p class='ocr_par' dir='ltr' id='par_1_9' title="bbox 199 905 1850 985">
     <span class='ocr_line' id='line_1_9' title="bbox 199 905 1850 985; baseline -0.004 -23"><span class='ocrx_word' id='word_1_46' title='bbox 199 909 450 985; x_wconf 80' lang='grc' dir='ltr'>νὲκρωσις</span> <span class='ocrx_word' id='word_1_47' title='bbox 511 908 600 963; x_wconf 81' lang='grc' dir='ltr'>καὶ</span> <span class='ocrx_word' id='word_1_48' title='bbox 651 913 748 962; x_wconf 88' lang='grc' dir='ltr'>τοῦ</span> <span class='ocrx_word' id='word_1_49' title='bbox 791 906 1098 979; x_wconf 72' lang='grc' dir='ltr'>πνεύματος</span> <span class='ocrx_word' id='word_1_50' title='bbox 1150 905 1513 980; x_wconf 79' lang='grc' dir='ltr'>ἀποχώρησις</span> <span class='ocrx_word' id='word_1_51' title='bbox 1572 906 1682 977; x_wconf 76' lang='grc'>(14)</span> <span class='ocrx_word' id='word_1_52' title='bbox 1717 907 1850 959; x_wconf 90' lang='grc' dir='ltr'>Θεοῦ</span> 
     </span>
    </p>
   </div>
   <div class='ocr_carea' id='block_1_10' title="bbox 204 992 1848 1070">
    <p class='ocr_par' dir='ltr' id='par_1_10' title="bbox 204 992 1848 1070">
     <span class='ocr_line' id='line_1_10' title="bbox 204 992 1848 1070; baseline -0.005 -17"><span class='ocrx_word' id='word_1_53' title='bbox 204 999 303 1053; x_wconf 87' lang='grc' dir='ltr'>ἀπὸ</span> <span class='ocrx_word' id='word_1_54' title='bbox 330 999 582 1070; x_wconf 83' lang='grc' dir='ltr'>σώματος</span> <span class='ocrx_word' id='word_1_55' title='bbox 621 997 686 1066; x_wconf 80' lang='grc' dir='ltr'>ἦν</span> <span class='ocrx_word' id='word_1_56' title='bbox 737 997 1080 1069; x_wconf 79' lang='grc' dir='ltr'>μετὰστασις,</span> <span class='ocrx_word' id='word_1_57' title='bbox 1131 992 1279 1050; x_wconf 81' lang='grc' dir='ltr'>ἀλλὰ</span> <span class='ocrx_word' id='word_1_58' title='bbox 1321 997 1504 1068; x_wconf 79' lang='grc' dir='ltr'>ψυχῆς</span> <span class='ocrx_word' id='word_1_59' title='bbox 1531 994 1636 1047; x_wconf 86' lang='grc' dir='ltr'>ἀπὸ</span> <span class='ocrx_word' id='word_1_60' title='bbox 1667 993 1848 1064; x_wconf 88' lang='grc' dir='ltr'>σώμα-</span> 
     </span>
    </p>
   </div>
   <div class='ocr_carea' id='block_1_11' title="bbox 198 1079 1848 1162">
    <p class='ocr_par' dir='ltr' id='par_1_11' title="bbox 198 1079 1848 1162">
     <span class='ocr_line' id='line_1_11' title="bbox 198 1079 1848 1162; baseline -0.005 -20"><span class='ocrx_word' id='word_1_61' title='bbox 198 1109 286 1150; x_wconf 91' lang='grc' dir='ltr'>τος</span> <span class='ocrx_word' id='word_1_62' title='bbox 314 1085 602 1162; x_wconf 86' lang='grc' dir='ltr'>χωρισμός</span> <span class='ocrx_word' id='word_1_63' title='bbox 638 1105 651 1119; x_wconf 75' lang='grc' dir='ltr'><strong>ο</strong></span> <span class='ocrx_word' id='word_1_64' title='bbox 687 1087 714 1140; x_wconf 99' lang='lat'>6</span> <span class='ocrx_word' id='word_1_65' title='bbox 762 1085 863 1161; x_wconf 78' lang='grc' dir='ltr'>γὰρ</span> <span class='ocrx_word' id='word_1_66' title='bbox 913 1082 1179 1159; x_wconf 72' lang='grc' dir='ltr'>ἡμέτερος</span> <span class='ocrx_word' id='word_1_67' title='bbox 1231 1082 1337 1137; x_wconf 79' lang='grc' dir='ltr'>ἐκεῖ</span> <span class='ocrx_word' id='word_1_68' title='bbox 1389 1079 1704 1158; x_wconf 77' lang='grc' dir='ltr'>διεγράφετο</span> <span class='ocrx_word' id='word_1_69' title='bbox 1752 1079 1848 1134; x_wconf 86' lang='grc' dir='ltr'>θά-</span> 
     </span>
    </p>
   </div>
   <div class='ocr_carea' id='block_1_12' title="bbox 200 1168 1848 1248">
    <p class='ocr_par' dir='ltr' id='par_1_12' title="bbox 200 1168 1848 1248">
     <span class='ocr_line' id='line_1_12' title="bbox 200 1168 1848 1248; baseline -0.005 -19"><span class='ocrx_word' id='word_1_70' title='bbox 200 1196 371 1239; x_wconf 90' lang='grc' dir='ltr'>νατος.</span> <span class='ocrx_word' id='word_1_71' title='bbox 410 1176 472 1231; x_wconf 77' lang='lat' dir='ltr'>Ei’</span> <span class='ocrx_word' id='word_1_72' title='bbox 502 1173 559 1229; x_wconf 69' lang='grc' dir='ltr'>δὲ</span> <span class='ocrx_word' id='word_1_73' title='bbox 591 1175 619 1229; x_wconf 88' lang='lat'>6</span> <span class='ocrx_word' id='word_1_74' title='bbox 670 1175 797 1235; x_wconf 84' lang='grc' dir='ltr'>Θεὸς</span> <span class='ocrx_word' id='word_1_75' title='bbox 842 1172 1120 1248; x_wconf 77' lang='grc' dir='ltr'>ἐχωρίσθη</span> <span class='ocrx_word' id='word_1_76' title='bbox 1176 1176 1276 1226; x_wconf 88' lang='grc' dir='ltr'>τοῦ</span> <span class='ocrx_word' id='word_1_77' title='bbox 1324 1171 1600 1242; x_wconf 83' lang='grc' dir='ltr'>σώματος,</span> <span class='ocrx_word' id='word_1_78' title='bbox 1633 1169 1721 1223; x_wconf 82' lang='grc' dir='ltr'>καὶ</span> <span class='ocrx_word' id='word_1_79' title='bbox 1754 1168 1848 1223; x_wconf 75' lang='grc' dir='ltr'>οὕ-</span> 
     </span>
    </p>
   </div>
   <div class='ocr_carea' id='block_1_13' title="bbox 201 1257 1847 1337">
    <p class='ocr_par' dir='ltr' id='par_1_13' title="bbox 201 1257 1847 1337">
     <span class='ocr_line' id='line_1_13' title="bbox 201 1257 1847 1337; baseline -0.006 -18"><span class='ocrx_word' id='word_1_80' title='bbox 201 1285 303 1326; x_wconf 88' lang='grc' dir='ltr'>τως</span> <span class='ocrx_word' id='word_1_81' title='bbox 327 1267 441 1337; x_wconf 90' lang='grc'>(15)</span> <span class='ocrx_word' id='word_1_82' title='bbox 470 1266 504 1332; x_wconf 79' lang='grc' dir='ltr'>ἡ</span> <span class='ocrx_word' id='word_1_83' title='bbox 535 1264 797 1337; x_wconf 79' lang='grc' dir='ltr'>νέκρωσις</span> <span class='ocrx_word' id='word_1_84' title='bbox 850 1259 1142 1328; x_wconf 83' lang='grc' dir='ltr'>ἐδείκνυτο,</span> <span class='ocrx_word' id='word_1_85' title='bbox 1193 1265 1312 1322; x_wconf 90' lang='grc' dir='ltr'>πῶς</span> <span class='ocrx_word' id='word_1_86' title='bbox 1354 1257 1417 1313; x_wconf 83' lang='grc' dir='ltr'>τὸ</span> <span class='ocrx_word' id='word_1_87' title='bbox 1460 1263 1638 1331; x_wconf 80' lang='grc' dir='ltr'>σῶμα,</span> <span class='ocrx_word' id='word_1_88' title='bbox 1672 1277 1847 1332; x_wconf 89' lang='grc' dir='ltr'>χωρι-</span> 
     </span>
    </p>
   </div>
   <div class='ocr_carea' id='block_1_14' title="bbox 203 1343 1846 1427">
    <p class='ocr_par' dir='ltr' id='par_1_14' title="bbox 203 1343 1846 1427">
     <span class='ocr_line' id='line_1_14' title="bbox 203 1343 1846 1427; baseline -0.004 -21"><span class='ocrx_word' id='word_1_89' title='bbox 203 1353 317 1406; x_wconf 73' lang='grc' dir='ltr'>σθὶν</span> <span class='ocrx_word' id='word_1_90' title='bbox 348 1357 443 1407; x_wconf 92' lang='grc' dir='ltr'>τοῦ</span> <span class='ocrx_word' id='word_1_91' title='bbox 468 1350 744 1427; x_wconf 70' lang='grc' dir='ltr'>ἀφθάρτου</span> <span class='ocrx_word' id='word_1_92' title='bbox 793 1355 946 1418; x_wconf 86' lang='grc' dir='ltr'>Θεοῦ,</span> <span class='ocrx_word' id='word_1_93' title='bbox 993 1352 1090 1418; x_wconf 77' lang='grc' dir='ltr'>τὴν</span> <span class='ocrx_word' id='word_1_94' title='bbox 1143 1347 1431 1425; x_wconf 74' lang='grc' dir='ltr'>ἀφθαρσίαν</span> <span class='ocrx_word' id='word_1_95' title='bbox 1461 1343 1796 1402; x_wconf 75' lang='grc' dir='ltr'>ἐπεδείκνυτο</span> <span class='ocrx_word' id='word_1_96' title='bbox 1833 1366 1846 1416; x_wconf 90' lang='grc'><strong>;</strong></span> 
     </span>
    </p>
   </div>
   <div class='ocr_carea' id='block_1_15' title="bbox 202 1432 1846 1516">
    <p class='ocr_par' dir='ltr' id='par_1_15' title="bbox 202 1432 1846 1516">
     <span class='ocr_line' id='line_1_15' title="bbox 202 1432 1846 1516; baseline -0.005 -19"><span class='ocrx_word' id='word_1_97' title='bbox 202 1446 312 1503; x_wconf 86' lang='grc' dir='ltr'>πῶς</span> <span class='ocrx_word' id='word_1_98' title='bbox 343 1439 402 1496; x_wconf 82' lang='grc' dir='ltr'>δὲ</span> <span class='ocrx_word' id='word_1_99' title='bbox 429 1442 518 1496; x_wconf 83' lang='grc' dir='ltr'>καὶ</span> <span class='ocrx_word' id='word_1_100' title='bbox 546 1442 574 1495; x_wconf 94' lang='lat'>6</span> <span class='ocrx_word' id='word_1_101' title='bbox 607 1441 777 1516; x_wconf 82' lang='grc' dir='ltr'>Λογὸς</span> <span class='ocrx_word' id='word_1_102' title='bbox 809 1442 908 1508; x_wconf 81' lang='grc' dir='ltr'>τήν</span> <span class='ocrx_word' id='word_1_103' title='bbox 941 1438 1016 1500; x_wconf 80' lang='grc' dir='ltr'>εῒς</span> <span class='ocrx_word' id='word_1_104' title='bbox 1049 1433 1179 1508; x_wconf 76' lang='grc' dir='ltr'>ᾅδου</span> <span class='ocrx_word' id='word_1_105' title='bbox 1228 1432 1470 1491; x_wconf 73' lang='grc' dir='ltr'>ἐπίϐασιν</span> <span class='ocrx_word' id='word_1_106' title='bbox 1505 1435 1798 1505; x_wconf 82' lang='grc' dir='ltr'>ἐποιήσατο</span> <span class='ocrx_word' id='word_1_107' title='bbox 1833 1454 1846 1503; x_wconf 87' lang='lat'><strong>;</strong></span> 
     </span>
    </p>
   </div>
   <div class='ocr_carea' id='block_1_16' title="bbox 204 1523 1850 1600">
    <p class='ocr_par' dir='ltr' id='par_1_16' title="bbox 204 1523 1850 1600">
     <span class='ocr_line' id='line_1_16' title="bbox 204 1523 1850 1600; baseline -0.004 -16"><span class='ocrx_word' id='word_1_108' title='bbox 204 1529 386 1599; x_wconf 73' lang='grc' dir='ltr'>ἢπῶς</span> <span class='ocrx_word' id='word_1_109' title='bbox 430 1531 528 1598; x_wconf 81' lang='grc' dir='ltr'>τήν</span> <span class='ocrx_word' id='word_1_110' title='bbox 581 1529 632 1600; x_wconf 81' lang='grc' dir='ltr'>ἐξ</span> <span class='ocrx_word' id='word_1_111' title='bbox 688 1527 819 1583; x_wconf 77' lang='grc' dir='ltr'>ἃδου</span> <span class='ocrx_word' id='word_1_112' title='bbox 868 1527 1153 1582; x_wconf 83' lang='grc' dir='ltr'>ἀνάστασιν</span> <span class='ocrx_word' id='word_1_113' title='bbox 1208 1523 1598 1594; x_wconf 78' lang='grc' dir='ltr'>ἐπεδνίκνυτο;</span> <span class='ocrx_word' id='word_1_114' title='bbox 1652 1527 1850 1599; x_wconf 77' lang='grc' dir='ltr'>μήτιγε</span> 
     </span>
    </p>
   </div>
   <div class='ocr_carea' id='block_1_17' title="bbox 207 1611 1852 1691">
    <p class='ocr_par' dir='ltr' id='par_1_17' title="bbox 207 1611 1852 1691">
     <span class='ocr_line' id='line_1_17' title="bbox 207 1611 1852 1691; baseline -0.004 -18"><span class='ocrx_word' id='word_1_115' title='bbox 207 1620 365 1681; x_wconf 81' lang='grc' dir='ltr'>αὐτὸς</span> <span class='ocrx_word' id='word_1_116' title='bbox 397 1618 512 1672; x_wconf 82' lang='grc' dir='ltr'>ἀντι</span> <span class='ocrx_word' id='word_1_117' title='bbox 542 1625 642 1687; x_wconf 78' lang='grc' dir='ltr'>τῆς</span> <span class='ocrx_word' id='word_1_118' title='bbox 671 1616 939 1691; x_wconf 68' lang='grc' dir='ltr'>ἡμετέρας</span> <span class='ocrx_word' id='word_1_119' title='bbox 972 1619 1158 1690; x_wconf 78' lang='grc' dir='ltr'>ψυχῆς</span> <span class='ocrx_word' id='word_1_120' title='bbox 1191 1615 1439 1670; x_wconf 78' lang='grc' dir='ltr'>ἀνίστατο</span> <span class='ocrx_word' id='word_1_121' title='bbox 1469 1616 1601 1687; x_wconf 86' lang='grc'>(16),</span> <span class='ocrx_word' id='word_1_122' title='bbox 1630 1611 1723 1668; x_wconf 68' lang='grc' dir='ltr'>’ίνα</span> <span class='ocrx_word' id='word_1_123' title='bbox 1751 1620 1852 1682; x_wconf 86' lang='grc' dir='ltr'>τῆς</span> 
     </span>
    </p>
   </div>
   <div class='ocr_carea' id='block_1_18' title="bbox 207 1702 1848 1782">
    <p class='ocr_par' dir='ltr' id='par_1_18' title="bbox 207 1702 1848 1782">
     <span class='ocr_line' id='line_1_18' title="bbox 207 1702 1848 1782; baseline -0.004 -20"><span class='ocrx_word' id='word_1_124' title='bbox 207 1706 472 1782; x_wconf 71' lang='grc' dir='ltr'>ἡμετέρας</span> <span class='ocrx_word' id='word_1_125' title='bbox 529 1705 862 1768; x_wconf 81' lang='grc' dir='ltr'>ἀναστάσεως</span> <span class='ocrx_word' id='word_1_126' title='bbox 925 1707 1024 1774; x_wconf 76' lang='grc' dir='ltr'>τὴν</span> <span class='ocrx_word' id='word_1_127' title='bbox 1103 1703 1284 1761; x_wconf 76' lang='grc' dir='ltr'>εἰκόνα</span> <span class='ocrx_word' id='word_1_128' title='bbox 1335 1703 1690 1779; x_wconf 74' lang='grc' dir='ltr'>ἁρμόσηταις</span> <span class='ocrx_word' id='word_1_129' title='bbox 1743 1702 1848 1758; x_wconf 82' lang='grc' dir='ltr'>Καὶ</span> 
     </span>
    </p>
   </div>
   <div class='ocr_carea' id='block_1_19' title="bbox 199 1791 1847 1871">
    <p class='ocr_par' dir='ltr' id='par_1_19' title="bbox 199 1791 1847 1871">
     <span class='ocr_line' id='line_1_19' title="bbox 199 1791 1847 1871; baseline -0.004 -20"><span class='ocrx_word' id='word_1_130' title='bbox 199 1801 313 1858; x_wconf 89' lang='grc' dir='ltr'>πῶς</span> <span class='ocrx_word' id='word_1_131' title='bbox 347 1791 463 1851; x_wconf 82' lang='grc' dir='ltr'>οἷόν</span> <span class='ocrx_word' id='word_1_132' title='bbox 514 1816 573 1850; x_wconf 90' lang='grc' dir='ltr'>τε</span> <span class='ocrx_word' id='word_1_133' title='bbox 620 1795 743 1871; x_wconf 84' lang='grc' dir='ltr'>περὶ</span> <span class='ocrx_word' id='word_1_134' title='bbox 796 1798 934 1850; x_wconf 76' lang='grc' dir='ltr'>Θεοῦ</span> <span class='ocrx_word' id='word_1_135' title='bbox 980 1798 1150 1848; x_wconf 88' lang='grc' dir='ltr'>ταῦτα</span> <span class='ocrx_word' id='word_1_136' title='bbox 1197 1792 1394 1848; x_wconf 86' lang='grc' dir='ltr'>ἐννοεῖν</span> <span class='ocrx_word' id='word_1_137' title='bbox 1433 1813 1445 1862; x_wconf 90' lang='grc'><strong>;</strong></span> <span class='ocrx_word' id='word_1_138' title='bbox 1497 1792 1847 1870; x_wconf 71' lang='grc' dir='ltr'>Ἀσύμφωνος</span> 
     </span>
    </p>
   </div>
   <div class='ocr_carea' id='block_1_20' title="bbox 195 1881 1929 1982">
    <p class='ocr_par' dir='ltr' id='par_1_20' title="bbox 195 1881 1929 1982">
     <span class='ocr_line' id='line_1_20' title="bbox 195 1881 1929 1982; baseline -0.004 -42"><span class='ocrx_word' id='word_1_139' title='bbox 195 1885 368 1940; x_wconf 81' lang='grc' dir='ltr'>τοίνυν</span> <span class='ocrx_word' id='word_1_140' title='bbox 399 1889 516 1946; x_wconf 82' lang='grc' dir='ltr'>ταῖς</span> <span class='ocrx_word' id='word_1_141' title='bbox 567 1884 742 1959; x_wconf 80' lang='grc' dir='ltr'>ἁγίαις</span> <span class='ocrx_word' id='word_1_142' title='bbox 795 1888 1052 1982; x_wconf 46' lang='grc' dir='ltr'>Γραφαῖς.</span> <span class='ocrx_word' id='word_1_143' title='bbox 1082 1884 1109 1936; x_wconf 90' lang='lat'>6</span> <span class='ocrx_word' id='word_1_144' title='bbox 1160 1882 1287 1982; x_wconf 74' lang='grc' dir='ltr'>ὅρος</span> <span class='ocrx_word' id='word_1_145' title='bbox 1340 1881 1642 1982; x_wconf 51' lang='grc' dir='ltr'>ὁρῶν,’καὶ</span> <span class='ocrx_word' id='word_1_146' title='bbox 1678 1881 1848 1982; x_wconf 47' lang='grc' dir='ltr'>’ἀνάρ-</span> <span class='ocrx_word' id='word_1_147' title='bbox 1883 1920 1929 1982; x_wconf 79' lang='grc' dir='ltr'>Β</span> 
     </span>
    </p>
   </div>
   <div class='ocr_carea' id='block_1_21' title="bbox 200 1969 1845 2048">
    <p class='ocr_par' dir='ltr' id='par_1_21' title="bbox 200 1969 1845 2048">
     <span class='ocr_line' id='line_1_21' title="bbox 200 1969 1845 2048; baseline -0.004 -19"><span class='ocrx_word' id='word_1_148' title='bbox 200 1994 396 2048; x_wconf 85' lang='grc' dir='ltr'>μοστος</span> <span class='ocrx_word' id='word_1_149' title='bbox 427 1976 526 2042; x_wconf 79' lang='grc' dir='ltr'>τῆς</span> <span class='ocrx_word' id='word_1_150' title='bbox 572 1973 961 2047; x_wconf 81' lang='grc' dir='ltr'>πληρωθείσης</span> <span class='ocrx_word' id='word_1_151' title='bbox 1005 1972 1324 2044; x_wconf 76' lang='grc' dir='ltr'>οἰκονομίας</span> <span class='ocrx_word' id='word_1_152' title='bbox 1370 1973 1404 2038; x_wconf 79' lang='grc' dir='ltr'>ἡ</span> <span class='ocrx_word' id='word_1_153' title='bbox 1437 1969 1633 2044; x_wconf 80' lang='grc' dir='ltr'>γνώμη</span> <span class='ocrx_word' id='word_1_154' title='bbox 1672 1970 1845 2042; x_wconf 81' lang='grc' dir='ltr'>ὑμῶν.</span> 
     </span>
    </p>
   </div>
   <div class='ocr_carea' id='block_1_22' title="bbox 198 2057 1851 2132">
    <p class='ocr_par' dir='ltr' id='par_1_22' title="bbox 198 2057 1851 2132">
     <span class='ocr_line' id='line_1_22' title="bbox 198 2057 1851 2132; baseline -0.005 -13"><span class='ocrx_word' id='word_1_155' title='bbox 198 2063 296 2120; x_wconf 84' lang='grc' dir='ltr'>Καὶ</span> <span class='ocrx_word' id='word_1_156' title='bbox 371 2063 434 2117; x_wconf 83' lang='grc' dir='ltr'>τὸ</span> <span class='ocrx_word' id='word_1_157' title='bbox 471 2109 484 2131; x_wconf 89' lang='grc'>,</span> <span class='ocrx_word' id='word_1_158' title='bbox 571 2059 744 2116; x_wconf 82' lang='grc' dir='ltr'>Κάθου</span> <span class='ocrx_word' id='word_1_159' title='bbox 823 2059 883 2114; x_wconf 80' lang='grc' dir='ltr'>ἐκ</span> <span class='ocrx_word' id='word_1_160' title='bbox 967 2057 1152 2130; x_wconf 81' lang='grc' dir='ltr'>δεξιῶν</span> <span class='ocrx_word' id='word_1_161' title='bbox 1239 2080 1376 2132; x_wconf 85' lang='grc' dir='ltr'>μου,</span> <span class='ocrx_word' id='word_1_162' title='bbox 1466 2058 1568 2112; x_wconf 80' lang='grc' dir='ltr'>οὐκ</span> <span class='ocrx_word' id='word_1_163' title='bbox 1647 2058 1851 2132; x_wconf 74' lang='grc' dir='ltr'>ἀνθρώ-</span> 
     </span>
    </p>
   </div>
   <div class='ocr_carea' id='block_1_23' title="bbox 197 2144 1850 2224">
    <p class='ocr_par' dir='ltr' id='par_1_23' title="bbox 197 2144 1850 2224">
     <span class='ocr_line' id='line_1_23' title="bbox 197 2144 1850 2224; baseline -0.004 -18"><span class='ocrx_word' id='word_1_164' title='bbox 197 2171 299 2206; x_wconf 89' lang='grc' dir='ltr'>που</span> <span class='ocrx_word' id='word_1_165' title='bbox 335 2151 428 2224; x_wconf 77' lang='grc' dir='ltr'>μὲν</span> <span class='ocrx_word' id='word_1_166' title='bbox 461 2151 526 2204; x_wconf 87' lang='grc' dir='ltr'>τὸ</span> <span class='ocrx_word' id='word_1_167' title='bbox 555 2149 789 2222; x_wconf 81' lang='grc' dir='ltr'>ἀξίωμα,</span> <span class='ocrx_word' id='word_1_168' title='bbox 822 2146 968 2204; x_wconf 84' lang='grc' dir='ltr'>ἀλλᾶ</span> <span class='ocrx_word' id='word_1_169' title='bbox 1007 2152 1160 2204; x_wconf 87' lang='grc' dir='ltr'>Θεοῦ.</span> <span class='ocrx_word' id='word_1_170' title='bbox 1207 2145 1360 2205; x_wconf 85' lang='grc' dir='ltr'>Ἀλλ’</span> <span class='ocrx_word' id='word_1_171' title='bbox 1412 2144 1600 2215; x_wconf 79' lang='grc' dir='ltr'>ἐπειδὴ</span> <span class='ocrx_word' id='word_1_172' title='bbox 1649 2147 1710 2202; x_wconf 89' lang='grc' dir='ltr'>τὸ</span> <span class='ocrx_word' id='word_1_173' title='bbox 1754 2150 1850 2200; x_wconf 90' lang='grc' dir='ltr'>τοῦ</span> 
     </span>
    </p>
   </div>
   <div class='ocr_carea' id='block_1_24' title="bbox 197 2233 1850 2313">
    <p class='ocr_par' dir='ltr' id='par_1_24' title="bbox 197 2233 1850 2313">
     <span class='ocr_line' id='line_1_24' title="bbox 197 2233 1850 2313; baseline -0.004 -17"><span class='ocrx_word' id='word_1_174' title='bbox 197 2245 328 2297; x_wconf 88' lang='grc' dir='ltr'>Θεοῦ</span> <span class='ocrx_word' id='word_1_175' title='bbox 373 2239 588 2312; x_wconf 80' lang='grc' dir='ltr'>ἀξίωμα</span> <span class='ocrx_word' id='word_1_176' title='bbox 643 2239 928 2313; x_wconf 82' lang='grc' dir='ltr'>ἀνθρώπου</span> <span class='ocrx_word' id='word_1_177' title='bbox 982 2237 1194 2311; x_wconf 77' lang='grc' dir='ltr'>ἀξίωμα</span> <span class='ocrx_word' id='word_1_178' title='bbox 1233 2236 1472 2311; x_wconf 72' lang='grc' dir='ltr'>γέγονεν,</span> <span class='ocrx_word' id='word_1_179' title='bbox 1520 2233 1612 2290; x_wconf 74' lang='grc' dir='ltr'>⁹ίνα</span> <span class='ocrx_word' id='word_1_180' title='bbox 1650 2237 1712 2290; x_wconf 90' lang='grc' dir='ltr'>τὸ</span> <span class='ocrx_word' id='word_1_181' title='bbox 1753 2239 1850 2290; x_wconf 89' lang='grc' dir='ltr'>τοῦ</span> 
     </span>
    </p>
   </div>
   <div class='ocr_carea' id='block_1_25' title="bbox 197 2321 1850 2405">
    <p class='ocr_par' dir='ltr' id='par_1_25' title="bbox 197 2321 1850 2405">
     <span class='ocr_line' id='line_1_25' title="bbox 197 2321 1850 2405; baseline -0.004 -21"><span class='ocrx_word' id='word_1_182' title='bbox 197 2330 486 2405; x_wconf 82' lang='grc' dir='ltr'>ἀνθρώπου</span> <span class='ocrx_word' id='word_1_183' title='bbox 543 2327 756 2400; x_wconf 76' lang='grc' dir='ltr'>ἀξίωμα</span> <span class='ocrx_word' id='word_1_184' title='bbox 794 2330 929 2382; x_wconf 89' lang='grc' dir='ltr'>Θεοῦ</span> <span class='ocrx_word' id='word_1_185' title='bbox 975 2325 1189 2398; x_wconf 81' lang='grc' dir='ltr'>ἀξίωμα</span> <span class='ocrx_word' id='word_1_186' title='bbox 1247 2326 1506 2397; x_wconf 78' lang='grc' dir='ltr'>πιστευθῇ</span> <span class='ocrx_word' id='word_1_187' title='bbox 1558 2326 1670 2397; x_wconf 78' lang='grc'>(1⁸7)</span> <span class='ocrx_word' id='word_1_188' title='bbox 1701 2321 1850 2399; x_wconf 53' lang='grc' dir='ltr'>εἷίρη-</span> 
     </span>
    </p>
   </div>
   <div class='ocr_carea' id='block_1_26' title="bbox 197 2412 1849 2488">
    <p class='ocr_par' dir='ltr' id='par_1_26' title="bbox 197 2412 1849 2488">
     <span class='ocr_line' id='line_1_26' title="bbox 197 2412 1849 2488; baseline -0.004 -15"><span class='ocrx_word' id='word_1_189' title='bbox 197 2439 282 2473; x_wconf 88' lang='grc' dir='ltr'>ται</span> <span class='ocrx_word' id='word_1_190' title='bbox 318 2437 330 2449; x_wconf 82' lang='lat'><strong><em>°</em></strong></span> <span class='ocrx_word' id='word_1_191' title='bbox 384 2415 562 2480; x_wconf 84' lang='grc' dir='ltr'>Κάθου</span> <span class='ocrx_word' id='word_1_192' title='bbox 610 2415 670 2470; x_wconf 82' lang='grc' dir='ltr'>ἐκ</span> <span class='ocrx_word' id='word_1_193' title='bbox 724 2413 908 2488; x_wconf 80' lang='grc' dir='ltr'>δεξιῶν</span> <span class='ocrx_word' id='word_1_194' title='bbox 970 2436 1096 2487; x_wconf 87' lang='grc' dir='ltr'>μου,</span> <span class='ocrx_word' id='word_1_195' title='bbox 1153 2415 1265 2481; x_wconf 86' lang='grc' dir='ltr'>καὶ,</span> <span class='ocrx_word' id='word_1_196' title='bbox 1321 2412 1548 2486; x_wconf 79' lang='grc' dir='ltr'>Δὸξασόν</span> <span class='ocrx_word' id='word_1_197' title='bbox 1606 2434 1691 2486; x_wconf 82' lang='grc' dir='ltr'>με,</span> <span class='ocrx_word' id='word_1_198' title='bbox 1743 2412 1849 2466; x_wconf 79' lang='grc' dir='ltr'>Πά-</span> 
     </span>
    </p>
   </div>
   <div class='ocr_carea' id='block_1_27' title="bbox 195 2501 1852 2582">
    <p class='ocr_par' dir='ltr' id='par_1_27' title="bbox 195 2501 1852 2582">
     <span class='ocr_line' id='line_1_27' title="bbox 195 2501 1852 2582; baseline -0.005 -19"><span class='ocrx_word' id='word_1_199' title='bbox 195 2527 310 2582; x_wconf 79' lang='grc' dir='ltr'>τερ,</span> <span class='ocrx_word' id='word_1_200' title='bbox 340 2509 410 2580; x_wconf 75' lang='grc' dir='ltr'>τῇ</span> <span class='ocrx_word' id='word_1_201' title='bbox 445 2502 607 2578; x_wconf 84' lang='grc' dir='ltr'>ἀϊδίῳ</span> <span class='ocrx_word' id='word_1_202' title='bbox 657 2502 803 2578; x_wconf 80' lang='grc' dir='ltr'>δόξῃ.</span> <span class='ocrx_word' id='word_1_203' title='bbox 861 2505 938 2562; x_wconf 79' lang='grc' dir='ltr'>Οὔ</span> <span class='ocrx_word' id='word_1_204' title='bbox 995 2504 1286 2580; x_wconf 87' lang='grc' dir='ltr'>χωρισθεὶς</span> <span class='ocrx_word' id='word_1_205' title='bbox 1334 2510 1433 2572; x_wconf 79' lang='grc' dir='ltr'>τῆς</span> <span class='ocrx_word' id='word_1_206' title='bbox 1485 2501 1646 2574; x_wconf 79' lang='grc' dir='ltr'>δόξης</span> <span class='ocrx_word' id='word_1_207' title='bbox 1691 2506 1852 2556; x_wconf 86' lang='grc' dir='ltr'>τοῦτο</span> 
     </span>
    </p>
   </div>
   <div class='ocr_carea' id='block_1_28' title="bbox 199 2588 1852 2670">
    <p class='ocr_par' dir='ltr' id='par_1_28' title="bbox 199 2588 1852 2670">
     <span class='ocr_line' id='line_1_28' title="bbox 199 2588 1852 2670; baseline -0.004 -19"><span class='ocrx_word' id='word_1_208' title='bbox 199 2594 370 2670; x_wconf 70' lang='grc' dir='ltr'>λέγει,</span> <span class='ocrx_word' id='word_1_209' title='bbox 403 2592 531 2649; x_wconf 85' lang='grc' dir='ltr'>ἀλλ’</span> <span class='ocrx_word' id='word_1_210' title='bbox 562 2592 613 2649; x_wconf 85' lang='grc' dir='ltr'>ἐν</span> <span class='ocrx_word' id='word_1_211' title='bbox 663 2591 840 2666; x_wconf 81' lang='grc' dir='ltr'>ἀδόξῳ</span> <span class='ocrx_word' id='word_1_212' title='bbox 891 2594 1102 2666; x_wconf 81' lang='grc' dir='ltr'>σώματι</span> <span class='ocrx_word' id='word_1_213' title='bbox 1156 2593 1414 2667; x_wconf 87' lang='grc' dir='ltr'>γεγὸνὼς,</span> <span class='ocrx_word' id='word_1_214' title='bbox 1457 2588 1550 2645; x_wconf 73' lang='grc' dir='ltr'>’ίνα</span> <span class='ocrx_word' id='word_1_215' title='bbox 1590 2588 1733 2664; x_wconf 79' lang='grc' dir='ltr'>δεὶξη</span> <span class='ocrx_word' id='word_1_216' title='bbox 1788 2592 1852 2645; x_wconf 82' lang='grc' dir='ltr'>οὐ</span> 
     </span>
    </p>
   </div>
   <div class='ocr_carea' id='block_1_29' title="bbox 196 2678 1852 2760">
    <p class='ocr_par' dir='ltr' id='par_1_29' title="bbox 196 2678 1852 2760">
     <span class='ocr_line' id='line_1_29' title="bbox 196 2678 1852 2760; baseline -0.003 -21"><span class='ocrx_word' id='word_1_217' title='bbox 196 2683 578 2760; x_wconf 70' lang='grc' dir='ltr'>χωριζομένην</span> <span class='ocrx_word' id='word_1_218' title='bbox 603 2689 703 2753; x_wconf 83' lang='grc' dir='ltr'>τῆς</span> <span class='ocrx_word' id='word_1_219' title='bbox 754 2684 938 2752; x_wconf 80' lang='grc' dir='ltr'>θείκῆς</span> <span class='ocrx_word' id='word_1_220' title='bbox 994 2679 1154 2754; x_wconf 79' lang='grc' dir='ltr'>δόξης</span> <span class='ocrx_word' id='word_1_221' title='bbox 1200 2682 1298 2750; x_wconf 75' lang='grc' dir='ltr'>τὴν</span> <span class='ocrx_word' id='word_1_222' title='bbox 1345 2685 1440 2736; x_wconf 88' lang='grc' dir='ltr'>τοῦ</span> <span class='ocrx_word' id='word_1_223' title='bbox 1471 2678 1673 2736; x_wconf 85' lang='grc' dir='ltr'>δούλου</span> <span class='ocrx_word' id='word_1_224' title='bbox 1720 2699 1852 2754; x_wconf 82' lang='grc' dir='ltr'>μορ-</span> 
     </span>
    </p>
   </div>
   <div class='ocr_carea' id='block_1_30' title="bbox 199 2767 1853 2851">
    <p class='ocr_par' dir='ltr' id='par_1_30' title="bbox 199 2767 1853 2851">
     <span class='ocr_line' id='line_1_30' title="bbox 199 2767 1853 2851; baseline -0.021 -21"><span class='ocrx_word' id='word_1_225' title='bbox 199 2774 333 2851; x_wconf 72' lang='grc' dir='ltr'>φὴν,</span> <span class='ocrx_word' id='word_1_226' title='bbox 377 2770 521 2827; x_wconf 73' lang='grc' dir='ltr'>ἀλλὰ</span> <span class='ocrx_word' id='word_1_227' title='bbox 571 2771 771 2841; x_wconf 77' lang='grc' dir='ltr'>ταύτην</span> <span class='ocrx_word' id='word_1_228' title='bbox 833 2767 1294 2844; x_wconf 70' lang='grc' dir='ltr'>ἐπιδεικνυμένην,</span> <span class='ocrx_word' id='word_1_229' title='bbox 1347 2770 1439 2824; x_wconf 77' lang='grc' dir='ltr'>Διὸ</span> <span class='ocrx_word' id='word_1_230' title='bbox 1499 2769 1642 2845; x_wconf 68' lang='grc' dir='ltr'>λέγει</span> <span class='ocrx_word' id='word_1_231' title='bbox 1683 2786 1696 2801; x_wconf 91' lang='grc'>.</span> <span class='ocrx_word' id='word_1_232' title='bbox 1753 2769 1853 2823; x_wconf 67' lang='grc' dir='ltr'>Καὶ</span> 
     </span>
    </p>
   </div>
   <div class='ocr_carea' id='block_1_31' title="bbox 203 2856 1852 2934">
    <p class='ocr_par' dir='ltr' id='par_1_31' title="bbox 203 2856 1852 2934">
     <span class='ocr_line' id='line_1_31' title="bbox 203 2856 1852 2934; baseline -0.004 -17"><span class='ocrx_word' id='word_1_233' title='bbox 203 2859 452 2934; x_wconf 84' lang='grc' dir='ltr'>ἐδόξασα,</span> <span class='ocrx_word' id='word_1_234' title='bbox 509 2859 601 2915; x_wconf 80' lang='grc' dir='ltr'>καὶ</span> <span class='ocrx_word' id='word_1_235' title='bbox 659 2858 822 2915; x_wconf 88' lang='grc' dir='ltr'>πάλιν</span> <span class='ocrx_word' id='word_1_236' title='bbox 885 2856 1113 2931; x_wconf 82' lang='grc' dir='ltr'>δοξάσω,</span> <span class='ocrx_word' id='word_1_237' title='bbox 1174 2856 1298 2931; x_wconf 84' lang='grc' dir='ltr'>μίαν</span> <span class='ocrx_word' id='word_1_238' title='bbox 1347 2859 1445 2926; x_wconf 75' lang='grc' dir='ltr'>τὴν</span> <span class='ocrx_word' id='word_1_239' title='bbox 1503 2857 1607 2932; x_wconf 83' lang='grc' dir='ltr'>πρὸ</span> <span class='ocrx_word' id='word_1_240' title='bbox 1667 2857 1852 2930; x_wconf 83' lang='grc' dir='ltr'>σώμα-</span> 
     </span>
    </p>
   </div>
   <div class='ocr_carea' id='block_1_32' title="bbox 197 2945 1854 3024">
    <p class='ocr_par' dir='ltr' id='par_1_32' title="bbox 197 2945 1854 3024">
     <span class='ocr_line' id='line_1_32' title="bbox 197 2945 1854 3024; baseline -0.004 -19"><span class='ocrx_word' id='word_1_241' title='bbox 197 2972 290 3015; x_wconf 88' lang='grc' dir='ltr'>τος</span> <span class='ocrx_word' id='word_1_242' title='bbox 320 2951 412 3005; x_wconf 80' lang='grc' dir='ltr'>καὶ</span> <span class='ocrx_word' id='word_1_243' title='bbox 442 2948 494 3004; x_wconf 77' lang='grc' dir='ltr'>ἐν</span> <span class='ocrx_word' id='word_1_244' title='bbox 547 2951 757 3022; x_wconf 87' lang='grc' dir='ltr'>σώματι</span> <span class='ocrx_word' id='word_1_245' title='bbox 809 2945 963 3021; x_wconf 78' lang='grc' dir='ltr'>δόξαν</span> <span class='ocrx_word' id='word_1_246' title='bbox 1019 2945 1251 3017; x_wconf 80' lang='grc' dir='ltr'>δεικνὺς,</span> <span class='ocrx_word' id='word_1_247' title='bbox 1303 2946 1375 3009; x_wconf 82' lang='grc' dir='ltr'>ὥς</span> <span class='ocrx_word' id='word_1_248' title='bbox 1429 2967 1592 3024; x_wconf 84' lang='grc' dir='ltr'>φησιν</span> <span class='ocrx_word' id='word_1_249' title='bbox 1625 2948 1652 3001; x_wconf 89' lang='lat'>6</span> <span class='ocrx_word' id='word_1_250' title='bbox 1688 2946 1854 3003; x_wconf 81' lang='grc' dir='ltr'>Ἀπό-</span> 
     </span>
    </p>
   </div>
   <div class='ocr_carea' id='block_1_33' title="bbox 199 3031 1856 3112">
    <p class='ocr_par' dir='ltr' id='par_1_33' title="bbox 199 3031 1856 3112">
     <span class='ocr_line' id='line_1_33' title="bbox 199 3031 1856 3112; baseline -0.004 -18"><span class='ocrx_word' id='word_1_251' title='bbox 199 3038 398 3101; x_wconf 90' lang='grc' dir='ltr'>στολος</span> <span class='ocrx_word' id='word_1_252' title='bbox 434 3057 447 3072; x_wconf 71' lang='grc' dir='ltr'><strong>ο</strong></span> <span class='ocrx_word' id='word_1_253' title='bbox 501 3036 756 3110; x_wconf 78' lang='grc' dir='ltr'>Τοσούτῳ</span> <span class='ocrx_word' id='word_1_254' title='bbox 802 3039 916 3111; x_wconf 89' lang='grc'>(18)</span> <span class='ocrx_word' id='word_1_255' title='bbox 967 3031 1226 3111; x_wconf 82' lang='grc' dir='ltr'>κρείττων</span> <span class='ocrx_word' id='word_1_256' title='bbox 1273 3035 1564 3112; x_wconf 85' lang='grc' dir='ltr'>γενόμενος</span> <span class='ocrx_word' id='word_1_257' title='bbox 1609 3038 1716 3089; x_wconf 89' lang='grc' dir='ltr'>τῶν</span> <span class='ocrx_word' id='word_1_258' title='bbox 1757 3034 1856 3110; x_wconf 74' lang='grc' dir='ltr'>ἀγ-</span> 
     </span>
    </p>
   </div>
   <div class='ocr_carea' id='block_1_34' title="bbox 197 3121 1857 3204">
    <p class='ocr_par' dir='ltr' id='par_1_34' title="bbox 197 3121 1857 3204">
     <span class='ocr_line' id='line_1_34' title="bbox 197 3121 1857 3204; baseline -0.004 -20"><span class='ocrx_word' id='word_1_259' title='bbox 197 3127 400 3204; x_wconf 85' lang='grc' dir='ltr'>γὲλων,</span> <span class='ocrx_word' id='word_1_260' title='bbox 490 3127 617 3182; x_wconf 76' lang='grc' dir='ltr'>ὅσον</span> <span class='ocrx_word' id='word_1_261' title='bbox 705 3124 1102 3204; x_wconf 81' lang='grc' dir='ltr'>διαφορώτερον</span> <span class='ocrx_word' id='word_1_262' title='bbox 1197 3126 1323 3201; x_wconf 87' lang='grc' dir='ltr'>παρ’</span> <span class='ocrx_word' id='word_1_263' title='bbox 1381 3124 1575 3187; x_wconf 79' lang='grc' dir='ltr'>αὐτοὺς</span> <span class='ocrx_word' id='word_1_264' title='bbox 1659 3121 1857 3195; x_wconf 88' lang='grc' dir='ltr'>κεκλη-</span> 
     </span>
    </p>
   </div>
   <div class='ocr_carea' id='block_1_35' title="bbox 196 3211 1855 3292">
    <p class='ocr_par' dir='ltr' id='par_1_35' title="bbox 196 3211 1855 3292">
     <span class='ocr_line' id='line_1_35' title="bbox 196 3211 1855 3292; baseline -0.003 -20"><span class='ocrx_word' id='word_1_265' title='bbox 196 3217 506 3292; x_wconf 82' lang='grc' dir='ltr'>ρονόμηκεν</span> <span class='ocrx_word' id='word_1_266' title='bbox 563 3211 776 3290; x_wconf 74' lang='grc' dir='ltr'>ὄνομα.</span> <span class='ocrx_word' id='word_1_267' title='bbox 848 3215 960 3270; x_wconf 89' lang='grc' dir='ltr'>Τίνι</span> <span class='ocrx_word' id='word_1_268' title='bbox 1016 3215 1116 3292; x_wconf 80' lang='grc' dir='ltr'>γὰρ</span> <span class='ocrx_word' id='word_1_269' title='bbox 1175 3215 1290 3270; x_wconf 80' lang='grc' dir='ltr'>εἶπέ</span> <span class='ocrx_word' id='word_1_270' title='bbox 1342 3235 1473 3270; x_wconf 90' lang='grc' dir='ltr'>ποτε</span> <span class='ocrx_word' id='word_1_271' title='bbox 1525 3218 1632 3268; x_wconf 90' lang='grc' dir='ltr'>τῶν</span> <span class='ocrx_word' id='word_1_272' title='bbox 1694 3214 1855 3288; x_wconf 83' lang='grc' dir='ltr'>ἀγγέ-</span> 
     </span>
    </p>
   </div>
   <div class='ocr_carea' id='block_1_36' title="bbox 1959 639 3611 720">
    <p class='ocr_par' dir='ltr' id='par_1_36' title="bbox 1959 639 3611 720">
     <span class='ocr_line' id='line_1_36' title="bbox 1959 639 3611 720; baseline 0.007 -28"><span class='ocrx_word' id='word_1_273' title='bbox 1959 639 2057 703; x_wconf 91' lang='lat' dir='ltr'>sti,</span> <span class='ocrx_word' id='word_1_274' title='bbox 2091 639 2387 711; x_wconf 81' lang='lat' dir='ltr'>corruptio</span> <span class='ocrx_word' id='word_1_275' title='bbox 2418 640 2635 696; x_wconf 87' lang='lat' dir='ltr'>abolita</span> <span class='ocrx_word' id='word_1_276' title='bbox 2663 647 2844 706; x_wconf 88' lang='lat' dir='ltr'>est,et</span> <span class='ocrx_word' id='word_1_277' title='bbox 2873 643 3233 717; x_wconf 89' lang='lat' dir='ltr'>incorruptio</span> <span class='ocrx_word' id='word_1_278' title='bbox 3264 664 3334 702; x_wconf 75' lang='lat' dir='ltr'>ex</span> <span class='ocrx_word' id='word_1_279' title='bbox 3367 648 3492 720; x_wconf 90' lang='lat' dir='ltr'>ipso</span> <span class='ocrx_word' id='word_1_280' title='bbox 3517 666 3611 704; x_wconf 86' lang='lat' dir='ltr'>se-</span> 
     </span>
    </p>
   </div>
   <div class='ocr_carea' id='block_1_37' title="bbox 1958 727 3610 809">
    <p class='ocr_par' dir='ltr' id='par_1_37' title="bbox 1958 727 3610 809">
     <span class='ocr_line' id='line_1_37' title="bbox 1958 727 3610 809; baseline 0.007 -28"><span class='ocrx_word' id='word_1_281' title='bbox 1958 727 2158 800; x_wconf 88' lang='lat' dir='ltr'>pulcro</span> <span class='ocrx_word' id='word_1_282' title='bbox 2188 729 2677 801; x_wconf 78' lang='lat' dir='ltr'>emicuitJtaque,</span> <span class='ocrx_word' id='word_1_283' title='bbox 2713 747 2818 786; x_wconf 89' lang='lat' dir='ltr'>nec</span> <span class='ocrx_word' id='word_1_284' title='bbox 2850 732 3025 788; x_wconf 89' lang='lat' dir='ltr'>homo</span> <span class='ocrx_word' id='word_1_285' title='bbox 3055 751 3088 789; x_wconf 90' lang='lat' dir='ltr'>a</span> <span class='ocrx_word' id='word_1_286' title='bbox 3117 734 3232 791; x_wconf 94' lang='lat' dir='ltr'>Deo</span> <span class='ocrx_word' id='word_1_287' title='bbox 3263 738 3610 809; x_wconf 85' lang='lat' dir='ltr'>segregaba-</span> 
     </span>
    </p>
   </div>
   <div class='ocr_carea' id='block_1_38' title="bbox 1957 817 3610 887">
    <p class='ocr_par' dir='ltr' id='par_1_38' title="bbox 1957 817 3610 887">
     <span class='ocr_line' id='line_1_38' title="bbox 1957 817 3610 887; baseline 0.007 -17"><span class='ocrx_word' id='word_1_288' title='bbox 1957 821 2076 886; x_wconf 88' lang='lat' dir='ltr'>tur,</span> <span class='ocrx_word' id='word_1_289' title='bbox 2110 833 2213 872; x_wconf 91' lang='lat' dir='ltr'>nec</span> <span class='ocrx_word' id='word_1_290' title='bbox 2245 817 2396 872; x_wconf 89' lang='lat' dir='ltr'>Deus</span> <span class='ocrx_word' id='word_1_291' title='bbox 2430 817 2678 887; x_wconf 85' lang='lat' dir='ltr'>homini,</span> <span class='ocrx_word' id='word_1_292' title='bbox 2711 837 2772 875; x_wconf 89' lang='lat' dir='ltr'>se</span> <span class='ocrx_word' id='word_1_293' title='bbox 2802 837 2936 876; x_wconf 90' lang='lat' dir='ltr'>eum</span> <span class='ocrx_word' id='word_1_294' title='bbox 2976 823 3347 880; x_wconf 89' lang='lat' dir='ltr'>deserturum</span> <span class='ocrx_word' id='word_1_295' title='bbox 3381 843 3610 882; x_wconf 85' lang='lat' dir='ltr'>annun-</span> 
     </span>
    </p>
   </div>
   <div class='ocr_carea' id='block_1_39' title="bbox 1959 905 3612 980">
    <p class='ocr_par' dir='ltr' id='par_1_39' title="bbox 1959 905 3612 980">
     <span class='ocr_line' id='line_1_39' title="bbox 1959 905 3612 980; baseline 0.008 -22"><span class='ocrx_word' id='word_1_296' title='bbox 1959 905 2164 972; x_wconf 83' lang='lat' dir='ltr'>tiabat,</span> <span class='ocrx_word' id='word_1_297' title='bbox 2201 921 2387 976; x_wconf 89' lang='lat' dir='ltr'>neque</span> <span class='ocrx_word' id='word_1_298' title='bbox 2417 907 2634 970; x_wconf 88' lang='lat' dir='ltr'>obitus,</span> <span class='ocrx_word' id='word_1_299' title='bbox 2684 909 3043 980; x_wconf 80' lang='lat' dir='ltr'>spiritusque</span> <span class='ocrx_word' id='word_1_300' title='bbox 3082 911 3385 979; x_wconf 79' lang='lat' dir='ltr'>discessio,</span> <span class='ocrx_word' id='word_1_301' title='bbox 3415 919 3612 971; x_wconf 81' lang='lat' dir='ltr'>trans-</span> 
     </span>
    </p>
   </div>
   <div class='ocr_carea' id='block_1_40' title="bbox 1961 994 3610 1074">
    <p class='ocr_par' dir='ltr' id='par_1_40' title="bbox 1961 994 3610 1074">
     <span class='ocr_line' id='line_1_40' title="bbox 1961 994 3610 1074; baseline 0.008 -28"><span class='ocrx_word' id='word_1_302' title='bbox 1961 994 2077 1048; x_wconf 89' lang='lat' dir='ltr'>itus</span> <span class='ocrx_word' id='word_1_303' title='bbox 2109 998 2232 1048; x_wconf 90' lang='lat' dir='ltr'>erat</span> <span class='ocrx_word' id='word_1_304' title='bbox 2261 994 2354 1049; x_wconf 85' lang='lat' dir='ltr'>Dei</span> <span class='ocrx_word' id='word_1_305' title='bbox 2387 1012 2419 1048; x_wconf 90' lang='lat' dir='ltr'>a</span> <span class='ocrx_word' id='word_1_306' title='bbox 2451 1011 2722 1066; x_wconf 87' lang='lat' dir='ltr'>corpore;</span> <span class='ocrx_word' id='word_1_307' title='bbox 2748 998 2850 1052; x_wconf 92' lang='lat' dir='ltr'>sed</span> <span class='ocrx_word' id='word_1_308' title='bbox 2874 1002 3085 1054; x_wconf 63' lang='lat' dir='ltr'>anima;</span> <span class='ocrx_word' id='word_1_309' title='bbox 3118 1017 3151 1055; x_wconf 89' lang='lat' dir='ltr'>a</span> <span class='ocrx_word' id='word_1_310' title='bbox 3173 1017 3415 1072; x_wconf 89' lang='lat' dir='ltr'>corpore</span> <span class='ocrx_word' id='word_1_311' title='bbox 3446 1019 3610 1074; x_wconf 86' lang='lat' dir='ltr'>sepa-</span> 
     </span>
    </p>
   </div>
   <div class='ocr_carea' id='block_1_41' title="bbox 1957 1081 3608 1158">
    <p class='ocr_par' dir='ltr' id='par_1_41' title="bbox 1957 1081 3608 1158">
     <span class='ocr_line' id='line_1_41' title="bbox 1957 1081 3608 1158; baseline 0.006 -24"><span class='ocrx_word' id='word_1_312' title='bbox 1957 1081 2141 1136; x_wconf 82' lang='lat' dir='ltr'>ratio:</span> <span class='ocrx_word' id='word_1_313' title='bbox 2180 1087 2378 1137; x_wconf 87' lang='lat' dir='ltr'>nostra</span> <span class='ocrx_word' id='word_1_314' title='bbox 2408 1081 2564 1138; x_wconf 89' lang='lat' dir='ltr'>enim</span> <span class='ocrx_word' id='word_1_315' title='bbox 2596 1083 2676 1138; x_wconf 89' lang='lat' dir='ltr'>ibi</span> <span class='ocrx_word' id='word_1_316' title='bbox 2713 1100 2870 1140; x_wconf 91' lang='lat' dir='ltr'>mors</span> <span class='ocrx_word' id='word_1_317' title='bbox 2901 1085 3196 1158; x_wconf 86' lang='lat' dir='ltr'>descripta</span> <span class='ocrx_word' id='word_1_318' title='bbox 3226 1088 3526 1152; x_wconf 86' lang='lat' dir='ltr'>fuit.0uod</span> <span class='ocrx_word' id='word_1_319' title='bbox 3557 1089 3608 1146; x_wconf 90' lang='lat' dir='ltr'>si</span> 
     </span>
    </p>
   </div>
   <div class='ocr_carea' id='block_1_42' title="bbox 1956 1168 3607 1245">
    <p class='ocr_par' dir='ltr' id='par_1_42' title="bbox 1956 1168 3607 1245">
     <span class='ocr_line' id='line_1_42' title="bbox 1956 1168 3607 1245; baseline 0.006 -22"><span class='ocrx_word' id='word_1_320' title='bbox 1956 1168 2110 1224; x_wconf 85' lang='lat' dir='ltr'>Deus</span> <span class='ocrx_word' id='word_1_321' title='bbox 2142 1186 2175 1224; x_wconf 90' lang='lat' dir='ltr'>a</span> <span class='ocrx_word' id='word_1_322' title='bbox 2204 1186 2444 1241; x_wconf 91' lang='lat' dir='ltr'>corpore</span> <span class='ocrx_word' id='word_1_323' title='bbox 2480 1178 2786 1242; x_wconf 87' lang='lat' dir='ltr'>separatus</span> <span class='ocrx_word' id='word_1_324' title='bbox 2833 1179 2943 1239; x_wconf 90' lang='lat' dir='ltr'>est,</span> <span class='ocrx_word' id='word_1_325' title='bbox 3005 1190 3190 1245; x_wconf 90' lang='lat' dir='ltr'>eoque</span> <span class='ocrx_word' id='word_1_326' title='bbox 3222 1178 3392 1231; x_wconf 91' lang='lat' dir='ltr'>modo</span> <span class='ocrx_word' id='word_1_327' title='bbox 3449 1194 3607 1234; x_wconf 86' lang='lat' dir='ltr'>mors</span> 
     </span>
    </p>
   </div>
   <div class='ocr_carea' id='block_1_43' title="bbox 1957 1255 3606 1334">
    <p class='ocr_par' dir='ltr' id='par_1_43' title="bbox 1957 1255 3606 1334">
     <span class='ocr_line' id='line_1_43' title="bbox 1957 1255 3606 1334; baseline 0.007 -22"><span class='ocrx_word' id='word_1_328' title='bbox 1957 1257 2222 1329; x_wconf 81' lang='lat' dir='ltr'>contigit,</span> <span class='ocrx_word' id='word_1_329' title='bbox 2245 1260 2537 1329; x_wconf 92' lang='lat' dir='ltr'>quomodo</span> <span class='ocrx_word' id='word_1_330' title='bbox 2568 1276 2780 1331; x_wconf 93' lang='lat' dir='ltr'>corpus</span> <span class='ocrx_word' id='word_1_331' title='bbox 2811 1255 3344 1334; x_wconf 82' lang='lat' dir='ltr'>abincorruptibili</span> <span class='ocrx_word' id='word_1_332' title='bbox 3377 1270 3485 1322; x_wconf 92' lang='lat' dir='ltr'>Deo</span> <span class='ocrx_word' id='word_1_333' title='bbox 3516 1283 3606 1323; x_wconf 83' lang='lat' dir='ltr'>se-</span> 
     </span>
    </p>
   </div>
   <div class='ocr_carea' id='block_1_44' title="bbox 1957 1348 3606 1422">
    <p class='ocr_par' dir='ltr' id='par_1_44' title="bbox 1957 1348 3606 1422">
     <span class='ocr_line' id='line_1_44' title="bbox 1957 1348 3606 1422; baseline 0.007 -22"><span class='ocrx_word' id='word_1_334' title='bbox 1957 1348 2737 1420; x_wconf 84' lang='lat' dir='ltr'>gregatum,incorruptibile</span> <span class='ocrx_word' id='word_1_335' title='bbox 2765 1351 3036 1421; x_wconf 79' lang='lat' dir='ltr'>apparuit</span> <span class='ocrx_word' id='word_1_336' title='bbox 3063 1352 3090 1406; x_wconf 68' lang='grc' dir='ltr'>τ</span> <span class='ocrx_word' id='word_1_337' title='bbox 3113 1358 3403 1422; x_wconf 90' lang='lat' dir='ltr'>quomodo</span> <span class='ocrx_word' id='word_1_338' title='bbox 3428 1356 3606 1412; x_wconf 89' lang='lat' dir='ltr'>etiam</span> 
     </span>
    </p>
   </div>
   <div class='ocr_carea' id='block_1_45' title="bbox 1956 1434 3610 1516">
    <p class='ocr_par' dir='ltr' id='par_1_45' title="bbox 1956 1434 3610 1516">
     <span class='ocr_line' id='line_1_45' title="bbox 1956 1434 3610 1516; baseline 0.005 -27"><span class='ocrx_word' id='word_1_339' title='bbox 1956 1434 2213 1490; x_wconf 85' lang='lat' dir='ltr'>Verbum</span> <span class='ocrx_word' id='word_1_340' title='bbox 2244 1437 2592 1492; x_wconf 80' lang='lat' dir='ltr'>descensum</span> <span class='ocrx_word' id='word_1_341' title='bbox 2625 1455 2800 1493; x_wconf 87' lang='lat' dir='ltr'>suum</span> <span class='ocrx_word' id='word_1_342' title='bbox 2842 1439 2912 1494; x_wconf 90' lang='lat' dir='ltr'>ad</span> <span class='ocrx_word' id='word_1_343' title='bbox 2962 1441 3180 1496; x_wconf 82' lang='lat' dir='ltr'>inferos</span> <span class='ocrx_word' id='word_1_344' title='bbox 3211 1444 3479 1516; x_wconf 80' lang='lat' dir='ltr'>peregit?</span> <span class='ocrx_word' id='word_1_345' title='bbox 3509 1449 3610 1500; x_wconf 91' lang='lat' dir='ltr'>aut</span> 
     </span>
    </p>
   </div>
   <div class='ocr_carea' id='block_1_46' title="bbox 1959 1525 3610 1596">
    <p class='ocr_par' dir='ltr' id='par_1_46' title="bbox 1959 1525 3610 1596">
     <span class='ocr_line' id='line_1_46' title="bbox 1959 1525 3610 1596; baseline 0.007 -18"><span class='ocrx_word' id='word_1_346' title='bbox 1959 1540 2074 1595; x_wconf 91' lang='lat' dir='ltr'>quo</span> <span class='ocrx_word' id='word_1_347' title='bbox 2095 1528 2260 1596; x_wconf 89' lang='lat' dir='ltr'>pacto</span> <span class='ocrx_word' id='word_1_348' title='bbox 2284 1526 2356 1580; x_wconf 91' lang='lat' dir='ltr'>ab</span> <span class='ocrx_word' id='word_1_349' title='bbox 2379 1525 2580 1581; x_wconf 82' lang='lat' dir='ltr'>inferis</span> <span class='ocrx_word' id='word_1_350' title='bbox 2603 1529 3087 1584; x_wconf 79' lang='lat' dir='ltr'>resurrectionem</span> <span class='ocrx_word' id='word_1_351' title='bbox 3121 1531 3431 1588; x_wconf 78' lang='lat' dir='ltr'>exhibuit?</span> <span class='ocrx_word' id='word_1_352' title='bbox 3453 1533 3610 1588; x_wconf 89' lang='lat' dir='ltr'>Nun-</span> 
     </span>
    </p>
   </div>
   <div class='ocr_carea' id='block_1_47' title="bbox 1959 1612 3608 1687">
    <p class='ocr_par' dir='ltr' id='par_1_47' title="bbox 1959 1612 3608 1687">
     <span class='ocr_line' id='line_1_47' title="bbox 1959 1612 3608 1687; baseline 0.007 -22"><span class='ocrx_word' id='word_1_353' title='bbox 1959 1612 2098 1683; x_wconf 89' lang='lat' dir='ltr'>quid</span> <span class='ocrx_word' id='word_1_354' title='bbox 2133 1613 2258 1684; x_wconf 91' lang='lat' dir='ltr'>ipse</span> <span class='ocrx_word' id='word_1_355' title='bbox 2291 1615 2411 1670; x_wconf 89' lang='lat' dir='ltr'>vice</span> <span class='ocrx_word' id='word_1_356' title='bbox 2441 1615 2651 1670; x_wconf 61' lang='lat' dir='ltr'>animae</span> <span class='ocrx_word' id='word_1_357' title='bbox 2684 1621 2898 1671; x_wconf 63' lang='lat' dir='ltr'>nostra:</span> <span class='ocrx_word' id='word_1_358' title='bbox 2929 1619 3265 1687; x_wconf 82' lang='lat' dir='ltr'>resurrexit,</span> <span class='ocrx_word' id='word_1_359' title='bbox 3301 1625 3365 1675; x_wconf 90' lang='lat' dir='ltr'>ut</span> <span class='ocrx_word' id='word_1_360' title='bbox 3394 1625 3608 1676; x_wconf 59' lang='lat' dir='ltr'>nostra)</span> 
     </span>
    </p>
   </div>
   <div class='ocr_carea' id='block_1_48' title="bbox 1959 1701 3611 1781">
    <p class='ocr_par' dir='ltr' id='par_1_48' title="bbox 1959 1701 3611 1781">
     <span class='ocr_line' id='line_1_48' title="bbox 1959 1701 3611 1781; baseline 0.007 -26"><span class='ocrx_word' id='word_1_361' title='bbox 1959 1702 2406 1757; x_wconf 86' lang='lat' dir='ltr'>resurrectionis</span> <span class='ocrx_word' id='word_1_362' title='bbox 2437 1701 2753 1775; x_wconf 82' lang='lat' dir='ltr'>imaginem</span> <span class='ocrx_word' id='word_1_363' title='bbox 2787 1705 3212 1762; x_wconf 83' lang='lat' dir='ltr'>concinnaret?</span> <span class='ocrx_word' id='word_1_364' title='bbox 3250 1711 3324 1764; x_wconf 80' lang='lat' dir='ltr'>At</span> <span class='ocrx_word' id='word_1_365' title='bbox 3353 1710 3454 1781; x_wconf 89' lang='lat' dir='ltr'>qui</span> <span class='ocrx_word' id='word_1_366' title='bbox 3485 1709 3611 1766; x_wconf 83' lang='lat' dir='ltr'>ﬁeri</span> 
     </span>
    </p>
   </div>
   <div class='ocr_carea' id='block_1_49' title="bbox 1959 1790 3612 1870">
    <p class='ocr_par' dir='ltr' id='par_1_49' title="bbox 1959 1790 3612 1870">
     <span class='ocr_line' id='line_1_49' title="bbox 1959 1790 3612 1870; baseline 0.007 -26"><span class='ocrx_word' id='word_1_367' title='bbox 1959 1794 2242 1861; x_wconf 86' lang='lat' dir='ltr'>potest,ut</span> <span class='ocrx_word' id='word_1_368' title='bbox 2270 1790 2411 1847; x_wconf 87' lang='lat' dir='ltr'>talia</span> <span class='ocrx_word' id='word_1_369' title='bbox 2440 1793 2512 1847; x_wconf 91' lang='lat' dir='ltr'>de</span> <span class='ocrx_word' id='word_1_370' title='bbox 2542 1793 2657 1849; x_wconf 91' lang='lat' dir='ltr'>Deo</span> <span class='ocrx_word' id='word_1_371' title='bbox 2689 1794 3014 1867; x_wconf 86' lang='lat' dir='ltr'>cogitemus</span> <span class='ocrx_word' id='word_1_372' title='bbox 3040 1795 3288 1853; x_wconf 84' lang='lat' dir='ltr'>?Vestra</span> <span class='ocrx_word' id='word_1_373' title='bbox 3321 1798 3500 1870; x_wconf 88' lang='lat' dir='ltr'>igitur</span> <span class='ocrx_word' id='word_1_374' title='bbox 3517 1800 3612 1856; x_wconf 86' lang='lat' dir='ltr'>de-</span> 
     </span>
    </p>
   </div>
   <div class='ocr_carea' id='block_1_50' title="bbox 1959 1879 3608 1958">
    <p class='ocr_par' dir='ltr' id='par_1_50' title="bbox 1959 1879 3608 1958">
     <span class='ocr_line' id='line_1_50' title="bbox 1959 1879 3608 1958; baseline 0.007 -25"><span class='ocrx_word' id='word_1_375' title='bbox 1959 1879 2146 1936; x_wconf 80' lang='lat' dir='ltr'>finitio</span> <span class='ocrx_word' id='word_1_376' title='bbox 2179 1896 2212 1934; x_wconf 91' lang='lat' dir='ltr'>a</span> <span class='ocrx_word' id='word_1_377' title='bbox 2243 1880 2426 1935; x_wconf 89' lang='lat' dir='ltr'>sacris</span> <span class='ocrx_word' id='word_1_378' title='bbox 2446 1881 2764 1952; x_wconf 89' lang='lat' dir='ltr'>Scripturis</span> <span class='ocrx_word' id='word_1_379' title='bbox 2782 1881 2971 1938; x_wconf 89' lang='lat' dir='ltr'>aliena</span> <span class='ocrx_word' id='word_1_380' title='bbox 2991 1888 3080 1939; x_wconf 89' lang='lat' dir='ltr'>est</span> <span class='ocrx_word' id='word_1_381' title='bbox 3103 1903 3116 1953; x_wconf 90' lang='lat'><strong>;</strong></span> <span class='ocrx_word' id='word_1_382' title='bbox 3144 1890 3454 1958; x_wconf 87' lang='lat' dir='ltr'>vestraque</span> <span class='ocrx_word' id='word_1_383' title='bbox 3474 1903 3608 1944; x_wconf 87' lang='lat' dir='ltr'>sen-</span> 
     </span>
    </p>
   </div>
   <div class='ocr_carea' id='block_1_51' title="bbox 1959 1967 3609 2039">
    <p class='ocr_par' dir='ltr' id='par_1_51' title="bbox 1959 1967 3609 2039">
     <span class='ocr_line' id='line_1_51' title="bbox 1959 1967 3609 2039; baseline 0.005 -18"><span class='ocrx_word' id='word_1_384' title='bbox 1959 1967 2142 2022; x_wconf 89' lang='lat' dir='ltr'>tentia</span> <span class='ocrx_word' id='word_1_385' title='bbox 2171 1983 2304 2022; x_wconf 90' lang='lat' dir='ltr'>cum</span> <span class='ocrx_word' id='word_1_386' title='bbox 2339 1974 2573 2039; x_wconf 80' lang='lat' dir='ltr'>peracta</span> <span class='ocrx_word' id='word_1_387' title='bbox 2603 1969 2661 2023; x_wconf 90' lang='lat' dir='ltr'>in</span> <span class='ocrx_word' id='word_1_388' title='bbox 2692 1969 2923 2025; x_wconf 87' lang='lat' dir='ltr'>Christo</span> <span class='ocrx_word' id='word_1_389' title='bbox 2967 1973 3292 2028; x_wconf 85' lang='lat' dir='ltr'>oeconomia</span> <span class='ocrx_word' id='word_1_390' title='bbox 3324 1991 3438 2029; x_wconf 91' lang='lat' dir='ltr'>non</span> <span class='ocrx_word' id='word_1_391' title='bbox 3472 1991 3609 2030; x_wconf 80' lang='lat' dir='ltr'>con-</span> 
     </span>
    </p>
   </div>
   <div class='ocr_carea' id='block_1_52' title="bbox 1961 2055 3605 2130">
    <p class='ocr_par' dir='ltr' id='par_1_52' title="bbox 1961 2055 3605 2130">
     <span class='ocr_line' id='line_1_52' title="bbox 1961 2055 3605 2130; baseline 0.004 -19"><span class='ocrx_word' id='word_1_392' title='bbox 1961 2056 2157 2111; x_wconf 85' lang='lat' dir='ltr'>sentit.</span> <span class='ocrx_word' id='word_1_393' title='bbox 2191 2057 2258 2110; x_wconf 86' lang='lat' dir='ltr'>Et</span> <span class='ocrx_word' id='word_1_394' title='bbox 2288 2055 2433 2112; x_wconf 89' lang='lat' dir='ltr'>illud</span> <span class='ocrx_word' id='word_1_395' title='bbox 2460 2075 2472 2112; x_wconf 93' lang='lat'>:</span> <span class='ocrx_word' id='word_1_396' title='bbox 2531 2057 2663 2114; x_wconf 84' lang='lat' dir='ltr'>Sede</span> <span class='ocrx_word' id='word_1_397' title='bbox 2689 2076 2722 2112; x_wconf 90' lang='lat' dir='ltr'>a</span> <span class='ocrx_word' id='word_1_398' title='bbox 2776 2058 2989 2114; x_wconf 71' lang='lat' dir='ltr'>dextris</span> <span class='ocrx_word' id='word_1_399' title='bbox 3017 2063 3154 2116; x_wconf 88' lang='lat' dir='ltr'>meis</span> <span class='ocrx_word' id='word_1_400' title='bbox 3169 2061 3236 2130; x_wconf 68' lang='lat'>31,</span> <span class='ocrx_word' id='word_1_401' title='bbox 3273 2079 3386 2118; x_wconf 91' lang='lat' dir='ltr'>non</span> <span class='ocrx_word' id='word_1_402' title='bbox 3419 2062 3605 2120; x_wconf 91' lang='lat' dir='ltr'>homi-</span> 
     </span>
    </p>
   </div>
   <div class='ocr_carea' id='block_1_53' title="bbox 1962 2144 3609 2222">
    <p class='ocr_par' dir='ltr' id='par_1_53' title="bbox 1962 2144 3609 2222">
     <span class='ocr_line' id='line_1_53' title="bbox 1962 2144 3609 2222; baseline 0.005 -22"><span class='ocrx_word' id='word_1_403' title='bbox 1962 2146 2054 2200; x_wconf 89' lang='lat' dir='ltr'>nis</span> <span class='ocrx_word' id='word_1_404' title='bbox 2085 2144 2338 2218; x_wconf 88' lang='lat' dir='ltr'>dignitas</span> <span class='ocrx_word' id='word_1_405' title='bbox 2369 2151 2477 2214; x_wconf 89' lang='lat' dir='ltr'>est,</span> <span class='ocrx_word' id='word_1_406' title='bbox 2511 2147 2611 2202; x_wconf 90' lang='lat' dir='ltr'>sed</span> <span class='ocrx_word' id='word_1_407' title='bbox 2643 2146 2762 2202; x_wconf 89' lang='lat' dir='ltr'>Dei.</span> <span class='ocrx_word' id='word_1_408' title='bbox 2791 2151 2857 2202; x_wconf 85' lang='lat' dir='ltr'>At</span> <span class='ocrx_word' id='word_1_409' title='bbox 2884 2150 3356 2222; x_wconf 80' lang='lat' dir='ltr'>quandoquidem</span> <span class='ocrx_word' id='word_1_410' title='bbox 3389 2152 3490 2208; x_wconf 90' lang='lat' dir='ltr'>Dei</span> <span class='ocrx_word' id='word_1_411' title='bbox 3521 2153 3609 2209; x_wconf 88' lang='lat' dir='ltr'>di-</span> 
     </span>
    </p>
   </div>
   <div class='ocr_carea' id='block_1_54' title="bbox 1962 2233 3611 2306">
    <p class='ocr_par' dir='ltr' id='par_1_54' title="bbox 1962 2233 3611 2306">
     <span class='ocr_line' id='line_1_54' title="bbox 1962 2233 3611 2306; baseline 0.007 -19"><span class='ocrx_word' id='word_1_412' title='bbox 1962 2233 2177 2306; x_wconf 89' lang='lat' dir='ltr'>gnitas,</span> <span class='ocrx_word' id='word_1_413' title='bbox 2209 2233 2469 2291; x_wconf 78' lang='lat' dir='ltr'>hominis</span> <span class='ocrx_word' id='word_1_414' title='bbox 2499 2235 2755 2306; x_wconf 84' lang='lat' dir='ltr'>dignitas</span> <span class='ocrx_word' id='word_1_415' title='bbox 2787 2237 2938 2293; x_wconf 83' lang='lat' dir='ltr'>facta</span> <span class='ocrx_word' id='word_1_416' title='bbox 2975 2243 3104 2306; x_wconf 88' lang='lat' dir='ltr'>est;</span> <span class='ocrx_word' id='word_1_417' title='bbox 3140 2245 3203 2295; x_wconf 88' lang='lat' dir='ltr'>ut</span> <span class='ocrx_word' id='word_1_418' title='bbox 3233 2240 3491 2298; x_wconf 89' lang='lat' dir='ltr'>hominis</span> <span class='ocrx_word' id='word_1_419' title='bbox 3523 2241 3611 2298; x_wconf 87' lang='lat' dir='ltr'>di-</span> 
     </span>
    </p>
   </div>
   <div class='ocr_carea' id='block_1_55' title="bbox 1961 2322 3613 2394">
    <p class='ocr_par' dir='ltr' id='par_1_55' title="bbox 1961 2322 3613 2394">
     <span class='ocr_line' id='line_1_55' title="bbox 1961 2322 3613 2394; baseline 0.007 -19"><span class='ocrx_word' id='word_1_420' title='bbox 1961 2323 2154 2394; x_wconf 82' lang='lat' dir='ltr'>gnitas</span> <span class='ocrx_word' id='word_1_421' title='bbox 2184 2322 2287 2377; x_wconf 92' lang='lat' dir='ltr'>Dei</span> <span class='ocrx_word' id='word_1_422' title='bbox 2316 2323 2574 2394; x_wconf 85' lang='lat' dir='ltr'>dignitas</span> <span class='ocrx_word' id='word_1_423' title='bbox 2604 2326 2957 2394; x_wconf 85' lang='lat' dir='ltr'>crederetur,</span> <span class='ocrx_word' id='word_1_424' title='bbox 2989 2327 3211 2384; x_wconf 89' lang='lat' dir='ltr'>dictum</span> <span class='ocrx_word' id='word_1_425' title='bbox 3246 2334 3370 2386; x_wconf 84' lang='lat' dir='ltr'>est:</span> <span class='ocrx_word' id='word_1_426' title='bbox 3403 2329 3548 2387; x_wconf 84' lang='lat' dir='ltr'>Sede</span> <span class='ocrx_word' id='word_1_427' title='bbox 3578 2348 3613 2386; x_wconf 89' lang='lat' dir='ltr'>a</span> 
     </span>
    </p>
   </div>
   <div class='ocr_carea' id='block_1_56' title="bbox 1961 2409 3611 2489">
    <p class='ocr_par' dir='ltr' id='par_1_56' title="bbox 1961 2409 3611 2489">
     <span class='ocr_line' id='line_1_56' title="bbox 1961 2409 3611 2489; baseline 0.007 -24"><span class='ocrx_word' id='word_1_428' title='bbox 1961 2409 2174 2466; x_wconf 67' lang='lat' dir='ltr'>dextris</span> <span class='ocrx_word' id='word_1_429' title='bbox 2201 2413 2372 2468; x_wconf 87' lang='lat' dir='ltr'>meis:</span> <span class='ocrx_word' id='word_1_430' title='bbox 2425 2417 2517 2467; x_wconf 91' lang='lat' dir='ltr'>et:</span> <span class='ocrx_word' id='word_1_431' title='bbox 2572 2412 2826 2484; x_wconf 82' lang='lat' dir='ltr'>Gloriﬁca</span> <span class='ocrx_word' id='word_1_432' title='bbox 2882 2432 2987 2481; x_wconf 85' lang='lat' dir='ltr'>me,</span> <span class='ocrx_word' id='word_1_433' title='bbox 3031 2417 3198 2472; x_wconf 85' lang='lat' dir='ltr'>Pater</span> <span class='ocrx_word' id='word_1_434' title='bbox 3251 2421 3464 2476; x_wconf 66' lang='lat' dir='ltr'>aeterna</span> <span class='ocrx_word' id='word_1_435' title='bbox 3492 2420 3611 2489; x_wconf 79' lang='lat' dir='ltr'>glo-</span> 
     </span>
    </p>
   </div>
   <div class='ocr_carea' id='block_1_57' title="bbox 1963 2499 3611 2578">
    <p class='ocr_par' dir='ltr' id='par_1_57' title="bbox 1963 2499 3611 2578">
     <span class='ocr_line' id='line_1_57' title="bbox 1963 2499 3611 2578; baseline 0.007 -24"><span class='ocrx_word' id='word_1_436' title='bbox 1963 2501 2059 2555; x_wconf 82' lang='lat' dir='ltr'>ria</span> <span class='ocrx_word' id='word_1_437' title='bbox 2077 2499 2140 2554; x_wconf 77' lang='grc'>³³.</span> <span class='ocrx_word' id='word_1_438' title='bbox 2175 2500 2288 2555; x_wconf 92' lang='lat' dir='ltr'>Nec</span> <span class='ocrx_word' id='word_1_439' title='bbox 2319 2500 2428 2556; x_wconf 91' lang='lat' dir='ltr'>hoc</span> <span class='ocrx_word' id='word_1_440' title='bbox 2459 2501 2619 2569; x_wconf 89' lang='lat' dir='ltr'>dicit,</span> <span class='ocrx_word' id='word_1_441' title='bbox 2653 2505 2806 2574; x_wconf 90' lang='lat' dir='ltr'>quod</span> <span class='ocrx_word' id='word_1_442' title='bbox 2858 2504 3044 2575; x_wconf 85' lang='lat' dir='ltr'>gloria</span> <span class='ocrx_word' id='word_1_443' title='bbox 3073 2506 3334 2577; x_wconf 87' lang='lat' dir='ltr'>privatus</span> <span class='ocrx_word' id='word_1_444' title='bbox 3365 2509 3479 2578; x_wconf 73' lang='lat' dir='ltr'>sit;</span> <span class='ocrx_word' id='word_1_445' title='bbox 3508 2511 3611 2565; x_wconf 92' lang='lat' dir='ltr'>sed</span> 
     </span>
    </p>
   </div>
   <div class='ocr_carea' id='block_1_58' title="bbox 1965 2588 3615 2667">
    <p class='ocr_par' dir='ltr' id='par_1_58' title="bbox 1965 2588 3615 2667">
     <span class='ocr_line' id='line_1_58' title="bbox 1965 2588 3615 2667; baseline 0.006 -25"><span class='ocrx_word' id='word_1_446' title='bbox 1965 2588 2118 2660; x_wconf 92' lang='lat' dir='ltr'>quod</span> <span class='ocrx_word' id='word_1_447' title='bbox 2151 2588 2208 2642; x_wconf 89' lang='lat' dir='ltr'>in</span> <span class='ocrx_word' id='word_1_448' title='bbox 2241 2589 2488 2660; x_wconf 88' lang='lat' dir='ltr'>inglorio</span> <span class='ocrx_word' id='word_1_449' title='bbox 2521 2606 2756 2662; x_wconf 87' lang='lat' dir='ltr'>corpore</span> <span class='ocrx_word' id='word_1_450' title='bbox 2788 2593 3055 2664; x_wconf 81' lang='lat' dir='ltr'>degeret;</span> <span class='ocrx_word' id='word_1_451' title='bbox 3083 2599 3142 2648; x_wconf 90' lang='lat' dir='ltr'>ut</span> <span class='ocrx_word' id='word_1_452' title='bbox 3176 2593 3367 2667; x_wconf 87' lang='lat' dir='ltr'>palam</span> <span class='ocrx_word' id='word_1_453' title='bbox 3402 2597 3615 2654; x_wconf 87' lang='lat' dir='ltr'>faceret</span> 
     </span>
    </p>
   </div>
   <div class='ocr_carea' id='block_1_59' title="bbox 1965 2680 3612 2753">
    <p class='ocr_par' dir='ltr' id='par_1_59' title="bbox 1965 2680 3612 2753">
     <span class='ocr_line' id='line_1_59' title="bbox 1965 2680 3612 2753; baseline 0.006 -21"><span class='ocrx_word' id='word_1_454' title='bbox 1965 2693 2079 2733; x_wconf 90' lang='lat' dir='ltr'>non</span> <span class='ocrx_word' id='word_1_455' title='bbox 2113 2683 2444 2750; x_wconf 84' lang='lat' dir='ltr'>separatam</span> <span class='ocrx_word' id='word_1_456' title='bbox 2477 2696 2510 2733; x_wconf 88' lang='lat' dir='ltr'>a</span> <span class='ocrx_word' id='word_1_457' title='bbox 2540 2680 2740 2736; x_wconf 89' lang='lat' dir='ltr'>divina</span> <span class='ocrx_word' id='word_1_458' title='bbox 2793 2681 2979 2753; x_wconf 89' lang='lat' dir='ltr'>gloria</span> <span class='ocrx_word' id='word_1_459' title='bbox 3009 2698 3138 2739; x_wconf 88' lang='lat' dir='ltr'>esse</span> <span class='ocrx_word' id='word_1_460' title='bbox 3166 2684 3316 2739; x_wconf 86' lang='lat' dir='ltr'>servi</span> <span class='ocrx_word' id='word_1_461' title='bbox 3347 2685 3612 2751; x_wconf 81' lang='lat' dir='ltr'>formam,</span> 
     </span>
    </p>
   </div>
   <div class='ocr_carea' id='block_1_60' title="bbox 1966 2766 3611 2846">
    <p class='ocr_par' dir='ltr' id='par_1_60' title="bbox 1966 2766 3611 2846">
     <span class='ocr_line' id='line_1_60' title="bbox 1966 2766 3611 2846; baseline 0.005 -24"><span class='ocrx_word' id='word_1_462' title='bbox 1966 2767 2067 2822; x_wconf 88' lang='lat' dir='ltr'>sed</span> <span class='ocrx_word' id='word_1_463' title='bbox 2098 2767 2361 2822; x_wconf 90' lang='lat' dir='ltr'>eamdem</span> <span class='ocrx_word' id='word_1_464' title='bbox 2391 2766 2637 2840; x_wconf 87' lang='lat' dir='ltr'>gloriam</span> <span class='ocrx_word' id='word_1_465' title='bbox 2672 2786 2786 2840; x_wconf 70' lang='lat' dir='ltr'>prae</span> <span class='ocrx_word' id='word_1_466' title='bbox 2819 2786 2881 2825; x_wconf 90' lang='lat' dir='ltr'>se</span> <span class='ocrx_word' id='word_1_467' title='bbox 2912 2770 3082 2827; x_wconf 82' lang='lat' dir='ltr'>ferre.</span> <span class='ocrx_word' id='word_1_468' title='bbox 3108 2773 3472 2846; x_wconf 87' lang='lat' dir='ltr'>Quapropter</span> <span class='ocrx_word' id='word_1_469' title='bbox 3492 2775 3611 2831; x_wconf 87' lang='lat' dir='ltr'>ait:</span> 
     </span>
    </p>
   </div>
   <div class='ocr_carea' id='block_1_61' title="bbox 1963 2857 3613 2935">
    <p class='ocr_par' dir='ltr' id='par_1_61' title="bbox 1963 2857 3613 2935">
     <span class='ocr_line' id='line_1_61' title="bbox 1963 2857 3613 2935; baseline 0.005 -25"><span class='ocrx_word' id='word_1_470' title='bbox 1963 2858 2028 2910; x_wconf 87' lang='lat' dir='ltr'>Et</span> <span class='ocrx_word' id='word_1_471' title='bbox 2055 2857 2386 2926; x_wconf 80' lang='lat' dir='ltr'>gloriﬁcari,</span> <span class='ocrx_word' id='word_1_472' title='bbox 2419 2865 2472 2912; x_wconf 79' lang='lat' dir='ltr'>et</span> <span class='ocrx_word' id='word_1_473' title='bbox 2497 2875 2582 2913; x_wconf 67' lang='lat' dir='ltr'>ru:</span> <span class='ocrx_word' id='word_1_474' title='bbox 2597 2874 2722 2914; x_wconf 87' lang='lat' dir='ltr'>sum</span> <span class='ocrx_word' id='word_1_475' title='bbox 2749 2859 3066 2930; x_wconf 80' lang='lat' dir='ltr'>glori/icubo</span> <span class='ocrx_word' id='word_1_476' title='bbox 3088 2861 3152 2916; x_wconf 79' lang='grc'>³³.</span> <span class='ocrx_word' id='word_1_477' title='bbox 3185 2863 3394 2935; x_wconf 86' lang='lat' dir='ltr'>Sicque</span> <span class='ocrx_word' id='word_1_478' title='bbox 3436 2880 3613 2920; x_wconf 86' lang='lat' dir='ltr'>unam</span> 
     </span>
    </p>
   </div>
   <div class='ocr_carea' id='block_1_62' title="bbox 1966 2946 3616 3026">
    <p class='ocr_par' dir='ltr' id='par_1_62' title="bbox 1966 2946 3616 3026">
     <span class='ocr_line' id='line_1_62' title="bbox 1966 2946 3616 3026; baseline 0.005 -26"><span class='ocrx_word' id='word_1_479' title='bbox 1966 2946 2433 3017; x_wconf 85' lang='lat' dir='ltr'>eamdemque,et</span> <span class='ocrx_word' id='word_1_480' title='bbox 2450 2953 2584 3002; x_wconf 89' lang='lat' dir='ltr'>ante</span> <span class='ocrx_word' id='word_1_481' title='bbox 2595 2963 2808 3019; x_wconf 89' lang='lat' dir='ltr'>corpus</span> <span class='ocrx_word' id='word_1_482' title='bbox 2825 2955 3284 3020; x_wconf 84' lang='lat' dir='ltr'>assumptum.et</span> <span class='ocrx_word' id='word_1_483' title='bbox 3298 2951 3357 3007; x_wconf 90' lang='lat' dir='ltr'>in</span> <span class='ocrx_word' id='word_1_484' title='bbox 3376 2969 3616 3026; x_wconf 87' lang='lat' dir='ltr'>corpore</span> 
     </span>
    </p>
   </div>
   <div class='ocr_carea' id='block_1_63' title="bbox 1966 3033 3621 3109">
    <p class='ocr_par' dir='ltr' id='par_1_63' title="bbox 1966 3033 3621 3109">
     <span class='ocr_line' id='line_1_63' title="bbox 1966 3033 3621 3109; baseline 0.007 -21"><span class='ocrx_word' id='word_1_485' title='bbox 1966 3033 2208 3106; x_wconf 85' lang='lat' dir='ltr'>gloriam</span> <span class='ocrx_word' id='word_1_486' title='bbox 2235 3034 2416 3090; x_wconf 87' lang='lat' dir='ltr'>fuisse</span> <span class='ocrx_word' id='word_1_487' title='bbox 2429 3037 2778 3104; x_wconf 89' lang='lat' dir='ltr'>ostendit,ut</span> <span class='ocrx_word' id='word_1_488' title='bbox 2799 3037 2878 3092; x_wconf 84' lang='lat' dir='ltr'>ait</span> <span class='ocrx_word' id='word_1_489' title='bbox 2895 3039 3240 3109; x_wconf 84' lang='lat' dir='ltr'>Apostolus:</span> <span class='ocrx_word' id='word_1_490' title='bbox 3268 3064 3295 3090; x_wconf 75' lang='grc' dir='ltr'>«ι</span> <span class='ocrx_word' id='word_1_491' title='bbox 3310 3045 3493 3097; x_wconf 89' lang='lat' dir='ltr'>Tanto</span> <span class='ocrx_word' id='word_1_492' title='bbox 3512 3059 3621 3099; x_wconf 83' lang='lat' dir='ltr'>me-</span> 
     </span>
    </p>
   </div>
   <div class='ocr_carea' id='block_1_64' title="bbox 1964 3121 3618 3200">
    <p class='ocr_par' dir='ltr' id='par_1_64' title="bbox 1964 3121 3618 3200">
     <span class='ocr_line' id='line_1_64' title="bbox 1964 3121 3618 3200; baseline 0.007 -24"><span class='ocrx_word' id='word_1_493' title='bbox 1964 3121 2813 3195; x_wconf 78' lang='lat' dir='ltr'>liorangeliseﬂ&#39;ectus,quanto</span> <span class='ocrx_word' id='word_1_494' title='bbox 2836 3125 3212 3184; x_wconf 81' lang='lat' dir='ltr'>excellentius</span> <span class='ocrx_word' id='word_1_495' title='bbox 3239 3146 3352 3200; x_wconf 74' lang='lat' dir='ltr'>prae</span> <span class='ocrx_word' id='word_1_496' title='bbox 3374 3127 3488 3187; x_wconf 90' lang='lat' dir='ltr'>illis</span> <span class='ocrx_word' id='word_1_497' title='bbox 3519 3148 3618 3187; x_wconf 92' lang='lat' dir='ltr'>no-</span> 
     </span>
    </p>
   </div>
   <div class='ocr_carea' id='block_1_65' title="bbox 1969 3211 3617 3292">
    <p class='ocr_par' dir='ltr' id='par_1_65' title="bbox 1969 3211 3617 3292">
     <span class='ocr_line' id='line_1_65' title="bbox 1969 3211 3617 3292; baseline 0.006 -26"><span class='ocrx_word' id='word_1_498' title='bbox 1969 3228 2101 3267; x_wconf 89' lang='lat' dir='ltr'>men</span> <span class='ocrx_word' id='word_1_499' title='bbox 2132 3211 2517 3268; x_wconf 71' lang='lat' dir='ltr'>haareditavit.</span> <span class='ocrx_word' id='word_1_500' title='bbox 2537 3213 2638 3269; x_wconf 87' lang='lat' dir='ltr'>Cui</span> <span class='ocrx_word' id='word_1_501' title='bbox 2670 3214 2825 3270; x_wconf 88' lang='lat' dir='ltr'>enim</span> <span class='ocrx_word' id='word_1_502' title='bbox 2859 3214 3005 3270; x_wconf 85' lang='lat' dir='ltr'>dixit</span> <span class='ocrx_word' id='word_1_503' title='bbox 3032 3215 3350 3289; x_wconf 89' lang='lat' dir='ltr'>aliquando</span> <span class='ocrx_word' id='word_1_504' title='bbox 3381 3220 3617 3292; x_wconf 89' lang='lat' dir='ltr'>angelo-</span> 
     </span>
    </p>
   </div>
   <div class='ocr_carea' id='block_1_66' title="bbox 195 3282 1851 3380">
    <p class='ocr_par' dir='ltr' id='par_1_66' title="bbox 195 3282 1846 3379">
     <span class='ocr_line' id='line_1_66' title="bbox 195 3282 1846 3379; baseline -0.002 -17"><span class='ocrx_word' id='word_1_505' title='bbox 195 3282 311 3362; x_wconf 83' lang='grc' dir='ltr'>λων</span> <span class='ocrx_word' id='word_1_506' title='bbox 337 3282 356 3339; x_wconf 43' lang='grc'><em>’·</em></span> <span class='ocrx_word' id='word_1_507' title='bbox 394 3282 567 3360; x_wconf 69' lang='grc' dir='ltr'>ίίάθου</span> <span class='ocrx_word' id='word_1_508' title='bbox 612 3282 675 3360; x_wconf 70' lang='grc' dir='ltr'>ἐκ</span> <span class='ocrx_word' id='word_1_509' title='bbox 714 3303 900 3376; x_wconf 80' lang='grc' dir='ltr'>δεξιῶν</span> <span class='ocrx_word' id='word_1_510' title='bbox 945 3282 1049 3379; x_wconf 73' lang='grc' dir='ltr'>μου</span> <span class='ocrx_word' id='word_1_511' title='bbox 1145 3304 1218 3359; x_wconf 85' lang='grc' dir='ltr'>Οῦ</span> <span class='ocrx_word' id='word_1_512' title='bbox 1269 3305 1480 3366; x_wconf 87' lang='grc' dir='ltr'>πάντως</span> <span class='ocrx_word' id='word_1_513' title='bbox 1533 3304 1561 3359; x_wconf 93' lang='lat'>6</span> <span class='ocrx_word' id='word_1_514' title='bbox 1609 3282 1846 3374; x_wconf 55' lang='grc' dir='ltr'>ποιητὴς</span> 
     </span>
    </p>
   </div>
   <div class='ocr_carea' id='block_1_67' title="bbox 1968 3282 3615 3380">
    <p class='ocr_par' dir='ltr' id='par_1_67' title="bbox 1968 3301 3615 3380">
     <span class='ocr_line' id='line_1_67' title="bbox 1968 3301 3615 3380; baseline 0.006 -25"><span class='ocrx_word' id='word_1_515' title='bbox 1968 3317 2092 3355; x_wconf 88' lang='lat' dir='ltr'>rum</span> <span class='ocrx_word' id='word_1_516' title='bbox 2116 3317 2129 3355; x_wconf 92' lang='lat'>:</span> <span class='ocrx_word' id='word_1_517' title='bbox 2165 3301 2301 3357; x_wconf 89' lang='lat' dir='ltr'>sede</span> <span class='ocrx_word' id='word_1_518' title='bbox 2323 3319 2354 3357; x_wconf 92' lang='lat' dir='ltr'>a</span> <span class='ocrx_word' id='word_1_519' title='bbox 2387 3301 2605 3358; x_wconf 83' lang='lat' dir='ltr'>dextris</span> <span class='ocrx_word' id='word_1_520' title='bbox 2639 3303 2785 3358; x_wconf 89' lang='lat' dir='ltr'>meis</span> <span class='ocrx_word' id='word_1_521' title='bbox 2806 3301 2893 3358; x_wconf 67' lang='lat'>3‘?</span> <span class='ocrx_word' id='word_1_522' title='bbox 2930 3326 2956 3354; x_wconf 90' lang='grc'>››</span> <span class='ocrx_word' id='word_1_523' title='bbox 2975 3305 3089 3362; x_wconf 88' lang='lat' dir='ltr'>Nec</span> <span class='ocrx_word' id='word_1_524' title='bbox 3110 3324 3252 3363; x_wconf 84' lang='lat' dir='ltr'>sane</span> <span class='ocrx_word' id='word_1_525' title='bbox 3272 3310 3615 3380; x_wconf 86' lang='lat' dir='ltr'>angelorum</span> 
     </span>
    </p>
   </div>
   <div class='ocr_carea' id='block_1_68' title="bbox 201 3392 1848 3471">
    <p class='ocr_par' dir='ltr' id='par_1_68' title="bbox 201 3392 1848 3471">
     <span class='ocr_line' id='line_1_68' title="bbox 201 3392 1848 3471; baseline -0.001 -22"><span class='ocrx_word' id='word_1_526' title='bbox 201 3400 310 3450; x_wconf 89' lang='grc' dir='ltr'>τῶν</span> <span class='ocrx_word' id='word_1_527' title='bbox 365 3392 612 3471; x_wconf 84' lang='grc' dir='ltr'>ἀγγελων</span> <span class='ocrx_word' id='word_1_528' title='bbox 672 3393 847 3470; x_wconf 87' lang='grc' dir='ltr'>Λόγος</span> <span class='ocrx_word' id='word_1_529' title='bbox 905 3393 1161 3470; x_wconf 85' lang='grc' dir='ltr'>κρείττων</span> <span class='ocrx_word' id='word_1_530' title='bbox 1226 3393 1464 3470; x_wconf 83' lang='grc' dir='ltr'>γέγονεν,</span> <span class='ocrx_word' id='word_1_531' title='bbox 1543 3393 1615 3454; x_wconf 83' lang='grc' dir='ltr'>ὡς</span> <span class='ocrx_word' id='word_1_532' title='bbox 1672 3393 1848 3462; x_wconf 79' lang='grc' dir='ltr'>ἠττων</span> 
     </span>
    </p>
   </div>
   <div class='ocr_carea' id='block_1_69' title="bbox 199 3478 1851 3557">
    <p class='ocr_par' dir='ltr' id='par_1_69' title="bbox 199 3478 1851 3557">
     <span class='ocr_line' id='line_1_69' title="bbox 199 3478 1851 3557; baseline -0.002 -19"><span class='ocrx_word' id='word_1_533' title='bbox 199 3481 278 3538; x_wconf 78' lang='grc' dir='ltr'>ὥν</span> <span class='ocrx_word' id='word_1_534' title='bbox 312 3485 426 3557; x_wconf 87' lang='grc'>(19)</span> <span class='ocrx_word' id='word_1_535' title='bbox 461 3505 472 3516; x_wconf 93' lang='grc'><strong>·</strong></span> <span class='ocrx_word' id='word_1_536' title='bbox 509 3482 654 3538; x_wconf 84' lang='grc' dir='ltr'>ἀλλὰ</span> <span class='ocrx_word' id='word_1_537' title='bbox 680 3485 778 3553; x_wconf 77' lang='grc' dir='ltr'>τὴν</span> <span class='ocrx_word' id='word_1_538' title='bbox 831 3481 882 3538; x_wconf 81' lang='grc' dir='ltr'>ἐν</span> <span class='ocrx_word' id='word_1_539' title='bbox 937 3487 1082 3554; x_wconf 85' lang='grc' dir='ltr'>αυτῷ</span> <span class='ocrx_word' id='word_1_540' title='bbox 1141 3479 1490 3537; x_wconf 86' lang='grc' dir='ltr'>ἀνατείλασαν</span> <span class='ocrx_word' id='word_1_541' title='bbox 1521 3485 1618 3535; x_wconf 88' lang='grc' dir='ltr'>τοῦ</span> <span class='ocrx_word' id='word_1_542' title='bbox 1650 3478 1851 3535; x_wconf 68' lang='grc' dir='ltr'>δούλου</span> 
     </span>
    </p>
   </div>
   <div class='ocr_carea' id='block_1_70' title="bbox 210 3569 1850 3650">
    <p class='ocr_par' dir='ltr' id='par_1_70' title="bbox 210 3569 1850 3650">
     <span class='ocr_line' id='line_1_70' title="bbox 210 3569 1850 3650; baseline -0.003 -22"><span class='ocrx_word' id='word_1_543' title='bbox 210 3573 429 3650; x_wconf 74' lang='grc' dir='ltr'>μορφὴν</span> <span class='ocrx_word' id='word_1_544' title='bbox 489 3571 774 3648; x_wconf 84' lang='grc' dir='ltr'>κρείτκονὰ</span> <span class='ocrx_word' id='word_1_545' title='bbox 830 3576 936 3627; x_wconf 87' lang='grc' dir='ltr'>τῶν</span> <span class='ocrx_word' id='word_1_546' title='bbox 984 3569 1249 3647; x_wconf 63' lang='grc' dir='ltr'>ἀγγέλων,</span> <span class='ocrx_word' id='word_1_547' title='bbox 1296 3573 1331 3642; x_wconf 69' lang='grc' dir='ltr'>ἢ</span> <span class='ocrx_word' id='word_1_548' title='bbox 1381 3571 1470 3626; x_wconf 84' lang='grc' dir='ltr'>καὶ</span> <span class='ocrx_word' id='word_1_549' title='bbox 1526 3579 1703 3640; x_wconf 85' lang='grc' dir='ltr'>πάσης</span> <span class='ocrx_word' id='word_1_550' title='bbox 1752 3573 1850 3638; x_wconf 78' lang='grc' dir='ltr'>τῆς</span> 
     </span>
    </p>
   </div>
   <div class='ocr_carea' id='block_1_71' title="bbox 204 3657 1854 3736">
    <p class='ocr_par' dir='ltr' id='par_1_71' title="bbox 204 3657 1854 3736">
     <span class='ocr_line' id='line_1_71' title="bbox 204 3657 1854 3736; baseline -0.003 -19"><span class='ocrx_word' id='word_1_551' title='bbox 204 3662 437 3723; x_wconf 88' lang='grc' dir='ltr'>κτίσεως</span> <span class='ocrx_word' id='word_1_552' title='bbox 491 3659 934 3734; x_wconf 71' lang='grc' dir='ltr'>ἐπιδειξάμενος·</span> <span class='ocrx_word' id='word_1_553' title='bbox 992 3657 1304 3736; x_wconf 82' lang='grc' dir='ltr'>ἐπειδήπερ,</span> <span class='ocrx_word' id='word_1_554' title='bbox 1383 3659 1540 3714; x_wconf 83' lang='grc' dir='ltr'>εἰκὼν</span> <span class='ocrx_word' id='word_1_555' title='bbox 1607 3659 1679 3713; x_wconf 89' lang='grc' dir='ltr'>ὣν</span> <span class='ocrx_word' id='word_1_556' title='bbox 1757 3663 1854 3712; x_wconf 88' lang='grc' dir='ltr'>τοῦ</span> 
     </span>
    </p>
   </div>
   <div class='ocr_carea' id='block_1_72' title="bbox 205 3746 1853 3826">
    <p class='ocr_par' dir='ltr' id='par_1_72' title="bbox 205 3746 1853 3826">
     <span class='ocr_line' id='line_1_72' title="bbox 205 3746 1853 3826; baseline -0.004 -18"><span class='ocrx_word' id='word_1_557' title='bbox 205 3755 344 3808; x_wconf 89' lang='grc' dir='ltr'>Θεοῦ</span> <span class='ocrx_word' id='word_1_558' title='bbox 381 3754 477 3805; x_wconf 85' lang='grc' dir='ltr'>τοῦ</span> <span class='ocrx_word' id='word_1_559' title='bbox 533 3750 788 3826; x_wconf 78' lang='grc' dir='ltr'>ἀοράτου,</span> <span class='ocrx_word' id='word_1_560' title='bbox 840 3750 930 3804; x_wconf 66' lang='grc' dir='ltr'>ναὶ</span> <span class='ocrx_word' id='word_1_561' title='bbox 983 3748 1332 3826; x_wconf 87' lang='grc' dir='ltr'>πρωτότοκος</span> <span class='ocrx_word' id='word_1_562' title='bbox 1385 3747 1560 3818; x_wconf 83' lang='grc' dir='ltr'>πάσης</span> <span class='ocrx_word' id='word_1_563' title='bbox 1609 3754 1709 3816; x_wconf 80' lang='grc' dir='ltr'>τῆς</span> <span class='ocrx_word' id='word_1_564' title='bbox 1742 3746 1853 3802; x_wconf 89' lang='grc' dir='ltr'>κτί-</span> 
     </span>
    </p>
   </div>
   <div class='ocr_carea' id='block_1_73' title="bbox 201 3833 1849 3914">
    <p class='ocr_par' dir='ltr' id='par_1_73' title="bbox 201 3833 1849 3914">
     <span class='ocr_line' id='line_1_73' title="bbox 201 3833 1849 3914; baseline -0.005 -18"><span class='ocrx_word' id='word_1_565' title='bbox 201 3861 342 3902; x_wconf 90' lang='grc' dir='ltr'>σεως</span> <span class='ocrx_word' id='word_1_566' title='bbox 397 3838 637 3914; x_wconf 84' lang='grc' dir='ltr'>γὲγονεν,</span> <span class='ocrx_word' id='word_1_567' title='bbox 699 3840 774 3901; x_wconf 86' lang='grc' dir='ltr'>ὡς</span> <span class='ocrx_word' id='word_1_568' title='bbox 830 3838 1125 3914; x_wconf 79' lang='grc' dir='ltr'>γέγραπται</span> <span class='ocrx_word' id='word_1_569' title='bbox 1186 3837 1274 3893; x_wconf 87' lang='grc' dir='ltr'>καὶ</span> <span class='ocrx_word' id='word_1_570' title='bbox 1333 3836 1383 3891; x_wconf 75' lang='grc' dir='ltr'>ἐν</span> <span class='ocrx_word' id='word_1_571' title='bbox 1445 3833 1804 3912; x_wconf 76' lang='grc' dir='ltr'>Εὖαγγελίοις</span> <span class='ocrx_word' id='word_1_572' title='bbox 1838 3853 1849 3865; x_wconf 77' lang='grc'><strong>⁸</strong></span> 
     </span>
    </p>
   </div>
   <div class='ocr_carea' id='block_1_74' title="bbox 196 3923 1851 4000">
    <p class='ocr_par' dir='ltr' id='par_1_74' title="bbox 196 3923 1851 4000">
     <span class='ocr_line' id='line_1_74' title="bbox 196 3923 1851 4000; baseline -0.005 -14"><span class='ocrx_word' id='word_1_573' title='bbox 196 3931 348 3990; x_wconf 79' lang='grc' dir='ltr'>’Έως</span> <span class='ocrx_word' id='word_1_574' title='bbox 409 3930 470 3983; x_wconf 81' lang='grc' dir='ltr'>οὗ</span> <span class='ocrx_word' id='word_1_575' title='bbox 524 3923 670 3984; x_wconf 78' lang='grc' dir='ltr'>ἔτεκε</span> <span class='ocrx_word' id='word_1_576' title='bbox 725 3929 816 3982; x_wconf 91' lang='grc' dir='ltr'>τὸν</span> <span class='ocrx_word' id='word_1_577' title='bbox 879 3927 1000 3982; x_wconf 76' lang='grc' dir='ltr'>ι’ἱὸν</span> <span class='ocrx_word' id='word_1_578' title='bbox 1075 3926 1242 3995; x_wconf 81' lang='grc' dir='ltr'>αὐτῆς</span> <span class='ocrx_word' id='word_1_579' title='bbox 1318 3928 1409 3980; x_wconf 89' lang='grc' dir='ltr'>τὸν</span> <span class='ocrx_word' id='word_1_580' title='bbox 1481 3923 1851 4000; x_wconf 89' lang='grc' dir='ltr'>πρωτότοκον·</span> 
     </span>
    </p>
   </div>
   <div class='ocr_carea' id='block_1_75' title="bbox 194 4013 1855 4089">
    <p class='ocr_par' dir='ltr' id='par_1_75' title="bbox 194 4013 1855 4089">
     <span class='ocr_line' id='line_1_75' title="bbox 194 4013 1855 4089; baseline -0.004 -15"><span class='ocrx_word' id='word_1_581' title='bbox 194 4019 294 4074; x_wconf 88' lang='grc' dir='ltr'>Διὸ</span> <span class='ocrx_word' id='word_1_582' title='bbox 325 4019 412 4073; x_wconf 83' lang='grc' dir='ltr'>καὶ</span> <span class='ocrx_word' id='word_1_583' title='bbox 445 4016 496 4072; x_wconf 82' lang='grc' dir='ltr'>ἐν</span> <span class='ocrx_word' id='word_1_584' title='bbox 553 4017 700 4089; x_wconf 82' lang='grc' dir='ltr'>αὖτῷ</span> <span class='ocrx_word' id='word_1_585' title='bbox 749 4015 967 4086; x_wconf 80' lang='grc' dir='ltr'>ἐκτίσθη</span> <span class='ocrx_word' id='word_1_586' title='bbox 1016 4017 1082 4069; x_wconf 75' lang='grc' dir='ltr'>τὰ</span> <span class='ocrx_word' id='word_1_587' title='bbox 1125 4014 1314 4086; x_wconf 80' lang='grc' dir='ltr'>πάντα,</span> <span class='ocrx_word' id='word_1_588' title='bbox 1363 4013 1453 4068; x_wconf 85' lang='grc' dir='ltr'>καὶ</span> <span class='ocrx_word' id='word_1_589' title='bbox 1509 4014 1561 4068; x_wconf 88' lang='grc' dir='ltr'>ἐν</span> <span class='ocrx_word' id='word_1_590' title='bbox 1607 4013 1752 4086; x_wconf 84' lang='grc' dir='ltr'>αὐτῷ</span> <span class='ocrx_word' id='word_1_591' title='bbox 1793 4014 1855 4068; x_wconf 86' lang='grc' dir='ltr'>τὸ</span> 
     </span>
    </p>
   </div>
   <div class='ocr_carea' id='block_1_76' title="bbox 194 4101 1854 4182">
    <p class='ocr_par' dir='ltr' id='par_1_76' title="bbox 194 4101 1854 4182">
     <span class='ocr_line' id='line_1_76' title="bbox 194 4101 1854 4182; baseline -0.004 -19"><span class='ocrx_word' id='word_1_592' title='bbox 194 4110 371 4172; x_wconf 87' lang='grc' dir='ltr'>πάθος</span> <span class='ocrx_word' id='word_1_593' title='bbox 399 4105 606 4182; x_wconf 70' lang='grc' dir='ltr'>γέγονε,</span> <span class='ocrx_word' id='word_1_594' title='bbox 638 4106 726 4160; x_wconf 83' lang='grc' dir='ltr'>καὶ</span> <span class='ocrx_word' id='word_1_595' title='bbox 759 4105 923 4166; x_wconf 84' lang='grc' dir='ltr'>αὐτός</span> <span class='ocrx_word' id='word_1_596' title='bbox 957 4103 1098 4160; x_wconf 79' lang='grc' dir='ltr'>ἐστιν</span> <span class='ocrx_word' id='word_1_597' title='bbox 1151 4105 1178 4158; x_wconf 93' lang='lat'>6</span> <span class='ocrx_word' id='word_1_598' title='bbox 1227 4102 1598 4179; x_wconf 71' lang='grc' dir='ltr'>ἐλευθερωτής</span> <span class='ocrx_word' id='word_1_599' title='bbox 1627 4107 1722 4156; x_wconf 89' lang='grc' dir='ltr'>τοῦ</span> <span class='ocrx_word' id='word_1_600' title='bbox 1752 4101 1854 4156; x_wconf 85' lang='grc' dir='ltr'>πά-</span> 
     </span>
    </p>
   </div>
   <div class='ocr_carea' id='block_1_77' title="bbox 196 4190 1853 4268">
    <p class='ocr_par' dir='ltr' id='par_1_77' title="bbox 196 4190 1853 4268">
     <span class='ocr_line' id='line_1_77' title="bbox 196 4190 1853 4268; baseline -0.004 -16"><span class='ocrx_word' id='word_1_601' title='bbox 196 4201 326 4258; x_wconf 89' lang='grc' dir='ltr'>θους</span> <span class='ocrx_word' id='word_1_602' title='bbox 354 4195 443 4251; x_wconf 84' lang='grc' dir='ltr'>καὶ</span> <span class='ocrx_word' id='word_1_603' title='bbox 475 4200 571 4250; x_wconf 88' lang='grc' dir='ltr'>τοῦ</span> <span class='ocrx_word' id='word_1_604' title='bbox 604 4195 855 4261; x_wconf 88' lang='grc' dir='ltr'>θανάτου,</span> <span class='ocrx_word' id='word_1_605' title='bbox 885 4194 974 4248; x_wconf 87' lang='grc' dir='ltr'>καὶ</span> <span class='ocrx_word' id='word_1_606' title='bbox 1006 4191 1076 4247; x_wconf 85' lang='grc' dir='ltr'>δι’</span> <span class='ocrx_word' id='word_1_607' title='bbox 1119 4193 1285 4248; x_wconf 77' lang='grc' dir='ltr'>αὐτοῦ</span> <span class='ocrx_word' id='word_1_608' title='bbox 1332 4193 1400 4248; x_wconf 76' lang='grc' dir='ltr'>τὰ</span> <span class='ocrx_word' id='word_1_609' title='bbox 1441 4192 1615 4247; x_wconf 81' lang='grc' dir='ltr'>πάντα</span> <span class='ocrx_word' id='word_1_610' title='bbox 1649 4190 1853 4268; x_wconf 83' lang='grc' dir='ltr'>γέγονε,</span> 
     </span>
    </p>
   </div>
   <div class='ocr_carea' id='block_1_78' title="bbox 195 4279 1854 4360">
    <p class='ocr_par' dir='ltr' id='par_1_78' title="bbox 195 4279 1854 4360">
     <span class='ocr_line' id='line_1_78' title="bbox 195 4279 1854 4360; baseline -0.004 -19"><span class='ocrx_word' id='word_1_611' title='bbox 195 4286 292 4342; x_wconf 87' lang='grc' dir='ltr'>καὶ</span> <span class='ocrx_word' id='word_1_612' title='bbox 327 4281 488 4346; x_wconf 80' lang='grc' dir='ltr'>αὐτός</span> <span class='ocrx_word' id='word_1_613' title='bbox 519 4283 656 4339; x_wconf 84' lang='grc' dir='ltr'>ἐστιν</span> <span class='ocrx_word' id='word_1_614' title='bbox 689 4287 723 4353; x_wconf 84' lang='grc' dir='ltr'>ἡ</span> <span class='ocrx_word' id='word_1_615' title='bbox 765 4282 975 4360; x_wconf 79' lang='grc' dir='ltr'>κεφαλὴ</span> <span class='ocrx_word' id='word_1_616' title='bbox 1023 4287 1118 4336; x_wconf 89' lang='grc' dir='ltr'>τοῦ</span> <span class='ocrx_word' id='word_1_617' title='bbox 1171 4283 1424 4354; x_wconf 81' lang='grc' dir='ltr'>σώματος</span> <span class='ocrx_word' id='word_1_618' title='bbox 1476 4285 1576 4347; x_wconf 78' lang='grc' dir='ltr'>τῆς</span> <span class='ocrx_word' id='word_1_619' title='bbox 1622 4279 1854 4350; x_wconf 82' lang='grc' dir='ltr'>Ἐκκλη-</span> 
     </span>
    </p>
   </div>
   <div class='ocr_carea' id='block_1_79' title="bbox 200 4368 1855 4449">
    <p class='ocr_par' dir='ltr' id='par_1_79' title="bbox 200 4368 1855 4449">
     <span class='ocr_line' id='line_1_79' title="bbox 200 4368 1855 4449; baseline -0.004 -20"><span class='ocrx_word' id='word_1_620' title='bbox 200 4375 344 4446; x_wconf 81' lang='grc' dir='ltr'>σίας,</span> <span class='ocrx_word' id='word_1_621' title='bbox 403 4373 462 4436; x_wconf 75' lang='grc' dir='ltr'>ὅς</span> <span class='ocrx_word' id='word_1_622' title='bbox 521 4374 629 4428; x_wconf 80' lang='grc' dir='ltr'>ἐστι</span> <span class='ocrx_word' id='word_1_623' title='bbox 689 4371 1036 4449; x_wconf 81' lang='grc' dir='ltr'>πρωτότοκος</span> <span class='ocrx_word' id='word_1_624' title='bbox 1092 4370 1150 4426; x_wconf 82' lang='grc' dir='ltr'>ἐκ</span> <span class='ocrx_word' id='word_1_625' title='bbox 1196 4375 1418 4447; x_wconf 86' lang='grc' dir='ltr'>νεκρῶν,</span> <span class='ocrx_word' id='word_1_626' title='bbox 1466 4368 1558 4425; x_wconf 67' lang='grc' dir='ltr'>ἵνα</span> <span class='ocrx_word' id='word_1_627' title='bbox 1613 4371 1855 4447; x_wconf 73' lang='grc' dir='ltr'>γένηται,</span> 
     </span>
    </p>
   </div>
   <div class='ocr_carea' id='block_1_80' title="bbox 201 4460 1206 4541">
    <p class='ocr_par' dir='ltr' id='par_1_80' title="bbox 201 4460 1206 4541">
     <span class='ocr_line' id='line_1_80' title="bbox 201 4460 1206 4541; baseline 0.002 -25"><span class='ocrx_word' id='word_1_628' title='bbox 201 4464 389 4541; x_wconf 79' lang='grc' dir='ltr'>φησὶν,</span> <span class='ocrx_word' id='word_1_629' title='bbox 423 4462 474 4518; x_wconf 88' lang='grc' dir='ltr'>ἐν</span> <span class='ocrx_word' id='word_1_630' title='bbox 504 4470 663 4518; x_wconf 80' lang='grc' dir='ltr'>πᾶσιν</span> <span class='ocrx_word' id='word_1_631' title='bbox 698 4462 859 4526; x_wconf 82' lang='grc' dir='ltr'>αὐτὸς</span> <span class='ocrx_word' id='word_1_632' title='bbox 887 4460 1206 4537; x_wconf 83' lang='grc' dir='ltr'>πρωτεύων.</span> 
     </span>
    </p>
   </div>
   <div class='ocr_carea' id='block_1_81' title="bbox 288 4546 1856 4626">
    <p class='ocr_par' dir='ltr' id='par_1_81' title="bbox 288 4546 1856 4626">
     <span class='ocr_line' id='line_1_81' title="bbox 288 4546 1856 4626; baseline -0.004 -20"><span class='ocrx_word' id='word_1_633' title='bbox 288 4555 368 4606; x_wconf 87' lang='grc'>16.</span> <span class='ocrx_word' id='word_1_634' title='bbox 405 4554 528 4614; x_wconf 85' lang='grc' dir='ltr'>Πῶς</span> <span class='ocrx_word' id='word_1_635' title='bbox 561 4551 651 4607; x_wconf 76' lang='grc' dir='ltr'>οὖν</span> <span class='ocrx_word' id='word_1_636' title='bbox 684 4553 773 4607; x_wconf 87' lang='grc' dir='ltr'>τὸν</span> <span class='ocrx_word' id='word_1_637' title='bbox 823 4549 1169 4626; x_wconf 85' lang='grc' dir='ltr'>δημιουργὸν</span> <span class='ocrx_word' id='word_1_638' title='bbox 1220 4555 1328 4604; x_wconf 91' lang='grc' dir='ltr'>τῶν</span> <span class='ocrx_word' id='word_1_639' title='bbox 1379 4549 1613 4624; x_wconf 86' lang='grc' dir='ltr'>λογικῶν</span> <span class='ocrx_word' id='word_1_640' title='bbox 1646 4546 1856 4625; x_wconf 77' lang='grc' dir='ltr'>φύσεων</span> 
     </span>
    </p>
   </div>
   <div class='ocr_carea' id='block_1_82' title="bbox 200 4635 1853 4716">
    <p class='ocr_par' dir='ltr' id='par_1_82' title="bbox 200 4635 1853 4716">
     <span class='ocr_line' id='line_1_82' title="bbox 200 4635 1853 4716; baseline -0.004 -20"><span class='ocrx_word' id='word_1_641' title='bbox 200 4641 377 4715; x_wconf 87' lang='grc' dir='ltr'>Λόγον</span> <span class='ocrx_word' id='word_1_642' title='bbox 435 4640 634 4716; x_wconf 68' lang='grc' dir='ltr'>λέγετε,</span> <span class='ocrx_word' id='word_1_643' title='bbox 687 4643 854 4716; x_wconf 90' lang='grc' dir='ltr'>σάρκα</span> <span class='ocrx_word' id='word_1_644' title='bbox 913 4640 1087 4714; x_wconf 75' lang='grc' dir='ltr'>ἑαυτῷ</span> <span class='ocrx_word' id='word_1_645' title='bbox 1153 4640 1571 4715; x_wconf 76' lang='grc' dir='ltr'>συγκεράσαντα,</span> <span class='ocrx_word' id='word_1_646' title='bbox 1632 4635 1853 4712; x_wconf 88' lang='grc' dir='ltr'>λογικὸν</span> 
     </span>
    </p>
   </div>
   <div class='ocr_carea' id='block_1_83' title="bbox 200 4724 1851 4807">
    <p class='ocr_par' dir='ltr' id='par_1_83' title="bbox 200 4724 1851 4807">
     <span class='ocr_line' id='line_1_83' title="bbox 200 4724 1851 4807; baseline -0.004 -21"><span class='ocrx_word' id='word_1_647' title='bbox 200 4729 486 4806; x_wconf 77' lang='grc' dir='ltr'>ἄνθρωπον</span> <span class='ocrx_word' id='word_1_648' title='bbox 540 4733 861 4807; x_wconf 77' lang='grc' dir='ltr'>γεγενὲναι;</span> <span class='ocrx_word' id='word_1_649' title='bbox 917 4731 1006 4786; x_wconf 83' lang='grc' dir='ltr'>καὶ</span> <span class='ocrx_word' id='word_1_650' title='bbox 1066 4734 1187 4791; x_wconf 88' lang='grc' dir='ltr'>πῶς</span> <span class='ocrx_word' id='word_1_651' title='bbox 1247 4726 1508 4804; x_wconf 78' lang='grc' dir='ltr'>ἄτρεπτος</span> <span class='ocrx_word' id='word_1_652' title='bbox 1551 4726 1643 4780; x_wconf 87' lang='grc' dir='ltr'>καὶ</span> <span class='ocrx_word' id='word_1_653' title='bbox 1688 4724 1851 4780; x_wconf 84' lang='grc' dir='ltr'>ἀναλ-</span> 
     </span>
    </p>
   </div>
   <div class='ocr_carea' id='block_1_84' title="bbox 271 4850 1330 4919">
    <p class='ocr_par' dir='ltr' id='par_1_84' title="bbox 271 4850 1330 4919">
     <span class='ocr_line' id='line_1_84' title="bbox 271 4850 1330 4919; baseline 0.006 -17"><span class='ocrx_word' id='word_1_654' title='bbox 271 4850 318 4885; x_wconf 81' lang='grc'>³¹</span> <span class='ocrx_word' id='word_1_655' title='bbox 353 4850 505 4906; x_wconf 85' lang='lat' dir='ltr'>Psal.</span> <span class='ocrx_word' id='word_1_656' title='bbox 531 4867 644 4919; x_wconf 71' lang='lat' dir='ltr'>cxx,</span> <span class='ocrx_word' id='word_1_657' title='bbox 683 4854 728 4907; x_wconf 90' lang='lat'>1.</span> <span class='ocrx_word' id='word_1_658' title='bbox 833 4852 879 4886; x_wconf 77' lang='grc'>³³</span> <span class='ocrx_word' id='word_1_659' title='bbox 909 4852 1077 4907; x_wconf 88' lang='lat' dir='ltr'>Joan.</span> <span class='ocrx_word' id='word_1_660' title='bbox 1105 4867 1241 4916; x_wconf 83' lang='lat' dir='ltr'>xvu,</span> <span class='ocrx_word' id='word_1_661' title='bbox 1274 4851 1330 4908; x_wconf 89' lang='lat'>5.</span> 
     </span>
    </p>
   </div>
   <div class='ocr_carea' id='block_1_85' title="bbox 200 4922 370 4992">
    <p class='ocr_par' dir='ltr' id='par_1_85' title="bbox 200 4922 370 4992">
     <span class='ocr_line' id='line_1_85' title="bbox 200 4922 370 4992; baseline -0.012 -15"><span class='ocrx_word' id='word_1_662' title='bbox 200 4923 246 4992; x_wconf 87' lang='lat'>1,</span> <span class='ocrx_word' id='word_1_663' title='bbox 285 4922 370 4976; x_wconf 90' lang='lat'>18.</span> 
     </span>
    </p>
   </div>
   <div class='ocr_carea' id='block_1_86' title="bbox 275 5033 1857 5110">
    <p class='ocr_par' dir='ltr' id='par_1_86' title="bbox 275 5033 1857 5110">
     <span class='ocr_line' id='line_1_86' title="bbox 275 5033 1857 5110; baseline -0.004 -18"><span class='ocrx_word' id='word_1_664' title='bbox 275 5037 388 5109; x_wconf 81' lang='grc'>(43)</span> <span class='ocrx_word' id='word_1_665' title='bbox 419 5037 550 5110; x_wconf 88' lang='lat' dir='ltr'>Seg.</span> <span class='ocrx_word' id='word_1_666' title='bbox 588 5038 888 5110; x_wconf 83' lang='lat' dir='ltr'>Anglican.</span> <span class='ocrx_word' id='word_1_667' title='bbox 924 5043 981 5094; x_wconf 91' lang='lat' dir='ltr'>et</span> <span class='ocrx_word' id='word_1_668' title='bbox 1008 5037 1261 5093; x_wconf 86' lang='lat' dir='ltr'>Felckm.</span> <span class='ocrx_word' id='word_1_669' title='bbox 1297 5038 1349 5106; x_wconf 94' lang='lat'>1,</span> <span class='ocrx_word' id='word_1_670' title='bbox 1383 5039 1542 5110; x_wconf 68' lang='grc' dir='ltr'>Θεοῦ.</span> <span class='ocrx_word' id='word_1_671' title='bbox 1574 5033 1857 5110; x_wconf 78' lang='lat' dir='ltr'>Editi_ve-</span> 
     </span>
    </p>
   </div>
   <div class='ocr_carea' id='block_1_87' title="bbox 201 5105 1857 5190">
    <p class='ocr_par' dir='ltr' id='par_1_87' title="bbox 201 5105 1857 5190">
     <span class='ocr_line' id='line_1_87' title="bbox 201 5105 1857 5190; baseline -0.005 -25"><span class='ocrx_word' id='word_1_672' title='bbox 201 5105 291 5190; x_wconf 77' lang='lat' dir='ltr'>ro,</span> <span class='ocrx_word' id='word_1_673' title='bbox 325 5105 745 5190; x_wconf 53' lang='grc' dir='ltr'>εῐοηΧριστόῦ.</span> <span class='ocrx_word' id='word_1_674' title='bbox 786 5112 948 5190; x_wconf 84' lang='lat' dir='ltr'>Infra</span> <span class='ocrx_word' id='word_1_675' title='bbox 973 5111 1390 5190; x_wconf 70' lang='lat' dir='ltr'>Seguerianus,</span> <span class='ocrx_word' id='word_1_676' title='bbox 1425 5114 1489 5190; x_wconf 79' lang='lat' dir='ltr'>ut</span> <span class='ocrx_word' id='word_1_677' title='bbox 1517 5107 1673 5190; x_wconf 64' lang='lat' dir='ltr'>legit</span> <span class='ocrx_word' id='word_1_678' title='bbox 1705 5105 1857 5190; x_wconf 50' lang='lat' dir='ltr'>Eii-.11:</span> 
     </span>
    </p>
   </div>
   <div class='ocr_carea' id='block_1_88' title="bbox 199 5177 1858 5256">
    <p class='ocr_par' dir='ltr' id='par_1_88' title="bbox 199 5177 1858 5256">
     <span class='ocr_line' id='line_1_88' title="bbox 199 5177 1858 5256; baseline -0.004 -19"><span class='ocrx_word' id='word_1_679' title='bbox 199 5177 545 5256; x_wconf 48' lang='lat' dir='ltr'>nius,_1rpb&lt;:</span> <span class='ocrx_word' id='word_1_680' title='bbox 567 5179 869 5256; x_wconf 76' lang='grc' dir='ltr'>ἄνθρωπον,</span> <span class='ocrx_word' id='word_1_681' title='bbox 901 5187 958 5237; x_wconf 91' lang='lat' dir='ltr'>et</span> <span class='ocrx_word' id='word_1_682' title='bbox 989 5177 1076 5238; x_wconf 66' lang='lat' dir='ltr'>ita</span> <span class='ocrx_word' id='word_1_683' title='bbox 1098 5181 1408 5254; x_wconf 87' lang='lat' dir='ltr'>legendum</span> <span class='ocrx_word' id='word_1_684' title='bbox 1440 5177 1858 5235; x_wconf 75' lang='lat' dir='ltr'>videtur.Editi</span> 
     </span>
    </p>
   </div>
   <div class='ocr_carea' id='block_1_89' title="bbox 200 5249 769 5321">
    <p class='ocr_par' dir='ltr' id='par_1_89' title="bbox 200 5249 769 5321">
     <span class='ocr_line' id='line_1_89' title="bbox 200 5249 769 5321; baseline -0.007 -11"><span class='ocrx_word' id='word_1_685' title='bbox 200 5260 261 5310; x_wconf 91' lang='lat' dir='ltr'>et</span> <span class='ocrx_word' id='word_1_686' title='bbox 294 5253 415 5321; x_wconf 82' lang='lat' dir='ltr'>alii,</span> <span class='ocrx_word' id='word_1_687' title='bbox 442 5249 585 5321; x_wconf 67' lang='grc' dir='ltr'>’πρὸς</span> <span class='ocrx_word' id='word_1_688' title='bbox 621 5249 769 5308; x_wconf 75' lang='grc' dir='ltr'>Θὲὸν.</span> 
     </span>
    </p>
   </div>
   <div class='ocr_carea' id='block_1_90' title="bbox 279 5283 1852 5406">
    <p class='ocr_par' dir='ltr' id='par_1_90' title="bbox 279 5283 1852 5406">
     <span class='ocr_line' id='line_1_90' title="bbox 294 5283 1814 5343; baseline 0.003 -35"><span class='ocrx_word' id='word_1_689' title='bbox 294 5283 415 5321; x_wconf 69' lang='grc' dir='ltr'>αιιι,</span> <span class='ocrx_word' id='word_1_690' title='bbox 448 5283 584 5338; x_wconf 49' lang='grc' dir='ltr'>Ἷὶιὲλυς</span> <span class='ocrx_word' id='word_1_691' title='bbox 621 5283 769 5308; x_wconf 65' lang='grc' dir='ltr'>σιυν.</span> <span class='ocrx_word' id='word_1_692' title='bbox 1373 5322 1386 5341; x_wconf 70' lang='grc' dir='ltr'><em>Ι</em></span> <span class='ocrx_word' id='word_1_693' title='bbox 1801 5322 1814 5343; x_wconf 72' lang='lat'><strong>’</strong></span> 
     </span>
     <span class='ocr_line' id='line_1_91' title="bbox 279 5320 1852 5406; baseline -0.002 -27"><span class='ocrx_word' id='word_1_694' title='bbox 279 5325 391 5395; x_wconf 83' lang='grc'>(14)</span> <span class='ocrx_word' id='word_1_695' title='bbox 426 5323 626 5406; x_wconf 42' lang='lat'>01315.1,</span> <span class='ocrx_word' id='word_1_696' title='bbox 649 5325 914 5406; x_wconf 37' lang='lat' dir='ltr'>‘véxpwstc</span> <span class='ocrx_word' id='word_1_697' title='bbox 969 5324 1082 5406; x_wconf 38' lang='grc' dir='ltr'>καὶ.</span> <span class='ocrx_word' id='word_1_698' title='bbox 1117 5327 1571 5406; x_wconf 42' lang='grc' dir='ltr'>τοῦκςετνευμοιτοςΔ</span> <span class='ocrx_word' id='word_1_699' title='bbox 1625 5320 1852 5406; x_wconf 63' lang='grc' dir='ltr'>ἀποχω-</span> 
     </span>
    </p>
   </div>
   <div class='ocr_carea' id='block_1_91' title="bbox 200 5395 1854 5506">
    <p class='ocr_par' dir='ltr' id='par_1_91' title="bbox 200 5395 1854 5506">
     <span class='ocr_line' id='line_1_92' title="bbox 200 5395 1854 5506; baseline 0.001 -58"><span class='ocrx_word' id='word_1_700' title='bbox 200 5415 364 5466; x_wconf 85' lang='grc' dir='ltr'>ρησις</span> <span class='ocrx_word' id='word_1_701' title='bbox 399 5401 533 5450; x_wconf 86' lang='grc' dir='ltr'>Θεοῦ</span> <span class='ocrx_word' id='word_1_702' title='bbox 565 5396 670 5452; x_wconf 85' lang='grc' dir='ltr'>ἀπὸ</span> <span class='ocrx_word' id='word_1_703' title='bbox 702 5399 974 5468; x_wconf 79' lang='grc' dir='ltr'>σώματος.</span> <span class='ocrx_word' id='word_1_704' title='bbox 1034 5400 1146 5450; x_wconf 81' lang='lat' dir='ltr'>etc.</span> <span class='ocrx_word' id='word_1_705' title='bbox 1209 5397 1302 5451; x_wconf 87' lang='lat' dir='ltr'>Sic</span> <span class='ocrx_word' id='word_1_706' title='bbox 1356 5398 1482 5467; x_wconf 84' lang='lat' dir='ltr'>Seg.</span> <span class='ocrx_word' id='word_1_707' title='bbox 1548 5395 1854 5506; x_wconf 52' lang='lat' dir='ltr'>Anglican.</span> 
     </span>
     <span class='ocr_line' id='line_1_93' title="bbox 200 5462 1854 5506; baseline 0 0"><span class='ocrx_word' id='word_1_708' title='bbox 200 5467 423 5506; x_wconf 62' lang='lat' dir='ltr'>anhlnr</span> <span class='ocrx_word' id='word_1_709' title='bbox 477 5476 528 5506; x_wconf 66' lang='lat' dir='ltr'>of</span> <span class='ocrx_word' id='word_1_710' title='bbox 586 5471 813 5506; x_wconf 66' lang='lat' dir='ltr'>Walan</span> <span class='ocrx_word' id='word_1_711' title='bbox 875 5471 892 5506; x_wconf 79' lang='grc'><strong>4</strong></span> <span class='ocrx_word' id='word_1_712' title='bbox 958 5468 1107 5506; x_wconf 64' lang='lat' dir='ltr'>mdili</span> <span class='ocrx_word' id='word_1_713' title='bbox 1163 5484 1294 5506; x_wconf 68' lang='lat' dir='ltr'>vonn</span> <span class='ocrx_word' id='word_1_714' title='bbox 1351 5462 1470 5506; x_wconf 66' lang='lat' dir='ltr'>niis-c</span> <span class='ocrx_word' id='word_1_715' title='bbox 1525 5467 1558 5506; x_wconf 49' lang='grc' dir='ltr'>ἦ</span> <span class='ocrx_word' id='word_1_716' title='bbox 1599 5485 1854 5506; x_wconf 64' lang='grc' dir='ltr'>υνήιηηιρ</span> 
     </span>
    </p>
   </div>
   <div class='ocr_carea' id='block_1_92' title="bbox 199 5462 1858 5549">
    <p class='ocr_par' dir='ltr' id='par_1_92' title="bbox 199 5462 1858 5549">
     <span class='ocr_line' id='line_1_94' title="bbox 199 5462 1858 5549; baseline -0.003 -24"><span class='ocrx_word' id='word_1_717' title='bbox 199 5462 440 5549; x_wconf 42' lang='lat' dir='ltr'>Guble&#39;r.</span> <span class='ocrx_word' id='word_1_718' title='bbox 477 5476 532 5524; x_wconf 76' lang='lat' dir='ltr'>et</span> <span class='ocrx_word' id='word_1_719' title='bbox 585 5462 836 5549; x_wconf 41' lang='lat' dir='ltr'>Felckm;</span> <span class='ocrx_word' id='word_1_720' title='bbox 875 5471 922 5549; x_wconf 38' lang='grc'>1..</span> <span class='ocrx_word' id='word_1_721' title='bbox 958 5468 1117 5549; x_wconf 61' lang='lat' dir='ltr'>Dditi</span> <span class='ocrx_word' id='word_1_722' title='bbox 1163 5462 1472 5549; x_wconf 30' lang='lat' dir='ltr'>verone-{51&#39;s</span> <span class='ocrx_word' id='word_1_723' title='bbox 1507 5467 1558 5548; x_wconf 45' lang='grc' dir='ltr'>,ἡ</span> <span class='ocrx_word' id='word_1_724' title='bbox 1599 5462 1858 5549; x_wconf 42' lang='lat' dir='ltr'>vespam:</span> 
     </span>
    </p>
   </div>
   <div class='ocr_carea' id='block_1_93' title="bbox 197 5537 1856 5665">
    <p class='ocr_par' dir='ltr' id='par_1_93' title="bbox 197 5537 1856 5665">
     <span class='ocr_line' id='line_1_95' title="bbox 197 5537 1856 5665; baseline 0.001 -73"><span class='ocrx_word' id='word_1_725' title='bbox 197 5539 572 5665; x_wconf 56' lang='grc' dir='ltr'>ἐποχώρησις</span> <span class='ocrx_word' id='word_1_726' title='bbox 606 5545 759 5612; x_wconf 82' lang='grc' dir='ltr'>Θεοῦ,</span> <span class='ocrx_word' id='word_1_727' title='bbox 803 5539 837 5608; x_wconf 74' lang='grc' dir='ltr'><strong>ἢ</strong></span> <span class='ocrx_word' id='word_1_728' title='bbox 889 5537 1016 5604; x_wconf 78' lang='grc' dir='ltr'>ἀπό,</span> <span class='ocrx_word' id='word_1_729' title='bbox 1069 5543 1180 5594; x_wconf 90' lang='lat' dir='ltr'>etc.</span> <span class='ocrx_word' id='word_1_730' title='bbox 1217 5537 1556 5594; x_wconf 88' lang='lat' dir='ltr'>Basiliensis</span> <span class='ocrx_word' id='word_1_731' title='bbox 1613 5537 1856 5608; x_wconf 91' lang='lat' dir='ltr'>ibidem,</span> 
     </span>
     <span class='ocr_line' id='line_1_96' title="bbox 240 5629 577 5665; baseline 0.003 -1"><span class='ocrx_word' id='word_1_732' title='bbox 240 5629 577 5665; x_wconf 73' lang='grc' dir='ltr'>πογωοισις.</span> 
     </span>
    </p>
   </div>
   <div class='ocr_carea' id='block_1_94' title="bbox 240 5629 1858 5758">
    <p class='ocr_par' dir='ltr' id='par_1_94' title="bbox 240 5629 1858 5758">
     <span class='ocr_line' id='line_1_97' title="bbox 240 5629 1820 5692; baseline -0.003 -28"><span class='ocrx_word' id='word_1_733' title='bbox 240 5629 577 5685; x_wconf 79' lang='grc' dir='ltr'>ποχωρισις,</span> <span class='ocrx_word' id='word_1_734' title='bbox 1809 5681 1820 5692; x_wconf 40' lang='grc' dir='ltr'><strong>ο</strong></span> 
     </span>
     <span class='ocr_line' id='line_1_98' title="bbox 277 5680 1858 5758; baseline -0.001 -20"><span class='ocrx_word' id='word_1_735' title='bbox 277 5683 392 5754; x_wconf 74' lang='grc'>(15)</span> <span class='ocrx_word' id='word_1_736' title='bbox 429 5684 511 5741; x_wconf 83' lang='lat' dir='ltr'>Ila</span> <span class='ocrx_word' id='word_1_737' title='bbox 542 5686 674 5758; x_wconf 88' lang='lat' dir='ltr'>Seg.</span> <span class='ocrx_word' id='word_1_738' title='bbox 711 5681 1115 5758; x_wconf 10' lang='lat' dir='ltr'>Anglic.gGobl</span> <span class='ocrx_word' id='word_1_739' title='bbox 1172 5686 1232 5758; x_wconf 71' lang='lat' dir='ltr'>et</span> <span class='ocrx_word' id='word_1_740' title='bbox 1263 5680 1514 5758; x_wconf 78' lang='lat' dir='ltr'>Felckm.</span> <span class='ocrx_word' id='word_1_741' title='bbox 1551 5681 1601 5735; x_wconf 89' lang='lat'>1.</span> <span class='ocrx_word' id='word_1_742' title='bbox 1635 5680 1699 5736; x_wconf 89' lang='lat' dir='ltr'>In</span> <span class='ocrx_word' id='word_1_743' title='bbox 1731 5681 1858 5737; x_wconf 84' lang='lat' dir='ltr'>ed1-</span> 
     </span>
    </p>
   </div>
   <div class='ocr_carea' id='block_1_95' title="bbox 195 5751 1526 5828">
    <p class='ocr_par' dir='ltr' id='par_1_95' title="bbox 195 5751 1526 5828">
     <span class='ocr_line' id='line_1_99' title="bbox 195 5751 1526 5828; baseline -0.006 -14"><span class='ocrx_word' id='word_1_744' title='bbox 195 5751 294 5814; x_wconf 48' lang='lat' dir='ltr'>tis&#39;</span> <span class='ocrx_word' id='word_1_745' title='bbox 313 5751 1104 5828; x_wconf 48' lang='lat' dir='ltr'>etceterisvmanuscriptis,</span> <span class='ocrx_word' id='word_1_746' title='bbox 1137 5751 1308 5818; x_wconf 79' lang='grc' dir='ltr'>οὕτως</span> <span class='ocrx_word' id='word_1_747' title='bbox 1343 5753 1526 5809; x_wconf 87' lang='lat' dir='ltr'>deest.</span> 
     </span>
    </p>
   </div>
   <div class='ocr_carea' id='block_1_96' title="bbox 1441 4845 2620 4916">
    <p class='ocr_par' dir='ltr' id='par_1_96' title="bbox 1441 4845 2620 4916">
     <span class='ocr_line' id='line_1_100' title="bbox 1441 4845 2620 4916; baseline -0.001 -14"><span class='ocrx_word' id='word_1_748' title='bbox 1441 4849 1487 4883; x_wconf 86' lang='grc'>³³</span> <span class='ocrx_word' id='word_1_749' title='bbox 1542 4846 1707 4902; x_wconf 88' lang='lat' dir='ltr'>Joan.</span> <span class='ocrx_word' id='word_1_750' title='bbox 1761 4861 1862 4916; x_wconf 80' lang='lat' dir='ltr'>xu,</span> <span class='ocrx_word' id='word_1_751' title='bbox 1917 4845 2004 4901; x_wconf 86' lang='lat'>28.</span> <span class='ocrx_word' id='word_1_752' title='bbox 2083 4846 2129 4880; x_wconf 77' lang='grc'><strong>⁸⁴</strong></span> <span class='ocrx_word' id='word_1_753' title='bbox 2177 4845 2349 4901; x_wconf 90' lang='lat' dir='ltr'>Hebr.</span> <span class='ocrx_word' id='word_1_754' title='bbox 2386 4863 2424 4914; x_wconf 84' lang='grc' dir='ltr'>ι,</span> <span class='ocrx_word' id='word_1_755' title='bbox 2486 4847 2537 4912; x_wconf 64' lang='lat' dir='ltr'>li,</span> <span class='ocrx_word' id='word_1_756' title='bbox 2566 4847 2620 4902; x_wconf 85' lang='lat'>5.</span> 
     </span>
    </p>
   </div>
   <div class='ocr_carea' id='block_1_97' title="bbox 1961 3389 3616 3468">
    <p class='ocr_par' dir='ltr' id='par_1_97' title="bbox 1961 3389 3616 3468">
     <span class='ocr_line' id='line_1_101' title="bbox 1961 3389 3616 3468; baseline 0.005 -22"><span class='ocrx_word' id='word_1_757' title='bbox 1961 3389 2152 3460; x_wconf 88' lang='lat' dir='ltr'>opifex</span> <span class='ocrx_word' id='word_1_758' title='bbox 2175 3392 2454 3456; x_wconf 84' lang='lat' dir='ltr'>Verbum,</span> <span class='ocrx_word' id='word_1_759' title='bbox 2488 3391 2700 3449; x_wconf 90' lang='lat' dir='ltr'>melius</span> <span class='ocrx_word' id='word_1_760' title='bbox 2760 3393 2976 3450; x_wconf 84' lang='lat' dir='ltr'>factum</span> <span class='ocrx_word' id='word_1_761' title='bbox 3025 3400 3134 3464; x_wconf 91' lang='lat' dir='ltr'>est,</span> <span class='ocrx_word' id='word_1_762' title='bbox 3167 3399 3338 3468; x_wconf 87' lang='lat' dir='ltr'>quasi</span> <span class='ocrx_word' id='word_1_763' title='bbox 3367 3397 3616 3455; x_wconf 81' lang='lat' dir='ltr'>inferius</span> 
     </span>
    </p>
   </div>
   <div class='ocr_carea' id='block_1_98' title="bbox 1965 3479 3618 3561">
    <p class='ocr_par' dir='ltr' id='par_1_98' title="bbox 1965 3479 3618 3561">
     <span class='ocr_line' id='line_1_102' title="bbox 1965 3479 3618 3561; baseline 0.007 -28"><span class='ocrx_word' id='word_1_764' title='bbox 1965 3484 2096 3534; x_wconf 90' lang='lat' dir='ltr'>ante</span> <span class='ocrx_word' id='word_1_765' title='bbox 2128 3479 2372 3535; x_wconf 79' lang='lat' dir='ltr'>fuisset:</span> <span class='ocrx_word' id='word_1_766' title='bbox 2410 3481 2510 3536; x_wconf 90' lang='lat' dir='ltr'>sed</span> <span class='ocrx_word' id='word_1_767' title='bbox 2543 3480 2603 3536; x_wconf 91' lang='lat' dir='ltr'>in</span> <span class='ocrx_word' id='word_1_768' title='bbox 2633 3498 2695 3537; x_wconf 86' lang='lat' dir='ltr'>se</span> <span class='ocrx_word' id='word_1_769' title='bbox 2747 3487 2934 3539; x_wconf 90' lang='lat' dir='ltr'>ortam</span> <span class='ocrx_word' id='word_1_770' title='bbox 2985 3486 3132 3541; x_wconf 85' lang='lat' dir='ltr'>servi</span> <span class='ocrx_word' id='word_1_771' title='bbox 3166 3486 3417 3543; x_wconf 83' lang='lat' dir='ltr'>formam</span> <span class='ocrx_word' id='word_1_772' title='bbox 3448 3504 3618 3561; x_wconf 87' lang='lat' dir='ltr'>ange-</span> 
     </span>
    </p>
   </div>
   <div class='ocr_carea' id='block_1_99' title="bbox 1963 3567 3617 3647">
    <p class='ocr_par' dir='ltr' id='par_1_99' title="bbox 1963 3567 3617 3647">
     <span class='ocr_line' id='line_1_103' title="bbox 1963 3567 3617 3647; baseline 0.007 -24"><span class='ocrx_word' id='word_1_773' title='bbox 1963 3567 2057 3636; x_wconf 89' lang='lat' dir='ltr'>lis,</span> <span class='ocrx_word' id='word_1_774' title='bbox 2092 3570 2192 3624; x_wconf 88' lang='lat' dir='ltr'>sed</span> <span class='ocrx_word' id='word_1_775' title='bbox 2226 3569 2444 3641; x_wconf 89' lang='lat' dir='ltr'>potius,</span> <span class='ocrx_word' id='word_1_776' title='bbox 2475 3573 2634 3626; x_wconf 90' lang='lat' dir='ltr'>omni</span> <span class='ocrx_word' id='word_1_777' title='bbox 2667 3578 2933 3630; x_wconf 88' lang='lat' dir='ltr'>creatura</span> <span class='ocrx_word' id='word_1_778' title='bbox 2959 3577 3428 3647; x_wconf 65' lang='lat' dir='ltr'>prastantiorem</span> <span class='ocrx_word' id='word_1_779' title='bbox 3461 3578 3617 3634; x_wconf 84' lang='lat' dir='ltr'>exhi-</span> 
     </span>
    </p>
   </div>
   <div class='ocr_carea' id='block_1_100' title="bbox 1964 3657 3618 3735">
    <p class='ocr_par' dir='ltr' id='par_1_100' title="bbox 1964 3657 3618 3735">
     <span class='ocr_line' id='line_1_104' title="bbox 1964 3657 3618 3735; baseline 0.008 -25"><span class='ocrx_word' id='word_1_780' title='bbox 1964 3657 2127 3712; x_wconf 89' lang='lat' dir='ltr'>buit:</span> <span class='ocrx_word' id='word_1_781' title='bbox 2162 3659 2639 3730; x_wconf 89' lang='lat' dir='ltr'>quandoquidem</span> <span class='ocrx_word' id='word_1_782' title='bbox 2666 3677 2800 3716; x_wconf 92' lang='lat' dir='ltr'>cum</span> <span class='ocrx_word' id='word_1_783' title='bbox 2834 3663 3028 3735; x_wconf 85' lang='lat' dir='ltr'>imago</span> <span class='ocrx_word' id='word_1_784' title='bbox 3051 3670 3207 3720; x_wconf 86' lang='lat' dir='ltr'>esset</span> <span class='ocrx_word' id='word_1_785' title='bbox 3232 3665 3330 3722; x_wconf 87' lang='lat' dir='ltr'>Dei</span> <span class='ocrx_word' id='word_1_786' title='bbox 3353 3666 3618 3723; x_wconf 88' lang='lat' dir='ltr'>invisibi-</span> 
     </span>
    </p>
   </div>
   <div class='ocr_carea' id='block_1_101' title="bbox 1961 3745 3621 3823">
    <p class='ocr_par' dir='ltr' id='par_1_101' title="bbox 1961 3745 3621 3823">
     <span class='ocr_line' id='line_1_105' title="bbox 1961 3745 3621 3823; baseline 0.008 -25"><span class='ocrx_word' id='word_1_787' title='bbox 1961 3745 2058 3810; x_wconf 90' lang='lat' dir='ltr'>lis,</span> <span class='ocrx_word' id='word_1_788' title='bbox 2091 3746 2520 3818; x_wconf 89' lang='lat' dir='ltr'>primogenitus</span> <span class='ocrx_word' id='word_1_789' title='bbox 2579 3749 2770 3805; x_wconf 89' lang='lat' dir='ltr'>omnis</span> <span class='ocrx_word' id='word_1_790' title='bbox 2829 3757 3106 3807; x_wconf 70' lang='lat' dir='ltr'>creaturae</span> <span class='ocrx_word' id='word_1_791' title='bbox 3142 3753 3352 3810; x_wconf 81' lang='lat' dir='ltr'>factum</span> <span class='ocrx_word' id='word_1_792' title='bbox 3411 3761 3520 3823; x_wconf 87' lang='lat' dir='ltr'>est,</span> <span class='ocrx_word' id='word_1_793' title='bbox 3556 3760 3621 3812; x_wconf 85' lang='lat' dir='ltr'>ut</span> 
     </span>
    </p>
   </div>
   <div class='ocr_carea' id='block_1_102' title="bbox 1965 3834 3617 3914">
    <p class='ocr_par' dir='ltr' id='par_1_102' title="bbox 1965 3834 3617 3914">
     <span class='ocr_line' id='line_1_106' title="bbox 1965 3834 3617 3914; baseline 0.006 -25"><span class='ocrx_word' id='word_1_794' title='bbox 1965 3834 2251 3905; x_wconf 89' lang='lat' dir='ltr'>scriptum</span> <span class='ocrx_word' id='word_1_795' title='bbox 2287 3835 2438 3891; x_wconf 76' lang='lat'>760</span> <span class='ocrx_word' id='word_1_796' title='bbox 2459 3840 2548 3891; x_wconf 91' lang='lat' dir='ltr'>est</span> <span class='ocrx_word' id='word_1_797' title='bbox 2578 3836 2637 3892; x_wconf 90' lang='lat' dir='ltr'>in</span> <span class='ocrx_word' id='word_1_798' title='bbox 2675 3837 3001 3911; x_wconf 88' lang='lat' dir='ltr'>Evangeliis</span> <span class='ocrx_word' id='word_1_799' title='bbox 3026 3857 3039 3895; x_wconf 95' lang='lat'>:</span> <span class='ocrx_word' id='word_1_800' title='bbox 3065 3842 3239 3897; x_wconf 76' lang='lat' dir='ltr'>Donec</span> <span class='ocrx_word' id='word_1_801' title='bbox 3281 3847 3497 3914; x_wconf 81' lang='lat' dir='ltr'>peperit</span> <span class='ocrx_word' id='word_1_802' title='bbox 3523 3845 3617 3899; x_wconf 80' lang='lat' dir='ltr'>Fi-</span> 
     </span>
    </p>
   </div>
   <div class='ocr_carea' id='block_1_103' title="bbox 1964 3925 3622 4002">
    <p class='ocr_par' dir='ltr' id='par_1_103' title="bbox 1964 3925 3622 4002">
     <span class='ocr_line' id='line_1_107' title="bbox 1964 3925 3622 4002; baseline 0.007 -24"><span class='ocrx_word' id='word_1_803' title='bbox 1964 3925 2105 3978; x_wconf 85' lang='lat' dir='ltr'>lium</span> <span class='ocrx_word' id='word_1_804' title='bbox 2124 3940 2290 3980; x_wconf 85' lang='lat' dir='ltr'>suum</span> <span class='ocrx_word' id='word_1_805' title='bbox 2316 3926 2747 3997; x_wconf 78' lang='lat' dir='ltr'>primogenitum</span> <span class='ocrx_word' id='word_1_806' title='bbox 2765 3927 2971 3985; x_wconf 72' lang='lat' dir='ltr'>“.Ideo</span> <span class='ocrx_word' id='word_1_807' title='bbox 3005 3929 3063 3984; x_wconf 89' lang='lat' dir='ltr'>in</span> <span class='ocrx_word' id='word_1_808' title='bbox 3097 3931 3226 4002; x_wconf 91' lang='lat' dir='ltr'>ipso</span> <span class='ocrx_word' id='word_1_809' title='bbox 3257 3937 3450 3988; x_wconf 84' lang='lat' dir='ltr'>creata</span> <span class='ocrx_word' id='word_1_810' title='bbox 3480 3938 3622 3989; x_wconf 91' lang='lat' dir='ltr'>sunt</span> 
     </span>
    </p>
   </div>
   <div class='ocr_carea' id='block_1_104' title="bbox 1965 4012 3623 4094">
    <p class='ocr_par' dir='ltr' id='par_1_104' title="bbox 1965 4012 3623 4094">
     <span class='ocr_line' id='line_1_108' title="bbox 1965 4012 3623 4094; baseline 0.007 -27"><span class='ocrx_word' id='word_1_811' title='bbox 1965 4013 2184 4079; x_wconf 90' lang='lat' dir='ltr'>omnia,</span> <span class='ocrx_word' id='word_1_812' title='bbox 2217 4012 2278 4068; x_wconf 93' lang='lat' dir='ltr'>in</span> <span class='ocrx_word' id='word_1_813' title='bbox 2310 4013 2436 4086; x_wconf 90' lang='lat' dir='ltr'>ipso</span> <span class='ocrx_word' id='word_1_814' title='bbox 2500 4015 2694 4086; x_wconf 88' lang='lat' dir='ltr'>passio</span> <span class='ocrx_word' id='word_1_815' title='bbox 2749 4015 2942 4072; x_wconf 90' lang='lat' dir='ltr'>locum</span> <span class='ocrx_word' id='word_1_816' title='bbox 2976 4017 3223 4075; x_wconf 89' lang='lat' dir='ltr'>habuit:</span> <span class='ocrx_word' id='word_1_817' title='bbox 3259 4020 3503 4094; x_wconf 90' lang='lat' dir='ltr'>ipseque</span> <span class='ocrx_word' id='word_1_818' title='bbox 3531 4027 3623 4078; x_wconf 88' lang='lat' dir='ltr'>est</span> 
     </span>
    </p>
   </div>
   <div class='ocr_carea' id='block_1_105' title="bbox 1967 4102 3618 4182">
    <p class='ocr_par' dir='ltr' id='par_1_105' title="bbox 1967 4102 3618 4182">
     <span class='ocr_line' id='line_1_109' title="bbox 1967 4102 3618 4182; baseline 0.006 -26"><span class='ocrx_word' id='word_1_819' title='bbox 1967 4102 2068 4174; x_wconf 92' lang='lat' dir='ltr'>qui</span> <span class='ocrx_word' id='word_1_820' title='bbox 2101 4119 2133 4157; x_wconf 91' lang='lat' dir='ltr'>a</span> <span class='ocrx_word' id='word_1_821' title='bbox 2165 4103 2437 4174; x_wconf 84' lang='lat' dir='ltr'>passione</span> <span class='ocrx_word' id='word_1_822' title='bbox 2469 4108 2526 4159; x_wconf 90' lang='lat' dir='ltr'>et</span> <span class='ocrx_word' id='word_1_823' title='bbox 2558 4109 2742 4159; x_wconf 86' lang='lat' dir='ltr'>morte</span> <span class='ocrx_word' id='word_1_824' title='bbox 2775 4106 3001 4163; x_wconf 88' lang='lat' dir='ltr'>liberat.</span> <span class='ocrx_word' id='word_1_825' title='bbox 3048 4107 3259 4164; x_wconf 88' lang='lat' dir='ltr'>Omnia</span> <span class='ocrx_word' id='word_1_826' title='bbox 3291 4127 3394 4182; x_wconf 93' lang='lat' dir='ltr'>per</span> <span class='ocrx_word' id='word_1_827' title='bbox 3422 4109 3618 4182; x_wconf 89' lang='lat' dir='ltr'>ipsum</span> 
     </span>
    </p>
   </div>
   <div class='ocr_carea' id='block_1_106' title="bbox 1968 4192 3620 4270">
    <p class='ocr_par' dir='ltr' id='par_1_106' title="bbox 1968 4192 3620 4270">
     <span class='ocr_line' id='line_1_110' title="bbox 1968 4192 3620 4270; baseline 0.005 -24"><span class='ocrx_word' id='word_1_828' title='bbox 1968 4192 2118 4247; x_wconf 86' lang='lat' dir='ltr'>facta</span> <span class='ocrx_word' id='word_1_829' title='bbox 2147 4197 2305 4263; x_wconf 89' lang='lat' dir='ltr'>sunt,</span> <span class='ocrx_word' id='word_1_830' title='bbox 2339 4197 2395 4247; x_wconf 92' lang='lat' dir='ltr'>et</span> <span class='ocrx_word' id='word_1_831' title='bbox 2424 4193 2550 4264; x_wconf 89' lang='lat' dir='ltr'>ipse</span> <span class='ocrx_word' id='word_1_832' title='bbox 2581 4199 2670 4250; x_wconf 89' lang='lat' dir='ltr'>est</span> <span class='ocrx_word' id='word_1_833' title='bbox 2699 4200 2876 4266; x_wconf 89' lang='lat' dir='ltr'>caput</span> <span class='ocrx_word' id='word_1_834' title='bbox 2905 4197 3166 4268; x_wconf 90' lang='lat' dir='ltr'>corporis</span> <span class='ocrx_word' id='word_1_835' title='bbox 3197 4197 3483 4266; x_wconf 63' lang='lat' dir='ltr'>Ecclesiae,</span> <span class='ocrx_word' id='word_1_836' title='bbox 3517 4200 3620 4270; x_wconf 90' lang='lat' dir='ltr'>qui</span> 
     </span>
    </p>
   </div>
   <div class='ocr_carea' id='block_1_107' title="bbox 1966 4281 3621 4356">
    <p class='ocr_par' dir='ltr' id='par_1_107' title="bbox 1966 4281 3621 4356">
     <span class='ocr_line' id='line_1_111' title="bbox 1966 4281 3621 4356; baseline 0.005 -19"><span class='ocrx_word' id='word_1_837' title='bbox 1966 4287 2055 4337; x_wconf 85' lang='lat' dir='ltr'>est</span> <span class='ocrx_word' id='word_1_838' title='bbox 2086 4281 2512 4353; x_wconf 83' lang='lat' dir='ltr'>primogenitus</span> <span class='ocrx_word' id='word_1_839' title='bbox 2544 4298 2610 4336; x_wconf 87' lang='lat' dir='ltr'>ex</span> <span class='ocrx_word' id='word_1_840' title='bbox 2644 4285 2914 4351; x_wconf 90' lang='lat' dir='ltr'>mortuis,</span> <span class='ocrx_word' id='word_1_841' title='bbox 2949 4290 3003 4340; x_wconf 87' lang='lat' dir='ltr'>ut</span> <span class='ocrx_word' id='word_1_842' title='bbox 3032 4287 3108 4342; x_wconf 77' lang='lat' dir='ltr'>sit</span> <span class='ocrx_word' id='word_1_843' title='bbox 3137 4288 3198 4342; x_wconf 78' lang='lat' dir='ltr'>in</span> <span class='ocrx_word' id='word_1_844' title='bbox 3226 4289 3505 4356; x_wconf 85' lang='lat' dir='ltr'>omnibus,</span> <span class='ocrx_word' id='word_1_845' title='bbox 3534 4288 3621 4344; x_wconf 89' lang='lat' dir='ltr'>in-</span> 
     </span>
    </p>
   </div>
   <div class='ocr_carea' id='block_1_108' title="bbox 1968 4370 2885 4442">
    <p class='ocr_par' dir='ltr' id='par_1_108' title="bbox 1968 4370 2885 4442">
     <span class='ocr_line' id='line_1_112' title="bbox 1968 4370 2885 4442; baseline 0.007 -18"><span class='ocrx_word' id='word_1_846' title='bbox 1968 4370 2113 4442; x_wconf 88' lang='lat' dir='ltr'>quit,</span> <span class='ocrx_word' id='word_1_847' title='bbox 2141 4370 2256 4442; x_wconf 84' lang='lat' dir='ltr'>ipse</span> <span class='ocrx_word' id='word_1_848' title='bbox 2283 4373 2587 4442; x_wconf 76' lang='lat' dir='ltr'>primatum</span> <span class='ocrx_word' id='word_1_849' title='bbox 2615 4377 2802 4428; x_wconf 84' lang='lat' dir='ltr'>tenens</span> <span class='ocrx_word' id='word_1_850' title='bbox 2821 4373 2885 4430; x_wconf 77' lang='grc'>⁸⁸.</span> 
     </span>
    </p>
   </div>
   <div class='ocr_carea' id='block_1_109' title="bbox 2042 4547 3617 4620">
    <p class='ocr_par' dir='ltr' id='par_1_109' title="bbox 2042 4547 3617 4620">
     <span class='ocr_line' id='line_1_113' title="bbox 2042 4547 3617 4620; baseline 0.01 -18"><span class='ocrx_word' id='word_1_851' title='bbox 2042 4550 2124 4603; x_wconf 87' lang='lat'>16.</span> <span class='ocrx_word' id='word_1_852' title='bbox 2148 4552 2260 4603; x_wconf 84' lang='lat' dir='ltr'>Cur</span> <span class='ocrx_word' id='word_1_853' title='bbox 2287 4547 2487 4620; x_wconf 89' lang='lat' dir='ltr'>itaque</span> <span class='ocrx_word' id='word_1_854' title='bbox 2516 4550 2892 4606; x_wconf 89' lang='lat' dir='ltr'>rationalium</span> <span class='ocrx_word' id='word_1_855' title='bbox 2927 4558 3266 4612; x_wconf 90' lang='lat' dir='ltr'>naturarum</span> <span class='ocrx_word' id='word_1_856' title='bbox 3297 4562 3617 4618; x_wconf 88' lang='lat' dir='ltr'>creatorem</span> 
     </span>
    </p>
   </div>
   <div class='ocr_carea' id='block_1_110' title="bbox 1891 4638 3619 4724">
    <p class='ocr_par' dir='ltr' id='par_1_110' title="bbox 1891 4638 3619 4724">
     <span class='ocr_line' id='line_1_114' title="bbox 1891 4638 3619 4724; baseline 0.007 -30"><span class='ocrx_word' id='word_1_857' title='bbox 1891 4660 1933 4724; x_wconf 72' lang='grc' dir='ltr'>ι)</span> <span class='ocrx_word' id='word_1_858' title='bbox 1969 4638 2241 4705; x_wconf 86' lang='lat' dir='ltr'>Verbum,</span> <span class='ocrx_word' id='word_1_859' title='bbox 2275 4638 2470 4694; x_wconf 90' lang='lat' dir='ltr'>dicitis</span> <span class='ocrx_word' id='word_1_860' title='bbox 2502 4656 2734 4695; x_wconf 86' lang='lat' dir='ltr'>carnem</span> <span class='ocrx_word' id='word_1_861' title='bbox 2778 4641 2890 4696; x_wconf 91' lang='lat' dir='ltr'>sibi</span> <span class='ocrx_word' id='word_1_862' title='bbox 2921 4642 3032 4715; x_wconf 87' lang='lat' dir='ltr'>ipsi</span> <span class='ocrx_word' id='word_1_863' title='bbox 3065 4645 3528 4718; x_wconf 86' lang='lat' dir='ltr'>commiscuisse,</span> <span class='ocrx_word' id='word_1_864' title='bbox 3560 4654 3619 4706; x_wconf 88' lang='lat' dir='ltr'>et</span> 
     </span>
    </p>
   </div>
   <div class='ocr_carea' id='block_1_111' title="bbox 1964 4726 3616 4808">
    <p class='ocr_par' dir='ltr' id='par_1_111' title="bbox 1964 4726 3616 4808">
     <span class='ocr_line' id='line_1_115' title="bbox 1964 4726 3616 4808; baseline 0.008 -28"><span class='ocrx_word' id='word_1_865' title='bbox 1964 4726 2307 4782; x_wconf 87' lang='lat' dir='ltr'>rationalem</span> <span class='ocrx_word' id='word_1_866' title='bbox 2363 4727 2661 4783; x_wconf 89' lang='lat' dir='ltr'>hominem</span> <span class='ocrx_word' id='word_1_867' title='bbox 2722 4730 2938 4786; x_wconf 82' lang='lat' dir='ltr'>factum</span> <span class='ocrx_word' id='word_1_868' title='bbox 2995 4734 3171 4790; x_wconf 84' lang='lat' dir='ltr'>esse?</span> <span class='ocrx_word' id='word_1_869' title='bbox 3219 4740 3276 4791; x_wconf 89' lang='lat' dir='ltr'>et</span> <span class='ocrx_word' id='word_1_870' title='bbox 3323 4739 3616 4808; x_wconf 89' lang='lat' dir='ltr'>quomodo</span> 
     </span>
    </p>
   </div>
   <div class='ocr_carea' id='block_1_112' title="bbox 2734 4848 3613 4918">
    <p class='ocr_par' dir='ltr' id='par_1_112' title="bbox 2734 4848 3613 4918">
     <span class='ocr_line' id='line_1_116' title="bbox 2734 4848 3613 4918; baseline 0.013 -16"><span class='ocrx_word' id='word_1_871' title='bbox 2734 4848 2779 4882; x_wconf 85' lang='grc'>⁸⁵</span> <span class='ocrx_word' id='word_1_872' title='bbox 2809 4850 3012 4907; x_wconf 83' lang='lat' dir='ltr'>Matth.</span> <span class='ocrx_word' id='word_1_873' title='bbox 3043 4868 3082 4918; x_wconf 82' lang='grc' dir='ltr'>ι,</span> <span class='ocrx_word' id='word_1_874' title='bbox 3115 4853 3204 4908; x_wconf 84' lang='grc'>25.</span> <span class='ocrx_word' id='word_1_875' title='bbox 3315 4853 3361 4888; x_wconf 82' lang='grc'>⁸⁸</span> <span class='ocrx_word' id='word_1_876' title='bbox 3390 4853 3613 4912; x_wconf 85' lang='lat' dir='ltr'>Coloss.</span> 
     </span>
    </p>
   </div>
   <div class='ocr_carea' id='block_1_113' title="bbox 2043 5033 2932 5104">
    <p class='ocr_par' dir='ltr' id='par_1_113' title="bbox 2043 5033 2932 5104">
     <span class='ocr_line' id='line_1_117' title="bbox 2043 5033 2932 5104; baseline 0.002 -17"><span class='ocrx_word' id='word_1_877' title='bbox 2043 5034 2152 5104; x_wconf 85' lang='lat'>(16)</span> <span class='ocrx_word' id='word_1_878' title='bbox 2188 5033 2603 5104; x_wconf 84' lang='lat' dir='ltr'>Seguerianus,</span> <span class='ocrx_word' id='word_1_879' title='bbox 2640 5033 2932 5090; x_wconf 80' lang='grc' dir='ltr'>ἀνίσταται.</span> 
     </span>
    </p>
   </div>
   <div class='ocr_carea' id='block_1_114' title="bbox 2042 5104 3616 5178">
    <p class='ocr_par' dir='ltr' id='par_1_114' title="bbox 2042 5104 3616 5178">
     <span class='ocr_line' id='line_1_118' title="bbox 2042 5104 3616 5178; baseline 0.005 -18"><span class='ocrx_word' id='word_1_880' title='bbox 2042 5104 2156 5178; x_wconf 78' lang='grc'>(17)</span> <span class='ocrx_word' id='word_1_881' title='bbox 2188 5105 2273 5159; x_wconf 88' lang='lat' dir='ltr'>Ita</span> <span class='ocrx_word' id='word_1_882' title='bbox 2303 5105 2541 5177; x_wconf 82' lang='lat' dir='ltr'>Seguer.</span> <span class='ocrx_word' id='word_1_883' title='bbox 2577 5107 2874 5178; x_wconf 84' lang='lat' dir='ltr'>Anglican.</span> <span class='ocrx_word' id='word_1_884' title='bbox 2907 5109 3137 5178; x_wconf 85' lang='lat' dir='ltr'>Gobler.</span> <span class='ocrx_word' id='word_1_885' title='bbox 3172 5115 3230 5166; x_wconf 90' lang='lat' dir='ltr'>et</span> <span class='ocrx_word' id='word_1_886' title='bbox 3269 5111 3527 5170; x_wconf 87' lang='lat' dir='ltr'>Felckm.</span> <span class='ocrx_word' id='word_1_887' title='bbox 3563 5114 3616 5168; x_wconf 91' lang='lat'>1.</span> 
     </span>
    </p>
   </div>
   <div class='ocr_carea' id='block_1_115' title="bbox 1970 5176 3617 5259">
    <p class='ocr_par' dir='ltr' id='par_1_115' title="bbox 1970 5176 3617 5259">
     <span class='ocr_line' id='line_1_119' title="bbox 1970 5176 3617 5259; baseline 0.006 -30"><span class='ocrx_word' id='word_1_888' title='bbox 1970 5176 2120 5259; x_wconf 55' lang='lat' dir='ltr'>Editi</span> <span class='ocrx_word' id='word_1_889' title='bbox 2155 5182 2212 5231; x_wconf 86' lang='lat' dir='ltr'>et</span> <span class='ocrx_word' id='word_1_890' title='bbox 2261 5176 2457 5259; x_wconf 70' lang='lat' dir='ltr'>caeteri</span> <span class='ocrx_word' id='word_1_891' title='bbox 2504 5176 2908 5252; x_wconf 38' lang='lat' dir='ltr'>[manu—scripti,</span> <span class='ocrx_word' id='word_1_892' title='bbox 2937 5177 3030 5233; x_wconf 71' lang='lat' dir='ltr'>&#39;ivat</span> <span class='ocrx_word' id='word_1_893' title='bbox 3077 5182 3138 5235; x_wconf 90' lang='grc' dir='ltr'>τὸ</span> <span class='ocrx_word' id='word_1_894' title='bbox 3179 5185 3276 5236; x_wconf 87' lang='grc' dir='ltr'>τοῦ</span> <span class='ocrx_word' id='word_1_895' title='bbox 3329 5183 3617 5259; x_wconf 81' lang='grc' dir='ltr'>ἀνθρώπου</span> 
     </span>
    </p>
   </div>
   <div class='ocr_carea' id='block_1_116' title="bbox 1970 5245 2483 5320">
    <p class='ocr_par' dir='ltr' id='par_1_116' title="bbox 1970 5245 2483 5320">
     <span class='ocr_line' id='line_1_120' title="bbox 1970 5245 2483 5320; baseline 0.004 -21"><span class='ocrx_word' id='word_1_896' title='bbox 1970 5245 2183 5318; x_wconf 77' lang='grc' dir='ltr'>ἀξίωμα</span> <span class='ocrx_word' id='word_1_897' title='bbox 2207 5250 2483 5320; x_wconf 14' lang='grc' dir='ltr'>νπιστωθῇ.</span> 
     </span>
    </p>
   </div>
   <div class='ocr_carea' id='block_1_117' title="bbox 2041 5319 3611 5397">
    <p class='ocr_par' dir='ltr' id='par_1_117' title="bbox 2041 5319 3611 5397">
     <span class='ocr_line' id='line_1_121' title="bbox 2041 5319 3611 5397; baseline 0.004 -24"><span class='ocrx_word' id='word_1_898' title='bbox 2041 5322 2160 5397; x_wconf 8' lang='lat'>(18),</span> <span class='ocrx_word' id='word_1_899' title='bbox 2187 5319 2353 5374; x_wconf 91' lang='lat' dir='ltr'>Gobl.</span> <span class='ocrx_word' id='word_1_900' title='bbox 2390 5319 2470 5397; x_wconf 29' lang='lat' dir='ltr'>et.</span> <span class='ocrx_word' id='word_1_901' title='bbox 2498 5319 2748 5375; x_wconf 84' lang='lat' dir='ltr'>Felckm.</span> <span class='ocrx_word' id='word_1_902' title='bbox 2784 5322 2833 5389; x_wconf 86' lang='lat'>1,</span> <span class='ocrx_word' id='word_1_903' title='bbox 2865 5325 3141 5397; x_wconf 73' lang='grc' dir='ltr'>τοσοῦτον.</span> <span class='ocrx_word' id='word_1_904' title='bbox 3197 5326 3330 5382; x_wconf 81' lang='lat' dir='ltr'>Mox</span> <span class='ocrx_word' id='word_1_905' title='bbox 3377 5327 3611 5397; x_wconf 80' lang='lat' dir='ltr'>Seguer.</span> 
     </span>
    </p>
   </div>
   <div class='ocr_carea' id='block_1_118' title="bbox 1969 5391 3620 5467">
    <p class='ocr_par' dir='ltr' id='par_1_118' title="bbox 1969 5391 3620 5467">
     <span class='ocr_line' id='line_1_122' title="bbox 1969 5391 3620 5467; baseline 0.004 -22"><span class='ocrx_word' id='word_1_906' title='bbox 1969 5408 2038 5467; x_wconf 74' lang='lat' dir='ltr'>cu</span> <span class='ocrx_word' id='word_1_907' title='bbox 2051 5409 2104 5445; x_wconf 87' lang='lat' dir='ltr'>m</span> <span class='ocrx_word' id='word_1_908' title='bbox 2135 5396 2329 5467; x_wconf 70' lang='lat' dir='ltr'>Graeco</span> <span class='ocrx_word' id='word_1_909' title='bbox 2351 5391 2672 5467; x_wconf 48' lang='lat' dir='ltr'>Scriptura;</span> <span class='ocrx_word' id='word_1_910' title='bbox 2697 5400 2854 5467; x_wconf 61' lang='lat' dir='ltr'>textu</span> <span class='ocrx_word' id='word_1_911' title='bbox 2868 5439 2879 5457; x_wconf 86' lang='lat'>,</span> <span class='ocrx_word' id='word_1_912' title='bbox 2895 5393 3006 5464; x_wconf 78' lang='grc' dir='ltr'>ὅσῳ</span> <span class='ocrx_word' id='word_1_913' title='bbox 3026 5398 3291 5467; x_wconf 73' lang='lat' dir='ltr'>(Seguer.</span> <span class='ocrx_word' id='word_1_914' title='bbox 3309 5391 3492 5467; x_wconf 68' lang='lat' dir='ltr'>addit,</span> <span class='ocrx_word' id='word_1_915' title='bbox 3508 5397 3620 5467; x_wconf 66' lang='lat' dir='ltr'>mi}</span> 
     </span>
    </p>
   </div>
   <div class='ocr_carea' id='block_1_119' title="bbox 1971 5458 3612 5541">
    <p class='ocr_par' dir='ltr' id='par_1_119' title="bbox 1971 5458 3612 5541">
     <span class='ocr_line' id='line_1_123' title="bbox 1971 5458 3612 5541; baseline 0.003 -27"><span class='ocrx_word' id='word_1_916' title='bbox 1971 5458 2608 5541; x_wconf 47' lang='lat' dir='ltr'>Staeppdnepov._Editi,</span> <span class='ocrx_word' id='word_1_917' title='bbox 2643 5461 2772 5541; x_wconf 43' lang='grc' dir='ltr'>ὅσον.</span> <span class='ocrx_word' id='word_1_918' title='bbox 2801 5458 3224 5541; x_wconf 69' lang='grc' dir='ltr'>διαφορώτερον,</span> <span class='ocrx_word' id='word_1_919' title='bbox 3313 5540 3319 5541; x_wconf 15' lang='lat'><em>7</em></span> <span class='ocrx_word' id='word_1_920' title='bbox 3603 5463 3612 5472; x_wconf 79' lang='grc'><em>’</em></span> 
     </span>
    </p>
   </div>
   <div class='ocr_carea' id='block_1_120' title="bbox 2037 5534 3614 5621">
    <p class='ocr_par' dir='ltr' id='par_1_120' title="bbox 2037 5534 3614 5621">
     <span class='ocr_line' id='line_1_124' title="bbox 2037 5534 3614 5621; baseline 0.004 -35"><span class='ocrx_word' id='word_1_921' title='bbox 2037 5534 2600 5621; x_wconf 38' lang='lat' dir='ltr'>(1&#39;9jb‘egueria‘nu-s&#39;.</span> <span class='ocrx_word' id='word_1_922' title='bbox 2655 5534 3237 5621; x_wconf 39' lang='grc' dir='ltr'>κρείττωνν’γέγο’νειν,</span> <span class='ocrx_word' id='word_1_923' title='bbox 3292 5540 3367 5604; x_wconf 85' lang='grc' dir='ltr'>ὡς</span> <span class='ocrx_word' id='word_1_924' title='bbox 3436 5537 3614 5621; x_wconf 68' lang='grc' dir='ltr'>ἥττων</span> 
     </span>
    </p>
   </div>
   <div class='ocr_carea' id='block_1_121' title="bbox 1968 5601 3618 5688">
    <p class='ocr_par' dir='ltr' id='par_1_121' title="bbox 1968 5601 3618 5688">
     <span class='ocr_line' id='line_1_125' title="bbox 1968 5601 3618 5688; baseline 0.006 -32"><span class='ocrx_word' id='word_1_925' title='bbox 1968 5601 2062 5688; x_wconf 56' lang='lat' dir='ltr'>div,</span> <span class='ocrx_word' id='word_1_926' title='bbox 2087 5601 2147 5688; x_wconf 73' lang='lat' dir='ltr'>et</span> <span class='ocrx_word' id='word_1_927' title='bbox 2206 5601 2290 5660; x_wconf 71' lang='lat' dir='ltr'>sic</span> <span class='ocrx_word' id='word_1_928' title='bbox 2337 5604 2479 5688; x_wconf 78' lang='lat' dir='ltr'>legit</span> <span class='ocrx_word' id='word_1_929' title='bbox 2535 5601 2819 5663; x_wconf 81' lang='lat' dir='ltr'>Nannius.</span> <span class='ocrx_word' id='word_1_930' title='bbox 2853 5601 3026 5679; x_wconf 83' lang='lat' dir='ltr'>Editi,</span> <span class='ocrx_word' id='word_1_931' title='bbox 3061 5601 3320 5686; x_wconf 73' lang='grc' dir='ltr'>κρείττων</span> <span class='ocrx_word' id='word_1_932' title='bbox 3354 5601 3618 5688; x_wconf 56' lang='grc' dir='ltr'>’γεγονῶς</span> 
     </span>
    </p>
   </div>
   <div class='ocr_carea' id='block_1_122' title="bbox 1966 5675 2565 5746">
    <p class='ocr_par' dir='ltr' id='par_1_122' title="bbox 1966 5675 2565 5746">
     <span class='ocr_line' id='line_1_126' title="bbox 1966 5675 2565 5746; baseline 0.012 -15"><span class='ocrx_word' id='word_1_933' title='bbox 1966 5675 2229 5746; x_wconf 81' lang='grc' dir='ltr'>ἡττόνων,</span> <span class='ocrx_word' id='word_1_934' title='bbox 2262 5675 2565 5738; x_wconf 78' lang='lat' dir='ltr'>mendose.</span> 
     </span>
    </p>
   </div>
  </div>
