4048 6392
437 388 592 451 1189
980 386 1043 448 S.
1089 387 1516 449 ATHANASII
1563 386 1734 450 OPP.
1779 389 1980 451 PARS
2025 391 2071 450 l.
2101 424 2178 436 —
2207 386 2627 451 HISTORICA
2673 391 2772 451 ET
2817 384 3294 450 DOGMATICA.
3686 388 3838 450 1160

433 523 807 579 immutabile
835 523 1253 579 etinvariabile
1278 521 1726 586 manens,bomo
1749 522 1965 578 factum
1995 539 2053 579 es

2197 519 2453 590 λοίωτος,
2485 522 2574 577 καὶ
2608 521 2733 596 ούχὶ
2769 519 3002 594 λογικὴν
3044 522 3142 588 τὴν
3185 523 3285 576 τοῦ
3315 516 3518 575 δούλου
3552 522 3665 594 (20)
3700 541 3835 596 μορ-

429 613 477 668 si
512 611 857 668 rationalem
890 611 1037 668 servi
1080 613 1324 666 formam
1359 627 1472 665 non
1525 611 1982 677 concinnaverit,
2014 628 2050 666 u

2186 611 2289 687 φήν
2324 611 2729 682 συστησάμενος
2758 611 2976 684 γέγονεν
3019 605 3324 682 ἅνθρωπος,
3369 607 3463 662 ἵνα
3509 608 3598 662 καὶ
3649 611 3678 664 6
3723 612 3832 666 Λό-

427 707 485 757 et
512 700 765 757 Verbum
800 699 1170 756 immutabile
1198 704 1355 754 esset
1385 715 1630 754 manens
1661 701 1814 770 quod
1845 705 1988 768 erat,
2020 717 2050 756 e

2185 720 2283 773 γος
2316 698 2577 772 ἄτρεπτος
2599 699 2634 767 ἦ
2669 699 2845 770 μένων
2873 699 2902 752 ὃ
2931 698 3017 764 ἦν,
3058 698 3148 751 καὶ
3201 696 3423 771 λογικὸς
3472 699 3500 753 6
3544 698 3828 773 ἄνθρωπος

426 789 730 846 rationalis
760 790 936 844 homo
992 789 1050 843 in
1111 793 1267 843 terra
1323 787 1638 856 videretur,
1688 787 1823 844 licet
1875 793 2053 844 tamex

2185 788 2270 842 ἐπὶ
2304 790 2406 863 γῆς
2436 789 2607 863 ὁραθῇ
2651 789 2782 849 Θεὸς
2826 781 2899 842 ὤν
2935 805 2950 855 ;
3004 788 3349 861 Ἐπουράνιος
3398 787 3501 861 γὰρ
3551 788 3833 863 ἅνθρωπος

423 879 574 935 Deus
603 879 802 934 esset?
833 878 977 932 Nam
1011 876 1265 932 cmlestis
1288 877 1461 932 homo
1487 882 1612 931 erat
1643 876 2053 943 Dominus,nor

2184 878 2211 930 6
2244 877 2458 952 Κύριος,
2493 876 2621 952 οὐχὶ
2664 877 2712 949 ἑξ
2765 876 2994 951 ούρανοῦ
3047 877 3148 944 τὴν
3192 875 3362 950 σάρκα
3402 873 3826 948 ἑπιδειξάμενος,

421 969 574 1040 quod
608 983 841 1022 carnem
864 982 933 1021 ex
955 966 1097 1022 caelo
1119 971 1418 1037 sumptam
1439 964 1894 1026 exhibuerit.sed
1917 969 2053 1034 quod

2182 963 2326 1020 ἀλλά
2348 967 2448 1034 τήν
2497 964 2556 1020 ἐκ
2601 971 2704 1040 γῆς
2760 964 3078 1039 ἐπουρανιον
3118 963 3542 1037 στστησάμενος.
3603 966 3696 1020 Διὸ
3737 967 3826 1020 καὶ

421 1070 756 1124 eam,quam
789 1069 857 1109 ex
887 1059 1042 1109 terra
1099 1053 1377 1124 sumpsit,
1409 1059 1700 1109 omlestem
1760 1053 2053 1109 constitue-

2180 1055 2295 1116 οἷος
2321 1053 2661 1131 ἐπουράνιος,
2691 1059 2930 1109 τοιοῦτοι
2981 1053 3071 1108 καὶ
3111 1055 3167 1108 οἱ
3215 1053 3524 1129 ἰπουρανιοι
3563 1055 3700 1110 κατὰ
3726 1057 3825 1124 τήν

421 1142 745 1198 rit.ldcirco
775 1141 966 1212 qualis
997 1147 1086 1197 est
1111 1141 1360 1196 cmlestis
1391 1140 1508 1205 ille,
1542 1141 1689 1197 tales
1718 1147 1777 1196 et
1805 1141 2053 1198 caeleste:

2181 1142 2342 1198 αὐτοῦ
2371 1147 2486 1216 (21)
2511 1145 2754 1219 μετοχὴν
2790 1145 2889 1210 τῆς
2936 1138 3244 1217 ἁγιότητος.
3286 1143 3378 1196 Διὸ
3434 1143 3520 1196 καὶ
3555 1143 3827 1214 ᾠκείωται

418 1231 500 1286 illi
533 1233 631 1304 qui
666 1248 768 1302 per
815 1231 1145 1286 sanctitatis
1187 1232 1315 1301 ejus
1370 1231 1874 1302 participationem
1905 1231 2053 1287 cmlel

2174 1233 2241 1287 τὰ
2269 1237 2366 1287 τοῦ
2397 1233 2671 1306 σώματος.
2721 1230 2896 1288 Ἀλλὰ
2945 1230 3110 1286 πάλιν
3165 1230 3349 1306 λέγετε
3373 1249 3385 1262 ⁶
3448 1235 3572 1293 Πῶς
3597 1233 3689 1286 τὸν
3721 1231 3829 1286 Κύ-

419 1328 536 1377 stes
571 1321 705 1376 facti
738 1325 897 1376 sunt.
957 1319 1237 1384 Quocirca
1264 1319 1376 1390 ipsi
1433 1337 1560 1390 qua
1620 1335 1900 1392 corporea
1928 1327 2053 1376 suni

2177 1341 2291 1396 ριον
2323 1328 2424 1390 τῆς
2455 1319 2614 1395 δόξης
2640 1319 2996 1394 ἐσταύρωσαν,
3030 1319 3155 1375 ἀλλ’
3185 1319 3248 1374 ού
3276 1321 3366 1374 τὸν
3411 1319 3587 1394 Λόγον
3632 1319 3826 1375 ἐσταύ-

415 1409 653 1482 propria
683 1410 842 1466 fuere
871 1427 883 1472 ;
919 1410 1019 1464 sed
1054 1425 1290 1464 rursum
1323 1408 1576 1478 objicitis
1601 1409 1932 1472 :Ouomodo
1963 1410 2068 1466 Do-

417 1500 645 1554 minum
678 1498 874 1571 gloriae
895 1498 1478 1569 cruciﬁxerunt,quin
1509 1503 1705 1554 tamen
1737 1499 2064 1554 secundum

417 1605 517 1644 vos
553 1587 804 1643 Verbum
838 1587 1279 1642 crucifixerint‘?
1310 1587 1476 1642 Absit
1508 1591 1570 1642 ut
1602 1587 1708 1642 hoc
1755 1588 2061 1644 dicamus:

416 1677 518 1732 sed
541 1676 797 1732 Verbum
820 1675 1141 1748 ignominia
1161 1676 1644 1742 aﬂ‘ecerunt,dum
1670 1692 1878 1748 corpus
1892 1677 2062 1733 Verbi

2176 1429 2351 1482 ρωσαν
2383 1411 2502 1464 καθ’
2533 1410 2671 1482 ὑμᾶς
2698 1411 2848 1480 (22);
2897 1410 2990 1477 Μὴ
3039 1409 3283 1483 γένοιτο]
3326 1406 3472 1463 ἀλλὰ
3512 1409 3602 1463 τὸν
3647 1409 3825 1485 Λόγον

2174 1498 2464 1568 ἠθέτησαν.
2497 1499 2559 1554 τὸ
2607 1503 2765 1571 σῶμα
2817 1503 2913 1552 τοῦ
2951 1498 3130 1571 Λόγου
3171 1501 3388 1572 σταυρῷ
3431 1496 3830 1570 προσηλώσαν-

2171 1607 2280 1648 τες.
2311 1588 2438 1648 Θεὸς
2464 1588 2567 1662 γὰρ
2599 1588 2628 1641 6
2675 1587 2950 1656 ἀθετηθείς
2985 1605 2998 1618 °
3049 1587 3246 1660 σαρκὸς
3297 1583 3356 1640 δὶ
3401 1591 3534 1641 Θεοῦ
3581 1586 3672 1641 καὶ
3729 1590 3830 1660 ψυ-

2175 1684 2282 1751 χῆς
2310 1677 2372 1731 τὸ
2403 1678 2597 1747 πάθος,
2629 1677 2718 1731 καὶ
2750 1678 2778 1730 ὁ
2810 1677 3056 1740 θάνατος,
3085 1675 3174 1730 καὶ
3224 1677 3258 1744 ἡ
3291 1675 3576 1737 ἀναστασις
3608 1676 3821 1752 γέγονε.

417 1765 574 1820 cruci
601 1765 1011 1821 amxere.Nam
1045 1765 1198 1820 Deus
1225 1766 1463 1836 quidem
1496 1771 1586 1820 est
1615 1765 1714 1836 qui
1743 1766 2053 1836 ignominis

2175 1765 2270 1819 Διά
2320 1770 2478 1820 τοῦτο
2538 1764 2688 1841 ἔλεγε
2735 1770 2848 1826 τοῖς
2894 1761 3177 1826 Ἰουδαίοις
3235 1764 3264 1818 6
3314 1765 3510 1840 Κύριος
3545 1781 3558 1796 ’
3612 1763 3824 1820 Λύσατε

415 1854 657 1910 allectus
692 1860 820 1910 est:
854 1853 1050 1925 passio
1077 1860 1368 1917 autem,et
1399 1870 1578 1923 mors,
1609 1858 1666 1909 et
1693 1855 2053 1920 resurrectio,

2172 1856 2262 1909 τὸν
2301 1855 2425 1909 ναὸν
2477 1854 2688 1921 τοὺτον,
2747 1855 2830 1908 καὶ
2886 1852 2940 1908 ἐν
2990 1853 3163 1925 τρισὶν
3219 1851 3453 1926 ἡμέραις
3499 1851 3672 1928 ἐγερῶ
3730 1853 3825 1908 αύ-

413 1948 541 1998 tum
574 1943 767 1999 carnis
796 1948 921 1998 tum
953 1943 1162 1997 animm
1198 1942 1292 1996 Dei
1346 1943 1475 1997 fuit.
1510 1947 1820 2014 Propterea
1847 1943 2053 1999 Judaais

2169 1944 2259 1998 τὸν
2296 1961 2307 1973 ·
2342 1939 2417 2004 ὥς
2442 1964 2602 2020 φησιν
2649 1945 2676 1997 6
2726 1945 3015 2018 προφήτης
3043 1961 3056 1974 ·
3105 1942 3248 1998 Ἀνθ’
3297 1942 3371 1995 ῶν
3420 1939 3692 2017 παρεδόθη
3743 1942 3825 2005 εἷς

411 2032 695 2088 Dominus
729 2032 810 2087 ait
838 2049 850 2087 :
885 2032 1086 2087 Solvite
1122 2032 1385 2102 templum
1424 2033 1540 2097 hoc,
1572 2037 1621 2086 et
1653 2033 1712 2086 in
1743 2033 1919 2086 tribus
1945 2033 2061 2088 die-

410 2121 508 2176 bus
537 2122 782 2176 excitabo
837 2120 978 2175 illud
998 2121 1042 2154 ³⁷
1069 2163 1081 2186 ,
1116 2125 1180 2176 υι
1209 2120 1289 2174 ait
1347 2120 1668 2192 propheta:
1703 2123 1809 2177 Pro
1863 2122 2062 2192 quibus

410 2210 620 2264 tradita
650 2214 728 2264 est
749 2210 807 2264 in
840 2213 1068 2265 mortem
1114 2212 1303 2264 anima
1334 2211 1452 2280 ejus
1470 2209 1536 2277 ⁸⁸,
1569 2209 1669 2264 sed
1717 2226 1829 2264 non
1863 2211 2056 2280 ipsum

409 2297 950 2353 Verbum.Joannes
983 2303 1176 2353 autem
1211 2298 1328 2352 ait:
1365 2299 1467 2352 "te
1499 2299 1744 2353 animum
1773 2315 1934 2354 suam
1961 2315 2060 2370 pro

409 2387 568 2442 nobis
596 2387 859 2457 posuit".
921 2387 1218 2451 Quomodo
1276 2386 1457 2458 igitur
1514 2391 1826 2458 potuerunt
1871 2386 2058 2442 Judaai

411 2475 698 2547 templum
727 2475 819 2529 Dei
848 2475 1070 2530 solvere
1094 2493 1106 2542 ;
1131 2480 1188 2529 et
1218 2474 1684 2530 indissolubilem
1711 2476 1902 2532 carnis
1923 2492 2055 2532 cum

410 2563 597 2618 Verbo
629 2563 1098 2632 conjunctionem
1158 2561 1430 2617 dirimere
1484 2563 1553 2626 si,
1590 2568 1651 2617 ut
1708 2581 1808 2619 vos
1839 2565 2054 2630 dicitis,

410 2653 668 2724 corporis
701 2668 859 2707 mors
881 2651 980 2707 tali
1017 2653 1188 2707 modo
1211 2652 1468 2723 contigit.
1496 2652 1692 2724 Neque
1725 2653 1878 2708 enim
1904 2653 2056 2708 occi-

408 2758 539 2796 sutr.
573 2745 662 2796 est
692 2757 926 2814 corpus,
960 2741 1008 2794 si
1041 2758 1074 2795 a
1105 2740 1265 2796 nullo
1296 2745 1632 2810 separatum
1666 2745 1773 2796 est.
1808 2741 1865 2796 Si
1898 2741 2053 2797 enim

409 2832 718 2888 dissolutio
749 2833 903 2887 facta
935 2848 1047 2886 non
1103 2836 1212 2895 est,
1261 2848 1448 2902 neque
1479 2848 1637 2887 mors
1692 2832 1969 2904 contigit:
2007 2834 2056 2889 si

411 2938 569 2978 more
601 2938 714 2977 non
765 2921 898 2985 fuit,
946 2936 1136 2992 neque
1193 2922 1537 2976 resurrectio
1587 2921 1716 2976 fuit.
1748 2923 2058 2978 Concedite

410 3011 590 3082 igitur
622 3010 1062 3066 dissolutionem
1094 3016 1153 3066 et
1183 3010 1608 3080 separationem
1641 3027 1673 3066 a
1705 3026 1943 3082 corpore
1976 3011 2057 3066 fa-

411 3105 562 3154 ctam
595 3113 746 3165 esse,
784 3104 847 3155 ut
876 3101 1161 3172 scriptum
1208 3104 1297 3155 est
1329 3099 1384 3153 in
1421 3100 1782 3173 Evangeliis:
1817 3102 2054 3171 Expira-

2170 2033 2394 2094 θάνατον
2426 2034 2460 2101 ἡ
2488 2033 2641 2106 ψυχή
2694 2031 2877 2098 αὐτοῦ,
2932 2029 3023 2085 καὶ
3073 2029 3172 2084 οὐκ
3217 2029 3376 2091 αὐτὸς
3427 2031 3456 2082 6
3488 2030 3685 2104 Λόγος.
3720 2031 3818 2084 Καὶ

2170 2121 2198 2174 6
2230 2123 2484 2191 ’ίωάννης
2538 2123 2651 2192 (23)
2700 2118 2756 2174 Si
2809 2118 3001 2194 λέγει·
3056 2119 3220 2180 Αὐτὸς
3274 2119 3372 2187 τὴν
3422 2121 3608 2194 ψυχὴν
3653 2117 3821 2174 αὐτοῦ

2169 2208 2357 2280 ἔθηκεν
2421 2209 2551 2283 ὑπὲρ
2609 2211 2790 2282 ἡμῶν.
2845 2213 2965 2270 Πῶς
3023 2208 3115 2262 οὗν
3177 2204 3405 2284 ἴσχυσαν
3457 2209 3510 2262 οἱ
3563 2205 3818 2265 Ἰουδαῖοι

2169 2298 2326 2354 λῦσαι
2356 2298 2480 2352 ναὸν
2513 2302 2666 2363 Θεοῦ,
2694 2297 2783 2351 καὶ
2829 2297 2928 2364 τήν
2979 2295 3175 2351 ἄλυτον
3225 2296 3512 2373 σύγκρασιν
3555 2302 3658 2364 τῆς
3687 2315 3817 2369 σαρο

2165 2388 2259 2448 κὸς
2316 2386 2452 2461 πρὸς
2509 2387 2599 2440 τὸν
2651 2385 2822 2460 Λόγον
2870 2384 3166 2462 γενομένην
3217 2385 3477 2459 χωρίσαι,
3530 2383 3640 2458 εΐγε
3697 2388 3818 2448 καθ’

2169 2477 2306 2549 ὑμᾶς
2335 2474 2463 2551 ἔσχε
2491 2480 2682 2530 τοῦτον
2715 2476 2803 2530 τὸν
2845 2474 3045 2549 τρόπον
3090 2477 3126 2543 ἡ
3173 2478 3268 2528 τοῦ
3317 2472 3569 2546 σώματος
3618 2473 3820 2549 νέκρω-

2166 2585 2268 2626 σις.
2297 2563 2431 2619 Οὔτε
2461 2565 2564 2639 γὰρ
2598 2564 2656 2618 ἃν
2692 2566 2804 2636 (24)
2829 2563 3100 2638 ἐνεκρώθη
3149 2562 3211 2617 τὸ
3251 2567 3431 2635 σῶμα,
3458 2561 3503 2616 εἰ
3557 2563 3632 2634 μή
3664 2582 3814 2624 τινος

2165 2652 2462 2729 ἐχωρίσθη.
2497 2653 2558 2708 Εἰ
2605 2654 2705 2728 γὰρ
2761 2655 2836 2725 μῆ
2889 2651 3043 2713 λύσις
3088 2653 3328 2728 γέγονεν,
3371 2648 3493 2705 οὔτε
3541 2650 3766 2713 Θάνατος
3799 2672 3812 2685 ·

2165 2741 2210 2796 εἰ
2272 2739 2328 2796 δὶ
2384 2744 2608 2805 θάνατος
2664 2741 2725 2796 ού
2782 2743 3024 2816 γέγονεν,
3083 2739 3205 2795 οὔτε
3259 2742 3544 2804 ἀναστασις
3610 2740 3814 2816 γέγονε,

2167 2828 2296 2886 Δότε
2327 2831 2416 2885 οὗν
2447 2834 2547 2901 τήν
2579 2830 2731 2887 λύσιν
2763 2830 2851 2885 καί
2899 2832 2990 2886 τὸν
3043 2831 3329 2906 χωρισμὸν
3362 2830 3466 2884 ἀπὸ
3495 2834 3591 2884 τοῦ
3622 2831 3813 2902 σώμα-

2164 2942 2256 2984 τος
2312 2941 2622 2997 γενομενον,
2677 2920 2752 2983 ὡς
2809 2921 3102 2995 γέγραπται
3171 2918 3226 2972 ἂν
3288 2917 3668 2994 Εὐαγγελίοις,
3729 2919 3814 2972 ὅτι

2166 3009 2493 3082 Ἑξὲπνευσε,
2580 3011 2667 3063 καὶ
2747 3009 2829 3064 ὅτι
3115 3005 3311 3068 Κλίνας
3389 3009 3492 3076 τὴν
3565 3005 3812 3083 κεφαλὴν

2165 3097 2444 3170 παρέδωκε
2468 3099 2530 3153 τὸ
2560 3103 2793 3171 πνεῦμα,
2825 3096 2920 3152 ’ίνα
2963 3095 3168 3169 ἷῖωμεν
3219 3102 3375 3150 ποῖον
3422 3099 3636 3168 πνεῦμα
3663 3097 3816 3149 ὑπει-

408 3190 592 3255 υἰι⁴⁰;
643 3194 718 3257 et,
772 3191 1039 3244 inclinato
1097 3192 1271 3259 capite
1322 3188 1552 3244 tradidit
1607 3190 1860 3260 spiritum
1893 3189 1959 3253 η,
1995 3193 2053 3243 ut

2169 3187 2376 3264 λήφατε
2408 3187 2890 3263 ἀποκεχωρηκέναι
2921 3191 3016 3242 toﬁ
3046 3189 3322 3258 σώματος,
3353 3185 3438 3240 καὶ
3468 3188 3568 3254 τὴν
3597 3185 3813 3260 νάκρω-

407 3277 666 3332 sciamus
697 3278 929 3349 qualem
962 3277 1233 3349 spiritum
1268 3277 1612 3333 existimatis
1641 3295 1673 3333 a
1703 3293 1939 3348 corpore
1965 3293 2053 3334 ex-

2169 3259 2268 3330 σιν,
2297 3259 2619 3353 γεγονέναιίν
2647 3259 2912 3350 έῖρήκατε
2958 3274 3078 3350 γὰρ,
3130 3273 3210 3328 δτι
3262 3273 3443 3346 Σάρκα
3471 3275 3570 3340 τήν
3620 3271 3819 3328 ἀνυπό-

403 3365 671 3431 cessisse,
696 3367 897 3436 sicque
920 3371 1164 3420 mortem
1220 3366 1544 3420 obvenisse.
1583 3365 1819 3421 Dixistis
1871 3367 2050 3437 enim,

403 3455 545 3509 Cum
578 3470 812 3510 carnem
849 3471 962 3509 non
995 3455 1410 3510 subsistentem
1441 3455 1551 3509 sibi
1584 3456 2056 3511 commiscuisset

401 3543 681 3613 Verbum,
712 3559 842 3599 vere
893 3542 1236 3599 rationalem
1289 3548 1344 3598 et
1376 3544 1695 3616 perlectum
1756 3544 2051 3600 hominem

401 3631 755 3688 exhibuisse.
791 3630 851 3687 Si
911 3633 1092 3705 igitur
1137 3633 1391 3688 Verbum
1442 3634 1687 3689 excessit
1728 3651 1760 3688 a
1791 3649 2050 3705 corpore,

404 3728 575 3793 atque
605 3722 683 3777 ita
717 3739 873 3777 mors
904 3722 1444 3791 obvenit,adversus
1474 3723 1655 3778 Deum
1679 3723 1860 3778 Judaei
1896 3723 2053 3776 inva-

402 3810 659 3878 luerunt,
693 3828 826 3866 cum
856 3811 1328 3867 indissolubilem
1361 3813 1830 3869 commistionem
1863 3813 2049 3869 solve-

401 3899 539 3955 rint.
577 3901 689 3957 Nee
715 3901 896 3972 igitur
925 3917 1082 3955 mors
1113 3907 1315 3956 nostra
1348 3900 1468 3958 illic
1498 3901 1691 3956 locum
1727 3901 1967 3970 habuit;
2000 3904 2050 3959 si

398 4005 465 4044 ex
497 3989 596 4045 Dei
653 3990 1023 4062 separatione
1080 3990 1341 4060 corporis
1399 3989 1704 4044 exstinctio
1759 3991 2048 4062 obtigerit.

383 4078 698 4144 'Quomodo
731 4083 922 4134 autem
948 4094 1162 4151 corpus
1196 4079 1264 4133 ab
1288 4078 1718 4150 incorruptibili
1751 4079 1849 4135 Dei
1881 4096 2046 4150 sepa-

397 4172 590 4222 ratum
623 4169 680 4222 in
737 4166 1289 4239 incorruptibilitate
1349 4183 1649 4222 remanere
1707 4169 1943 4240 potuit?
1975 4169 2050 4224 Eo

397 4262 598 4314 autem
631 4257 804 4312 modo
832 4256 1159 4312 vu-lneratio
1184 4255 1418 4326 quidem
1450 4257 1934 4328 corporis,passio
1952 4275 2051 4314 au-

397 4350 516 4400 tem
548 4345 718 4400 Verbi
753 4345 946 4400 fuerit.
997 4346 1207 4400 Eadem
1259 4346 1417 4400 enim
1471 4345 1542 4400 de
1572 4362 1750 4402 causa
1778 4352 1832 4402 et
1869 4351 2047 4403 Deum

397 4450 638 4505 passum
663 4449 886 4500 esse,ex
912 4433 1294 4505 consequenti
1320 4432 1651 4506 loquentes,
1677 4437 2046 4505 asseveratis,

399 4523 542 4595 quia
571 4526 631 4578 et
655 4539 789 4578 cum
822 4523 1052 4578 Arianis
1083 4522 1342 4595 idipsum
1374 4523 1717 4580 docentibus
1749 4527 2049 4582 consenti-

2164 3387 2353 3422 στατον
2401 3369 2514 3439 (26)
2572 3364 2896 3441 συγκεράσας
2951 3364 3124 3434 ἑαυτῷ
3170 3363 3198 3416 6
3253 3363 3450 3436 Λόγος,
3508 3357 3676 3431 ἔδειξε
3721 3361 3813 3415 τὸν

2163 3451 2327 3517 ὅντως
2361 3454 2578 3530 λογικὸν
2609 3455 2696 3508 καὶ
2725 3452 2935 3508 τέλειον
2971 3454 3273 3528 ἄνθρωπον.
3323 3451 3383 3508 Εἰ
3411 3450 3590 3505 τοίνυν
3624 3451 3652 3505 6
3707 3451 3812 3504 A6-

2162 3565 2255 3618 γος
2287 3544 2616 3619 ἀπεχώρησε
2661 3547 2758 3597 τοῦ
2807 3541 3081 3614 σώματος,
3124 3542 3210 3595 καὶ
3272 3539 3443 3602 νῦτως
3480 3543 3514 3608 ἡ
3547 3539 3810 3615 νέκρωσις

2162 3632 2375 3708 γέγονε,
2407 3634 2542 3688 κατὰ
2573 3635 2712 3688 Oro?)
2748 3629 2972 3706 ἶ’σ’γυσαν
3020 3632 3072 3685 οἱ
3119 3627 3391 3696 Ἰουδαῖοι,
3427 3628 3684 3691 λύσαντες
3713 3631 3812 3698 τήν

2167 3722 2363 3778 ἄλυτον
2416 3722 2723 3798 σύγκρασιν.
2778 3719 2911 3776 Οὔτε
2959 3720 3050 3775 οὗν
3104 3722 3132 3775 ὁ
3161 3719 3426 3797 ἡμέτερος
3465 3719 3581 3774 ἐκεῖ
3629 3719 3816 3794 γέγονε

2161 3812 2406 3882 Θάνατος,
2439 3811 2485 3866 εἴ
2513 3815 2648 3866 Θεοῦ
2688 3809 3051 3886 χωρισθέντος
3098 3813 3132 3879 ὴ
3185 3810 3447 3884 νέκρωσις
3490 3812 3588 3862 τοῦ
3620 3807 3809 3880 σώμα-

2159 3922 2251 3963 τος
2274 3901 2477 3976 γέγονε.
2514 3906 2636 3963 Πῶς
2667 3898 2723 3955 δὲ
2783 3902 2869 3954 καὶ
2930 3901 2993 3954 τὸ
3038 3904 3196 3973 σῶμα
3237 3902 3332 3952 τοῦ
3373 3896 3647 3975 ἀφθάρτου
3678 3901 3812 3952 Θεοῦ

2163 3991 2428 4066 χωρισθὲν
2485 3989 2536 4044 ἐν
2593 3989 2862 4064 ἀφθαρσίᾳ
2908 3986 3219 4061 διέμεινεν;
3270 3989 3459 4044 Ἔσται
3518 3983 3576 4040 ὃὶ
3624 3988 3660 4055 ἡ
3714 3985 3807 4058 μὶν

2159 4084 2357 4155 τρῶσις
2414 4084 2510 4133 τοῦ
2561 4079 2836 4150 σώματος,
2883 4078 2944 4132 τὸ
2976 4075 3032 4132 δὲ
3081 4078 3251 4138 πάθος
3296 4081 3394 4130 τοῦ
3452 4075 3651 4150 Λόγου.
3714 4073 3809 4129 Διὰ

2158 4172 2317 4224 τοῦτο
2349 4169 2452 4244 γὰρ
2482 4169 2570 4222 καὶ
2601 4169 2731 4223 Θεὸν
2780 4166 3015 4222 παθόντα
3060 4164 3265 4241 λέγετε,
3321 4163 3635 4226 ἀκολούθως
3691 4163 3809 4218 suu-

2156 4264 2272 4320 τοῖς
2323 4257 2700 4334 φθεγγόμενοι,
2734 4254 2947 4329 μᾶλλον
2991 4254 3048 4310 δὶ
3100 4255 3405 4332 συμφώνως
3445 4259 3561 4317 τοῖς
3595 4255 3811 4328 Ἀρεια-

2157 4352 2270 4409 νοῖς
2305 4364 2319 4379 ·
2350 4351 2510 4402 τοῦτο
2541 4346 2641 4422 γὰρ
2674 4345 2864 4400 ἐκεῖνοι
2917 4343 3363 4420 δογματίζουσιν,
3411 4345 3599 4400 Ἔσται
3631 4340 3688 4398 δὲ
3718 4341 3806 4397 καὶ

2159 4435 2209 4509 ἐξ
2241 4435 2581 4496 ἀναστάσεως
2606 4433 2948 4511 ἐγειρόμενος
2977 4435 3005 4488 6
3036 4433 3215 4508 Λόγος
3243 4434 3361 4487 καθ’
3408 4433 3566 4506 ὑμᾶς.
3617 4432 3811 4506 Ἀνάγ-

2157 4547 2226 4595 κη
2257 4525 2357 4600 γάρ
2388 4546 2506 4578 τινα
2539 4526 2649 4597 (27)
2684 4521 2732 4596 ἐξ
2764 4521 2894 4593 ᾅδου
2941 4524 3040 4592 τὴν
3092 4523 3270 4601 ἀρχὴν
3321 4524 3422 4591 τὴς
3471 4520 3810 4583 ἀναστάσεως

399 4613 496 4667 tis.
529 4611 785 4668 Verbum
818 4618 1036 4674 autem,
1072 4616 1136 4667 ut
1167 4616 1357 4667 vestra
1389 4613 1498 4667 fert
1528 4613 1820 4684 Opinio,ex
1851 4631 2044 4670 resur-

2169 4612 2570 4691 ιῖληφέναι,⁹ίνα
2596 4612 2777 4668 τελεία
2801 4612 2836 4680 ἦ
2869 4615 2902 4681 ἡ
2928 4612 3235 4684 ἀνάστκσίς,
3285 4613 3373 4665 καὶ
3431 4615 3527 4665 τοῦ
3574 4612 3806 4666 θανάτου

401 4701 666 4756 rectione
708 4700 1024 4757 excitatum
1054 4699 1250 4756 luerit.
1284 4701 1531 4757 Necesse
1562 4708 1648 4756 est
1679 4703 1831 4758 enim
1867 4703 2060 4775 ipsum

2173 4705 2207 4772 ἡ
2243 4703 2414 4769 λυσις,
2447 4702 2535 4756 καὶ
2566 4706 2676 4756 τῶν
2710 4700 2880 4756 ἐκεῖσε
2909 4702 3230 4773 πνευμάτων
3254 4703 3288 4769 ἡ
3319 4699 3606 4763 ἀπόλυσις.

397 4789 631 4862 aliquod
665 4788 1110 4848 resurrectionis
1161 4789 1234 4844 ab
1287 4789 1488 4845 inferis
1544 4789 1778 4848 initium
1836 4795 2151 4866 accepisse,
2185 4799 2250 4851 ut
2306 4795 2558 4866 perfecta
2616 4792 2763 4849 foret
2821 4792 3194 4862 resurrectio,
3227 4795 3283 4847 et
3335 4791 3541 4847 mortis
3573 4789 3806 4858 solutio,

396 4880 833 4952 spirituumque
861 4879 961 4950 qui
993 4878 1071 4933 ibi
1103 4878 1320 4932 detenti
1347 4885 1513 4934 erant
1541 4879 1827 4936 dimissio.

465 5013 510 5048 ⁸⁷
538 5014 706 5072 Joan.
741 5029 801 5080 ιι,
833 5013 921 5068 19.
1000 5012 1043 5046 ³⁸
1075 5016 1187 5067 lsa.
1224 5029 1338 5081 LIII,
1376 5013 1460 5066 12.
1536 5013 1582 5048 ⁸⁸
1614 5014 1631 5069 Ι
1662 5014 1827 5071 Joan.
1859 5031 1943 5083 ιιι,
1982 5017 2046 5072 16

2169 5018 2187 5052 ⁰
2217 5023 2349 5074 Luc.
2382 5033 2544 5073 χχιιι.
2577 5018 2665 5073 46.
2743 5018 2785 5052 ⁴¹
2819 5015 2986 5072 Joan.
3013 5034 3125 5084 χιχ,
3157 5017 3246 5071 30.

471 5150 586 5219 (20)
624 5149 1042 5219 Seguerianue,
1075 5142 1336 5213 δουλικὴν
1370 5149 1467 5214 τήν
1517 5144 1614 5202 τοῧ
1663 5144 1884 5206 δούλου.
1921 5151 2051 5208 Mox

401 5221 532 5297 ξος.
568 5221 902 5297 ΟοὺΙοΓᾹκ-βι
949 5219 1202 5274 Felvkm.
1241 5220 1291 5282 1,
1325 5222 1724 5297 συστησάμενος
1774 5221 2047 5297 γεγονέναι

400 5290 865 5367 ἄνθρωπον.υᾼ1ίί
917 5307 1122 5346 omnes
1185 5290 1594 5367 manuscripti,
1649 5290 2046 5367 συστῂσὲὶμενον

398 5362 667 5439 γεγονέναι
703 5362 1008 5439 ἄνθρωπον,
1045 5368 1250 5439 praeter
1277 5362 1525 5439 Felclgn.
1557 5369 1610 5435 2,
1645 5367 1743 5437 qui
1778 5362 1909 5423 cum
1935 5367 2050 5423 edi-

397 5432 484 5491 tis.
508 5438 703 5501 habet,
739 5432 1146 5510 συστησᾴμενος
1168 5432 1728 5510 γέγονεν-ἄνθρωπος.

471 5512 578 5576 (21)
607 5515 870 5580 Seguer.,
897 5503 1002 5574 τὴν
1038 5505 1088 5576 ἐξ
1123 5503 1307 5580 αὐτοῦ.
1340 5508 1454 5580 Alii
1485 5503 1618 5565 vero
1663 5526 1804 5580 cum,
1851 5510 2046 5580 editis,

401 5579 500 5645 τήν
528 5577 716 5654 αύτοῦῖ
752 5581 882 5654 Mox
908 5581 1044 5650 hac,
1072 5577 1286 5654 atomi
1319 5578 1588 5654 ᾠκείῳται
1619 5580 1687 5633 τὰ
1715 5578 1811 5634 τοῦ
1860 5579 2046 5654 σώμα-

401 5669 517 5714 τος,
550 5653 765 5708 desunt
796 5652 852 5706 in
887 5649 1212 5722 Seg.Gobl.
1247 5655 1304 5704 et
1332 5649 1585 5707 Felckm.
1621 5654 1670 5708 1.

470 5724 584 5795 (22)
618 5723 746 5788 Καθ’
778 5723 920 5796 ὑῷἆς
948 5721 1111 5780 deest
1139 5721 1201 5777 in
1230 5725 1607 5794 Segueriano.

2229 5153 2342 5224 (23)
2373 5152 2703 5210 Goblcrian.
2739 5157 2795 5208 et
2847 5151 3096 5207 Felckm.
3129 5153 3179 5218 1,
3211 5148 3298 5204 καὶ
3340 5151 3367 5204 ὁ
3402 5149 3663 5220 Ἰωάννης
3713 5146 3800 5203 αύ-

2157 5223 2270 5289 τός,
2305 5223 2415 5280 etc.

2227 5298 2338 5367 (24)
2375 5301 2468 5352 "Av
2503 5298 2664 5352 deest
2693 5296 2747 5350 in
2782 5294 3162 5367 Segueriano.

2188 5363 2342 5456 νε925)
2377 5371 2503 5426 Ὅτι
2533 5369 2698 5424 deest
2728 5368 2786 5422 in
2821 5363 2954 5438 Ség.
2992 5365 3117 5422 Mox
3159 5365 3327 5421 Gobl.
3359 5371 3419 5422 et
3467 5364 3721 5421 Felckm.
3753 5363 3802 5431 1,

2158 5451 2413 5510 εἰδῶμεν,

2227 5513 2339 5584 (26)
2367 5510 2780 5584 Seguerianus,
2817 5507 3204 5584 ἀνυπότακτον.

2230 5578 2340 5656 (27)
2370 5578 2524 5656 θοᾷ..
2557 5581 2660 5656 γάρ
2687 5601 2872 5656 τινας.
2908 5581 3052 5656 Mox_
3075 5579 3257 5656 _Gobl.
3318 5585 3376 5636 et
3431 5579 3692 5656 Felckm.
3754 5578 3801 5645 l,

2155 5651 2586 5728 relelaqlfqtaj
2617 5651 2981 5728 ᾐάχάστασις.
3013 5652 3166 5707 Editi
3192 5668 3327 5708 vero
3368 5657 3424 5708 et
3454 5651 3649 5708 ceteri
3682 5665 3802 5705 ma-

2160 5723 2679 5800 ῑιιιδοτίρἱίτελεία
2705 5723 2743 5799 ἦ
2771 5725 2808 5796 ἡ
2838 5723 3149 5786 ἀναστασις.
