4048 6430
249 503 382 567 1161
1071 508 1381 570 CONTRA
1432 503 2030 569 APOLLINARIUM
2078 504 2314 568 LIBER
2356 505 2789 570 SECUNDUS.
3479 509 3634 570 “62

309 636 392 693 17.
424 634 491 694 Et
515 633 575 693 δὲ
601 638 769 692 ταῦτα
796 636 826 693 6
858 635 1039 714 Λόγος
1076 637 1329 709 πέπονθε,
1372 637 1463 694 καὶ
1506 641 1602 697 τοῦ
1650 638 1765 712 (28)
1812 636 1876 692 τὸ
1905 697 1909 706 η

2063 637 2129 692 17
2160 639 2323 706 Quod
2354 638 2403 695 si
2434 639 2559 697 haec
2587 639 2717 712 ipsa
2744 638 3002 696 Verbum
3023 640 3328 711 sustinuit,
3365 641 3630 711 ubinam,

247 721 495 798 ἄτρεπτον
536 726 627 780 καὶ
670 723 1043 783 ἀναλλοίωτον
1087 729 1186 783 τοῦ
1244 726 1461 803 Λόγους
1508 731 1636 790 Πῶς
1679 724 1739 782 δὲ
1788 726 1879 781 καὶ

2033 744 2207 798 uaeso,
2238 727 2412 784 Verbi
2442 728 2916 800 immutabilitas,
2947 735 3005 785 et
3051 730 3518 788 invariabilitas?
3565 732 3639 787 Et

251 812 675 891 ἀπαρκαλύπτως
729 816 914 893 ὀφθεὶς
963 815 992 871 6
1036 815 1213 893 Λόγος
1255 815 1306 871 ἐν
1354 820 1435 889 τῷ
1479 812 1580 892 ᾅδῃ
1618 814 1878 890 ἐνομίσθη

2027 817 2284 886 uomodo
2304 816 2557 873 Verbum
2580 818 2772 890 palam
2795 818 2856 874 in
2883 819 3109 876 inferno
3130 819 3343 889 visum,
3366 820 3426 875 in
3448 822 3639 878 morte

251 900 296 957 ἐν
324 907 403 976 τῷ
429 902 639 977 Θανάτῳ
680 903 757 968 ὡς
804 901 1131 980 ἄνθρωποςς
1181 909 1306 968 Πῶς
1354 902 1414 961 δὲ
1459 905 1552 960 καὶ
1598 909 1715 967 τοῖς
1742 904 1882 959 Ἰου-

2027 922 2100 961 υιι
2129 904 2305 962 homo
2336 910 2674 978 reputatum
2705 910 2795 963 est
2813 905 2843 961 ?
2871 910 2987 963 Cur
3013 908 3238 967 Judaais
3270 909 3504 967 dicebat
3532 910 3639 965 Do~

251 989 413 1055 δαίοις
441 987 625 1068 ἔλεγεν
657 994 686 1049 6
718 992 934 1070 Κύριος·
964 993 1103 1073 Ἐγὼ
1145 993 1313 1070 ἐγερῶ
1358 994 1545 1067 αὐτὸν,
1594 994 1684 1049 καὶ
1730 992 1881 1069 οὐχὶ,

2027 993 2113 1049 [ιἱο
2126 1010 2231 1050 us:
2259 994 2656 1067 Egosuscilabo
2680 1011 2808 1051 eum
2833 995 2900 1063 ‘9,
2931 998 2991 1052 et
3020 1013 3135 1053 non
3165 1013 3178 1052 :
3209 1000 3327 1069 Ego
3358 1014 3428 1054 ex
3456 996 3640 1055 infer-

252 1081 377 1157 Ἐγὼ
408 1080 460 1152 ἐξ
491 1076 624 1152 ᾆδου
655 1080 947 1156 ἀνίσταμαι
975 1101 990 1153 ;
1026 1081 1088 1139 Εἰ
1115 1083 1220 1159 γὰρ
1251 1084 1279 1137 ὁ
1331 1082 1527 1159 Λόγος,
1574 1081 1625 1138 ἐν
1671 1082 1884 1153 θανάτῳ

2027 1097 2070 1137 ιο
2099 1082 2385 1155 resurgo?
2416 1084 2476 1140 Si
2506 1083 2662 1140 enim
2692 1085 2971 1151 Verbum,
3004 1090 3320 1158 postquam
3343 1089 3644 1143 mortuum

248 1170 489 1246 γεγονὼς,
540 1170 730 1247 χρείαν
780 1171 895 1246 εἶχε
956 1173 1070 1245 (29)
1117 1174 1217 1227 τοῦ
1269 1170 1574 1248 ἐγείροντος
1618 1171 1781 1226 αὐτὸν
1828 1170 1887 1225 ἐκ

250 1259 490 1328 θανάτου,
522 1258 622 1315 οὐκ
659 1260 827 1315 αὐτοῦ
876 1255 1021 1315 ἔσται
1072 1261 1107 1330 ἡ
1158 1259 1303 1329 νίκη,
1353 1259 1500 1316 ἀλλά
1526 1259 1623 1315 τού
1656 1259 1885 1337 ἐγείρον-

248 1369 333 1410 τος
364 1348 544 1405 αὑτόν.
580 1353 707 1411 Πῶς
737 1346 794 1403 δὲ
819 1348 907 1403 καὶ
942 1346 1029 1403 διὰ
1052 1353 1165 1404 τῶν.
1200 1354 1496 1427 προφητῶν
1547 1346 1887 1421 παοεσημαί-

249 1458 361 1493 νετο
410 1438 534 1513 περὶ
575 1444 676 1508 τῆς
725 1440 911 1512 ψυχῆς
962 1439 1168 1508 αὐτοῦς
1221 1442 1346 1500 Πῶς
1390 1440 1576 1513 παρὼν
1609 1439 1636 1492 ὁ
1687 1437 1889 1513 Κύριος

249 1519 399 1601 ἔλεγε
426 1522 656 1601 πληρῶν
704 1526 805 1594 τὴν
857 1522 1207 1601 ἐπαγγελίαν·
1258 1526 1370 1595 Τὴν
1419 1527 1605 1602 ψυχήν
1657 1546 1760 1600 μου
1806 1522 1892 1578 τί-

2027 1540 2137 1580 ,cns
2168 1524 2526 1596 promissum
2558 1525 2844 1596 impleret,
2887 1527 3114 1583 aiebat:
3160 1527 3419 1585 Animam
3466 1544 3652 1587 meam

253 1624 382 1687 θημι
418 1614 551 1688 ὑπὲρ
576 1618 681 1667 τῶν
732 1608 1020 1688 προϐάτων
1063 1619 1173 1669 τῶν
1221 1613 1410 1687 ἐμῶν;
1469 1621 1657 1684 ἥντινα
1708 1614 1894 1688 ψυχὴν

2027 1629 2142 1669 pono
2169 1629 2271 1685 pro
2292 1614 2480 1670 ovibus
2506 1616 2646 1671 meis
2689 1615 2736 1651 ‘3
2762 1615 2793 1670 τ
2839 1632 3015 1688 quam
3067 1616 3329 1675 animam
3377 1617 3653 1690 spiritum

250 1706 456 1773 πνεῦμα
508 1701 666 1756 οὖσαν
736 1706 919 1780 σαφῶς
973 1704 1028 1757 αἱ
1098 1703 1244 1779 ἅγιαι
1306 1702 1509 1781 Γραφαὶ
1556 1699 1890 1758 διδάσκουσι·

2027 1718 2132 1758 isse
2162 1718 2339 1758 sacrae
2370 1703 2682 1776 Scriptura:
2714 1708 2914 1776 aperte
2960 1705 3207 1762 docent:
3260 1710 3318 1765 et
3366 1706 3653 1764 Dominus

249 1788 333 1846 καὶ
365 1792 393 1845 ὁ
442 1789 637 1866 Κύριος
668 1787 726 1845 δὲ
756 1789 1016 1867 εἶ’ρηκφς’
1073 1792 1145 1846 Τὸ
1180 1792 1274 1865 μὲν
1313 1796 1475 1865 σῶμα
1529 1793 1632 1848 ὑπὸ
1685 1791 1895 1868 ἀνθρώ-

2030 1807 2133 1864 pse
2154 1790 2251 1862 qui
2275 1792 2454 1848 dixit:
2478 1794 2699 1865 Corpus
2721 1793 2964 1866 quidem
2988 1794 3061 1850 ab
3086 1795 3653 1863 hominibusoccidi,

251 1901 363 1935 πων
412 1879 892 1953 ἀποκτεινόμενον,
940 1880 1039 1949 τήν
1089 1877 1147 1935 δὲ
1192 1881 1378 1956 ψυχὴν
1450 1881 1524 1953 μή
1587 1878 1899 1953 δυναμένων

2027 1879 2107 1953 ιιιί
2139 1880 2397 1937 animam
2427 1886 2625 1936 tamen
2661 1898 2776 1937 non
2808 1886 3057 1954 possunt
3113 1885 3397 1951 occidere,
3444 1886 3658 1967 quippe

1995 1174 2106 1237 est,
2134 1172 2457 1228 suscitante
2487 1188 2549 1229 se
2580 1190 2615 1229 a
2643 1178 2830 1230 morte
2863 1174 3007 1230 101
3058 1191 3209 1247 opus
3258 1174 3483 1243 habuit,
3526 1192 3643 1232 non

1995 1258 2165 1314 Verbi
2196 1259 2439 1316 victoria
2462 1260 2593 1329 erit,
2625 1261 2727 1317 sed
2757 1263 2887 1333 ejus
2912 1262 3013 1335 qui
3061 1263 3259 1336 ipsum
3317 1264 3643 1322 suscitavit.

1997 1350 2112 1402 Cur
2148 1352 2343 1404 autem
2378 1365 2481 1421 per
2509 1349 2822 1423 prophetas
2854 1349 2997 1406 illud
3031 1352 3102 1407 de
3131 1352 3329 1409 anima
3348 1354 3478 1425 ejus
3499 1369 3644 1426 pra:-

1999 1437 2340 1493 nuntiatum
2374 1437 2510 1494 est?
2537 1441 2652 1494 Cur
2679 1438 2805 1511 ipse
2834 1438 3143 1508 Dominus,
3176 1457 3309 1497 cum
3333 1441 3461 1513 jam
3502 1457 3648 1515 prm-
3676 1464 3677 1467 η

253 1969 587 2034 ἀποκτεῖναι,
636 1969 728 2024 ἅτε
775 1965 842 2038 δή
889 1973 1104 2042 πνεῦμα
1158 1968 1340 2024 οὖσαν*
1386 1969 1574 2042 Τούτῳ
1602 1974 1683 2042 τῷ
1730 1967 1897 2024 Πνεύ-

256 2079 378 2132 ματι
433 2058 705 2133 ἐταράχθη
759 2059 788 2112 6
842 2058 1073 2127 Ἰησοῦς·
1123 2057 1320 2113 τούτου
1369 2062 1465 2113 τοῦ
1515 2059 1828 2132 Πνεύματος
1859 2058 1893 2127 ἡ

252 2146 623 2223 ἀπωχώρησις
655 2148 767 2220 (30)
813 2148 1034 2222 γέγονεν
1082 2147 1187 2201 ἀπὸ
1236 2151 1333 2202 τοῦ
1364 2147 1617 2220 σώματος
1665 2146 1753 2202 ἐπὶ
1799 2150 1896 2201 τοῦ

252 2240 500 2311 σταυροῦ.
542 2235 641 2289 Καὶ
691 2233 863 2297 οὕτως
911 2235 1191 2310 ἐνεκροῦτο
1233 2235 1297 2290 τὸ
1347 2240 1548 2308 σῶμα,
1595 2236 1684 2291 καὶ
1731 2234 1895 2290 αὐτοῦ

250 2326 461 2402 γέγονεν
489 2326 523 2395 ἠ
554 2323 730 2396 λύσις,
764 2329 898 2379 Θεοῦ
942 2328 1038 2378 106
1067 2324 1247 2401 Λόγου
1274 2325 1617 2398 ἀμεταθέτως
1667 2324 1896 2400 ἔχοντος

250 2416 385 2490 πρός
410 2435 469 2469 τε
495 2414 560 2469 τὸ
585 2418 765 2486 σῶμα,
796 2412 931 2488 πρός
958 2434 1018 2468 τε
1044 2414 1143 2483 τὴν
1177 2416 1385 2490 ψυχὴν,
1430 2412 1566 2487 πρός
1610 2433 1670 2468 τε
1712 2413 1897 2468 ἑαυτὸν

254 2499 378 2559 ὄντα
434 2502 511 2565 εἷς
566 2504 658 2557 τὸν
713 2500 921 2557 κόλπον
967 2506 1066 2557 τοῦ
1118 2502 1325 2578 Πατρὸς
1368 2505 1480 2576 (31)
1528 2502 1578 2557 ἐν
1646 2499 1897 2573 ἐπιδείξει

256 2592 673 2665 ἀτρεπτότητος.
708 2594 793 2648 Ἐν
835 2590 989 2665 δὲ’τῇ
1023 2603 1123 2655 καθ
1160 2593 1307 2664 ἡμᾶς
1333 2591 1599 2666 γενομένῃ
1642 2591 1694 2646 ἐν
1749 2590 1898 2664 αύτῷ

259 2683 443 2758 μορφῇ
485 2681 576 2735 τὸν
622 2680 888 2754 ἡμέτερον
945 2678 1057 2734 ἐκεῖ
1110 2677 1362 2758 διέγραφε
1409 2680 1655 2735 θάνατον’
1704 2677 1798 2735 ἵνα
1843 2679 1895 2735 ἐν

256 2770 390 2844 αὐτῇ
437 2770 526 2825 καὶ
583 2772 682 2839 τήν
738 2769 869 2844 ὑπὲρ
919 2770 1079 2841 ἡμῶν
1130 2768 1439 2841 ἁρμόσηται
1491 2768 1797 2837 ἀνάστασιν,
1848 2767 1900 2839 ἐξ

2007 1985 2137 2041 quae
2166 1969 2412 2043 spiritus
2444 1969 2540 2026 sit.
2574 1970 2691 2026 Hoc
2723 1971 2851 2043 ipso
2883 1971 3102 2043 Spiritu
3134 1974 3409 2030 turbatus
3438 1978 3528 2030 est
3562 1976 3659 2030 Je-

2008 2074 2153 2114 sus:
2187 2058 2368 2131 hujus
2414 2058 2665 2131 Spiritus
2711 2052 2994 2116 discessio
3040 2078 3073 2116 a
3104 2078 3345 2134 corpore
3384 2063 3442 2118 in
3490 2079 3662 2121 cruce

2005 2148 2157 2203 facta
2187 2153 2295 2203 est.
2330 2148 2398 2203 Et
2428 2146 2513 2204 sic
2534 2148 2891 2204 exstinctum
2947 2155 3038 2205 est
3082 2167 3316 2224 corpus,
3363 2156 3541 2225 atque
3582 2152 3665 2208 ita

2006 2235 2253 2308 contigit
2271 2235 2605 2305 dissolutio,
2634 2241 2747 2293 Deo
2761 2238 2951 2294 Verbo
2966 2238 3281 2296 immutate
3299 2246 3664 2308 remanente,

2004 2328 2127 2380 tam
2158 2324 2217 2379 in
2248 2340 2508 2397 corpore,
2541 2341 2721 2397 quam
2752 2325 2814 2382 in
2846 2326 3067 2397 anima,
3098 2331 3278 2399 atque
3329 2326 3388 2384 in
3440 2329 3660 2402 seipso,

2006 2413 2104 2486 qui
2128 2413 2187 2468 in
2211 2414 2343 2469 sinu
2377 2412 2562 2470 Patris
2584 2413 2920 2483 exsistebat,
2951 2415 3021 2471 ad
3046 2415 3344 2487 specimen
3375 2417 3657 2477 immuta.-

2006 2502 2273 2559 bilitatis.
2299 2502 2444 2558 Etin
2470 2519 2576 2559 sua
2613 2503 2686 2558 ad
2727 2504 2912 2559 nostri
2952 2503 3405 2562 similitudinem
3444 2506 3656 2576 forma,

2007 2597 2270 2648 nostram
2292 2591 2412 2647 illic
2432 2592 2749 2664 descripsit
2769 2597 3017 2648 mortem
3048 2611 3062 2662 ;
3089 2598 3151 2649 ut
3172 2593 3231 2649 in
3283 2594 3388 2650 illa
3410 2610 3673 2653 resurre-

2008 2681 2260 2737 ctionem
2292 2698 2396 2754 pro
2423 2680 2592 2737 nobis
2623 2682 3023 2753 concinnaret,
3056 2698 3125 2738 ex
3154 2682 3384 2741 inferno
3417 2684 3665 2757 quidem.

2010 2770 2291 2837 animam,
2317 2785 2386 2825 ex
2412 2769 2683 2841 sepulcro
2707 2776 2903 2826 autem
2923 2786 3137 2843 corpus
3159 2772 3479 2828 reducens:
3517 2776 3583 2828 ut
3610 2772 3679 2839 in

257 2858 389 2933 ᾅδου
422 2861 514 2934 μὲν
541 2860 639 2928 τὴν
671 2860 879 2934 ψυχὴν,
913 2858 973 2913 ἐκ
1000 2860 1172 2935 τάφου
1203 2854 1262 2912 δὲ
1304 2858 1365 2912 τὸ
1397 2861 1557 2931 σῶμα
1602 2855 1902 2912 ἐπιδεικνύ-

2027 2863 2202 2914 norte
2232 2874 2337 2931 per
2364 2858 2785 2915 exhibitionem
2811 2858 3020 2914 animae
3046 2864 3296 2916 mortem
3323 2860 3679 2927 destrueret,

263 2969 443 3023 μενος·
477 2948 627 3013 ’ὁπως
678 2947 730 3002 ἐν
787 2948 1003 3019 θανάτῳ
1048 2945 1327 3022 καταλύσῃ
1378 2948 1495 3020 (32)
1538 2946 1633 3001 16v
1676 2946 1902 3000 θάνατον

2027 2965 2073 3003 ,ιι
2114 2946 2381 3020 sepulcro
2412 2964 2515 3020 per
2543 2947 2906 3019 sepulturam
2938 2950 3200 3021 corporis
3240 2949 3675 3023 corruptionem

259 3039 309 3093 ἐν
357 3034 604 3107 ἐπιδείξει
660 3039 869 3112 ψυχῆς,
922 3035 972 3090 ἐν
1024 3032 1082 3090 δὲ
1124 3040 1202 3107 τῷ
1244 3036 1401 3113 τάφῳ
1442 3037 1755 3111 καταργήσῃ
1802 3035 1901 3103 τὴν

2027 3037 2290 3106 aboleret,
2319 3036 2522 3108 sicque
2557 3053 2627 3092 ex
2657 3036 2889 3092 inferno
2920 3043 2979 3092 et
3008 3053 3077 3092 ex
3106 3037 3378 3109 sepulcro
3435 3036 3680 3094 immor-

260 3126 461 3205 φθορὰν
494 3124 547 3180 ἐν
576 3127 721 3202 ταφῇ
748 3124 1021 3197 σώματος·
1055 3122 1106 3195 ἐξ
1150 3119 1286 3193 ᾅδου
1332 3123 1422 3177 καὶ
1472 3122 1532 3177 ἐκ
1575 3123 1747 3201 τάφου
1792 3124 1904 3197 (33)

2027 3125 2302 3182 talitatem
2333 3129 2393 3181 et
2422 3125 3039 3196 incorruptibilitatem
3072 3127 3390 3198 exhiberet,
3439 3142 3572 3182 cum
3617 3126 3679 3182 in

259 3217 362 3284 τήν
393 3213 676 3269 ἀθανασίαν
707 3213 797 3267 καὶ
847 3213 946 3281 τὴν
998 3211 1292 3287 ἀφθαρσίαν
1340 3210 1804 3286 ἐπιδεικνύμενος,
1853 3210 1906 3267 ἐν

2027 3215 2208 3270 forma
2228 3213 2396 3269 nobis
2422 3212 2715 3270 consimili
2739 3218 3001 3270 nostram
3021 3214 3175 3271 viam
3194 3231 3472 3271 emensus
3499 3218 3680 3287 esset,

266 3305 446 3381 μορθῇ
476 3305 544 3377 τῇ
576 3301 693 3356 καθ’
725 3304 873 3374 ἡμᾶς
901 3302 1000 3370 τὴν
1032 3300 1301 3376 ἡμετέραν
1355 3296 1578 3364 ὁδεύσας
1619 3297 1767 3370 ὁδὸν,
1816 3299 1908 3355 καὶ

2027 3307 2409 3374 nostramque
2440 3301 2838 3358 detentionem
2862 3300 3158 3359 solvisset.
3193 3302 3355 3367 Quod
3388 3320 3530 3365 sane
3575 3303 3679 3360 ad~

260 3396 361 3463 τήν
392 3392 513 3456 καθ’
543 3393 704 3463 ἡμῶν
735 3391 1036 3465 γενομένην
1067 3391 1311 3465 κατοχὴν
1363 3388 1550 3454 λύσας.
1602 3389 1708 3445 Καὶ
1754 3393 1909 3444 τοῦτο

2034 3390 2343 3448 miratione
2372 3391 2617 3464 dignum
2648 3389 2913 3446 exstitit:
2942 3407 3078 3447 nam
3106 3392 3163 3446 in
3198 3390 3309 3448 hoc
3339 3393 3527 3465 gratia
3565 3394 3681 3449 sita

264 3482 331 3551 ἦν
357 3483 421 3537 τὸ
445 3479 770 3553 θαυμαστόν·
804 3478 938 3550 αὕτη
989 3480 1092 3553 γὰρ
1139 3480 1355 3555 γέγονεν
1407 3480 1441 3549 ἠ
1493 3480 1677 3555 χάρις.
1734 3480 1909 3553 Ὑμεῖς

2027 3480 2156 3536 fuit.
2197 3484 2308 3536 Vos
2337 3496 2469 3536 vero
2501 3480 2641 3535 dum
2676 3496 2909 3535 carnem
2942 3479 3127 3536 solam
3160 3481 3543 3551 conﬁtemini,
3577 3497 3677 3537 ne-

267 3569 347 3639 δὲ,
398 3572 570 3646 σάρκα
619 3568 790 3642 μόνην
852 3566 1401 3644 προσομολογοῦντες
1464 3570 1602 3641 (34),
1649 3564 1773 3623 οὔτε
1815 3575 1920 3638 τῆς

270 3658 537 3735 ἁμαρτιας
593 3658 692 3727 τὴν
750 3658 1066 3733 κατάκρισιν
1121 3654 1289 3727 δεῖξαι
1349 3654 1594 3725 δύνασθε,
1654 3653 1779 3712 οὔτε
1821 3661 1920 3712 τοῦ

271 3748 504 3804 θανάτου
532 3748 632 3816 τήν
663 3743 983 3813 κατάλυσιν,
1016 3742 1140 3801 οὔτε
1169 3749 1269 3810 τῆς
1300 3746 1638 3808 ἀναστάσεως
1669 3747 1769 3815 τήν
1827 3766 1921 3801 τε-

272 3837 512 3905 λείωσιν,
564 3832 688 3891 οὔτε
728 3839 825 3890 τοῦ
883 3835 1063 3911 Λόγου
1128 3836 1229 3903 τὴν
1288 3833 1679 3908 ἀτρεπτότητασ
1730 3832 1915 3905 ἐπειδὴ

261 3928 367 3998 ἐξω
412 3930 524 3981 τῶν
572 3924 738 4001 ἁγίων
790 3928 1016 4001 Γραφῶν
1073 3918 1361 3998 βεϐήκατε,
1407 3922 1698 3985 λαλοῦντες
1887 3922 1920 3978 ἃ

260 4015 537 4094 ’Δρειανοὶ
564 4013 902 4091 σοφίζονται,
955 4016 1184 4090 φανεροῦ
1227 4008 1382 4074 ὄντος
1421 4016 1517 4067 τοῦ
1564 4012 1688 4089 περὶ
1732 4016 1918 4089 ψυχῆς

261 4104 433 4182 λόγου
465 4104 517 4160 ἐν
547 4107 785 4180 Γραφαῖς
818 4102 1019 4177 ἁγίαις,
1054 4102 1145 4156 καὶ
1188 4099 1578 4175 πληρωθείσης
1616 4107 1717 4171 τῆς
1766 4100 1919 4156 οἷκο-

262 4192 462 4267 νομτίας
494 4191 547 4248 ἐν
578 4189 829 4262 ἐπιδείξει
859 4190 1037 4260 πάσης
1068 4188 1415 4263 πληρώσεώς
1443 4210 1502 4244 τε
1548 4189 1638 4244 καὶ
1697 4188 1920 4246 τελειώ-

264 4303 405 4346 σεως
439 4284 576 4357 (36).

343 4376 425 4431 18.
461 4367 619 4426 Ἀλλ’
648 4368 702 4423 οἱ
737 4367 831 4442 μὲν
861 4370 970 4422 τῶν
1001 4367 1314 4442 αἱρετικων,
1366 4366 1457 4420 τὸν
1491 4364 1753 4441 ὁραθέντα
1782 4367 1916 4440 ὁμο-

265 4461 582 4539 λογοῦντες,
614 4460 933 4514 ἀπιστοῦσιν
966 4456 1134 4511 αὐτοῦ
1163 4459 1232 4530 τῇ
1287 4453 1525 4525 θεότητι·
1574 4457 1626 4511 οἱ
1677 4452 1734 4510 δὲ
1781 4456 1918 4529 ὁμο-

264 4550 566 4625 λογοῦντες
595 4546 744 4616 Θεὸν,
773 4547 1062 4622 ἀρνοῦνται
1091 4543 1258 4603 αὐτοῦ
1285 4549 1388 4614 τῆς
1417 4543 1615 4619 σαρκὸς
1663 4544 1763 4613 τὴν
1796 4542 1918 4627 γέν-

343 4698 391 4733 ⁴²
418 4696 589 4753 Joan.
620 4712 699 4765 vr,
730 4696 823 4755 40.
906 4695 953 4737 ⁴⁸
979 4694 1149 4751 Joan.
1174 4709 1232 4760 x,
1265 4692 1354 4747 15.

353 4835 465 4909 (28)
497 4840 651 4909 $88.,
676 4833 769 4909 καὶ
797 4838 937 4909 ποῦ.-
959 4836 1022 4909 in
1054 4832 1231 4909 editis
1258 4829 1567 4909 agtdeesj.

368 4903 459 4974 29)
490 4903 646 4974 Sci,
674 4903 699 4961 ἔ

343 4909 459 4980 (29)
490 4909 645 4978 Seg.,
674 4909 699 4961 ἔ
778 4927 824 4964 ε.
860 4909 1077 4967 Ibidem
1115 4909 1246 4973 Seg.
1279 4909 1447 4959 Gobl.
1499 4909 1754 4958 Felckm.
1790 4909 1816 4956 1
1868 4909 1914 4957 ei

267 4984 329 5049 5,
363 4925 872 5054 ἐγείραντος.σέὂίᾑὶ
902 4987 953 5054 et
986 4976 1177 5054 caeteri
1209 4970 1914 5054 manuscripti,__tyeieov-

266 5044 667 5120 16¢.'lbidem,
709 5048 867 5103 αὐτόν
917 5050 1083 5104 deest
1130 5046 1188 5120 in
1237 5044 1585 5120 Anglicani}.
1625 5044 1756 5120 Mox
1785 5044 1913 5117 Seg.

269 5123 442 5181 Gobl.
478 5129 536 5178 et
564 5113 816 5193 Fel'ckm.
855 5123 904 5187 1,
959 5118 1307 5193 προεσήμανε
1331 5113 1434 5172 ’τό.
1677 5113 1918 5193 veroEt

268 5195 465 5252 caeteri
526 5192 932 5265 manuscripti,
980 5187 1913 5265 nposenpaive1o,_dubia__lectip.

268 5265 744 5342 Mox_An_gli_oan_._
760 5258 1208 5342 JSégueerObI;
1243 5267 1300 5316 et
1325 5258 1811 5342 Fe_lclrm;_l,ﬁnep
1840 5258 1915 5342 ᾡς

267 5335 484 5406 παρών.
517 5330 625 5393 Ubi
654 5330 880 5406 editiet
901 5334 1091 5406 σφισι-ἱ
1112 5332 1523 5406 manuscripti,
1554 5334 1678 5393 Πῶς
1708 5330 1915 5406 πειρῶν.

348 5384 349 5389 η
436 5359 484 5393 ν.
522 5357 625 5393 υοι
654 5357 794 5393 eam
824 5357 880 5391 et
901 5357 1091 5391 omnem
1113 5357 1523 5404 manuscrlpu,
1554 5357 1678 5393 ηως
1708 5357 1915 5406 παρων.

348 5357 460 5482 ὃὸ)
490 5407 688 5482 Basilﬂ
720 5404 1156 5482 ﬁﬁﬂOthptdts.
1198 5404 1358 5482 Infra
1404 5408 1660 5482 Seguer..
1687 5402 1916 5482 Anglic.

268 5470 508 5538 Goblér.
540 5485 599 5537 et
620 5470 832 5550 'F‘elck.
868 5470 1040 5548 1ῗκάὶ
1067 5473 1202 5550 αὕτη
1254 5470 1554 5550 γέγονενῘή
1579 5470 1754 5550 ⁸λύσις
1784 5470 1918 5550 (δεῖ

266 5570 464 5628 gnem,
496 5550 698 5624 λῦσις).
731 5548 840 5623 Alii
869 5544 1003 5606 cum
1038 5544 1247 5614 editis,
1269 5544 1279 5550 ’
1301 5544 1391 5600 καὶ
1438 5545 1608 5600 αὐτοῦ
1634 5544 1851 5622 γέγονεν
1883 5545 1919 5614 η

319 5624 458 5681 ύσις.

493 5695 646 5769 Ηωο,
677 5686 912 5769 ὄηαῄεῖς
937 5690 1031 5769 τὸν
1061 5686 1270 5769 κόλπον
1299 5690 1397 5741 τοῦ
1430 5686 1661 5769 Πατρός,
1696 5688 1927 5769 ρθρρῃι

276 5758 568 5837 ἱιιόἁῖιὶε,
600 5758 701 5823 sed
737 5764 1030 5837 habentur
1051 5762 1117 5837 _i_n
1146 5765 1383 5837 Seguer.
1431 5758 1658 5837 Anglic.
1690 5759 1925 5816 Gobler;

273 5846 343 5898 et
374 5825 566 5897 Felck:
598 5839 623 5894 1
650 5854 665 5907 ;
697 5837 800 5894 sed
832 5836 893 5892 in
925 5834 1147 5906 Anglic.
1180 5825 1310 5885 ὅηῖτα
1335 5825 1925 5903 ἀεθειῖεθευεικνειιο

598 5966 860 6027 Panos.
907 5962 1021 6024 Gn.
1067 5959 1284 6025 XXVI.

2030 3586 2140 3642 que
2170 3568 2391 3642 peccati
2423 3568 2887 3636 damnationem,
2912 3584 3100 3641 neque
3118 3569 3324 3627 mortis
3345 3570 3682 3627 dissolutio-

2030 3674 2187 3730 nem,
2211 3673 2400 3730 neque
2422 3657 2868 3713 resurrectionis
2890 3658 3678 3732 consummationem,neque

2032 3746 2200 3802 Verbi
2260 3744 2801 3802 immutabilitatem
2860 3747 3266 3804 demonstrare
3322 3747 3548 3815 valetis,
3612 3764 3679 3804 eo

2029 3834 2184 3906 quod
2217 3838 2378 3890 extra
2409 3851 2607 3890 sacras
2629 3834 2860 3906 Scriptu
2872 3851 2966 3891 ras
2992 3835 3683 3907 evagamini,ealoquen-

2029 3927 2116 3979 tes
2148 3938 2276 3994 qua
2305 3921 2505 3977 Ariani
2536 3921 2920 3978 cavillantur:
2955 3938 3090 3978 cum
3122 3928 3320 3979 tamen
3362 3924 3434 3979 de
3480 3924 3682 3980 anima

2031 4016 2229 4085 aperte
2252 4011 2312 4066 in
2334 4010 2518 4067 sacris
2538 4011 2858 4083 Scripturis
2884 4027 3078 4068 sermo
3099 4011 3387 4068 habeatur
3410 4028 3424 4067 :
3443 4016 3502 4069 et
3525 4028 3679 4069 uaco-

2032 4100 2231 4157 nomia
2259 4105 2672 4156 consummata
2691 4099 2790 4172 sit,
2808 4099 3083 4157 exhibitis
3106 4100 3382 4157 omnibus
3405 4117 3684 4158 consum-

2034 4190 2311 4247 mationis
2336 4188 2592 4245 indiciis.

2136 4368 2231 4423 18.
2272 4370 2449 4423 Porro
2480 4365 2889 4422 haereticorum
2927 4366 3049 4434 alii,
3090 4382 3225 4422 eum
3264 4367 3367 4440 qui
3409 4368 3572 4426 visus
3616 4385 3680 4427 es

2028 4456 2401 4526 conﬁtentes,
2433 4455 2564 4527 ejus
2593 4454 2880 4512 divinitati
2910 4471 3025 4512 non
3056 4456 3342 4514 credunt:
3396 4457 3495 4515 alii
3542 4474 3678 4517 vero

2030 4545 2131 4618 qui
2160 4544 2346 4601 Deum
2387 4545 2764 4614 confitentur,
2822 4545 3017 4601 carnis
3064 4547 3194 4618 ejus
3239 4548 3677 4621 generationem

1956 4839 2003 4904 Ι)
2035 4831 2347 4915 etgobler.
2381 4829 2619 4915 habent,
2668 4826 2799 4915 ὄντα
2837 4828 2950 4886 καί.
2981 4834 3122 4915 μοι
3175 4830 3338 4915 βῶοη
3365 4827 3563 4915 agna
3609 4833 3679 4906 τῇ

778 4927 824 4964 ε.
860 4906 1077 4967 Ibidem
1115 4904 1246 4973 Seg.
1279 4901 1447 4959 Gobl.
1496 4901 1816 4975 Belckm._i
1868 4905 1927 4958 et
1956 4900 1991 4904 ’
2036 4900 2154 4956 καθ’
2184 4918 2218 4956 a
2268 4902 2507 4975 heontio
2563 4902 2882 4975 Byzantino
2912 4903 3269 4975 Aaﬂ‘eruntur
3324 4903 3383 4975 in
3436 4903 3587 4963 libro
3640 4900 3682 4963 ιί

2036 4978 2239 5046 contra
2285 4972 2628 5046 Nestorium
2643 4980 2701 5033 et
2729 4973 3025 5046 Eutychen
3067 4991 3200 5030 cum
3257 4974 3421 5035 nulla
3459 4975 3679 5033 discre-

2024 5045 2268 5118 pantia:
2304 5044 2645 5118 ibidemrhic
2679 5046 2828 5102 liber
2846 5044 3097 5101 'vocatur
3127 5046 3425 5113 secundus
3473 5052 3681 5105 contra

2029 5114 2479 5189 Apollinarium.
2516 5114 2756 5187 Ibidem,
2790 5118 3031 5189 Seguer.
3064 5118 3284 5188 Anglic.
3338 5118 3576 5189 Gobler.
3619 5125 3676 5177 et

2027 5187 2308 5263 felck._i,
2339 5187 2431 5241 'Ev
2477 5206 2537 5242 τε
2583 5190 2652 5261 τῇ
2698 5189 2838 5251 καθ’.
2874 5187 3076 5244 Ῥευιο
3124 5187 3257 5262 pOst
3304 5190 3511 5263 iidem,
3563 5188 3676 5247 ἐκεῖ

2027 5256 2301 5385 διέγὶραψε.

2098 5332 2114 5385 l
2157 5331 2212 5385 2)
2243 5336 2301 5384 G1

2157 5331 2212 5402 2)
2229 5325 2473 5402 'Gobler.
2509 5334 2567 5385 et
2598 5328 2782 5402 Felck.
2821 5330 2871 5398 l,
2901 5325 3060 5402 λύσῃ.

2121 5332 2212 5402 32)
2243 5332 2473 5385 Gobler.
2509 5334 2567 5385 et
2598 5332 2782 5385 Felck.
2821 5332 2871 5398 Ι,
2902 5332 3060 5396 λύση.

2098 5332 2215 5485 (533)
2248 5401 2333 5456 Ita
2361 5406 2596 5473 Seguer.
2628 5401 2783 5457 Editi
2818 5418 2969 5471 vero,
2998 5386 3090 5456 aiat
3135 5402 3329 5481 τάφου,
3378 5420 3515 5469 cum
3560 5421 3669 5465 ce-

2027 5478 2170 5529 teris
2200 5488 2346 5527 mss.
3218 5478 3227 5481 '

2251 5540 2482 5620 Gobler.
2514 5542 2792 5620 e_t_Felck.
2826 5543 2879 5612 1,
2910 5539 3337 5620 ὁμολογοῦντες.

2251 5612 2508 5690 Anglia,
2536 5611 2811 5690 λέγοντες.

2106 5545 2126 5760 ἓ

2130 5686 2221 5759 36)
2253 5690 2342 5741 Ita
2372 5686 2637 5761 Seguer.,
2670 5701 2848 5761 quem
2899 5688 3069 5760 sequi
3114 5689 3309 5748 visum
3363 5695 3471 5751 est.
3526 5693 3682 5761 Editi

2038 5757 2174 5815 vero
2204 5757 2265 5814 et
2298 5757 2514 5829 cateri,
2533 5757 2905 5826 τελειότητος.
2982 5757 3002 5760 “
3599 5766 3605 5770 ’

3297 5960 3375 6024 87
