4048 6428
235 542 384 604 1165

1071 544 1455 607 EPISTULA
1498 546 1600 605 AD
1644 542 1922 605 JOANN.
1970 542 2069 603 ΕΤ
2114 541 2483 603 ANTIOCH.
2532 541 2806 603 PRESB.

3479 553 3640 615 “66

298 658 386 731 19.
420 672 655 733 Μάταιοι
694 673 785 731 οὖν
815 675 867 731 οἱ
896 676 964 749 τῇ
1006 674 1221 748 θεότητι
1272 675 1437 732 αὑτοῦ
1487 676 1660 741 πάθος
1706 696 1874 753 προσ-

2060 674 2145 731 19.
2168 674 2315 731 Vani
2348 674 2526 749 igitur
2554 679 2713 746 sunt,
2746 676 2846 750 qui
2879 680 2982 734 aut
3014 676 3303 738 divinitati
3336 685 3464 757 ejus
3502 703 3637 759 pas-

234 765 465 840 άγοντες,
496 765 532 834 ἢ
581 767 651 840 τῇ
699 763 1101 841 ἐνανθρωπήσει
1148 767 1258 840 (45)
1292 764 1456 821 αὑτοῦ
1507 766 1879 827 ἀπιστοῦντες.

230 852 264 923 ἢ
290 853 377 909 τὸν
408 850 501 908 ἕνα
532 851 627 909 δύο
672 852 944 931 λέγοντες,
976 853 1012 923 ἢ
1053 860 1155 924 τῆς
1204 855 1401 931 σαρκὸς
1450 854 1614 910 αὐτοῦ
1637 854 1736 923 τήν
1761 849 1878 908 δια-

242 941 494 1019 μέτρησιν
540 948 811 1008 ποιεῖσθαι
860 942 1296 1020 ἐπιχειροῦντες,
1339 941 1431 998 καὶ
1479 944 1541 998 τὸ
1589 943 1755 998 πόσον
1783 985 1798 1011 ,
1841 940 1878 1011 ἢ

230 1035 362 1099 πῶς,
396 1033 542 1107 παρᾶ
579 1034 675 1094 τὰς
722 1033 937 1110 Γραφὰς
986 1030 1163 1108 λέγειν
1211 1030 1553 1105 τολμῶντες.
1585 1030 1879 1092 Τοιαὺταις

229 1118 326 1196 γὰρ
378 1120 654 1183 ὑπονοίαις
709 1119 987 1191 ὠλίσθησε
1032 1124 1139 1175 τῶν
1191 1121 1477 1196 αἱρετικῶν
1525 1121 1560 1189 ὴ
1617 1117 1829 1174 διάνοια
1859 1137 1873 1150 ·

226 1210 544 1285 Μαρκίωνος
598 1211 691 1283 μὲν
740 1207 811 1265 δι’
865 1204 1171 1284 ὑπερϐολὴν
1210 1207 1564 1288 βλασφημίας
1609 1207 1882 1264 ἐιικλίναν-

222 1318 310 1360 τος
341 1300 475 1372 (46)·
512 1298 815 1375 Μανιχαίου
861 1296 919 1354 δὲ
964 1296 1034 1353 δι’
1083 1297 1341 1353 ὑπόνοιαν
1391 1295 1658 1374 ἁμαρτίας
1687 1297 1875 1375 ἕκτρα-

223 1387 431 1450 πέντος.
482 1385 842 1445 Οὐαλεντίνου
884 1384 942 1442 δὲ
991 1384 1080 1442 διὰ
1134 1387 1401 1465 πρόφασιν
1460 1387 1713 1462 γνώσεως
1761 1387 1874 1460 (47)

225 1474 611 1546 πλανηθέντος·
663 1481 760 1531 τοῦ
809 1474 867 1531 δὲ
919 1475 1283 1550 Σαμοσατὲως
1344 1474 1585 1547 Παύλου,
1638 1476 1730 1531 καὶ
1777 1479 1875 1531 τοῦ

228 1563 525 1640 λεγομένου
576 1569 874 1634 Φωτεινοῦ,
924 1564 1013 1619 καὶ
1055 1569 1163 1620 τῶν
1213 1566 1329 1620 κατ’
1377 1564 1591 1635 αὐτοὺς,
1645 1564 1714 1619 δι’
1755 1566 1877 1620 ἀπι-

228 1653 370 1708 στίαν
428 1654 684 1723 θεότητος
736 1648 1090 1709 ἐκπεσόντων·
1150 1652 1368 1731 ’Δρείου
1418 1651 1476 1709 δὶ
1544 1651 1634 1710 διὰ
1686 1652 1876 1728 μανίαν

226 1738 746 1822 ϐλασφημήσαντος.
781 1745 877 1799 Καὶ
929 1745 1111 1818 ὑμεῖς,
1158 1749 1278 1806 ταῖς
1319 1742 1537 1817 ὁμοίαις
1587 1745 1871 1821 χρώμενοι

223 1828 600 1907 παρατριϐαῖς,
657 1832 877 1889 λαλεῖτε
917 1836 984 1888 τὰ
1030 1835 1105 1907 μή
1156 1834 1502 1910 γεγραμμένα
1529 1876 1543 1903 ,
1595 1832 1875 1909 ἐκτρέπον-

223 1942 305 1984 τες
353 1921 479 1985 τοὺς
528 1922 907 1997 ἀστηρίκτους.
960 1924 1145 1999 Ἀρκεῖ
1192 1919 1249 1977 δὲ
1297 1926 1578 1978 πιστεῦσαι
1624 1926 1743 1986 τοῖς
1788 1943 1874 1998 γε·

222 2010 558 2087 γραμμὲνοις
601 2012 689 2067 καὶ
730 2011 1068 2088 γενομένοις,
1102 2011 1175 2075 ὥς
1227 2033 1388 2091 φησιν
1413 2013 1441 2067 ὁ
1481 2009 1712 2074 Παῦλος·
1745 2012 1874 2067 Καθ’
1902 2048 1949 2113 Β

225 2100 526 2174 ὁμοιότητα
572 2102 708 2155 κατὰ
750 2102 946 2171 πάντα,
995 2100 1171 2177 χωρὶς
1223 2099 1511 2175 ἁμαρτίας·
1557 2100 1647 2155 καὶ
1697 2101 1725 2155 ὁ
1765 2101 1868 2156 Πὲ-

224 2210 352 2266 τρος
411 2187 488 2244 δὲ·
534 2192 771 2266 Χριστοῦ
821 2188 927 2245 οὗψ
960 2189 1225 2253 παθόντος
1282 2189 1414 2265 ὑπὲρ
1462 2191 1624 2262 ἡμῶν
1666 2188 1868 2265 σαρκὶ,

224 2280 311 2334 καὶ
390 2280 543 2352 ὑμεῖς
620 2280 719 2348 τήν
798 2278 963 2348 αὐτὴν
1037 2274 1240 2334 ἔννοιαν
1323 2275 1703 2347 ὁπλίσασθαι,
1778 2279 1869 2334 καὶ

228 2370 302 2442 μή
361 2367 664 2443 περαιτέρω
746 2370 858 2443 (48)
944 2367 1347 2441 ἐκτεινομένους
1442 2369 1643 2422 ἀθετεῖν
1731 2365 1871 2437 ἁλή-

224 2459 391 2516 θειαν.

291 2585 338 2620 ⁸⁸
365 2583 540 2640 Hebr.
572 2600 649 2654 IV,
681 2584 768 2640 15.
844 2584 889 2618 ⁴⁶
919 2584 942 2639 Ι
973 2583 1123 2639 Petr.
1156 2600 1234 2651 1v,
1268 2583 1319 2638 1.

267 2710 413 2794 ~({15)
455 2711 810 2794 βεευειιητῇ
863 2706 1264 2784 ἀνθρωπότητι.
1316 2707 1428 2763 Alii
1483 2723 1618 2764 cum
1676 2706 1873 2775 editis,

231 2778 949 2939 τῗὶέἒῗῒὲεέὑιέτῗεὲοὺιθν.
1007 2857 1066 2907 et
1115 2849 1305 2907 Felck.
1360 2852 1411 2921 1,
1458 2845 1528 2903 δι’
1562 2842 1874 2924 ὑπερϐολὴν

231 2923 367 3069 si???)
380 2921 506 2995 μίας
527 2921 896 2983 ἐκκλίνοντος.
1134 2986 1137 2989 Α

325 2997 416 3068 47)
475 2997 716 3069 Seguer.
782 2995 971 3065 male,
1026 2991 1294 3069 πρόφασιν
1357 2991 1448 3047 ὲνιί

325 2989 416 3068 4³7)
475 2997 716 3070 Seguer.
782 2995 971 3065 male,
1026 2991 1294 3070 πρόφασιν
1357 2991 1639 3052 ὲνώσεως.
1719 2989 1879 3047 Intra

1990 764 2214 821 sionem
2247 764 2567 835 ascribunt,
2600 771 2700 822 aut
2749 766 3104 824 humanitati
3135 771 3265 842 ejus
3312 773 3489 832 ﬁdem
3520 792 3634 834 non

1989 852 2224 922 habent,
2262 857 2367 909 aut
2398 854 2497 926 qui
2530 870 2713 909 unum
2746 856 2896 912 duos
2927 873 3057 913 esse
3095 858 3301 916 dicunt
3332 878 3347 919 :
3381 864 3504 921 sive
3533 867 3635 938 qui

1989 941 2183 998 carnis
2214 943 2342 1014 ejus
2393 943 2823 1000 dimensionem
2854 945 3039 1002 facere
3081 954 3370 1006 conantur
3400 969 3413 1008 :
3446 958 3504 1008 et
3533 954 3635 1027 qui

1989 1035 2275 1103 quantum
2306 1035 2364 1087 et
2397 1033 2709 1104 quomodo,
2737 1037 2945 1105 praeter
2971 1036 3399 1108 Scripturarum
3432 1047 3635 1099 aucto~

1987 1119 2215 1176 ritatem
2245 1120 2503 1193 proferre
2524 1121 2764 1177 audent.
2790 1122 3140 1194 Hujusmodi
3161 1126 3316 1183 enim
3340 1129 3634 1201 opinioni-

1987 1208 2098 1264 bus
2155 1208 2563 1265 haereticorum
2621 1226 2789 1265 mens
2846 1211 3120 1285 prolapsa
3147 1218 3282 1270 est:
3345 1216 3635 1277 Marcione

1987 1301 2224 1370 propter
2293 1298 2742 1354 immoderatam
2818 1299 3245 1373 blasphemiam
3304 1322 3336 1359 a
3392 1308 3635 1366 veritate

1986 1385 2315 1442 declinante
2348 1402 2362 1442 :
2396 1386 2815 1459 Manichaao,ob
2847 1389 3068 1461 peccati
3098 1391 3433 1462 opinionem
3464 1397 3635 1453 sedu-

1985 1481 2075 1530 cto
2110 1493 2123 1531 :
2154 1473 2480 1545 Valentino,
2512 1492 2546 1530 a
2593 1475 2859 1545 scientia,
2914 1478 3001 1533 uti
3051 1480 3424 1555 causabatur,
3456 1486 3629 1541 sedu-

1983 1567 2075 1620 cto
2110 1581 2124 1620 :
2156 1563 2337 1620 Paulo
2368 1565 2787 1631 Samosatensi,
2821 1582 2953 1622 cum
2987 1583 3054 1624 eo
3084 1569 3185 1640 qui
3217 1569 3503 1628 Photinus
3533 1590 3630 1631 vo-

1984 1656 2170 1721 catur,
2203 1669 2270 1709 ac
2317 1669 2514 1708 eorum
2566 1654 2942 1727 sequacibus,
2975 1656 3048 1711 ob
3098 1656 3567 1718 incredulitatem
3598 1680 3633 1719 a

1983 1741 2199 1798 deitate
2227 1741 2640 1798 deﬁcientibus
2668 1760 2681 1798 :
2712 1744 2870 1814 Ario,
2890 1760 2994 1817 pro
3015 1745 3210 1802 furore
3231 1763 3338 1803 suo
3361 1748 3630 1823 blasphe-

1985 1833 2203 1886 mante.
2235 1829 2352 1886 Vos
2403 1834 2598 1887 autem
2652 1831 2945 1888 similibus
2995 1832 3088 1890 usi
3136 1835 3629 1909 cavillationibus,

1983 1934 2114 1991 quae
2136 1918 2355 1991 scripta
2377 1936 2491 1975 non
2515 1923 2657 1976 sunt
2676 1919 3011 1994 loquimini,
3042 1939 3224 1995 eoque
3249 1928 3423 1985 modo
3444 1929 3632 1986 imbe-

1983 2006 2147 2064 cillos
2162 2008 2442 2064 evertitis.
2473 2007 2702 2065 Sufﬁcit
2721 2010 2877 2066 enim
2904 2010 2978 2067 iis
2999 2028 3125 2084 quae
3148 2014 3366 2087 scripta
3385 2022 3444 2074 et
3466 2021 3632 2091 gesta

1977 2100 2121 2153 sunt
2156 2097 2412 2163 credere,
2444 2100 2509 2152 ut
2539 2098 2622 2153 ait
2668 2098 2887 2155 Paulus
2919 2114 2934 2156 :
2965 2101 3074 2158 Pro
3119 2104 3494 2163 similitudine
3528 2123 3634 2180 per

1979 2188 2189 2257 omnia,
2239 2186 2442 2258 absque
2481 2190 2695 2258 peccato
2727 2188 2793 2243 “.
2847 2187 3054 2246 Petrus
3101 2196 3298 2249 autem
3350 2211 3364 2250 :
3416 2194 3632 2253 Christo

1980 2276 2161 2346 igitur
2181 2291 2286 2347 pro
2312 2276 2469 2332 nobis
2495 2292 2661 2347 passo
2689 2278 2751 2332 in
2779 2294 2966 2347 carne,
2996 2283 3051 2336 et
3077 2296 3169 2337 vos
3197 2282 3383 2340 eadem
3411 2287 3625 2357 cogita-

1980 2368 2131 2421 tione
2161 2366 2464 2421 armamini
2492 2366 2558 2433 “,
2589 2371 2647 2422 et
2674 2383 2747 2423 ne
2777 2366 3026 2425 ulterius
3060 2368 3445 2441 inquirentes,
3475 2374 3626 2431 veri-

1981 2458 2164 2511 tatem
2194 2454 2509 2526 respuatis.

1986 2704 2167 2787 idem,
2194 2699 2511 2787 xairgﬁﬁﬁ
2546 2701 2847 2787 λεγομένου
2879 2705 3177 2787 Φωτιίνου..
3211 2711 3361 2781 Mox,
3392 2718 3635 2787 Seguer.

1987 2776 2310 2856 gobler.“et
2340 2776 2531 2856 Felck.
2567 2772 2724 2856 ιε’,δΐ
2751 2777 3001 2835 ἀπιστίαν
3032 2781 3302 2837 πεσόντων
3347 2772 3635 2856 δεότῆτος,

1989 2847 2192 2915 Iidem,
2208 2841 2315 2919 ﬁta
2346 2846 2535 2919 μανίαν
2572 2844 2734 2902 ιδίαν.

2059 2920 2170 2995 (48)
2204 2918 2291 2974 Ita
2322 2919 2561 2995 Segusr.
2622 2919 2798 2977 Basil.
2849 2921 3071 2995 Anglic.
3120 2925 3276 2983 Editi
3320 2941 3453 2985 vero
3495 2944 3631 2986 cum

1989 2988 2161 3059 aliis,
2176 2988 2507 3064 παραιτέῥω.
2678 3022 2683 3025 λ

1049 3345 1129 3406 ΙΝ
1173 3343 1380 3407 DUAS
1424 3342 1884 3416 SEQUENTES
1928 3340 2360 3405 EPISTOLAS
2406 3340 2798 3404 MONITUM.

305 3669 330 3702 ι
364 3649 577 3707 Eodem
609 3649 791 3705 ferme
818 3653 1101 3720 tempore,
1135 3646 1191 3701 id
1219 3650 1331 3716 est,
1362 3643 1451 3701 vel
1483 3644 1595 3701 sub
1624 3642 1801 3700 ﬁnem
1833 3643 1973 3700 anni
2001 3643 2128 3716 571,
2160 3644 2247 3701 vel
2277 3643 2515 3700 ideunte
2542 3644 2667 3712 372,
2700 3645 2949 3718 scriptas
2978 3647 3335 3705 arbitramur
3362 3650 3641 3723 epistolas

229 3739 305 3795 ad
335 3739 623 3795 Joannem
654 3742 710 3794 et
740 3736 1093 3793 Antiochum
1125 3743 1177 3790 et
1205 3734 1276 3789 ad
1309 3732 1636 3789 Palladium
1671 3748 1684 3788 :
1721 3732 1854 3801 hac,
1884 3737 1951 3789 ut
1999 3733 2276 3805 augurari
2322 3732 2477 3804 licet,
2526 3734 2848 3791 occasione.
2881 3735 3157 3806 Basilius,
3206 3742 3271 3793 ut
3316 3740 3639 3797 conditioni
3752 3798 3755 3801 ,

226 3831 564 3901 temporum
597 3844 726 3884 sese
772 3825 1262 3889 accommodaret,
1294 3823 1404 3879 etsi
1452 3822 1693 3895 Spiritui
1727 3826 1932 3878 sancto
1961 3838 2030 3877 ea
2059 3822 2258 3878 omnia
2304 3839 2429 3894 quas
2458 3822 2574 3879 Deo
2606 3823 2916 3880 convenire
2947 3831 3195 3897 possunt
3238 3828 3575 3899 ascriberet,
3607 3845 3641 3883 ι

230 3918 337 3974 Dei
368 3923 566 3975 tamen
599 3916 835 3973 nomine
863 3914 1217 3979 abstinebat,
1252 3928 1324 3968 ne
1371 3910 1742 3966 auditoribus
1771 3909 2181 3982 appellationis
2212 3910 2342 3981 ejus
2390 3910 2634 3967 insuetis
2665 3911 2967 3968 offensioni
3017 3914 3181 3969 foret.
3216 3915 3277 3970 Id
3325 3933 3460 3971 cum
3491 3933 3642 3989 aegre

233 4008 454 4064 ferrent
485 4006 756 4064 monachi
790 4002 1081 4072 nonnulli,
1113 4006 1170 4057 Β.
1203 4001 1506 4057 Doctorem
1551 4016 1618 4055 eo
1651 4000 1888 4055 nomine
1933 3999 2151 4072 ubique
2180 4000 2585 4069 traducebant,
2621 4016 2872 4072 quorum
2906 4002 2966 4056 in
3016 4002 3207 4074 prima
3257 4004 3506 4076 epistola
3536 4022 3640 4062 au-

232 4097 462 4153 daciam
494 4095 841 4168 gravissime
871 4092 1131 4148 retundit
1159 4088 1538 4146 Athanasius.
1571 4088 1634 4144 In
1665 4089 1925 4144 secunda
1952 4104 2085 4144 vero
2134 4087 2461 4144 Palladium
2494 4094 2714 4157 monet,
2747 4095 2812 4146 ut
2856 4091 3161 4147 monachis
3191 4091 3293 4164 qui
3340 4108 3429 4163 ea,
3461 4109 3639 4166 quam

231 4203 418 4259 supra
446 4185 724 4252 diximus,
757 4184 828 4239 de
858 4198 1036 4237 causa
1082 4195 1217 4236 cum
1248 4178 1464 4234 Basilio
1516 4178 1947 4251 disceptabant,
1979 4177 2423 4234 reconciliandae
2480 4179 2643 4250 pacis
2687 4186 2892 4236 auctor
2939 4185 3095 4236 esset
3127 4198 3141 4237 :
3174 4186 3541 4255 testaturque
3581 4200 3642 4239 se

232 4275 555 4332 admodum
589 4272 835 4344 probare
865 4271 1022 4343 piam
1056 4269 1217 4324 illam
1249 4266 1447 4323 Basilii
1476 4266 1937 4337 simulationem,
1976 4267 2073 4338 qui
2105 4283 2208 4339 pro
2239 4267 2609 4324 inﬁrmorum
2649 4267 2918 4337 utilitate,
2954 4269 3227 4326 inﬁrmus
3272 4275 3331 4327 et
3357 4270 3485 4344 ipse
3514 4272 3643 4329 efﬁ-

233 4368 467 4421 ceretur
500 4380 512 4419 :
548 4364 836 4418 memorat
866 4360 1008 4415 item
1058 4356 1369 4430 epistolam
1399 4356 1472 4412 ad
1503 4356 1666 4428 ipsos
1695 4372 1729 4411 a
1753 4370 1816 4411 se
1864 4354 2144 4429 scriptam
2190 4356 2534 4431 monachos,
2565 4373 2689 4429 quae
2717 4357 2840 4426 jam
2868 4362 3201 4430 temporum
3252 4359 3473 4431 injuria
3500 4376 3643 4418 nus-

232 4469 417 4527 quam
448 4457 655 4509 exstat.
687 4455 865 4507 Porro
897 4448 996 4521 qui
1027 4447 1146 4503 sint
1172 4448 1426 4503 Joannes
1457 4450 1515 4500 et
1550 4444 1899 4513 Antiochus,
1933 4444 2230 4502 Palladius
2276 4445 2440 4515 item,
2472 4446 2846 4504 Innocentius
2876 4452 2934 4504 et
2981 4448 3222 4506 Diauius
3279 4448 3375 4507 hic
3422 4466 3647 4509 memo-

233 4544 373 4611 rati,
406 4543 463 4598 in
502 4544 617 4598 Vita
645 4540 959 4608 Athanasii,
986 4541 1051 4593 ut
1080 4534 1328 4593 facultas
1352 4535 1484 4602 fert,
1516 4535 1763 4591 eruitur.
1800 4556 1822 4584 s

234 4725 345 4779 Τοῦ
404 4719 457 4777 ἰν
487 4733 501 4795 '_
517 4719 690 4795 ἁγίοις
740 4717 956 4795 ’Πατρρς
1002 4714 1188 4795 ᾑμῶν.
1224 4712 1622 4795 ΑΘΔΡΙᾼΣΙΟῘ
1652 4711 1888 4795 ,θρρχι-
1922 4718 1966 4786 ρ

316 4783 617 4866 επισκόπου
674 4783 1112 4866 Ἀλεξανδρείας,
1170 4783 1434 4866 ἐπιστολῂ
1490 4783 1892 4866 πρὺςΜΙΩᾹΝ-

315 4866 457 4924 ΝΗΝ
489 4863 578 4920 καὶ
606 4854 964 4921 ANTIOXON
991 4854 1119 4922 τοὺς
1149 4854 1545 4933 πρεσϐυτέρους
1580 4856 1713 4928 (49).

318 4988 630 5055 Ἀθανάσιος
682 4985 900 5061 Ἰωάννῃ
937 4985 1029 5041 καὶ
1075 4982 1371 5057 Ἀντιόχῳ,
1396 4981 1652 5053 τοῖς
1682 4980 1894 5055 ἀγαπη..

238 5086 361 5143 τοῖς
392 5080 531 5141 υἱοῖς
559 5077 650 5132 καὶ
681 5068 1202 5150 συμπρεσὸυτέροις,
1231 5068 1284 5125 ἐν
1318 5070 1506 5142 Κυρίῳ
1534 5067 1769 5144 χαίρειν.

321 5173 372 5227 1.
407 5168 648 5244 Ἐχάρην
689 5161 975 5237 δεξάμενος
1022 5162 1174 5236 ὑμῶν
1200 5159 1291 5214 καὶ
1335 5162 1429 5213 νῦν
1460 5156 1778 5227 ἂπιστολὴν,
1814 5158 1897 5212 ὅτι

248 5258 489 5336 μάλιστα
519 5256 624 5312 ἀπὸ
653 5250 1053 5330 Ἱεροσολύμων
1110 5247 1391 5336 ἐγρᾴψατε·
1434 5247 1524 5302 καὶ
1574 5247 1737 5336 χᾴριν
1772 5247 1900 5319 ὑμῖν

243 5334 390 5425 ἔχω,
421 5346 504 5403 ὅτι
535 5342 850 5416 ἐδηλώσατε
872 5339 995 5417 περὶ
1027 5344 1133 5395 τῶν
1177 5335 1449 5416 ἀδελφῶν,
1477 5341 1586 5392 τῶν
1632 5334 1745 5391 ἐκεῖ
1774 5356 1899 5390 συν-

245 5439 555 5515 αγομένων,
580 5434 670 5490 καὶ
718 5431 842 5508 περὶ
869 5435 977 5487 τῶν
1026 5426 1387 5515 βουλομένων
1430 5425 1697 5515 προφάσει
1732 5430 1899 5515 ζητη-

251 5513 443 5604 μάτων
471 5524 749 5601 ταράττειν
780 5520 907 5584 τοὺς
938 5516 1244 5595 ἀκεραίους.
1274 5514 1452 5572 Ἀλλὰ
1480 5514 1602 5586 περὶ
1645 5514 1739 5589 μὶν
1778 5513 1903 5569 τοῦ-

245 5640 363 5674 των
393 5611 817 5692 παραγγελλὲπω
848 5611 877 5665 ὁ
919 5605 1279 5675 Ἀπόστολος,
1314 5605 1404 5673 Μή
1454 5604 1744 5681 προσέχειν
1784 5608 1901 5666 τοῖς

354 5801 443 5872 49)
473 5796 609 5862 Τοὺς
639 5783 1042 5873 πρεσϐυτέρους
1072 5792 1236 5848 deest
1264 5790 1322 5845 in
1358 5787 1528 5856 Regio
1561 5791 1618 5843 et
1649 5785 1841 5870 Ifelclt.
1873 5786 1926 5841 3.

330 5802 446 5946 (50)
475 5871 606 5933 Τοῖς
639 5872 804 5928 deest
825 5869 885 5924 in
918 5865 1105 5924 Felck.
1138 5864 1191 5919 3.
1227 5862 1378 5935 Mox,
1406 5860 1547 5921 υἱοῖς
1575 5858 1790 5931 legitur
1814 5875 1871 5912 in
1896 5872 1925 5912 s

2006 4714 2155 4789 76;
2186 4713 2379 4789 Sancti
2407 4716 2587 4771 Patris
2614 4717 2793 4789 nostri
2840 4716 3225 4788 ATHANASII,
3257 4719 3655 4789 archiepiscopi

2070 4785 2448 4931 ﬂammis,
2470 4788 2705 4859 cpistola
2732 4789 2804 4845 ad
2829 4789 3149 4848 ΙΟΑΝΝΕΜ
3178 4785 3232 4848 et
3261 4785 3652 4850 ANTIOCHUM

2073 4983 2434 5039 Athanasius
2483 4983 2693 5039 Joanni
2720 4988 2778 5041 et
2830 4984 3141 5057 Antiocho,
3172 4985 3399 5043 dilectis
3430 4985 3570 5043 ﬁliis
3598 4990 3658 5043 et

2005 5071 2518 5145 compresbyteris,
2550 5073 2609 5127 in
2641 5073 2887 5129 Domino
2917 5073 3191 5130 salutem.

2080 5161 2378 5217 1.Missam
2405 5161 2581 5217 etiam
2608 5179 2763 5218 nunc
2784 5179 2818 5217 a
2837 5163 3003 5218 vobis
3026 5163 3335 5236 epistolam
3368 5164 3535 5222 laetus
3563 5182 3657 5222 ac-

2009 5248 2156 5321 cepi,
2192 5248 2445 5305 maxime
2474 5250 2612 5318 quia
2643 5250 3059 5323 Hierosolymis
3091 5252 3497 5325 scripsistis,et
3527 5269 3658 5326 gra-

2008 5340 2148 5394 tiam
2198 5337 2405 5404 habeo,
2452 5338 2605 5411 quod
2658 5340 2729 5395 de
2780 5339 3062 5396 fratribus
3111 5341 3244 5397 istic
3291 5341 3663 5414 congregatis

2009 5426 2316 5483 certiorem
2349 5443 2443 5482 me
2460 5427 2931 5498 fecistis,necnon
2957 5430 3028 5484 de
3057 5429 3129 5484 iis
3146 5431 3247 5501 qui
3270 5432 3662 5503 quaestionum

2012 5515 2434 5572 movendarum
2460 5516 2726 5587 obtentu,
2758 5516 3148 5589 simpliciores
3196 5520 3434 5576 turbare
3462 5521 3666 5576 nitun-

2011 5609 2128 5661 tur.
2163 5604 2269 5661 Sed
2310 5605 2381 5661 de
2429 5604 2502 5661 iis
2552 5606 2857 5681 praecipiat
2905 5607 3216 5679 Apostolus
3251 5625 3263 5665 :
3297 5608 3422 5666 Non
3472 5613 3666 5668 atten-

353 5856 446 5946 50')
475 5856 606 5933 Τοῖς
639 5856 804 5928 deest
825 5869 885 5924 in
914 5856 1105 5924 'Felck.
1138 5864 1191 5919 3.
1227 5862 1378 5935 Mox,
1406 5860 1547 5921 υἱοῖς
1575 5858 1790 5931 legitur
1814 5859 1871 5912 in
1896 5856 2020 5913 solo
2045 5856 2244 5931 Regio.
