  <div class='ocr_page' id='page_1' title='image "/cluster/home/n/w/nwhite01/storage/ocr_20150623/26/hvd.32044019208479/657.png"; bbox 0 0 4048 6412; ppageno 0'>
   <div class='ocr_carea' id='block_1_1' title="bbox 421 478 577 556">
    <p class='ocr_par' dir='ltr' id='par_1_1' title="bbox 421 478 577 556">
     <span class='ocr_line' id='line_1_1' title="bbox 421 478 577 556; baseline -0.013 -17"><span class='ocrx_word' id='word_1_1' title='bbox 421 478 577 556; x_wconf 69' lang='grc' dir='ltr'>ιιοτ</span> 
     </span>
    </p>
   </div>
   <div class='ocr_carea' id='block_1_2' title="bbox 973 470 3303 544">
    <p class='ocr_par' dir='ltr' id='par_1_2' title="bbox 973 470 3303 544">
     <span class='ocr_line' id='line_1_2' title="bbox 973 470 3303 544; baseline 0.001 -8"><span class='ocrx_word' id='word_1_2' title='bbox 973 477 1035 536; x_wconf 90' lang='lat' dir='ltr'><strong>S.</strong></span> <span class='ocrx_word' id='word_1_3' title='bbox 1085 473 1500 534; x_wconf 81' lang='lat' dir='ltr'><strong>ATHANASII</strong></span> <span class='ocrx_word' id='word_1_4' title='bbox 1550 471 1720 532; x_wconf 90' lang='lat' dir='ltr'><strong>OPP.</strong></span> <span class='ocrx_word' id='word_1_5' title='bbox 1774 470 1971 530; x_wconf 82' lang='lat' dir='ltr'><strong>PARS</strong></span> <span class='ocrx_word' id='word_1_6' title='bbox 2017 471 2062 529; x_wconf 89' lang='lat' dir='ltr'><strong>l.</strong></span> <span class='ocrx_word' id='word_1_7' title='bbox 2099 503 2174 513; x_wconf 95' lang='lat'><strong>—</strong></span> <span class='ocrx_word' id='word_1_8' title='bbox 2207 470 2628 536; x_wconf 78' lang='lat' dir='ltr'><strong>HISTORICA</strong></span> <span class='ocrx_word' id='word_1_9' title='bbox 2676 475 2774 536; x_wconf 85' lang='lat' dir='ltr'><strong>ET</strong></span> <span class='ocrx_word' id='word_1_10' title='bbox 2818 475 3303 544; x_wconf 79' lang='lat' dir='ltr'><strong>DOGMATICA.</strong></span> 
     </span>
    </p>
   </div>
   <div class='ocr_carea' id='block_1_3' title="bbox 3687 481 3833 554">
    <p class='ocr_par' dir='ltr' id='par_1_3' title="bbox 3687 481 3833 554">
     <span class='ocr_line' id='line_1_3' title="bbox 3687 481 3833 554; baseline 0.062 -8"><span class='ocrx_word' id='word_1_11' title='bbox 3687 481 3833 554; x_wconf 67' lang='lat' dir='ltr'><strong>H68</strong></span> 
     </span>
    </p>
   </div>
   <div class='ocr_carea' id='block_1_4' title="bbox 420 599 2057 686">
    <p class='ocr_par' dir='ltr' id='par_1_4' title="bbox 420 603 2057 680">
     <span class='ocr_line' id='line_1_4' title="bbox 420 603 2057 680; baseline -0.009 -9"><span class='ocrx_word' id='word_1_12' title='bbox 420 615 679 671; x_wconf 90' lang='lat' dir='ltr'><strong>dendum</strong></span> <span class='ocrx_word' id='word_1_13' title='bbox 711 607 1111 678; x_wconf 84' lang='lat' dir='ltr'><strong>contentiosis,</strong></span> <span class='ocrx_word' id='word_1_14' title='bbox 1146 623 1250 662; x_wconf 90' lang='lat' dir='ltr'><strong>nec</strong></span> <span class='ocrx_word' id='word_1_15' title='bbox 1283 606 1355 661; x_wconf 92' lang='lat' dir='ltr'><strong>iis</strong></span> <span class='ocrx_word' id='word_1_16' title='bbox 1406 606 1504 680; x_wconf 88' lang='lat' dir='ltr'><strong>qui</strong></span> <span class='ocrx_word' id='word_1_17' title='bbox 1538 603 1682 659; x_wconf 83' lang='lat' dir='ltr'><strong>nihil</strong></span> <span class='ocrx_word' id='word_1_18' title='bbox 1716 603 1871 658; x_wconf 91' lang='lat' dir='ltr'><strong>aliud</strong></span> <span class='ocrx_word' id='word_1_19' title='bbox 1914 619 2057 674; x_wconf 70' lang='lat' dir='ltr'><strong>quaa-</strong></span> 
     </span>
    </p>
   </div>
   <div class='ocr_carea' id='block_1_5' title="bbox 2173 599 3829 686">
    <p class='ocr_par' dir='ltr' id='par_1_5' title="bbox 2187 599 3829 686">
     <span class='ocr_line' id='line_1_5' title="bbox 2187 599 3829 686; baseline 0.007 -31"><span class='ocrx_word' id='word_1_20' title='bbox 2187 599 2592 679; x_wconf 87' lang='grc' dir='ltr'>λογομαχοῦσι,</span> <span class='ocrx_word' id='word_1_21' title='bbox 2623 607 2710 661; x_wconf 81' lang='grc' dir='ltr'><strong>καὶ</strong></span> <span class='ocrx_word' id='word_1_22' title='bbox 2749 603 2917 679; x_wconf 77' lang='grc' dir='ltr'>μηδὶν</span> <span class='ocrx_word' id='word_1_23' title='bbox 2969 604 3150 683; x_wconf 69' lang='grc' dir='ltr'>ἕτερον</span> <span class='ocrx_word' id='word_1_24' title='bbox 3202 612 3454 680; x_wconf 81' lang='grc' dir='ltr'>ζητοῦσιν</span> <span class='ocrx_word' id='word_1_25' title='bbox 3487 609 3524 680; x_wconf 76' lang='grc' dir='ltr'><strong>ἢ</strong></span> <span class='ocrx_word' id='word_1_26' title='bbox 3576 609 3753 686; x_wconf 85' lang='grc' dir='ltr'>λέγειν</span> <span class='ocrx_word' id='word_1_27' title='bbox 3781 633 3829 667; x_wconf 87' lang='grc' dir='ltr'><strong>τι</strong></span> 
     </span>
    </p>
   </div>
   <div class='ocr_carea' id='block_1_6' title="bbox 422 693 2140 780">
    <p class='ocr_par' dir='ltr' id='par_1_6' title="bbox 422 693 2140 780">
     <span class='ocr_line' id='line_1_6' title="bbox 422 693 2140 780; baseline -0.008 -18"><span class='ocrx_word' id='word_1_28' title='bbox 422 709 581 775; x_wconf 90' lang='lat' dir='ltr'><strong>runt,</strong></span> <span class='ocrx_word' id='word_1_29' title='bbox 610 719 788 780; x_wconf 83' lang='lat' dir='ltr'><strong>quam</strong></span> <span class='ocrx_word' id='word_1_30' title='bbox 824 701 951 756; x_wconf 92' lang='lat' dir='ltr'><strong>novi</strong></span> <span class='ocrx_word' id='word_1_31' title='bbox 1013 699 1309 772; x_wconf 83' lang='lat' dir='ltr'><strong>quidpiam</strong></span> <span class='ocrx_word' id='word_1_32' title='bbox 1343 697 1428 753; x_wconf 86' lang='lat' dir='ltr'><strong>vel</strong></span> <span class='ocrx_word' id='word_1_33' title='bbox 1489 697 1683 751; x_wconf 77' lang='lat' dir='ltr'><strong>dicere</strong></span> <span class='ocrx_word' id='word_1_34' title='bbox 1731 693 1816 748; x_wconf 84' lang='lat' dir='ltr'><strong>vel</strong></span> <span class='ocrx_word' id='word_1_35' title='bbox 1873 694 2077 749; x_wconf 86' lang='lat' dir='ltr'><strong>audire</strong></span> <span class='ocrx_word' id='word_1_36' title='bbox 2125 703 2140 716; x_wconf 84' lang='lat'>&#39;</span> 
     </span>
    </p>
   </div>
   <div class='ocr_carea' id='block_1_7' title="bbox 422 785 2070 865">
    <p class='ocr_par' dir='ltr' id='par_1_7' title="bbox 422 785 2070 865">
     <span class='ocr_line' id='line_1_7' title="bbox 422 785 2070 865; baseline -0.008 -14"><span class='ocrx_word' id='word_1_37' title='bbox 422 795 534 851; x_wconf 90' lang='lat' dir='ltr'><strong>Vos</strong></span> <span class='ocrx_word' id='word_1_38' title='bbox 556 800 750 865; x_wconf 86' lang='lat' dir='ltr'><strong>autem</strong></span> <span class='ocrx_word' id='word_1_39' title='bbox 784 793 884 865; x_wconf 89' lang='lat' dir='ltr'><strong>qui</strong></span> <span class='ocrx_word' id='word_1_40' title='bbox 917 790 1153 846; x_wconf 88' lang='lat' dir='ltr'><strong>ﬁrmum</strong></span> <span class='ocrx_word' id='word_1_41' title='bbox 1177 788 1406 842; x_wconf 77' lang='lat' dir='ltr'><strong>habetis</strong></span> <span class='ocrx_word' id='word_1_42' title='bbox 1440 785 2070 855; x_wconf 89' lang='lat' dir='ltr'><strong>fundamentum,quod</strong></span> 
     </span>
    </p>
   </div>
   <div class='ocr_carea' id='block_1_8' title="bbox 421 871 2072 947">
    <p class='ocr_par' dir='ltr' id='par_1_8' title="bbox 421 871 2072 947">
     <span class='ocr_line' id='line_1_8' title="bbox 421 871 2072 947; baseline -0.008 -7"><span class='ocrx_word' id='word_1_43' title='bbox 421 890 511 942; x_wconf 89' lang='lat' dir='ltr'><strong>est</strong></span> <span class='ocrx_word' id='word_1_44' title='bbox 540 883 806 940; x_wconf 79' lang='lat' dir='ltr'><strong>Christus</strong></span> <span class='ocrx_word' id='word_1_45' title='bbox 831 881 1113 936; x_wconf 88' lang='lat' dir='ltr'><strong>Dominus</strong></span> <span class='ocrx_word' id='word_1_46' title='bbox 1137 883 1356 947; x_wconf 86' lang='lat' dir='ltr'><strong>noster,</strong></span> <span class='ocrx_word' id='word_1_47' title='bbox 1391 894 1423 932; x_wconf 90' lang='lat' dir='ltr'><strong>a</strong></span> <span class='ocrx_word' id='word_1_48' title='bbox 1447 875 1836 946; x_wconf 87' lang='lat' dir='ltr'><strong>Patribusque</strong></span> <span class='ocrx_word' id='word_1_49' title='bbox 1865 871 2072 927; x_wconf 89' lang='lat' dir='ltr'><strong>verita-</strong></span> 
     </span>
    </p>
   </div>
   <div class='ocr_carea' id='block_1_9' title="bbox 420 958 2070 1040">
    <p class='ocr_par' dir='ltr' id='par_1_9' title="bbox 420 958 2070 1040">
     <span class='ocr_line' id='line_1_9' title="bbox 420 958 2070 1040; baseline -0.008 -11"><span class='ocrx_word' id='word_1_50' title='bbox 420 975 497 1030; x_wconf 89' lang='lat' dir='ltr'><strong>tis</strong></span> <span class='ocrx_word' id='word_1_51' title='bbox 543 958 968 1040; x_wconf 87' lang='lat' dir='ltr'><strong>confessionem</strong></span> <span class='ocrx_word' id='word_1_52' title='bbox 1026 967 1358 1040; x_wconf 88' lang='lat' dir='ltr'><strong>accepistis,</strong></span> <span class='ocrx_word' id='word_1_53' title='bbox 1406 963 1759 1021; x_wconf 89' lang='lat' dir='ltr'><strong>aversamini</strong></span> <span class='ocrx_word' id='word_1_54' title='bbox 1817 979 1915 1018; x_wconf 92' lang='lat' dir='ltr'><strong>eos</strong></span> <span class='ocrx_word' id='word_1_55' title='bbox 1973 962 2070 1032; x_wconf 91' lang='lat' dir='ltr'><strong>qui</strong></span> 
     </span>
    </p>
   </div>
   <div class='ocr_carea' id='block_1_10' title="bbox 420 1051 2073 1136">
    <p class='ocr_par' dir='ltr' id='par_1_10' title="bbox 420 1051 2073 1136">
     <span class='ocr_line' id='line_1_10' title="bbox 420 1051 2073 1136; baseline -0.008 -18"><span class='ocrx_word' id='word_1_56' title='bbox 420 1062 554 1136; x_wconf 91' lang='lat' dir='ltr'><strong>plus</strong></span> <span class='ocrx_word' id='word_1_57' title='bbox 589 1061 853 1132; x_wconf 83' lang='lat' dir='ltr'><strong>minusve</strong></span> <span class='ocrx_word' id='word_1_58' title='bbox 885 1074 1063 1130; x_wconf 86' lang='lat' dir='ltr'><strong>quam</strong></span> <span class='ocrx_word' id='word_1_59' title='bbox 1100 1055 1201 1111; x_wconf 88' lang='lat' dir='ltr'><strong>illa</strong></span> <span class='ocrx_word' id='word_1_60' title='bbox 1232 1056 1441 1110; x_wconf 79' lang='lat' dir='ltr'><strong>habeat</strong></span> <span class='ocrx_word' id='word_1_61' title='bbox 1475 1053 1631 1125; x_wconf 82' lang='lat' dir='ltr'><strong>loqui</strong></span> <span class='ocrx_word' id='word_1_62' title='bbox 1665 1051 1952 1107; x_wconf 87' lang='lat' dir='ltr'><strong>voluerint</strong></span> <span class='ocrx_word' id='word_1_63' title='bbox 1977 1067 1990 1106; x_wconf 89' lang='lat'>:</span> <span class='ocrx_word' id='word_1_64' title='bbox 2015 1056 2073 1106; x_wconf 92' lang='lat' dir='ltr'><strong>et</strong></span> 
     </span>
    </p>
   </div>
   <div class='ocr_carea' id='block_1_11' title="bbox 421 1137 2069 1222">
    <p class='ocr_par' dir='ltr' id='par_1_11' title="bbox 421 1137 2069 1222">
     <span class='ocr_line' id='line_1_11' title="bbox 421 1137 2069 1222; baseline -0.007 -17"><span class='ocrx_word' id='word_1_65' title='bbox 421 1137 638 1221; x_wconf 79' lang='lat' dir='ltr'><strong>majore</strong></span> <span class='ocrx_word' id='word_1_66' title='bbox 667 1165 845 1222; x_wconf 81' lang='lat' dir='ltr'><strong>Opera</strong></span> <span class='ocrx_word' id='word_1_67' title='bbox 895 1148 1138 1201; x_wconf 76' lang='lat' dir='ltr'><strong>fratrum</strong></span> <span class='ocrx_word' id='word_1_68' title='bbox 1191 1143 1506 1198; x_wconf 77' lang='lat' dir='ltr'><strong>utilitatem</strong></span> <span class='ocrx_word' id='word_1_69' title='bbox 1539 1148 1760 1208; x_wconf 78' lang='lat' dir='ltr'><strong>curate,</strong></span> <span class='ocrx_word' id='word_1_70' title='bbox 1796 1145 1857 1220; x_wconf 79' lang='lat' dir='ltr'><strong>ut</strong></span> <span class='ocrx_word' id='word_1_71' title='bbox 1891 1145 2069 1194; x_wconf 87' lang='lat' dir='ltr'><strong>[)eum</strong></span> 
     </span>
    </p>
   </div>
   <div class='ocr_carea' id='block_1_12' title="bbox 416 1215 2069 1308">
    <p class='ocr_par' dir='ltr' id='par_1_12' title="bbox 416 1215 2069 1308">
     <span class='ocr_line' id='line_1_12' title="bbox 416 1215 2069 1308; baseline -0.008 -14"><span class='ocrx_word' id='word_1_72' title='bbox 416 1215 800 1303; x_wconf 50' lang='lat' dir='ltr'><strong>illi-timeant,</strong></span> <span class='ocrx_word' id='word_1_73' title='bbox 833 1239 1118 1308; x_wconf 71' lang='lat' dir='ltr'><strong>prmcepta</strong></span> <span class='ocrx_word' id='word_1_74' title='bbox 1165 1233 1539 1298; x_wconf 83' lang='lat' dir='ltr'><strong>custodiant;</strong></span> <span class='ocrx_word' id='word_1_75' title='bbox 1574 1235 1636 1284; x_wconf 89' lang='lat' dir='ltr'><strong>ut</strong></span> <span class='ocrx_word' id='word_1_76' title='bbox 1683 1215 1830 1284; x_wconf 29' lang='lat' dir='ltr'><strong>cum.</strong></span> <span class='ocrx_word' id='word_1_77' title='bbox 1864 1245 1932 1282; x_wconf 86' lang='lat' dir='ltr'><strong>ex</strong></span> <span class='ocrx_word' id='word_1_78' title='bbox 1964 1229 2069 1282; x_wconf 91' lang='lat' dir='ltr'><strong>do-</strong></span> 
     </span>
    </p>
   </div>
   <div class='ocr_carea' id='block_1_13' title="bbox 414 1321 2066 1402">
    <p class='ocr_par' dir='ltr' id='par_1_13' title="bbox 414 1321 2066 1402">
     <span class='ocr_line' id='line_1_13' title="bbox 414 1321 2066 1402; baseline -0.008 -18"><span class='ocrx_word' id='word_1_79' title='bbox 414 1328 604 1402; x_wconf 82' lang='lat' dir='ltr'><strong>ctrina</strong></span> <span class='ocrx_word' id='word_1_80' title='bbox 634 1331 896 1393; x_wconf 85' lang='lat' dir='ltr'><strong>Patrum,</strong></span> <span class='ocrx_word' id='word_1_81' title='bbox 922 1329 1046 1379; x_wconf 90' lang='lat' dir='ltr'><strong>tum</strong></span> <span class='ocrx_word' id='word_1_82' title='bbox 1080 1341 1148 1379; x_wconf 87' lang='lat' dir='ltr'><strong>ex</strong></span> <span class='ocrx_word' id='word_1_83' title='bbox 1180 1321 1589 1393; x_wconf 71' lang='lat' dir='ltr'><strong>observatione</strong></span> <span class='ocrx_word' id='word_1_84' title='bbox 1623 1323 2066 1390; x_wconf 68' lang='lat' dir='ltr'><strong>praeceptorum,</strong></span> 
     </span>
    </p>
   </div>
   <div class='ocr_carea' id='block_1_14' title="bbox 415 1407 2069 1489">
    <p class='ocr_par' dir='ltr' id='par_1_14' title="bbox 415 1407 2069 1489">
     <span class='ocr_line' id='line_1_14' title="bbox 415 1407 2069 1489; baseline -0.006 -17"><span class='ocrx_word' id='word_1_85' title='bbox 415 1417 562 1489; x_wconf 88' lang='lat' dir='ltr'><strong>grati</strong></span> <span class='ocrx_word' id='word_1_86' title='bbox 595 1416 841 1472; x_wconf 91' lang='lat' dir='ltr'><strong>Domino</strong></span> <span class='ocrx_word' id='word_1_87' title='bbox 877 1415 932 1468; x_wconf 90' lang='lat' dir='ltr'><strong>in</strong></span> <span class='ocrx_word' id='word_1_88' title='bbox 957 1414 1049 1468; x_wconf 89' lang='lat' dir='ltr'><strong>die</strong></span> <span class='ocrx_word' id='word_1_89' title='bbox 1073 1411 1282 1482; x_wconf 89' lang='lat' dir='ltr'><strong>judicii</strong></span> <span class='ocrx_word' id='word_1_90' title='bbox 1315 1427 1375 1465; x_wconf 88' lang='lat' dir='ltr'><strong>se</strong></span> <span class='ocrx_word' id='word_1_91' title='bbox 1399 1410 1604 1464; x_wconf 84' lang='lat' dir='ltr'><strong>sistere</strong></span> <span class='ocrx_word' id='word_1_92' title='bbox 1636 1407 2069 1479; x_wconf 88' lang='lat' dir='ltr'><strong>possint.Valde</strong></span> 
     </span>
    </p>
   </div>
   <div class='ocr_carea' id='block_1_15' title="bbox 417 1495 2067 1568">
    <p class='ocr_par' dir='ltr' id='par_1_15' title="bbox 417 1495 2067 1568">
     <span class='ocr_line' id='line_1_15' title="bbox 417 1495 2067 1568; baseline -0.007 -7"><span class='ocrx_word' id='word_1_93' title='bbox 417 1510 610 1561; x_wconf 91' lang='lat' dir='ltr'><strong>autem</strong></span> <span class='ocrx_word' id='word_1_94' title='bbox 644 1505 825 1559; x_wconf 87' lang='lat' dir='ltr'><strong>miror</strong></span> <span class='ocrx_word' id='word_1_95' title='bbox 871 1502 1174 1558; x_wconf 89' lang='lat' dir='ltr'><strong>audaciam</strong></span> <span class='ocrx_word' id='word_1_96' title='bbox 1206 1515 1431 1560; x_wconf 90' lang='lat' dir='ltr'><strong>eorum,</strong></span> <span class='ocrx_word' id='word_1_97' title='bbox 1465 1497 1565 1568; x_wconf 88' lang='lat' dir='ltr'><strong>qui</strong></span> <span class='ocrx_word' id='word_1_98' title='bbox 1609 1495 1753 1551; x_wconf 85' lang='lat' dir='ltr'><strong>nihil</strong></span> <span class='ocrx_word' id='word_1_99' title='bbox 1811 1495 2067 1551; x_wconf 87' lang='lat' dir='ltr'><strong>reformi-</strong></span> 
     </span>
    </p>
   </div>
   <div class='ocr_carea' id='block_1_16' title="bbox 417 1583 2068 1648">
    <p class='ocr_par' dir='ltr' id='par_1_16' title="bbox 417 1583 2068 1648">
     <span class='ocr_line' id='line_1_16' title="bbox 417 1583 2068 1648; baseline -0.006 0"><span class='ocrx_word' id='word_1_100' title='bbox 417 1595 561 1648; x_wconf 89' lang='lat' dir='ltr'><strong>dant</strong></span> <span class='ocrx_word' id='word_1_101' title='bbox 591 1593 911 1648; x_wconf 86' lang='lat' dir='ltr'><strong>obtrectare</strong></span> <span class='ocrx_word' id='word_1_102' title='bbox 958 1590 1169 1645; x_wconf 87' lang='lat' dir='ltr'><strong>dilecto</strong></span> <span class='ocrx_word' id='word_1_103' title='bbox 1201 1593 1258 1644; x_wconf 90' lang='lat' dir='ltr'><strong>et</strong></span> <span class='ocrx_word' id='word_1_104' title='bbox 1292 1603 1420 1641; x_wconf 87' lang='lat' dir='ltr'><strong>vere</strong></span> <span class='ocrx_word' id='word_1_105' title='bbox 1454 1585 1549 1640; x_wconf 87' lang='lat' dir='ltr'><strong>Dei</strong></span> <span class='ocrx_word' id='word_1_106' title='bbox 1605 1583 1822 1639; x_wconf 84' lang='lat' dir='ltr'><strong>famulo</strong></span> <span class='ocrx_word' id='word_1_107' title='bbox 1856 1584 2068 1640; x_wconf 84' lang='lat' dir='ltr'><strong>Basilio</strong></span> 
     </span>
    </p>
   </div>
   <div class='ocr_carea' id='block_1_17' title="bbox 417 1665 2068 1754">
    <p class='ocr_par' dir='ltr' id='par_1_17' title="bbox 417 1665 2068 1754">
     <span class='ocr_line' id='line_1_17' title="bbox 417 1665 2068 1754; baseline -0.007 -17"><span class='ocrx_word' id='word_1_108' title='bbox 417 1665 707 1754; x_wconf 81' lang='lat' dir='ltr'><strong>episcopo.</strong></span> <span class='ocrx_word' id='word_1_109' title='bbox 732 1680 813 1735; x_wconf 83' lang='lat' dir='ltr'><strong>Ex</strong></span> <span class='ocrx_word' id='word_1_110' title='bbox 842 1677 1181 1750; x_wconf 89' lang='lat' dir='ltr'><strong>bujusmodi</strong></span> <span class='ocrx_word' id='word_1_111' title='bbox 1213 1677 1368 1732; x_wconf 89' lang='lat' dir='ltr'><strong>enim</strong></span> <span class='ocrx_word' id='word_1_112' title='bbox 1405 1674 1553 1729; x_wconf 80' lang='lat' dir='ltr'><strong>futili</strong></span> <span class='ocrx_word' id='word_1_113' title='bbox 1589 1673 1936 1744; x_wconf 80' lang='lat' dir='ltr'><strong>loquacitate</strong></span> <span class='ocrx_word' id='word_1_114' title='bbox 1967 1673 2068 1727; x_wconf 92' lang='lat' dir='ltr'><strong>de-</strong></span> 
     </span>
    </p>
   </div>
   <div class='ocr_carea' id='block_1_18' title="bbox 419 1761 2068 1844">
    <p class='ocr_par' dir='ltr' id='par_1_18' title="bbox 419 1761 2068 1844">
     <span class='ocr_line' id='line_1_18' title="bbox 419 1761 2068 1844; baseline -0.006 -18"><span class='ocrx_word' id='word_1_115' title='bbox 419 1761 701 1844; x_wconf 84' lang='lat' dir='ltr'><strong>prehendi</strong></span> <span class='ocrx_word' id='word_1_116' title='bbox 732 1768 961 1842; x_wconf 89' lang='lat' dir='ltr'><strong>poterit,</strong></span> <span class='ocrx_word' id='word_1_117' title='bbox 977 1784 1075 1842; x_wconf 89' lang='lat' dir='ltr'><strong>eos</strong></span> <span class='ocrx_word' id='word_1_118' title='bbox 1109 1783 1178 1822; x_wconf 93' lang='lat' dir='ltr'><strong>ne</strong></span> <span class='ocrx_word' id='word_1_119' title='bbox 1209 1767 1442 1820; x_wconf 89' lang='lat' dir='ltr'><strong>Patrum</strong></span> <span class='ocrx_word' id='word_1_120' title='bbox 1476 1763 1713 1834; x_wconf 87' lang='lat' dir='ltr'><strong>quidem</strong></span> <span class='ocrx_word' id='word_1_121' title='bbox 1747 1761 2068 1816; x_wconf 85' lang='lat' dir='ltr'><strong>confessio-</strong></span> 
     </span>
    </p>
   </div>
   <div class='ocr_carea' id='block_1_19' title="bbox 421 1850 2067 1932">
    <p class='ocr_par' dir='ltr' id='par_1_19' title="bbox 421 1850 2067 1932">
     <span class='ocr_line' id='line_1_19' title="bbox 421 1850 2067 1932; baseline -0.007 -18"><span class='ocrx_word' id='word_1_122' title='bbox 421 1875 554 1915; x_wconf 85' lang='lat' dir='ltr'><strong>nem</strong></span> <span class='ocrx_word' id='word_1_123' title='bbox 602 1858 862 1932; x_wconf 81' lang='lat' dir='ltr'><strong>diligere.</strong></span> <span class='ocrx_word' id='word_1_124' title='bbox 912 1856 1170 1911; x_wconf 85' lang='lat' dir='ltr'><strong>Salutate</strong></span> <span class='ocrx_word' id='word_1_125' title='bbox 1226 1854 1453 1909; x_wconf 83' lang='lat' dir='ltr'><strong>fratres.</strong></span> <span class='ocrx_word' id='word_1_126' title='bbox 1505 1851 1772 1906; x_wconf 88' lang='lat' dir='ltr'><strong>Salutant</strong></span> <span class='ocrx_word' id='word_1_127' title='bbox 1819 1867 1918 1905; x_wconf 91' lang='lat' dir='ltr'><strong>vos</strong></span> <span class='ocrx_word' id='word_1_128' title='bbox 1967 1850 2067 1920; x_wconf 91' lang='lat' dir='ltr'><strong>qui</strong></span> 
     </span>
    </p>
   </div>
   <div class='ocr_carea' id='block_1_20' title="bbox 418 1937 2066 2018">
    <p class='ocr_par' dir='ltr' id='par_1_20' title="bbox 418 1937 2066 2018">
     <span class='ocr_line' id='line_1_20' title="bbox 418 1937 2066 2018; baseline -0.006 -16"><span class='ocrx_word' id='word_1_129' title='bbox 418 1965 648 2006; x_wconf 91' lang='lat' dir='ltr'><strong>mecum</strong></span> <span class='ocrx_word' id='word_1_130' title='bbox 697 1952 856 2002; x_wconf 89' lang='lat' dir='ltr'><strong>sunt.</strong></span> <span class='ocrx_word' id='word_1_131' title='bbox 890 1947 1037 2018; x_wconf 83' lang='lat' dir='ltr'><strong>Opto</strong></span> <span class='ocrx_word' id='word_1_132' title='bbox 1086 1961 1185 1999; x_wconf 92' lang='lat' dir='ltr'><strong>vos</strong></span> <span class='ocrx_word' id='word_1_133' title='bbox 1217 1943 1407 1998; x_wconf 89' lang='lat' dir='ltr'><strong>valere</strong></span> <span class='ocrx_word' id='word_1_134' title='bbox 1459 1942 1516 1995; x_wconf 90' lang='lat' dir='ltr'><strong>in</strong></span> <span class='ocrx_word' id='word_1_135' title='bbox 1573 1939 1838 2006; x_wconf 90' lang='lat' dir='ltr'><strong>Domino,</strong></span> <span class='ocrx_word' id='word_1_136' title='bbox 1873 1937 2066 1994; x_wconf 88' lang='lat' dir='ltr'><strong>dilecti</strong></span> 
     </span>
    </p>
   </div>
   <div class='ocr_carea' id='block_1_21' title="bbox 416 2033 1044 2110">
    <p class='ocr_par' dir='ltr' id='par_1_21' title="bbox 416 2033 1044 2110">
     <span class='ocr_line' id='line_1_21' title="bbox 416 2033 1044 2110; baseline -0.008 -17"><span class='ocrx_word' id='word_1_137' title='bbox 416 2036 887 2110; x_wconf 86' lang='lat' dir='ltr'><strong>optatissimique</strong></span> <span class='ocrx_word' id='word_1_138' title='bbox 918 2033 1044 2088; x_wconf 77' lang='lat' dir='ltr'><strong>lilii.</strong></span> 
     </span>
    </p>
   </div>
   <div class='ocr_carea' id='block_1_22' title="bbox 411 2260 2069 2330">
    <p class='ocr_par' dir='ltr' id='par_1_22' title="bbox 411 2260 2069 2330">
     <span class='ocr_line' id='line_1_22' title="bbox 411 2260 2069 2330; baseline -0.006 -6"><span class='ocrx_word' id='word_1_139' title='bbox 411 2271 600 2325; x_wconf 75' lang='lat' dir='ltr'><strong>Sancti</strong></span> <span class='ocrx_word' id='word_1_140' title='bbox 678 2271 862 2323; x_wconf 71' lang='lat' dir='ltr'><strong>Patri:</strong></span> <span class='ocrx_word' id='word_1_141' title='bbox 927 2267 1105 2321; x_wconf 75' lang='lat' dir='ltr'><strong>nostri</strong></span> <span class='ocrx_word' id='word_1_142' title='bbox 1181 2262 1563 2318; x_wconf 64' lang='lat' dir='ltr'><em>ATIIANASH</em></span> <span class='ocrx_word' id='word_1_143' title='bbox 1592 2301 1605 2325; x_wconf 93' lang='lat'><strong>,</strong></span> <span class='ocrx_word' id='word_1_144' title='bbox 1672 2260 2069 2330; x_wconf 71' lang='lat' dir='ltr'><strong>archiepiscopi</strong></span> 
     </span>
    </p>
   </div>
   <div class='ocr_carea' id='block_1_23' title="bbox 481 2333 2065 2410">
    <p class='ocr_par' dir='ltr' id='par_1_23' title="bbox 481 2333 2065 2410">
     <span class='ocr_line' id='line_1_23' title="bbox 481 2333 2065 2410; baseline -0.008 -12"><span class='ocrx_word' id='word_1_145' title='bbox 481 2340 874 2410; x_wconf 69' lang='lat' dir='ltr'><strong>Alexandrini,</strong></span> <span class='ocrx_word' id='word_1_146' title='bbox 928 2338 1166 2409; x_wconf 75' lang='lat' dir='ltr'><strong>epistola</strong></span> <span class='ocrx_word' id='word_1_147' title='bbox 1211 2335 1286 2392; x_wconf 79' lang='lat' dir='ltr'><strong>ad</strong></span> <span class='ocrx_word' id='word_1_148' title='bbox 1338 2333 1738 2389; x_wconf 76' lang='lat' dir='ltr'><strong>PALLADIUM</strong></span> <span class='ocrx_word' id='word_1_149' title='bbox 1780 2333 2065 2402; x_wconf 76' lang='lat' dir='ltr'><strong>presbyte-</strong></span> 
     </span>
    </p>
   </div>
   <div class='ocr_carea' id='block_1_24' title="bbox 484 2429 630 2467">
    <p class='ocr_par' dir='ltr' id='par_1_24' title="bbox 484 2429 630 2467">
     <span class='ocr_line' id='line_1_24' title="bbox 484 2429 630 2467; baseline 0 0"><span class='ocrx_word' id='word_1_150' title='bbox 484 2429 630 2467; x_wconf 85' lang='lat' dir='ltr'><strong>rum.</strong></span> 
     </span>
    </p>
   </div>
   <div class='ocr_carea' id='block_1_25' title="bbox 482 2526 2061 2602">
    <p class='ocr_par' dir='ltr' id='par_1_25' title="bbox 482 2526 2061 2602">
     <span class='ocr_line' id='line_1_25' title="bbox 482 2526 2061 2602; baseline -0.006 -12"><span class='ocrx_word' id='word_1_151' title='bbox 482 2535 697 2591; x_wconf 87' lang='lat' dir='ltr'><strong>Dilecto</strong></span> <span class='ocrx_word' id='word_1_152' title='bbox 727 2534 848 2589; x_wconf 80' lang='lat' dir='ltr'><strong>lilio</strong></span> <span class='ocrx_word' id='word_1_153' title='bbox 879 2531 1134 2588; x_wconf 88' lang='lat' dir='ltr'><strong>Palladio</strong></span> <span class='ocrx_word' id='word_1_154' title='bbox 1165 2530 1520 2602; x_wconf 82' lang='lat' dir='ltr'><strong>presbytero,</strong></span> <span class='ocrx_word' id='word_1_155' title='bbox 1544 2528 1901 2583; x_wconf 80' lang='lat' dir='ltr'><strong>Athanasius</strong></span> <span class='ocrx_word' id='word_1_156' title='bbox 1934 2526 2061 2598; x_wconf 88' lang='lat' dir='ltr'><strong>epi-</strong></span> 
     </span>
    </p>
   </div>
   <div class='ocr_carea' id='block_1_26' title="bbox 413 2618 1322 2700">
    <p class='ocr_par' dir='ltr' id='par_1_26' title="bbox 413 2618 1322 2700">
     <span class='ocr_line' id='line_1_26' title="bbox 413 2618 1322 2700; baseline -0.012 -19"><span class='ocrx_word' id='word_1_157' title='bbox 413 2641 647 2696; x_wconf 88' lang='lat' dir='ltr'><strong>scopus,</strong></span> <span class='ocrx_word' id='word_1_158' title='bbox 677 2623 737 2678; x_wconf 88' lang='lat' dir='ltr'><strong>in</strong></span> <span class='ocrx_word' id='word_1_159' title='bbox 773 2620 1015 2700; x_wconf 86' lang='lat' dir='ltr'><strong>Domino</strong></span> <span class='ocrx_word' id='word_1_160' title='bbox 1047 2618 1322 2674; x_wconf 87' lang='lat' dir='ltr'><strong>salutem.</strong></span> 
     </span>
    </p>
   </div>
   <div class='ocr_carea' id='block_1_27' title="bbox 486 2705 2063 2788">
    <p class='ocr_par' dir='ltr' id='par_1_27' title="bbox 486 2705 2063 2788">
     <span class='ocr_line' id='line_1_27' title="bbox 486 2705 2063 2788; baseline -0.006 -18"><span class='ocrx_word' id='word_1_161' title='bbox 486 2712 863 2788; x_wconf 78' lang='lat' dir='ltr'><strong>l.Epistolam</strong></span> <span class='ocrx_word' id='word_1_162' title='bbox 879 2725 1108 2784; x_wconf 82' lang='lat' dir='ltr'><strong>quoque</strong></span> <span class='ocrx_word' id='word_1_163' title='bbox 1120 2713 1225 2764; x_wconf 90' lang='lat' dir='ltr'><strong>ate</strong></span> <span class='ocrx_word' id='word_1_164' title='bbox 1240 2724 1354 2762; x_wconf 89' lang='lat' dir='ltr'><strong>uno</strong></span> <span class='ocrx_word' id='word_1_165' title='bbox 1367 2706 1648 2778; x_wconf 82' lang='lat' dir='ltr'><strong>scriptam</strong></span> <span class='ocrx_word' id='word_1_166' title='bbox 1675 2705 2063 2761; x_wconf 82' lang='lat' dir='ltr'><strong>libentissime</strong></span> 
     </span>
    </p>
   </div>
   <div class='ocr_carea' id='block_1_28' title="bbox 412 2794 2062 2875">
    <p class='ocr_par' dir='ltr' id='par_1_28' title="bbox 412 2794 2062 2875">
     <span class='ocr_line' id='line_1_28' title="bbox 412 2794 2062 2875; baseline -0.007 -15"><span class='ocrx_word' id='word_1_167' title='bbox 412 2800 1024 2875; x_wconf 84' lang='lat' dir='ltr'><strong>accepi,potissimum</strong></span> <span class='ocrx_word' id='word_1_168' title='bbox 1059 2799 1196 2870; x_wconf 86' lang='lat' dir='ltr'><strong>quia</strong></span> <span class='ocrx_word' id='word_1_169' title='bbox 1226 2797 1398 2853; x_wconf 87' lang='lat' dir='ltr'><strong>solito</strong></span> <span class='ocrx_word' id='word_1_170' title='bbox 1431 2812 1591 2852; x_wconf 91' lang='lat' dir='ltr'><strong>more</strong></span> <span class='ocrx_word' id='word_1_171' title='bbox 1623 2799 1838 2850; x_wconf 88' lang='lat' dir='ltr'><strong>rectam</strong></span> <span class='ocrx_word' id='word_1_172' title='bbox 1871 2794 2062 2865; x_wconf 83' lang='lat' dir='ltr'><strong>spiras</strong></span> 
     </span>
    </p>
   </div>
   <div class='ocr_carea' id='block_1_29' title="bbox 410 2884 2059 2959">
    <p class='ocr_par' dir='ltr' id='par_1_29' title="bbox 410 2884 2059 2959">
     <span class='ocr_line' id='line_1_29' title="bbox 410 2884 2059 2959; baseline -0.005 -12"><span class='ocrx_word' id='word_1_173' title='bbox 410 2892 774 2959; x_wconf 77' lang='lat' dir='ltr'><strong>fidem.Quid</strong></span> <span class='ocrx_word' id='word_1_174' title='bbox 801 2906 988 2952; x_wconf 76' lang='lat' dir='ltr'><strong>caussa</strong></span> <span class='ocrx_word' id='word_1_175' title='bbox 1012 2889 1091 2945; x_wconf 90' lang='lat' dir='ltr'><strong>sit</strong></span> <span class='ocrx_word' id='word_1_176' title='bbox 1111 2891 1308 2948; x_wconf 86' lang='lat' dir='ltr'><strong>autem</strong></span> <span class='ocrx_word' id='word_1_177' title='bbox 1335 2886 1490 2956; x_wconf 89' lang='lat' dir='ltr'><strong>quod</strong></span> <span class='ocrx_word' id='word_1_178' title='bbox 1515 2901 1648 2940; x_wconf 87' lang='lat' dir='ltr'><strong>cum</strong></span> <span class='ocrx_word' id='word_1_179' title='bbox 1681 2884 1892 2942; x_wconf 85' lang='lat' dir='ltr'><strong>dilecto</strong></span> <span class='ocrx_word' id='word_1_180' title='bbox 1924 2899 2059 2939; x_wconf 90' lang='lat' dir='ltr'><strong>nos-</strong></span> 
     </span>
    </p>
   </div>
   <div class='ocr_carea' id='block_1_30' title="bbox 407 2975 2060 3050">
    <p class='ocr_par' dir='ltr' id='par_1_30' title="bbox 407 2975 2060 3050">
     <span class='ocr_line' id='line_1_30' title="bbox 407 2975 2060 3050; baseline -0.005 -14"><span class='ocrx_word' id='word_1_181' title='bbox 407 2987 498 3037; x_wconf 92' lang='lat' dir='ltr'><strong>tro</strong></span> <span class='ocrx_word' id='word_1_182' title='bbox 529 2980 865 3036; x_wconf 82' lang='lat' dir='ltr'><strong>Innocentio</strong></span> <span class='ocrx_word' id='word_1_183' title='bbox 899 2979 1101 3050; x_wconf 88' lang='lat' dir='ltr'><strong>degas,</strong></span> <span class='ocrx_word' id='word_1_184' title='bbox 1129 2993 1243 3031; x_wconf 88' lang='lat' dir='ltr'><strong>non</strong></span> <span class='ocrx_word' id='word_1_185' title='bbox 1279 2991 1434 3030; x_wconf 90' lang='lat' dir='ltr'><strong>nunc</strong></span> <span class='ocrx_word' id='word_1_186' title='bbox 1467 2975 1747 3046; x_wconf 89' lang='lat' dir='ltr'><strong>primum,</strong></span> <span class='ocrx_word' id='word_1_187' title='bbox 1780 2975 1878 3028; x_wconf 89' lang='lat' dir='ltr'><strong>sed</strong></span> <span class='ocrx_word' id='word_1_188' title='bbox 1908 2975 2060 3044; x_wconf 82' lang='lat' dir='ltr'><strong>jam-</strong></span> 
     </span>
    </p>
   </div>
   <div class='ocr_carea' id='block_1_31' title="bbox 404 3062 2063 3141">
    <p class='ocr_par' dir='ltr' id='par_1_31' title="bbox 404 3062 2063 3141">
     <span class='ocr_line' id='line_1_31' title="bbox 404 3062 2063 3141; baseline -0.006 -15"><span class='ocrx_word' id='word_1_189' title='bbox 404 3071 508 3126; x_wconf 90' lang='lat' dir='ltr'><strong>diu</strong></span> <span class='ocrx_word' id='word_1_190' title='bbox 539 3070 742 3138; x_wconf 87' lang='lat' dir='ltr'><strong>didici,</strong></span> <span class='ocrx_word' id='word_1_191' title='bbox 776 3069 1172 3141; x_wconf 85' lang='lat' dir='ltr'><strong>pietatemque</strong></span> <span class='ocrx_word' id='word_1_192' title='bbox 1225 3064 1461 3137; x_wconf 88' lang='lat' dir='ltr'><strong>probavi</strong></span> <span class='ocrx_word' id='word_1_193' title='bbox 1495 3069 1673 3118; x_wconf 86' lang='lat' dir='ltr'><strong>tuam.</strong></span> <span class='ocrx_word' id='word_1_194' title='bbox 1708 3063 1850 3117; x_wconf 88' lang='lat' dir='ltr'><strong>Cum</strong></span> <span class='ocrx_word' id='word_1_195' title='bbox 1886 3062 2063 3133; x_wconf 83' lang='lat' dir='ltr'><strong>igitur</strong></span> 
     </span>
    </p>
   </div>
   <div class='ocr_carea' id='block_1_32' title="bbox 399 3150 2059 3224">
    <p class='ocr_par' dir='ltr' id='par_1_32' title="bbox 399 3150 2059 3224">
     <span class='ocr_line' id='line_1_32' title="bbox 399 3150 2059 3224; baseline -0.006 -9"><span class='ocrx_word' id='word_1_196' title='bbox 399 3159 509 3214; x_wconf 90' lang='lat' dir='ltr'><strong>hoc</strong></span> <span class='ocrx_word' id='word_1_197' title='bbox 539 3159 806 3214; x_wconf 88' lang='lat' dir='ltr'><strong>instituto</strong></span> <span class='ocrx_word' id='word_1_198' title='bbox 863 3156 1076 3224; x_wconf 87' lang='lat' dir='ltr'><strong>utaris,</strong></span> <span class='ocrx_word' id='word_1_199' title='bbox 1112 3154 1388 3218; x_wconf 88' lang='lat' dir='ltr'><strong>rescribe,</strong></span> <span class='ocrx_word' id='word_1_200' title='bbox 1434 3151 1720 3222; x_wconf 88' lang='lat' dir='ltr'><strong>nobisque</strong></span> <span class='ocrx_word' id='word_1_201' title='bbox 1771 3150 2059 3222; x_wconf 83' lang='lat' dir='ltr'><strong>signiﬁca,</strong></span> 
     </span>
    </p>
   </div>
   <div class='ocr_carea' id='block_1_33' title="bbox 401 3239 2061 3320">
    <p class='ocr_par' dir='ltr' id='par_1_33' title="bbox 401 3239 2061 3320">
     <span class='ocr_line' id='line_1_33' title="bbox 401 3239 2061 3320; baseline -0.007 -16"><span class='ocrx_word' id='word_1_202' title='bbox 401 3247 543 3320; x_wconf 89' lang='lat' dir='ltr'><strong>quid</strong></span> <span class='ocrx_word' id='word_1_203' title='bbox 577 3249 786 3303; x_wconf 82' lang='lat' dir='ltr'><strong>fratres</strong></span> <span class='ocrx_word' id='word_1_204' title='bbox 817 3246 918 3319; x_wconf 90' lang='lat' dir='ltr'><strong>qui</strong></span> <span class='ocrx_word' id='word_1_205' title='bbox 951 3244 1084 3300; x_wconf 89' lang='lat' dir='ltr'><strong>istic</strong></span> <span class='ocrx_word' id='word_1_206' title='bbox 1113 3247 1443 3310; x_wconf 88' lang='lat' dir='ltr'><strong>versantur,</strong></span> <span class='ocrx_word' id='word_1_207' title='bbox 1479 3240 1618 3312; x_wconf 91' lang='lat' dir='ltr'><strong>quid</strong></span> <span class='ocrx_word' id='word_1_208' title='bbox 1657 3240 1920 3294; x_wconf 87' lang='lat' dir='ltr'><strong>veritatis</strong></span> <span class='ocrx_word' id='word_1_209' title='bbox 1949 3239 2061 3293; x_wconf 90' lang='lat' dir='ltr'><strong>ini-</strong></span> 
     </span>
    </p>
   </div>
   <div class='ocr_carea' id='block_1_34' title="bbox 403 3328 2132 3438">
    <p class='ocr_par' dir='ltr' id='par_1_34' title="bbox 403 3328 2132 3438">
     <span class='ocr_line' id='line_1_34' title="bbox 403 3328 2132 3438; baseline -0.005 -46"><span class='ocrx_word' id='word_1_210' title='bbox 403 3336 538 3392; x_wconf 87' lang='lat' dir='ltr'><strong>mici</strong></span> <span class='ocrx_word' id='word_1_211' title='bbox 570 3337 640 3391; x_wconf 93' lang='lat' dir='ltr'><strong>de</strong></span> <span class='ocrx_word' id='word_1_212' title='bbox 663 3335 832 3391; x_wconf 91' lang='lat' dir='ltr'><strong>nobis</strong></span> <span class='ocrx_word' id='word_1_213' title='bbox 852 3335 1126 3406; x_wconf 87' lang='lat' dir='ltr'><strong>cogitent.</strong></span> <span class='ocrx_word' id='word_1_214' title='bbox 1165 3333 1324 3398; x_wconf 86' lang='lat' dir='ltr'><strong>Quod</strong></span> <span class='ocrx_word' id='word_1_215' title='bbox 1351 3335 1545 3385; x_wconf 86' lang='lat' dir='ltr'><strong>autem</strong></span> <span class='ocrx_word' id='word_1_216' title='bbox 1575 3332 1646 3382; x_wconf 90' lang='lat' dir='ltr'><strong>de</strong></span> <span class='ocrx_word' id='word_1_217' title='bbox 1681 3328 2058 3438; x_wconf 56' lang='lat' dir='ltr'><strong>‘Uesariensi-</strong></span> <span class='ocrx_word' id='word_1_218' title='bbox 2090 3373 2132 3438; x_wconf 64' lang='grc' dir='ltr'>Ο</span> 
     </span>
    </p>
   </div>
   <div class='ocr_carea' id='block_1_35' title="bbox 403 3416 2058 3495">
    <p class='ocr_par' dir='ltr' id='par_1_35' title="bbox 403 3416 2058 3495">
     <span class='ocr_line' id='line_1_35' title="bbox 403 3416 2058 3495; baseline -0.004 -15"><span class='ocrx_word' id='word_1_219' title='bbox 403 3426 516 3480; x_wconf 88' lang='lat' dir='ltr'><strong>bus</strong></span> <span class='ocrx_word' id='word_1_220' title='bbox 546 3423 850 3480; x_wconf 85' lang='lat' dir='ltr'><strong>monachis</strong></span> <span class='ocrx_word' id='word_1_221' title='bbox 875 3420 1520 3495; x_wconf 86' lang='lat' dir='ltr'><strong>signiﬁcasti,idipsum</strong></span> <span class='ocrx_word' id='word_1_222' title='bbox 1553 3435 1586 3473; x_wconf 92' lang='lat' dir='ltr'><strong>a</strong></span> <span class='ocrx_word' id='word_1_223' title='bbox 1616 3416 1826 3472; x_wconf 90' lang='lat' dir='ltr'><strong>dilecto</strong></span> <span class='ocrx_word' id='word_1_224' title='bbox 1860 3422 2058 3473; x_wconf 87' lang='lat' dir='ltr'><strong>nostro</strong></span> 
     </span>
    </p>
   </div>
   <div class='ocr_carea' id='block_1_36' title="bbox 407 3507 2057 3584">
    <p class='ocr_par' dir='ltr' id='par_1_36' title="bbox 407 3507 2057 3584">
     <span class='ocr_line' id='line_1_36' title="bbox 407 3507 2057 3584; baseline -0.005 -15"><span class='ocrx_word' id='word_1_225' title='bbox 407 3512 611 3569; x_wconf 86' lang='lat' dir='ltr'><strong>Dianio</strong></span> <span class='ocrx_word' id='word_1_226' title='bbox 642 3512 881 3584; x_wconf 87' lang='lat' dir='ltr'><strong>accepi:</strong></span> <span class='ocrx_word' id='word_1_227' title='bbox 917 3511 1179 3566; x_wconf 88' lang='lat' dir='ltr'><strong>infensos</strong></span> <span class='ocrx_word' id='word_1_228' title='bbox 1231 3507 1453 3564; x_wconf 89' lang='lat' dir='ltr'><strong>scilicet</strong></span> <span class='ocrx_word' id='word_1_229' title='bbox 1497 3507 1656 3578; x_wconf 91' lang='lat' dir='ltr'><strong>ipsos</strong></span> <span class='ocrx_word' id='word_1_230' title='bbox 1703 3521 1832 3560; x_wconf 88' lang='lat' dir='ltr'><strong>esse</strong></span> <span class='ocrx_word' id='word_1_231' title='bbox 1881 3513 2057 3576; x_wconf 87' lang='lat' dir='ltr'><strong>atque</strong></span> 
     </span>
    </p>
   </div>
   <div class='ocr_carea' id='block_1_37' title="bbox 405 3594 2058 3676">
    <p class='ocr_par' dir='ltr' id='par_1_37' title="bbox 405 3594 2058 3676">
     <span class='ocr_line' id='line_1_37' title="bbox 405 3594 2058 3676; baseline -0.004 -19"><span class='ocrx_word' id='word_1_232' title='bbox 405 3602 690 3676; x_wconf 81' lang='lat' dir='ltr'><strong>obsistere</strong></span> <span class='ocrx_word' id='word_1_233' title='bbox 721 3600 930 3656; x_wconf 89' lang='lat' dir='ltr'><strong>dilecto</strong></span> <span class='ocrx_word' id='word_1_234' title='bbox 962 3598 1131 3670; x_wconf 85' lang='lat' dir='ltr'><strong>nobis</strong></span> <span class='ocrx_word' id='word_1_235' title='bbox 1183 3596 1396 3652; x_wconf 89' lang='lat' dir='ltr'><strong>Basilio</strong></span> <span class='ocrx_word' id='word_1_236' title='bbox 1427 3595 1720 3669; x_wconf 90' lang='lat' dir='ltr'><strong>episcopo.</strong></span> <span class='ocrx_word' id='word_1_237' title='bbox 1757 3594 1869 3649; x_wconf 87' lang='lat' dir='ltr'><strong>Titi</strong></span> <span class='ocrx_word' id='word_1_238' title='bbox 1902 3601 2058 3672; x_wconf 88' lang='lat' dir='ltr'><strong>certe</strong></span> 
     </span>
    </p>
   </div>
   <div class='ocr_carea' id='block_1_38' title="bbox 405 3684 2054 3765">
    <p class='ocr_par' dir='ltr' id='par_1_38' title="bbox 405 3684 2054 3765">
     <span class='ocr_line' id='line_1_38' title="bbox 405 3684 2054 3765; baseline -0.007 -17"><span class='ocrx_word' id='word_1_239' title='bbox 405 3693 506 3763; x_wconf 90' lang='lat' dir='ltr'><strong>qui</strong></span> <span class='ocrx_word' id='word_1_240' title='bbox 539 3707 668 3765; x_wconf 76' lang='lat' dir='ltr'><strong>rem</strong></span> <span class='ocrx_word' id='word_1_241' title='bbox 709 3690 981 3746; x_wconf 88' lang='lat' dir='ltr'><strong>indicasti</strong></span> <span class='ocrx_word' id='word_1_242' title='bbox 1015 3688 1265 3762; x_wconf 86' lang='lat' dir='ltr'><strong>gratiam</strong></span> <span class='ocrx_word' id='word_1_243' title='bbox 1316 3686 1540 3754; x_wconf 88' lang='lat' dir='ltr'><strong>habeo;</strong></span> <span class='ocrx_word' id='word_1_244' title='bbox 1572 3684 1690 3739; x_wconf 88' lang='lat' dir='ltr'><strong>illis</strong></span> <span class='ocrx_word' id='word_1_245' title='bbox 1740 3699 1894 3751; x_wconf 88' lang='lat' dir='ltr'><strong>vero,</strong></span> <span class='ocrx_word' id='word_1_246' title='bbox 1927 3698 2054 3754; x_wconf 65' lang='lat' dir='ltr'><strong>quae</strong></span> 
     </span>
    </p>
   </div>
   <div class='ocr_carea' id='block_1_39' title="bbox 411 3773 2058 3856">
    <p class='ocr_par' dir='ltr' id='par_1_39' title="bbox 411 3773 2058 3856">
     <span class='ocr_line' id='line_1_39' title="bbox 411 3773 2058 3856; baseline -0.005 -20"><span class='ocrx_word' id='word_1_247' title='bbox 411 3779 871 3856; x_wconf 40' lang='lat' dir='ltr'><strong>decu.i.t,scripsi,</strong></span> <span class='ocrx_word' id='word_1_248' title='bbox 895 3784 960 3833; x_wconf 88' lang='lat' dir='ltr'><strong>ut</strong></span> <span class='ocrx_word' id='word_1_249' title='bbox 987 3776 1146 3834; x_wconf 88' lang='lat' dir='ltr'><strong>velut</strong></span> <span class='ocrx_word' id='word_1_250' title='bbox 1178 3775 1281 3829; x_wconf 86' lang='lat' dir='ltr'><strong>lilii</strong></span> <span class='ocrx_word' id='word_1_251' title='bbox 1315 3775 1462 3848; x_wconf 85' lang='lat' dir='ltr'><strong>patri</strong></span> <span class='ocrx_word' id='word_1_252' title='bbox 1494 3773 1918 3845; x_wconf 90' lang='lat' dir='ltr'><strong>obsequantur,</strong></span> <span class='ocrx_word' id='word_1_253' title='bbox 1953 3788 2058 3827; x_wconf 89' lang='lat' dir='ltr'><strong>nec</strong></span> 
     </span>
    </p>
   </div>
   <div class='ocr_carea' id='block_1_40' title="bbox 410 3859 2056 3947">
    <p class='ocr_par' dir='ltr' id='par_1_40' title="bbox 410 3859 2056 3947">
     <span class='ocr_line' id='line_1_40' title="bbox 410 3859 2056 3947; baseline -0.007 -22"><span class='ocrx_word' id='word_1_254' title='bbox 410 3875 736 3947; x_wconf 83' lang='lat' dir='ltr'><strong>repugnent</strong></span> <span class='ocrx_word' id='word_1_255' title='bbox 765 3867 838 3923; x_wconf 90' lang='lat' dir='ltr'><strong>iis</strong></span> <span class='ocrx_word' id='word_1_256' title='bbox 871 3883 998 3939; x_wconf 65' lang='lat' dir='ltr'><strong>qua:</strong></span> <span class='ocrx_word' id='word_1_257' title='bbox 1027 3865 1314 3936; x_wconf 85' lang='lat' dir='ltr'><strong>approbat</strong></span> <span class='ocrx_word' id='word_1_258' title='bbox 1345 3862 1612 3917; x_wconf 86' lang='lat' dir='ltr'><strong>ille.Nam</strong></span> <span class='ocrx_word' id='word_1_259' title='bbox 1647 3862 1695 3916; x_wconf 90' lang='lat' dir='ltr'><strong>si</strong></span> <span class='ocrx_word' id='word_1_260' title='bbox 1723 3863 1880 3916; x_wconf 87' lang='lat' dir='ltr'><strong>circa</strong></span> <span class='ocrx_word' id='word_1_261' title='bbox 1909 3859 2056 3915; x_wconf 89' lang='lat' dir='ltr'><strong>veri-</strong></span> 
     </span>
    </p>
   </div>
   <div class='ocr_carea' id='block_1_41' title="bbox 408 3951 2053 4030">
    <p class='ocr_par' dir='ltr' id='par_1_41' title="bbox 408 3951 2053 4030">
     <span class='ocr_line' id='line_1_41' title="bbox 408 3951 2053 4030; baseline -0.006 -16"><span class='ocrx_word' id='word_1_262' title='bbox 408 3964 584 4016; x_wconf 81' lang='lat' dir='ltr'><strong>tatem</strong></span> <span class='ocrx_word' id='word_1_263' title='bbox 637 3963 948 4030; x_wconf 86' lang='lat' dir='ltr'><strong>suspectus</strong></span> <span class='ocrx_word' id='word_1_264' title='bbox 999 3955 1094 4009; x_wconf 89' lang='lat' dir='ltr'><strong>ille</strong></span> <span class='ocrx_word' id='word_1_265' title='bbox 1139 3957 1312 4020; x_wconf 88' lang='lat' dir='ltr'><strong>esset,</strong></span> <span class='ocrx_word' id='word_1_266' title='bbox 1360 3958 1514 4006; x_wconf 92' lang='lat' dir='ltr'><strong>recte</strong></span> <span class='ocrx_word' id='word_1_267' title='bbox 1565 3955 1931 4022; x_wconf 81' lang='lat' dir='ltr'><strong>pugnarent;</strong></span> <span class='ocrx_word' id='word_1_268' title='bbox 1964 3951 2053 4004; x_wconf 85' lang='lat' dir='ltr'><strong>sin</strong></span> 
     </span>
    </p>
   </div>
   <div class='ocr_carea' id='block_1_42' title="bbox 407 4039 2053 4116">
    <p class='ocr_par' dir='ltr' id='par_1_42' title="bbox 407 4039 2053 4116">
     <span class='ocr_line' id='line_1_42' title="bbox 407 4039 2053 4116; baseline -0.005 -14"><span class='ocrx_word' id='word_1_269' title='bbox 407 4048 732 4116; x_wconf 82' lang='lat' dir='ltr'><strong>conﬁdunt,</strong></span> <span class='ocrx_word' id='word_1_270' title='bbox 766 4053 829 4101; x_wconf 90' lang='lat' dir='ltr'><strong>ut</strong></span> <span class='ocrx_word' id='word_1_271' title='bbox 858 4061 965 4102; x_wconf 89' lang='lat' dir='ltr'><strong>nos</strong></span> <span class='ocrx_word' id='word_1_272' title='bbox 995 4045 1368 4104; x_wconf 79' lang='lat' dir='ltr'><strong>conﬁdimus,</strong></span> <span class='ocrx_word' id='word_1_273' title='bbox 1403 4057 1531 4096; x_wconf 89' lang='lat' dir='ltr'><strong>esse</strong></span> <span class='ocrx_word' id='word_1_274' title='bbox 1565 4041 1733 4094; x_wconf 91' lang='lat' dir='ltr'><strong>illum</strong></span> <span class='ocrx_word' id='word_1_275' title='bbox 1770 4040 1921 4116; x_wconf 66' lang='grc'><strong>764</strong></span> <span class='ocrx_word' id='word_1_276' title='bbox 1951 4039 2053 4093; x_wconf 85' lang='lat' dir='ltr'><strong>Eo-</strong></span> 
     </span>
    </p>
   </div>
   <div class='ocr_carea' id='block_1_43' title="bbox 405 4128 2052 4208">
    <p class='ocr_par' dir='ltr' id='par_1_43' title="bbox 405 4128 2052 4208">
     <span class='ocr_line' id='line_1_43' title="bbox 405 4128 2052 4208; baseline -0.007 -16"><span class='ocrx_word' id='word_1_277' title='bbox 405 4138 592 4192; x_wconf 64' lang='lat' dir='ltr'><strong>clesiaa</strong></span> <span class='ocrx_word' id='word_1_278' title='bbox 622 4135 1013 4208; x_wconf 90' lang='lat' dir='ltr'><strong>gloriam,qui</strong></span> <span class='ocrx_word' id='word_1_279' title='bbox 1044 4134 1219 4187; x_wconf 89' lang='lat' dir='ltr'><strong>etiam</strong></span> <span class='ocrx_word' id='word_1_280' title='bbox 1253 4147 1356 4202; x_wconf 89' lang='lat' dir='ltr'><strong>pro</strong></span> <span class='ocrx_word' id='word_1_281' title='bbox 1387 4130 1628 4186; x_wconf 88' lang='lat' dir='ltr'><strong>veritate</strong></span> <span class='ocrx_word' id='word_1_282' title='bbox 1657 4128 1918 4193; x_wconf 87' lang='lat' dir='ltr'><strong>dimicat,</strong></span> <span class='ocrx_word' id='word_1_283' title='bbox 1951 4129 2052 4182; x_wconf 87' lang='lat' dir='ltr'><strong>do-</strong></span> 
     </span>
    </p>
   </div>
   <div class='ocr_carea' id='block_1_44' title="bbox 404 4216 2054 4298">
    <p class='ocr_par' dir='ltr' id='par_1_44' title="bbox 404 4216 2054 4298">
     <span class='ocr_line' id='line_1_44' title="bbox 404 4216 2054 4298; baseline -0.007 -16"><span class='ocrx_word' id='word_1_284' title='bbox 404 4229 612 4298; x_wconf 85' lang='lat' dir='ltr'><strong>cetque</strong></span> <span class='ocrx_word' id='word_1_285' title='bbox 644 4225 773 4280; x_wconf 88' lang='lat' dir='ltr'><strong>illos</strong></span> <span class='ocrx_word' id='word_1_286' title='bbox 822 4227 920 4296; x_wconf 89' lang='lat' dir='ltr'><strong>qui</strong></span> <span class='ocrx_word' id='word_1_287' title='bbox 950 4221 1212 4278; x_wconf 86' lang='lat' dir='ltr'><strong>doctrina</strong></span> <span class='ocrx_word' id='word_1_288' title='bbox 1246 4219 1511 4291; x_wconf 86' lang='lat' dir='ltr'><strong>indigent</strong></span> <span class='ocrx_word' id='word_1_289' title='bbox 1539 4235 1551 4282; x_wconf 90' lang='lat'><strong>;</strong></span> <span class='ocrx_word' id='word_1_290' title='bbox 1585 4234 1717 4271; x_wconf 90' lang='lat' dir='ltr'><strong>cum</strong></span> <span class='ocrx_word' id='word_1_291' title='bbox 1762 4216 2054 4286; x_wconf 81' lang='lat' dir='ltr'><strong>ejusmodi</strong></span> 
     </span>
    </p>
   </div>
   <div class='ocr_carea' id='block_1_45' title="bbox 405 4306 2053 4388">
    <p class='ocr_par' dir='ltr' id='par_1_45' title="bbox 405 4306 2053 4388">
     <span class='ocr_line' id='line_1_45' title="bbox 405 4306 2053 4388; baseline -0.008 -16"><span class='ocrx_word' id='word_1_292' title='bbox 405 4330 546 4388; x_wconf 81' lang='lat' dir='ltr'><strong>sane</strong></span> <span class='ocrx_word' id='word_1_293' title='bbox 578 4313 816 4368; x_wconf 89' lang='lat' dir='ltr'><strong>homine</strong></span> <span class='ocrx_word' id='word_1_294' title='bbox 863 4312 1025 4366; x_wconf 89' lang='lat' dir='ltr'><strong>nefas</strong></span> <span class='ocrx_word' id='word_1_295' title='bbox 1057 4313 1146 4364; x_wconf 85' lang='lat' dir='ltr'><strong>est</strong></span> <span class='ocrx_word' id='word_1_296' title='bbox 1207 4323 1490 4382; x_wconf 85' lang='lat' dir='ltr'><strong>pugnare,</strong></span> <span class='ocrx_word' id='word_1_297' title='bbox 1523 4307 1640 4362; x_wconf 92' lang='lat' dir='ltr'><strong>imo</strong></span> <span class='ocrx_word' id='word_1_298' title='bbox 1690 4306 1881 4377; x_wconf 72' lang='lat' dir='ltr'><strong>probae</strong></span> <span class='ocrx_word' id='word_1_299' title='bbox 1934 4322 2053 4360; x_wconf 69' lang='lat' dir='ltr'><strong>suae</strong></span> 
     </span>
    </p>
   </div>
   <div class='ocr_carea' id='block_1_46' title="bbox 403 4395 2054 4477">
    <p class='ocr_par' dir='ltr' id='par_1_46' title="bbox 403 4395 2054 4477">
     <span class='ocr_line' id='line_1_46' title="bbox 403 4395 2054 4477; baseline -0.006 -18"><span class='ocrx_word' id='word_1_300' title='bbox 403 4403 772 4477; x_wconf 70' lang='lat' dir='ltr'><strong>conscientia:</strong></span> <span class='ocrx_word' id='word_1_301' title='bbox 820 4417 997 4470; x_wconf 83' lang='lat' dir='ltr'><strong>causa</strong></span> <span class='ocrx_word' id='word_1_302' title='bbox 1027 4395 1471 4474; x_wconf 71' lang='lat' dir='ltr'><strong>acceptissimus</strong></span> <span class='ocrx_word' id='word_1_303' title='bbox 1526 4411 1655 4451; x_wconf 88' lang='lat' dir='ltr'><strong>esse</strong></span> <span class='ocrx_word' id='word_1_304' title='bbox 1685 4396 1874 4449; x_wconf 89' lang='lat' dir='ltr'><strong>debet.</strong></span> <span class='ocrx_word' id='word_1_305' title='bbox 1907 4396 2054 4449; x_wconf 90' lang='lat' dir='ltr'><strong>Sane</strong></span> 
     </span>
    </p>
   </div>
   <div class='ocr_carea' id='block_1_47' title="bbox 403 4487 2054 4564">
    <p class='ocr_par' dir='ltr' id='par_1_47' title="bbox 403 4487 2054 4564">
     <span class='ocr_line' id='line_1_47' title="bbox 403 4487 2054 4564; baseline -0.006 -16"><span class='ocrx_word' id='word_1_306' title='bbox 403 4510 434 4549; x_wconf 89' lang='lat' dir='ltr'><strong>e</strong></span> <span class='ocrx_word' id='word_1_307' title='bbox 500 4494 571 4547; x_wconf 85' lang='lat' dir='ltr'><strong>iis</strong></span> <span class='ocrx_word' id='word_1_308' title='bbox 603 4509 730 4564; x_wconf 65' lang='lat' dir='ltr'><strong>quas</strong></span> <span class='ocrx_word' id='word_1_309' title='bbox 762 4489 1289 4546; x_wconf 85' lang='lat' dir='ltr'><strong>uarravitdilcctus</strong></span> <span class='ocrx_word' id='word_1_310' title='bbox 1324 4487 1756 4551; x_wconf 85' lang='lat' dir='ltr'><strong>Dianius,nulla</strong></span> <span class='ocrx_word' id='word_1_311' title='bbox 1786 4490 1855 4539; x_wconf 85' lang='lat' dir='ltr'><strong>de</strong></span> <span class='ocrx_word' id='word_1_312' title='bbox 1877 4501 2054 4539; x_wconf 83' lang='lat' dir='ltr'><strong>causa</strong></span> 
     </span>
    </p>
   </div>
   <div class='ocr_carea' id='block_1_48' title="bbox 399 4575 2051 4652">
    <p class='ocr_par' dir='ltr' id='par_1_48' title="bbox 399 4575 2051 4652">
     <span class='ocr_line' id='line_1_48' title="bbox 399 4575 2051 4652; baseline -0.007 -14"><span class='ocrx_word' id='word_1_313' title='bbox 399 4582 670 4638; x_wconf 89' lang='lat' dir='ltr'><strong>videntur</strong></span> <span class='ocrx_word' id='word_1_314' title='bbox 697 4578 1123 4652; x_wconf 88' lang='lat' dir='ltr'><strong>indignari.llle</strong></span> <span class='ocrx_word' id='word_1_315' title='bbox 1154 4593 1430 4647; x_wconf 85' lang='lat' dir='ltr'><strong>namque,</strong></span> <span class='ocrx_word' id='word_1_316' title='bbox 1462 4581 1525 4630; x_wconf 93' lang='lat' dir='ltr'><strong>ut</strong></span> <span class='ocrx_word' id='word_1_317' title='bbox 1565 4575 1857 4642; x_wconf 86' lang='lat' dir='ltr'><strong>existimo,</strong></span> <span class='ocrx_word' id='word_1_318' title='bbox 1890 4575 2051 4628; x_wconf 80' lang='lat' dir='ltr'><strong>infir-</strong></span> 
     </span>
    </p>
   </div>
   <div class='ocr_carea' id='block_1_49' title="bbox 399 4662 2052 4748">
    <p class='ocr_par' dir='ltr' id='par_1_49' title="bbox 399 4662 2052 4748">
     <span class='ocr_line' id='line_1_49' title="bbox 399 4662 2052 4748; baseline -0.007 -20"><span class='ocrx_word' id='word_1_319' title='bbox 399 4673 514 4728; x_wconf 88' lang='lat' dir='ltr'><strong>mis</strong></span> <span class='ocrx_word' id='word_1_320' title='bbox 544 4671 814 4748; x_wconf 81' lang='lat' dir='ltr'><strong>iniirmus</strong></span> <span class='ocrx_word' id='word_1_321' title='bbox 845 4669 1116 4738; x_wconf 82' lang='lat' dir='ltr'><strong>efﬁcitur,</strong></span> <span class='ocrx_word' id='word_1_322' title='bbox 1154 4673 1217 4720; x_wconf 72' lang='grc' dir='ltr'><strong>ιι</strong></span> <span class='ocrx_word' id='word_1_323' title='bbox 1250 4666 1515 4736; x_wconf 78' lang='lat' dir='ltr'><strong>inﬁrmos</strong></span> <span class='ocrx_word' id='word_1_324' title='bbox 1547 4662 1809 4718; x_wconf 89' lang='lat' dir='ltr'><strong>lucretur</strong></span> <span class='ocrx_word' id='word_1_325' title='bbox 1840 4663 1881 4696; x_wconf 78' lang='grc'><strong>⁴⁶</strong></span> <span class='ocrx_word' id='word_1_326' title='bbox 1912 4679 1926 4717; x_wconf 89' lang='lat'><strong><em>:</em></strong></span> <span class='ocrx_word' id='word_1_327' title='bbox 1962 4662 2052 4717; x_wconf 90' lang='lat' dir='ltr'><strong>di-</strong></span> 
     </span>
    </p>
   </div>
   <div class='ocr_carea' id='block_1_50' title="bbox 2182 693 3828 775">
    <p class='ocr_par' dir='ltr' id='par_1_50' title="bbox 2182 693 3828 775">
     <span class='ocr_line' id='line_1_50' title="bbox 2182 693 3828 775; baseline 0.007 -31"><span class='ocrx_word' id='word_1_328' title='bbox 2182 693 2361 746; x_wconf 84' lang='grc' dir='ltr'>καινὸν</span> <span class='ocrx_word' id='word_1_329' title='bbox 2408 694 2492 747; x_wconf 83' lang='grc' dir='ltr'><strong>καὶ</strong></span> <span class='ocrx_word' id='word_1_330' title='bbox 2550 694 2783 754; x_wconf 75' lang='grc' dir='ltr'>ἀκούειν.</span> <span class='ocrx_word' id='word_1_331' title='bbox 2817 698 2998 770; x_wconf 83' lang='grc' dir='ltr'>Ὑμεῖς</span> <span class='ocrx_word' id='word_1_332' title='bbox 3048 694 3124 772; x_wconf 77' lang='grc' dir='ltr'>δὲ,</span> <span class='ocrx_word' id='word_1_333' title='bbox 3175 693 3389 775; x_wconf 73' lang='grc' dir='ltr'>ἔχοντες</span> <span class='ocrx_word' id='word_1_334' title='bbox 3432 699 3526 754; x_wconf 83' lang='grc' dir='ltr'>τὸν</span> <span class='ocrx_word' id='word_1_335' title='bbox 3581 697 3828 774; x_wconf 87' lang='grc' dir='ltr'>θεμέλιον</span> 
     </span>
    </p>
   </div>
   <div class='ocr_carea' id='block_1_51' title="bbox 2181 779 3828 863">
    <p class='ocr_par' dir='ltr' id='par_1_51' title="bbox 2181 779 3828 863">
     <span class='ocr_line' id='line_1_51' title="bbox 2181 779 3828 863; baseline 0.007 -30"><span class='ocrx_word' id='word_1_336' title='bbox 2181 779 2422 858; x_wconf 76' lang='grc' dir='ltr'>ἀσφαλῇ,</span> <span class='ocrx_word' id='word_1_337' title='bbox 2457 783 2513 844; x_wconf 81' lang='grc' dir='ltr'>ὅς</span> <span class='ocrx_word' id='word_1_338' title='bbox 2545 782 2684 837; x_wconf 82' lang='grc' dir='ltr'>ἐστιν</span> <span class='ocrx_word' id='word_1_339' title='bbox 2737 785 2944 855; x_wconf 89' lang='grc' dir='ltr'>Ἰησοῦς</span> <span class='ocrx_word' id='word_1_340' title='bbox 2993 787 3021 840; x_wconf 87' lang='grc' dir='ltr'>ὁ</span> <span class='ocrx_word' id='word_1_341' title='bbox 3051 787 3302 859; x_wconf 81' lang='grc' dir='ltr'>Χριστὸς,</span> <span class='ocrx_word' id='word_1_342' title='bbox 3335 789 3364 843; x_wconf 87' lang='grc' dir='ltr'><strong>ὁ</strong></span> <span class='ocrx_word' id='word_1_343' title='bbox 3410 787 3607 863; x_wconf 74' lang='grc' dir='ltr'>Κύριος</span> <span class='ocrx_word' id='word_1_344' title='bbox 3647 792 3828 863; x_wconf 80' lang='grc' dir='ltr'>ἡμῶν,</span> 
     </span>
    </p>
   </div>
   <div class='ocr_carea' id='block_1_52' title="bbox 2181 870 3825 957">
    <p class='ocr_par' dir='ltr' id='par_1_52' title="bbox 2181 870 3825 957">
     <span class='ocr_line' id='line_1_52' title="bbox 2181 870 3825 957; baseline 0.009 -36"><span class='ocrx_word' id='word_1_345' title='bbox 2181 870 2270 957; x_wconf 80' lang='grc' dir='ltr'><strong>καὶ</strong></span> <span class='ocrx_word' id='word_1_346' title='bbox 2300 871 2532 951; x_wconf 73' lang='grc' dir='ltr'>τὴντῶν</span> <span class='ocrx_word' id='word_1_347' title='bbox 2579 873 2834 948; x_wconf 72' lang='grc' dir='ltr'>Ματέρων</span> <span class='ocrx_word' id='word_1_348' title='bbox 2881 875 3004 950; x_wconf 86' lang='grc' dir='ltr'><strong>περί</strong></span> <span class='ocrx_word' id='word_1_349' title='bbox 3052 882 3153 946; x_wconf 83' lang='grc' dir='ltr'><strong>τῆς</strong></span> <span class='ocrx_word' id='word_1_350' title='bbox 3203 873 3462 948; x_wconf 87' lang='grc' dir='ltr'>ἀληθείας</span> <span class='ocrx_word' id='word_1_351' title='bbox 3509 877 3825 957; x_wconf 79' lang='grc' dir='ltr'><strong>ὁμολογίαν,</strong></span> 
     </span>
    </p>
   </div>
   <div class='ocr_carea' id='block_1_53' title="bbox 2179 956 3828 1031">
    <p class='ocr_par' dir='ltr' id='par_1_53' title="bbox 2179 956 3828 1031">
     <span class='ocr_line' id='line_1_53' title="bbox 2179 956 3828 1031; baseline 0.008 -21"><span class='ocrx_word' id='word_1_352' title='bbox 2179 956 2308 1018; x_wconf 71' lang='grc' dir='ltr'>τοὺς</span> <span class='ocrx_word' id='word_1_353' title='bbox 2339 957 2506 1014; x_wconf 91' lang='grc' dir='ltr'>πλέον</span> <span class='ocrx_word' id='word_1_354' title='bbox 2537 981 2585 1014; x_wconf 89' lang='grc' dir='ltr'><strong>τι</strong></span> <span class='ocrx_word' id='word_1_355' title='bbox 2613 961 2814 1031; x_wconf 71' lang='grc' dir='ltr'>ταύτης</span> <span class='ocrx_word' id='word_1_356' title='bbox 2845 962 2880 1031; x_wconf 73' lang='grc' dir='ltr'><strong>ἢ</strong></span> <span class='ocrx_word' id='word_1_357' title='bbox 2914 961 3137 1019; x_wconf 80' lang='grc' dir='ltr'>ἔλαττον</span> <span class='ocrx_word' id='word_1_358' title='bbox 3171 961 3359 1021; x_wconf 86' lang='grc' dir='ltr'>λαλεῖν</span> <span class='ocrx_word' id='word_1_359' title='bbox 3411 965 3664 1030; x_wconf 74' lang='grc' dir='ltr'>θέλοντας</span> <span class='ocrx_word' id='word_1_360' title='bbox 3697 956 3828 1025; x_wconf 82' lang='grc' dir='ltr'>ἀπο-</span> 
     </span>
    </p>
   </div>
   <div class='ocr_carea' id='block_1_54' title="bbox 2182 1040 3825 1134">
    <p class='ocr_par' dir='ltr' id='par_1_54' title="bbox 2182 1040 3825 1134">
     <span class='ocr_line' id='line_1_54' title="bbox 2182 1040 3825 1134; baseline 0.009 -35"><span class='ocrx_word' id='word_1_361' title='bbox 2182 1047 2468 1134; x_wconf 61' lang='grc' dir='ltr'>στρέφεσθε</span> <span class='ocrx_word' id='word_1_362' title='bbox 2518 1052 2652 1122; x_wconf 88' lang='grc'>(51),</span> <span class='ocrx_word' id='word_1_363' title='bbox 2698 1051 2786 1104; x_wconf 76' lang='grc' dir='ltr'><strong>καὶ</strong></span> <span class='ocrx_word' id='word_1_364' title='bbox 2839 1050 3053 1124; x_wconf 75' lang='grc' dir='ltr'>μᾶλλον</span> <span class='ocrx_word' id='word_1_365' title='bbox 3101 1059 3201 1122; x_wconf 85' lang='grc' dir='ltr'><strong>τῆς</strong></span> <span class='ocrx_word' id='word_1_366' title='bbox 3243 1055 3352 1110; x_wconf 81' lang='grc' dir='ltr'><strong>τῶν</strong></span> <span class='ocrx_word' id='word_1_367' title='bbox 3402 1040 3652 1132; x_wconf 75' lang='grc' dir='ltr'>ἀδελφῶν</span> <span class='ocrx_word' id='word_1_368' title='bbox 3690 1058 3825 1134; x_wconf 74' lang='grc' dir='ltr'>ὡφε-</span> 
     </span>
    </p>
   </div>
   <div class='ocr_carea' id='block_1_55' title="bbox 2183 1133 3826 1219">
    <p class='ocr_par' dir='ltr' id='par_1_55' title="bbox 2183 1133 3826 1219">
     <span class='ocr_line' id='line_1_55' title="bbox 2183 1133 3826 1219; baseline 0.009 -31"><span class='ocrx_word' id='word_1_369' title='bbox 2183 1133 2329 1197; x_wconf 49' lang='grc' dir='ltr'>λείας</span> <span class='ocrx_word' id='word_1_370' title='bbox 2358 1136 2585 1210; x_wconf 76' lang='grc' dir='ltr'><strong>γίνεσθε,</strong></span> <span class='ocrx_word' id='word_1_371' title='bbox 2620 1139 2693 1200; x_wconf 83' lang='grc' dir='ltr'><strong>εἰς</strong></span> <span class='ocrx_word' id='word_1_372' title='bbox 2724 1141 2786 1194; x_wconf 83' lang='grc' dir='ltr'>τὸ</span> <span class='ocrx_word' id='word_1_373' title='bbox 2818 1136 3098 1219; x_wconf 74' lang='grc' dir='ltr'>φοϐεῖσθαι</span> <span class='ocrx_word' id='word_1_374' title='bbox 3130 1142 3220 1198; x_wconf 81' lang='grc' dir='ltr'><strong>τὸν</strong></span> <span class='ocrx_word' id='word_1_375' title='bbox 3255 1145 3404 1216; x_wconf 79' lang='grc' dir='ltr'><strong>ΘεὸνΙ</strong></span> <span class='ocrx_word' id='word_1_376' title='bbox 3437 1146 3523 1199; x_wconf 84' lang='grc' dir='ltr'><strong>καὶ</strong></span> <span class='ocrx_word' id='word_1_377' title='bbox 3554 1147 3650 1209; x_wconf 82' lang='grc' dir='ltr'>τὰς</span> <span class='ocrx_word' id='word_1_378' title='bbox 3680 1133 3826 1202; x_wconf 79' lang='grc' dir='ltr'>ἐντο-</span> 
     </span>
    </p>
   </div>
   <div class='ocr_carea' id='block_1_56' title="bbox 2183 1223 3826 1310">
    <p class='ocr_par' dir='ltr' id='par_1_56' title="bbox 2183 1223 3826 1310">
     <span class='ocr_line' id='line_1_56' title="bbox 2183 1223 3826 1310; baseline 0.007 -33"><span class='ocrx_word' id='word_1_379' title='bbox 2183 1223 2276 1284; x_wconf 78' lang='grc' dir='ltr'><strong>λάς</strong></span> <span class='ocrx_word' id='word_1_380' title='bbox 2307 1232 2511 1300; x_wconf 79' lang='grc' dir='ltr'>τηρεῖν·</span> <span class='ocrx_word' id='word_1_381' title='bbox 2541 1225 2630 1281; x_wconf 72' lang='grc' dir='ltr'>’ἱνα</span> <span class='ocrx_word' id='word_1_382' title='bbox 2663 1229 2749 1282; x_wconf 80' lang='grc' dir='ltr'><strong>καὶ</strong></span> <span class='ocrx_word' id='word_1_383' title='bbox 2785 1229 2843 1283; x_wconf 78' lang='grc' dir='ltr'>ἐκ</span> <span class='ocrx_word' id='word_1_384' title='bbox 2873 1237 2973 1299; x_wconf 84' lang='grc' dir='ltr'><strong>τῆς</strong></span> <span class='ocrx_word' id='word_1_385' title='bbox 2999 1227 3350 1294; x_wconf 76' lang='grc' dir='ltr'><strong>διδασκαλίας</strong></span> <span class='ocrx_word' id='word_1_386' title='bbox 3395 1239 3503 1287; x_wconf 88' lang='grc' dir='ltr'><strong>τῶν</strong></span> <span class='ocrx_word' id='word_1_387' title='bbox 3555 1235 3826 1310; x_wconf 74' lang='grc' dir='ltr'>Πατέρων,</span> 
     </span>
    </p>
   </div>
   <div class='ocr_carea' id='block_1_57' title="bbox 2179 1313 3827 1402">
    <p class='ocr_par' dir='ltr' id='par_1_57' title="bbox 2179 1313 3827 1402">
     <span class='ocr_line' id='line_1_57' title="bbox 2179 1313 3827 1402; baseline 0.009 -36"><span class='ocrx_word' id='word_1_388' title='bbox 2179 1313 2264 1367; x_wconf 75' lang='grc' dir='ltr'><strong>καὶ</strong></span> <span class='ocrx_word' id='word_1_389' title='bbox 2299 1313 2356 1368; x_wconf 82' lang='grc' dir='ltr'>ἐκ</span> <span class='ocrx_word' id='word_1_390' title='bbox 2384 1323 2482 1384; x_wconf 80' lang='grc' dir='ltr'><strong>τῆς</strong></span> <span class='ocrx_word' id='word_1_391' title='bbox 2533 1321 2638 1370; x_wconf 84' lang='grc' dir='ltr'><strong>τῶν</strong></span> <span class='ocrx_word' id='word_1_392' title='bbox 2691 1317 2925 1373; x_wconf 78' lang='grc' dir='ltr'>ἐντολῶν</span> <span class='ocrx_word' id='word_1_393' title='bbox 2975 1324 3260 1396; x_wconf 76' lang='grc' dir='ltr'>τηρήσεως</span> <span class='ocrx_word' id='word_1_394' title='bbox 3307 1319 3612 1393; x_wconf 79' lang='grc' dir='ltr'>δυνηθῶσιν</span> <span class='ocrx_word' id='word_1_395' title='bbox 3645 1324 3827 1402; x_wconf 79' lang='grc' dir='ltr'>εὐάρε-</span> 
     </span>
    </p>
   </div>
   <div class='ocr_carea' id='block_1_58' title="bbox 2179 1406 3824 1491">
    <p class='ocr_par' dir='ltr' id='par_1_58' title="bbox 2179 1406 3824 1491">
     <span class='ocr_line' id='line_1_58' title="bbox 2179 1406 3824 1491; baseline 0.01 -35"><span class='ocrx_word' id='word_1_396' title='bbox 2179 1423 2292 1457; x_wconf 88' lang='grc' dir='ltr'>στοι</span> <span class='ocrx_word' id='word_1_397' title='bbox 2340 1409 2420 1475; x_wconf 78' lang='grc' dir='ltr'><strong>τῷ</strong></span> <span class='ocrx_word' id='word_1_398' title='bbox 2474 1406 2654 1480; x_wconf 81' lang='grc' dir='ltr'>Κυρίῳ</span> <span class='ocrx_word' id='word_1_399' title='bbox 2703 1415 2934 1485; x_wconf 66' lang='grc' dir='ltr'>φανῆναι</span> <span class='ocrx_word' id='word_1_400' title='bbox 2981 1409 3033 1463; x_wconf 80' lang='grc' dir='ltr'><strong>έν</strong></span> <span class='ocrx_word' id='word_1_401' title='bbox 3062 1413 3131 1485; x_wconf 77' lang='grc' dir='ltr'><strong>τῇ</strong></span> <span class='ocrx_word' id='word_1_402' title='bbox 3179 1410 3360 1487; x_wconf 74' lang='grc' dir='ltr'>ἡμέρᾳ</span> <span class='ocrx_word' id='word_1_403' title='bbox 3405 1419 3506 1484; x_wconf 82' lang='grc' dir='ltr'><strong>τῆς</strong></span> <span class='ocrx_word' id='word_1_404' title='bbox 3553 1415 3824 1491; x_wconf 83' lang='grc' dir='ltr'>κρίσεως.</span> 
     </span>
    </p>
   </div>
   <div class='ocr_carea' id='block_1_59' title="bbox 2181 1491 3825 1575">
    <p class='ocr_par' dir='ltr' id='par_1_59' title="bbox 2181 1491 3825 1575">
     <span class='ocr_line' id='line_1_59' title="bbox 2181 1491 3825 1575; baseline 0.009 -30"><span class='ocrx_word' id='word_1_405' title='bbox 2181 1492 2321 1546; x_wconf 80' lang='grc' dir='ltr'>Πάνυ</span> <span class='ocrx_word' id='word_1_406' title='bbox 2372 1491 2428 1548; x_wconf 79' lang='grc' dir='ltr'>δὲ</span> <span class='ocrx_word' id='word_1_407' title='bbox 2475 1494 2786 1568; x_wconf 72' lang='grc' dir='ltr'>τεθαύμακα</span> <span class='ocrx_word' id='word_1_408' title='bbox 2831 1499 2932 1566; x_wconf 81' lang='grc' dir='ltr'><strong>τήν</strong></span> <span class='ocrx_word' id='word_1_409' title='bbox 2982 1499 3288 1574; x_wconf 76' lang='grc' dir='ltr'>θρασύτητα</span> <span class='ocrx_word' id='word_1_410' title='bbox 3332 1504 3440 1556; x_wconf 86' lang='grc' dir='ltr'><strong>τῶν</strong></span> <span class='ocrx_word' id='word_1_411' title='bbox 3491 1500 3825 1575; x_wconf 78' lang='grc' dir='ltr'>τολμώντων</span> 
     </span>
    </p>
   </div>
   <div class='ocr_carea' id='block_1_60' title="bbox 2177 1578 3828 1663">
    <p class='ocr_par' dir='ltr' id='par_1_60' title="bbox 2177 1578 3828 1663">
     <span class='ocr_line' id='line_1_60' title="bbox 2177 1578 3828 1663; baseline 0.009 -30"><span class='ocrx_word' id='word_1_412' title='bbox 2177 1578 2365 1640; x_wconf 85' lang='grc' dir='ltr'>λαλεῖν</span> <span class='ocrx_word' id='word_1_413' title='bbox 2416 1583 2550 1640; x_wconf 80' lang='grc' dir='ltr'><strong>κατά</strong></span> <span class='ocrx_word' id='word_1_414' title='bbox 2606 1590 2701 1640; x_wconf 87' lang='grc' dir='ltr'><strong>τοῦ</strong></span> <span class='ocrx_word' id='word_1_415' title='bbox 2751 1588 3034 1661; x_wconf 86' lang='grc' dir='ltr'>ἀγαπητοῦ</span> <span class='ocrx_word' id='word_1_416' title='bbox 3082 1591 3268 1661; x_wconf 76' lang='grc' dir='ltr'>ἡμῶν,</span> <span class='ocrx_word' id='word_1_417' title='bbox 3296 1595 3394 1645; x_wconf 88' lang='grc' dir='ltr'><strong>τοῦ</strong></span> <span class='ocrx_word' id='word_1_418' title='bbox 3440 1589 3666 1663; x_wconf 87' lang='grc' dir='ltr'>ἀληθῶς</span> <span class='ocrx_word' id='word_1_419' title='bbox 3695 1598 3828 1650; x_wconf 86' lang='grc' dir='ltr'>Θεοῦ</span> 
     </span>
    </p>
   </div>
   <div class='ocr_carea' id='block_1_61' title="bbox 2178 1668 3827 1756">
    <p class='ocr_par' dir='ltr' id='par_1_61' title="bbox 2178 1668 3827 1756">
     <span class='ocr_line' id='line_1_61' title="bbox 2178 1668 3827 1756; baseline 0.009 -33"><span class='ocrx_word' id='word_1_420' title='bbox 2178 1668 2377 1726; x_wconf 70' lang='grc' dir='ltr'>δούλου</span> <span class='ocrx_word' id='word_1_421' title='bbox 2427 1673 2714 1728; x_wconf 77' lang='grc' dir='ltr'>Βασιλείου</span> <span class='ocrx_word' id='word_1_422' title='bbox 2753 1681 2848 1730; x_wconf 81' lang='grc' dir='ltr'><strong>τοῦ</strong></span> <span class='ocrx_word' id='word_1_423' title='bbox 2898 1676 3213 1736; x_wconf 80' lang='grc' dir='ltr'>ἐπισκόπου.</span> <span class='ocrx_word' id='word_1_424' title='bbox 3250 1680 3343 1734; x_wconf 88' lang='grc' dir='ltr'>Ἐκ</span> <span class='ocrx_word' id='word_1_425' title='bbox 3379 1681 3481 1756; x_wconf 89' lang='grc' dir='ltr'><strong>γάρ</strong></span> <span class='ocrx_word' id='word_1_426' title='bbox 3513 1688 3613 1751; x_wconf 78' lang='grc' dir='ltr'><strong>τῆς</strong></span> <span class='ocrx_word' id='word_1_427' title='bbox 3641 1683 3827 1738; x_wconf 80' lang='grc' dir='ltr'>τοιαύ-</span> 
     </span>
    </p>
   </div>
   <div class='ocr_carea' id='block_1_62' title="bbox 2176 1763 3826 1843">
    <p class='ocr_par' dir='ltr' id='par_1_62' title="bbox 2176 1763 3826 1843">
     <span class='ocr_line' id='line_1_62' title="bbox 2176 1763 3826 1843; baseline 0.009 -31"><span class='ocrx_word' id='word_1_428' title='bbox 2176 1780 2274 1829; x_wconf 85' lang='grc' dir='ltr'><strong>της</strong></span> <span class='ocrx_word' id='word_1_429' title='bbox 2325 1763 2591 1837; x_wconf 72' lang='grc' dir='ltr'>φλυαρίας</span> <span class='ocrx_word' id='word_1_430' title='bbox 2641 1763 2964 1840; x_wconf 71' lang='grc' dir='ltr'>ἐλέγχεσθαι</span> <span class='ocrx_word' id='word_1_431' title='bbox 3029 1764 3372 1843; x_wconf 74' lang='grc' dir='ltr'>δυνήσονται,</span> <span class='ocrx_word' id='word_1_432' title='bbox 3423 1769 3498 1832; x_wconf 85' lang='grc' dir='ltr'><strong>ὡς</strong></span> <span class='ocrx_word' id='word_1_433' title='bbox 3545 1769 3674 1826; x_wconf 67' lang='grc' dir='ltr'>οὐδὲ</span> <span class='ocrx_word' id='word_1_434' title='bbox 3718 1777 3826 1827; x_wconf 83' lang='grc' dir='ltr'><strong>τῶν</strong></span> 
     </span>
    </p>
   </div>
   <div class='ocr_carea' id='block_1_63' title="bbox 2177 1850 3831 1938">
    <p class='ocr_par' dir='ltr' id='par_1_63' title="bbox 2177 1850 3831 1938">
     <span class='ocr_line' id='line_1_63' title="bbox 2177 1850 3831 1938; baseline 0.01 -37"><span class='ocrx_word' id='word_1_435' title='bbox 2177 1850 2426 1938; x_wconf 83' lang='grc' dir='ltr'>Πατέρων</span> <span class='ocrx_word' id='word_1_436' title='bbox 2475 1851 2788 1926; x_wconf 81' lang='grc' dir='ltr'>ἀγαπῶντες</span> <span class='ocrx_word' id='word_1_437' title='bbox 2849 1856 2948 1923; x_wconf 76' lang='grc' dir='ltr'><strong>τήν</strong></span> <span class='ocrx_word' id='word_1_438' title='bbox 3001 1856 3348 1932; x_wconf 87' lang='grc' dir='ltr'>ὁμολογίαν.</span> <span class='ocrx_word' id='word_1_439' title='bbox 3397 1861 3831 1938; x_wconf 78' lang='grc' dir='ltr'>Προσαγορεύετε</span> 
     </span>
    </p>
   </div>
   <div class='ocr_carea' id='block_1_64' title="bbox 2175 1937 3830 2025">
    <p class='ocr_par' dir='ltr' id='par_1_64' title="bbox 2175 1937 3830 2025">
     <span class='ocr_line' id='line_1_64' title="bbox 2175 1937 3830 2025; baseline 0.007 -33"><span class='ocrx_word' id='word_1_440' title='bbox 2175 1938 2301 2001; x_wconf 78' lang='grc' dir='ltr'>τοὺς</span> <span class='ocrx_word' id='word_1_441' title='bbox 2346 1937 2613 2019; x_wconf 69' lang='grc' dir='ltr'>ἀδελφούς</span> <span class='ocrx_word' id='word_1_442' title='bbox 2643 1987 2654 1997; x_wconf 95' lang='grc'><strong>.</strong></span> <span class='ocrx_word' id='word_1_443' title='bbox 2698 1945 3194 2020; x_wconf 77' lang='grc' dir='ltr'>Προσαγορεύουσιν</span> <span class='ocrx_word' id='word_1_444' title='bbox 3249 1947 3390 2021; x_wconf 81' lang='grc' dir='ltr'>ὑμᾶς</span> <span class='ocrx_word' id='word_1_445' title='bbox 3438 1950 3490 2003; x_wconf 76' lang='grc' dir='ltr'>οἱ</span> <span class='ocrx_word' id='word_1_446' title='bbox 3534 1937 3626 2003; x_wconf 77' lang='grc' dir='ltr'><strong>σὺν</strong></span> <span class='ocrx_word' id='word_1_447' title='bbox 3679 1950 3830 2025; x_wconf 84' lang='grc' dir='ltr'>ἐμοί,</span> 
     </span>
    </p>
   </div>
   <div class='ocr_carea' id='block_1_65' title="bbox 2101 2003 3832 2114">
    <p class='ocr_par' dir='ltr' id='par_1_65' title="bbox 2101 2003 3832 2114">
     <span class='ocr_line' id='line_1_65' title="bbox 2101 2003 3832 2114; baseline 0.009 -35"><span class='ocrx_word' id='word_1_448' title='bbox 2101 2003 2474 2103; x_wconf 68' lang='grc' dir='ltr'>ΒἘῤῥῶσθαι</span> <span class='ocrx_word' id='word_1_449' title='bbox 2546 2031 2685 2104; x_wconf 78' lang='grc' dir='ltr'>ὑμᾶς</span> <span class='ocrx_word' id='word_1_450' title='bbox 2747 2031 2798 2087; x_wconf 85' lang='grc' dir='ltr'><strong>έν</strong></span> <span class='ocrx_word' id='word_1_451' title='bbox 2853 2035 3031 2110; x_wconf 81' lang='grc' dir='ltr'>Κυρίῳ</span> <span class='ocrx_word' id='word_1_452' title='bbox 3081 2003 3360 2112; x_wconf 69' lang='grc' dir='ltr'>εὔχομαι,</span> <span class='ocrx_word' id='word_1_453' title='bbox 3410 2003 3832 2114; x_wconf 34' lang='grc' dir='ltr'>ἀγαπητοίκαὶ</span> 
     </span>
    </p>
   </div>
   <div class='ocr_carea' id='block_1_66' title="bbox 2176 2119 2862 2195">
    <p class='ocr_par' dir='ltr' id='par_1_66' title="bbox 2176 2119 2862 2195">
     <span class='ocr_line' id='line_1_66' title="bbox 2176 2119 2862 2195; baseline 0.015 -25"><span class='ocrx_word' id='word_1_454' title='bbox 2176 2119 2550 2174; x_wconf 82' lang='grc' dir='ltr'>ποθεινότατοι</span> <span class='ocrx_word' id='word_1_455' title='bbox 2585 2120 2693 2174; x_wconf 82' lang='grc' dir='ltr'><strong>υἱοὶ</strong></span> <span class='ocrx_word' id='word_1_456' title='bbox 2725 2125 2862 2195; x_wconf 85' lang='grc'>(52).</span> 
     </span>
    </p>
   </div>
   <div class='ocr_carea' id='block_1_67' title="bbox 2175 2260 3828 2350">
    <p class='ocr_par' dir='ltr' id='par_1_67' title="bbox 2175 2260 3828 2350">
     <span class='ocr_line' id='line_1_67' title="bbox 2175 2260 3828 2350; baseline 0.005 -32"><span class='ocrx_word' id='word_1_457' title='bbox 2175 2262 2284 2318; x_wconf 81' lang='grc' dir='ltr'>Τοῦ</span> <span class='ocrx_word' id='word_1_458' title='bbox 2344 2260 2892 2350; x_wconf 36' lang='grc' dir='ltr'>ένιάγίοιςηςιατρὸξ</span> <span class='ocrx_word' id='word_1_459' title='bbox 2949 2268 3111 2350; x_wconf 69' lang='grc' dir='ltr'>ᾐμῶν</span> <span class='ocrx_word' id='word_1_460' title='bbox 3169 2273 3599 2350; x_wconf 59' lang='grc' dir='ltr'><strong>ΑΘᾼΝΑξΙΟΓ,</strong></span> <span class='ocrx_word' id='word_1_461' title='bbox 3657 2271 3828 2348; x_wconf 81' lang='grc' dir='ltr'>ἀρχι-</span> 
     </span>
    </p>
   </div>
   <div class='ocr_carea' id='block_1_68' title="bbox 2247 2335 3828 2424">
    <p class='ocr_par' dir='ltr' id='par_1_68' title="bbox 2247 2335 3828 2424">
     <span class='ocr_line' id='line_1_68' title="bbox 2247 2335 3828 2424; baseline 0.01 -39"><span class='ocrx_word' id='word_1_462' title='bbox 2247 2335 2542 2424; x_wconf 51' lang='grc' dir='ltr'>ιπισγίῦπου</span> <span class='ocrx_word' id='word_1_463' title='bbox 2633 2335 3083 2424; x_wconf 35' lang='grc' dir='ltr'>’ῥλεξανδρείαΐςη</span> <span class='ocrx_word' id='word_1_464' title='bbox 3177 2341 3314 2417; x_wconf 89' lang='grc' dir='ltr'>πρὸς</span> <span class='ocrx_word' id='word_1_465' title='bbox 3417 2335 3828 2401; x_wconf 69' lang='grc' dir='ltr'><strong>ΙΙΔΛᾸΑᾸΙδΝ</strong></span> 
     </span>
    </p>
   </div>
   <div class='ocr_carea' id='block_1_69' title="bbox 2246 2408 3071 2484">
    <p class='ocr_par' dir='ltr' id='par_1_69' title="bbox 2246 2408 3071 2484">
     <span class='ocr_line' id='line_1_69' title="bbox 2246 2408 3071 2484; baseline 0.012 -26"><span class='ocrx_word' id='word_1_466' title='bbox 2246 2408 2608 2481; x_wconf 69' lang='grc' dir='ltr'>πρεσὸύτερον</span> <span class='ocrx_word' id='word_1_467' title='bbox 2640 2408 2904 2480; x_wconf 80' lang='grc' dir='ltr'>ἐπιστολή</span> <span class='ocrx_word' id='word_1_468' title='bbox 2939 2413 3071 2484; x_wconf 87' lang='grc'>(53).</span> 
     </span>
    </p>
   </div>
   <div class='ocr_carea' id='block_1_70' title="bbox 2245 2526 3826 2610">
    <p class='ocr_par' dir='ltr' id='par_1_70' title="bbox 2245 2526 3826 2610">
     <span class='ocr_line' id='line_1_70' title="bbox 2245 2526 3826 2610; baseline 0.008 -31"><span class='ocrx_word' id='word_1_469' title='bbox 2245 2526 2537 2600; x_wconf 84' lang='grc' dir='ltr'>Ἀγαπητῴ</span> <span class='ocrx_word' id='word_1_470' title='bbox 2584 2529 2686 2600; x_wconf 76' lang='grc' dir='ltr'><strong>υἱῷ</strong></span> <span class='ocrx_word' id='word_1_471' title='bbox 2757 2528 3056 2604; x_wconf 79' lang='grc' dir='ltr'>Παλλαδίῳ</span> <span class='ocrx_word' id='word_1_472' title='bbox 3115 2527 3464 2610; x_wconf 77' lang='grc' dir='ltr'>πρεσϐυτέρῳ</span> <span class='ocrx_word' id='word_1_473' title='bbox 3511 2536 3826 2600; x_wconf 81' lang='grc' dir='ltr'>’Δθανάσιος</span> 
     </span>
    </p>
   </div>
   <div class='ocr_carea' id='block_1_71' title="bbox 2173 2614 3112 2695">
    <p class='ocr_par' dir='ltr' id='par_1_71' title="bbox 2173 2614 3112 2695">
     <span class='ocr_line' id='line_1_71' title="bbox 2173 2614 3112 2695; baseline 0.007 -27"><span class='ocrx_word' id='word_1_474' title='bbox 2173 2616 2200 2669; x_wconf 86' lang='grc' dir='ltr'>ὁ</span> <span class='ocrx_word' id='word_1_475' title='bbox 2232 2614 2548 2684; x_wconf 83' lang='grc' dir='ltr'>ἐπίσκοπος,</span> <span class='ocrx_word' id='word_1_476' title='bbox 2584 2616 2635 2672; x_wconf 76' lang='grc' dir='ltr'>ἐν</span> <span class='ocrx_word' id='word_1_477' title='bbox 2671 2620 2849 2691; x_wconf 78' lang='grc' dir='ltr'>Κυρίῳ</span> <span class='ocrx_word' id='word_1_478' title='bbox 2881 2621 3112 2695; x_wconf 80' lang='grc' dir='ltr'>χαίρειν.</span> 
     </span>
    </p>
   </div>
   <div class='ocr_carea' id='block_1_72' title="bbox 2245 2705 3822 2788">
    <p class='ocr_par' dir='ltr' id='par_1_72' title="bbox 2245 2705 3822 2788">
     <span class='ocr_line' id='line_1_72' title="bbox 2245 2705 3822 2788; baseline 0.006 -29"><span class='ocrx_word' id='word_1_479' title='bbox 2245 2707 2294 2759; x_wconf 93' lang='grc'><strong>1.</strong></span> <span class='ocrx_word' id='word_1_480' title='bbox 2333 2705 2427 2758; x_wconf 81' lang='grc' dir='ltr'><strong>Καὶ</strong></span> <span class='ocrx_word' id='word_1_481' title='bbox 2474 2708 2572 2774; x_wconf 80' lang='grc' dir='ltr'>τήν</span> <span class='ocrx_word' id='word_1_482' title='bbox 2624 2708 2770 2781; x_wconf 84' lang='grc' dir='ltr'><strong>παρά</strong></span> <span class='ocrx_word' id='word_1_483' title='bbox 2816 2713 2910 2762; x_wconf 82' lang='grc' dir='ltr'><strong>σοῦ</strong></span> <span class='ocrx_word' id='word_1_484' title='bbox 2967 2709 3130 2781; x_wconf 83' lang='grc' dir='ltr'>μόνου</span> <span class='ocrx_word' id='word_1_485' title='bbox 3179 2717 3469 2788; x_wconf 78' lang='grc' dir='ltr'>γραφεῖσαν</span> <span class='ocrx_word' id='word_1_486' title='bbox 3522 2712 3822 2785; x_wconf 74' lang='grc' dir='ltr'>ἐπιστολὴν</span> 
     </span>
    </p>
   </div>
   <div class='ocr_carea' id='block_1_73' title="bbox 2172 2789 3824 2878">
    <p class='ocr_par' dir='ltr' id='par_1_73' title="bbox 2172 2789 3824 2878">
     <span class='ocr_line' id='line_1_73' title="bbox 2172 2789 3824 2878; baseline 0.008 -32"><span class='ocrx_word' id='word_1_487' title='bbox 2172 2789 2478 2866; x_wconf 78' lang='grc' dir='ltr'>δεξάμενος,</span> <span class='ocrx_word' id='word_1_488' title='bbox 2532 2794 2760 2872; x_wconf 78' lang='grc' dir='ltr'>ἐχάρην,</span> <span class='ocrx_word' id='word_1_489' title='bbox 2814 2797 3050 2870; x_wconf 85' lang='grc' dir='ltr'>μάλιστα</span> <span class='ocrx_word' id='word_1_490' title='bbox 3096 2799 3179 2854; x_wconf 77' lang='grc' dir='ltr'><strong>ὅτι</strong></span> <span class='ocrx_word' id='word_1_491' title='bbox 3233 2804 3482 2871; x_wconf 69' lang='grc' dir='ltr'>συνήθως</span> <span class='ocrx_word' id='word_1_492' title='bbox 3514 2801 3700 2864; x_wconf 73' lang='grc' dir='ltr'>ἔπνεες</span> <span class='ocrx_word' id='word_1_493' title='bbox 3731 2805 3824 2878; x_wconf 76' lang='grc' dir='ltr'><strong>ὀρ-</strong></span> 
     </span>
    </p>
   </div>
   <div class='ocr_carea' id='block_1_74' title="bbox 2169 2879 3830 2967">
    <p class='ocr_par' dir='ltr' id='par_1_74' title="bbox 2169 2879 3830 2967">
     <span class='ocr_line' id='line_1_74' title="bbox 2169 2879 3830 2967; baseline 0.008 -32"><span class='ocrx_word' id='word_1_494' title='bbox 2169 2879 2436 2954; x_wconf 78' lang='grc' dir='ltr'>θοδοξίας.</span> <span class='ocrx_word' id='word_1_495' title='bbox 2490 2887 2582 2938; x_wconf 82' lang='grc' dir='ltr'><strong>Καὶ</strong></span> <span class='ocrx_word' id='word_1_496' title='bbox 2630 2887 2728 2953; x_wconf 78' lang='grc' dir='ltr'>τὴν</span> <span class='ocrx_word' id='word_1_497' title='bbox 2782 2886 2959 2940; x_wconf 85' lang='grc' dir='ltr'>αἰτίαν</span> <span class='ocrx_word' id='word_1_498' title='bbox 3007 2885 3063 2942; x_wconf 70' lang='grc' dir='ltr'>δὲ</span> <span class='ocrx_word' id='word_1_499' title='bbox 3111 2889 3175 2957; x_wconf 67' lang='grc' dir='ltr'>ἢν</span> <span class='ocrx_word' id='word_1_500' title='bbox 3213 2892 3348 2963; x_wconf 86' lang='grc' dir='ltr'><strong>μετά</strong></span> <span class='ocrx_word' id='word_1_501' title='bbox 3392 2895 3488 2946; x_wconf 77' lang='grc' dir='ltr'><strong>τοῦ</strong></span> <span class='ocrx_word' id='word_1_502' title='bbox 3538 2891 3830 2967; x_wconf 86' lang='grc' dir='ltr'>ἀγαπητοῦ</span> 
     </span>
    </p>
   </div>
   <div class='ocr_carea' id='block_1_75' title="bbox 2170 2971 3830 3053">
    <p class='ocr_par' dir='ltr' id='par_1_75' title="bbox 2170 2971 3830 3053">
     <span class='ocr_line' id='line_1_75' title="bbox 2170 2971 3830 3053; baseline 0.009 -31"><span class='ocrx_word' id='word_1_503' title='bbox 2170 2971 2329 3042; x_wconf 80' lang='grc' dir='ltr'>ἡμῶν</span> <span class='ocrx_word' id='word_1_504' title='bbox 2364 2973 2678 3027; x_wconf 82' lang='grc' dir='ltr'>’[νοκεντίου</span> <span class='ocrx_word' id='word_1_505' title='bbox 2729 2977 2840 3046; x_wconf 75' lang='grc'>(54)</span> <span class='ocrx_word' id='word_1_506' title='bbox 2894 2974 3121 3050; x_wconf 74' lang='grc' dir='ltr'>διάγεις,</span> <span class='ocrx_word' id='word_1_507' title='bbox 3174 2977 3235 3032; x_wconf 81' lang='grc' dir='ltr'>οὗ</span> <span class='ocrx_word' id='word_1_508' title='bbox 3275 2984 3490 3053; x_wconf 87' lang='grc' dir='ltr'>πρῶτον</span> <span class='ocrx_word' id='word_1_509' title='bbox 3534 2985 3651 3052; x_wconf 84' lang='grc' dir='ltr'>νῦν,</span> <span class='ocrx_word' id='word_1_510' title='bbox 3703 2979 3830 3038; x_wconf 83' lang='grc' dir='ltr'>ἀλλ’</span> 
     </span>
    </p>
   </div>
   <div class='ocr_carea' id='block_1_76' title="bbox 2170 3057 3822 3138">
    <p class='ocr_par' dir='ltr' id='par_1_76' title="bbox 2170 3057 3822 3138">
     <span class='ocr_line' id='line_1_76' title="bbox 2170 3057 3822 3138; baseline 0.007 -25"><span class='ocrx_word' id='word_1_511' title='bbox 2170 3057 2400 3114; x_wconf 82' lang='grc' dir='ltr'>ἔκπαλαι</span> <span class='ocrx_word' id='word_1_512' title='bbox 2455 3062 2660 3134; x_wconf 86' lang='grc' dir='ltr'>μαθὼν,</span> <span class='ocrx_word' id='word_1_513' title='bbox 2708 3061 3047 3138; x_wconf 80' lang='grc' dir='ltr'>ἀπεδεξάμην</span> <span class='ocrx_word' id='word_1_514' title='bbox 3097 3087 3192 3121; x_wconf 91' lang='grc' dir='ltr'><strong>σου</strong></span> <span class='ocrx_word' id='word_1_515' title='bbox 3239 3069 3338 3136; x_wconf 81' lang='grc' dir='ltr'>τήν</span> <span class='ocrx_word' id='word_1_516' title='bbox 3374 3065 3680 3127; x_wconf 77' lang='grc' dir='ltr'>εὐλάϐειαν.</span> <span class='ocrx_word' id='word_1_517' title='bbox 3715 3070 3822 3124; x_wconf 68' lang='lat'><strong>0&#39;3-</strong></span> 
     </span>
    </p>
   </div>
   <div class='ocr_carea' id='block_1_77' title="bbox 2169 3149 3830 3231">
    <p class='ocr_par' dir='ltr' id='par_1_77' title="bbox 2169 3149 3830 3231">
     <span class='ocr_line' id='line_1_77' title="bbox 2169 3149 3830 3231; baseline 0.007 -29"><span class='ocrx_word' id='word_1_518' title='bbox 2169 3169 2247 3202; x_wconf 90' lang='grc' dir='ltr'><strong>τω</strong></span> <span class='ocrx_word' id='word_1_519' title='bbox 2296 3149 2474 3204; x_wconf 86' lang='grc' dir='ltr'>τοίνυν</span> <span class='ocrx_word' id='word_1_520' title='bbox 2520 3153 2795 3226; x_wconf 80' lang='grc' dir='ltr'>πράττων,</span> <span class='ocrx_word' id='word_1_521' title='bbox 2844 3153 3012 3230; x_wconf 74' lang='grc' dir='ltr'>γράφε</span> <span class='ocrx_word' id='word_1_522' title='bbox 3057 3156 3146 3209; x_wconf 80' lang='grc' dir='ltr'><strong>καὶ</strong></span> <span class='ocrx_word' id='word_1_523' title='bbox 3194 3158 3430 3231; x_wconf 88' lang='grc' dir='ltr'>γνώριζε</span> <span class='ocrx_word' id='word_1_524' title='bbox 3482 3161 3642 3231; x_wconf 81' lang='grc' dir='ltr'>ἡμῖν,</span> <span class='ocrx_word' id='word_1_525' title='bbox 3706 3164 3830 3222; x_wconf 89' lang='grc' dir='ltr'><strong>πῶς</strong></span> 
     </span>
    </p>
   </div>
   <div class='ocr_carea' id='block_1_78' title="bbox 2170 3235 3825 3320">
    <p class='ocr_par' dir='ltr' id='par_1_78' title="bbox 2170 3235 3825 3320">
     <span class='ocr_line' id='line_1_78' title="bbox 2170 3235 3825 3320; baseline 0.007 -30"><span class='ocrx_word' id='word_1_526' title='bbox 2170 3235 2281 3291; x_wconf 85' lang='grc' dir='ltr'>ἐκεῖ</span> <span class='ocrx_word' id='word_1_527' title='bbox 2310 3239 2360 3291; x_wconf 78' lang='grc' dir='ltr'>οἱ</span> <span class='ocrx_word' id='word_1_528' title='bbox 2391 3235 2619 3316; x_wconf 74' lang='grc' dir='ltr'>ἀδελφοὶ</span> <span class='ocrx_word' id='word_1_529' title='bbox 2651 3242 2789 3313; x_wconf 87' lang='grc'>(55),</span> <span class='ocrx_word' id='word_1_530' title='bbox 2821 3243 2912 3295; x_wconf 84' lang='grc' dir='ltr'><strong>καὶ</strong></span> <span class='ocrx_word' id='word_1_531' title='bbox 2958 3247 3076 3306; x_wconf 88' lang='grc' dir='ltr'><strong>πῶς</strong></span> <span class='ocrx_word' id='word_1_532' title='bbox 3105 3245 3157 3297; x_wconf 81' lang='grc' dir='ltr'>οἱ</span> <span class='ocrx_word' id='word_1_533' title='bbox 3190 3244 3380 3320; x_wconf 76' lang='grc' dir='ltr'>ἐχθροὶ</span> <span class='ocrx_word' id='word_1_534' title='bbox 3427 3253 3523 3315; x_wconf 83' lang='grc' dir='ltr'><strong>τῆς</strong></span> <span class='ocrx_word' id='word_1_535' title='bbox 3557 3246 3825 3315; x_wconf 80' lang='grc' dir='ltr'>ἀληθείας</span> 
     </span>
    </p>
   </div>
   <div class='ocr_carea' id='block_1_79' title="bbox 2171 3325 3823 3409">
    <p class='ocr_par' dir='ltr' id='par_1_79' title="bbox 2171 3325 3823 3409">
     <span class='ocr_line' id='line_1_79' title="bbox 2171 3325 3823 3409; baseline 0.008 -31"><span class='ocrx_word' id='word_1_536' title='bbox 2171 3327 2296 3398; x_wconf 80' lang='grc' dir='ltr'>περὶ</span> <span class='ocrx_word' id='word_1_537' title='bbox 2325 3328 2484 3398; x_wconf 77' lang='grc' dir='ltr'>ἡμῶν</span> <span class='ocrx_word' id='word_1_538' title='bbox 2521 3325 2884 3386; x_wconf 86' lang='grc' dir='ltr'>διανοοῦνται.</span> <span class='ocrx_word' id='word_1_539' title='bbox 2917 3329 3139 3402; x_wconf 85' lang='grc' dir='ltr'>Ἐπειδὴ</span> <span class='ocrx_word' id='word_1_540' title='bbox 3173 3329 3230 3387; x_wconf 69' lang='grc' dir='ltr'>δὲ</span> <span class='ocrx_word' id='word_1_541' title='bbox 3277 3334 3367 3388; x_wconf 84' lang='grc' dir='ltr'><strong>καὶ</strong></span> <span class='ocrx_word' id='word_1_542' title='bbox 3420 3337 3539 3408; x_wconf 88' lang='grc' dir='ltr'><strong>περὶ</strong></span> <span class='ocrx_word' id='word_1_543' title='bbox 3575 3340 3682 3389; x_wconf 88' lang='grc' dir='ltr'><strong>τῶν</strong></span> <span class='ocrx_word' id='word_1_544' title='bbox 3717 3357 3823 3409; x_wconf 79' lang='grc' dir='ltr'>μο-</span> 
     </span>
    </p>
   </div>
   <div class='ocr_carea' id='block_1_80' title="bbox 2169 3415 3825 3496">
    <p class='ocr_par' dir='ltr' id='par_1_80' title="bbox 2169 3415 3825 3496">
     <span class='ocr_line' id='line_1_80' title="bbox 2169 3415 3825 3496; baseline 0.007 -29"><span class='ocrx_word' id='word_1_545' title='bbox 2169 3415 2434 3483; x_wconf 81' lang='grc' dir='ltr'>ναζὸντων</span> <span class='ocrx_word' id='word_1_546' title='bbox 2485 3420 2591 3471; x_wconf 83' lang='grc' dir='ltr'><strong>τῶν</strong></span> <span class='ocrx_word' id='word_1_547' title='bbox 2650 3415 2702 3472; x_wconf 88' lang='grc' dir='ltr'><strong>έν</strong></span> <span class='ocrx_word' id='word_1_548' title='bbox 2761 3419 3048 3495; x_wconf 78' lang='grc' dir='ltr'>Καισαρείᾳ</span> <span class='ocrx_word' id='word_1_549' title='bbox 3114 3418 3400 3491; x_wconf 67' lang='grc' dir='ltr'>ἐδήλωσας</span> <span class='ocrx_word' id='word_1_550' title='bbox 3434 3444 3446 3456; x_wconf 76' lang='grc' dir='ltr'><strong>ο</strong></span> <span class='ocrx_word' id='word_1_551' title='bbox 3503 3421 3703 3496; x_wconf 84' lang='grc' dir='ltr'>ἔμαθον</span> <span class='ocrx_word' id='word_1_552' title='bbox 3765 3421 3825 3480; x_wconf 76' lang='grc' dir='ltr'>δὶ</span> 
     </span>
    </p>
   </div>
   <div class='ocr_carea' id='block_1_81' title="bbox 2167 3504 3827 3585">
    <p class='ocr_par' dir='ltr' id='par_1_81' title="bbox 2167 3504 3827 3585">
     <span class='ocr_line' id='line_1_81' title="bbox 2167 3504 3827 3585; baseline 0.007 -28"><span class='ocrx_word' id='word_1_553' title='bbox 2167 3505 2309 3578; x_wconf 85' lang='grc' dir='ltr'><strong>παρά</strong></span> <span class='ocrx_word' id='word_1_554' title='bbox 2336 3509 2433 3558; x_wconf 87' lang='grc' dir='ltr'><strong>τοῦ</strong></span> <span class='ocrx_word' id='word_1_555' title='bbox 2462 3504 2745 3581; x_wconf 78' lang='grc' dir='ltr'>ἀγαπητοῦ</span> <span class='ocrx_word' id='word_1_556' title='bbox 2777 3509 2937 3580; x_wconf 78' lang='grc' dir='ltr'>ἡμῶν</span> <span class='ocrx_word' id='word_1_557' title='bbox 2970 3510 3212 3579; x_wconf 85' lang='grc' dir='ltr'>Διανίου,</span> <span class='ocrx_word' id='word_1_558' title='bbox 3236 3512 3310 3572; x_wconf 86' lang='grc' dir='ltr'><strong>ὡς</strong></span> <span class='ocrx_word' id='word_1_559' title='bbox 3338 3511 3700 3585; x_wconf 72' lang='grc' dir='ltr'>λυπουμένων</span> <span class='ocrx_word' id='word_1_560' title='bbox 3734 3514 3827 3568; x_wconf 83' lang='grc' dir='ltr'><strong>καὶ</strong></span> 
     </span>
    </p>
   </div>
   <div class='ocr_carea' id='block_1_82' title="bbox 2165 3592 3823 3676">
    <p class='ocr_par' dir='ltr' id='par_1_82' title="bbox 2165 3592 3823 3676">
     <span class='ocr_line' id='line_1_82' title="bbox 2165 3592 3823 3676; baseline 0.007 -30"><span class='ocrx_word' id='word_1_561' title='bbox 2165 3592 2564 3665; x_wconf 83' lang='grc' dir='ltr'>ἀνθισταμένων</span> <span class='ocrx_word' id='word_1_562' title='bbox 2598 3595 2774 3652; x_wconf 83' lang='grc' dir='ltr'>αὐτῶν</span> <span class='ocrx_word' id='word_1_563' title='bbox 2820 3600 2901 3669; x_wconf 79' lang='grc' dir='ltr'>τῷ</span> <span class='ocrx_word' id='word_1_564' title='bbox 2948 3597 3211 3672; x_wconf 80' lang='grc' dir='ltr'>ἀγαπητῷ</span> <span class='ocrx_word' id='word_1_565' title='bbox 3249 3601 3410 3673; x_wconf 80' lang='grc' dir='ltr'>ἡμῶν</span> <span class='ocrx_word' id='word_1_566' title='bbox 3443 3600 3714 3676; x_wconf 84' lang='grc' dir='ltr'>Βασιλείῳ</span> <span class='ocrx_word' id='word_1_567' title='bbox 3741 3607 3823 3675; x_wconf 77' lang='grc' dir='ltr'>τῷ</span> 
     </span>
    </p>
   </div>
   <div class='ocr_carea' id='block_1_83' title="bbox 2165 3677 3822 3759">
    <p class='ocr_par' dir='ltr' id='par_1_83' title="bbox 2165 3677 3822 3759">
     <span class='ocr_line' id='line_1_83' title="bbox 2165 3677 3822 3759; baseline 0.007 -25"><span class='ocrx_word' id='word_1_568' title='bbox 2165 3677 2462 3754; x_wconf 86' lang='grc' dir='ltr'>ἐπισκόπῳ·</span> <span class='ocrx_word' id='word_1_569' title='bbox 2520 3683 2578 3737; x_wconf 76' lang='grc' dir='ltr'>σὲ</span> <span class='ocrx_word' id='word_1_570' title='bbox 2624 3683 2718 3756; x_wconf 75' lang='grc' dir='ltr'>μὲν</span> <span class='ocrx_word' id='word_1_571' title='bbox 2769 3681 3113 3759; x_wconf 79' lang='grc' dir='ltr'>ἀπιδεξάμην</span> <span class='ocrx_word' id='word_1_572' title='bbox 3163 3684 3508 3758; x_wconf 83' lang='grc' dir='ltr'>δηλώσαντα,</span> <span class='ocrx_word' id='word_1_573' title='bbox 3544 3689 3733 3754; x_wconf 74' lang='grc' dir='ltr'>αὐτοῖς</span> <span class='ocrx_word' id='word_1_574' title='bbox 3764 3689 3822 3746; x_wconf 75' lang='grc' dir='ltr'>δὶ</span> 
     </span>
    </p>
   </div>
   <div class='ocr_carea' id='block_1_84' title="bbox 2164 3767 3822 3845">
    <p class='ocr_par' dir='ltr' id='par_1_84' title="bbox 2164 3767 3822 3845">
     <span class='ocr_line' id='line_1_84' title="bbox 2164 3767 3822 3845; baseline 0.008 -22"><span class='ocrx_word' id='word_1_575' title='bbox 2164 3768 2230 3824; x_wconf 75' lang='grc' dir='ltr'><strong>τὰ</strong></span> <span class='ocrx_word' id='word_1_576' title='bbox 2275 3769 2546 3845; x_wconf 84' lang='grc' dir='ltr'>πρέποντα</span> <span class='ocrx_word' id='word_1_577' title='bbox 2591 3767 2897 3842; x_wconf 86' lang='grc' dir='ltr'>δεδήλωκα·</span> <span class='ocrx_word' id='word_1_578' title='bbox 2926 3772 3002 3828; x_wconf 71' lang='grc' dir='ltr'><strong>’ἶν’</strong></span> <span class='ocrx_word' id='word_1_579' title='bbox 3045 3775 3119 3838; x_wconf 85' lang='grc' dir='ltr'><strong>ὡς</strong></span> <span class='ocrx_word' id='word_1_580' title='bbox 3160 3775 3318 3831; x_wconf 81' lang='grc' dir='ltr'>τέκνα</span> <span class='ocrx_word' id='word_1_581' title='bbox 3371 3779 3684 3834; x_wconf 71' lang='grc' dir='ltr'>ὑπακούωσι</span> <span class='ocrx_word' id='word_1_582' title='bbox 3717 3801 3822 3835; x_wconf 89' lang='grc' dir='ltr'>πα-</span> 
     </span>
    </p>
   </div>
   <div class='ocr_carea' id='block_1_85' title="bbox 2164 3859 3816 3942">
    <p class='ocr_par' dir='ltr' id='par_1_85' title="bbox 2164 3859 3816 3942">
     <span class='ocr_line' id='line_1_85' title="bbox 2164 3859 3816 3942; baseline 0.007 -30"><span class='ocrx_word' id='word_1_583' title='bbox 2164 3859 2272 3933; x_wconf 85' lang='grc' dir='ltr'>τρὶ,</span> <span class='ocrx_word' id='word_1_584' title='bbox 2304 3860 2393 3913; x_wconf 89' lang='grc' dir='ltr'><strong>καὶ</strong></span> <span class='ocrx_word' id='word_1_585' title='bbox 2429 3861 2506 3933; x_wconf 79' lang='grc' dir='ltr'>μὴ</span> <span class='ocrx_word' id='word_1_586' title='bbox 2537 3860 2913 3936; x_wconf 84' lang='grc' dir='ltr'>ἀντιλέγωσιν,</span> <span class='ocrx_word' id='word_1_587' title='bbox 2949 3864 3026 3925; x_wconf 73' lang='grc' dir='ltr'>οἷς</span> <span class='ocrx_word' id='word_1_588' title='bbox 3073 3864 3230 3927; x_wconf 81' lang='grc' dir='ltr'>αὐτὸς</span> <span class='ocrx_word' id='word_1_589' title='bbox 3284 3863 3588 3939; x_wconf 74' lang='grc' dir='ltr'>δοκιμάζει.</span> <span class='ocrx_word' id='word_1_590' title='bbox 3622 3869 3685 3925; x_wconf 82' lang='grc' dir='ltr'><strong>Εἰ</strong></span> <span class='ocrx_word' id='word_1_591' title='bbox 3722 3871 3816 3942; x_wconf 78' lang='grc' dir='ltr'>μὲν</span> 
     </span>
    </p>
   </div>
   <div class='ocr_carea' id='block_1_86' title="bbox 2165 3948 3817 4032">
    <p class='ocr_par' dir='ltr' id='par_1_86' title="bbox 2165 3948 3817 4032">
     <span class='ocr_line' id='line_1_86' title="bbox 2165 3948 3817 4032; baseline 0.008 -33"><span class='ocrx_word' id='word_1_592' title='bbox 2165 3948 2268 4022; x_wconf 77' lang='grc' dir='ltr'>γὰρ</span> <span class='ocrx_word' id='word_1_593' title='bbox 2300 3948 2540 4010; x_wconf 80' lang='grc' dir='ltr'>ὕποπτος</span> <span class='ocrx_word' id='word_1_594' title='bbox 2568 3950 2634 4018; x_wconf 78' lang='grc' dir='ltr'>ἦν</span> <span class='ocrx_word' id='word_1_595' title='bbox 2666 3950 2788 4026; x_wconf 80' lang='grc' dir='ltr'>περὶ</span> <span class='ocrx_word' id='word_1_596' title='bbox 2839 3951 2939 4018; x_wconf 80' lang='grc' dir='ltr'>τήν</span> <span class='ocrx_word' id='word_1_597' title='bbox 2990 3952 3275 4026; x_wconf 81' lang='grc' dir='ltr'>ἀλήθειαν,</span> <span class='ocrx_word' id='word_1_598' title='bbox 3305 3955 3489 4017; x_wconf 89' lang='grc' dir='ltr'>καλῶς</span> <span class='ocrx_word' id='word_1_599' title='bbox 3521 3955 3817 4032; x_wconf 75' lang='grc' dir='ltr'>ἐμάχοντο·</span> 
     </span>
    </p>
   </div>
   <div class='ocr_carea' id='block_1_87' title="bbox 2165 4034 3816 4120">
    <p class='ocr_par' dir='ltr' id='par_1_87' title="bbox 2165 4034 3816 4120">
     <span class='ocr_line' id='line_1_87' title="bbox 2165 4034 3816 4120; baseline 0.007 -30"><span class='ocrx_word' id='word_1_600' title='bbox 2165 4036 2212 4090; x_wconf 80' lang='grc' dir='ltr'><strong>εἷ’</strong></span> <span class='ocrx_word' id='word_1_601' title='bbox 2243 4034 2298 4091; x_wconf 90' lang='grc' dir='ltr'><strong>δν</strong></span> <span class='ocrx_word' id='word_1_602' title='bbox 2330 4038 2717 4114; x_wconf 74' lang='grc' dir='ltr'>τεθαρῥήκασι,</span> <span class='ocrx_word' id='word_1_603' title='bbox 2746 4039 3154 4116; x_wconf 78' lang='grc' dir='ltr'>τεθαρῥήκαμεν</span> <span class='ocrx_word' id='word_1_604' title='bbox 3190 4040 3247 4098; x_wconf 74' lang='grc' dir='ltr'>δὲ</span> <span class='ocrx_word' id='word_1_605' title='bbox 3283 4044 3371 4098; x_wconf 82' lang='grc' dir='ltr'><strong>καὶ</strong></span> <span class='ocrx_word' id='word_1_606' title='bbox 3403 4045 3596 4107; x_wconf 78' lang='grc' dir='ltr'>πάντες</span> <span class='ocrx_word' id='word_1_607' title='bbox 3628 4050 3816 4120; x_wconf 78' lang='grc' dir='ltr'>ἡμεῖς,</span> 
     </span>
    </p>
   </div>
   <div class='ocr_carea' id='block_1_88' title="bbox 2164 4125 3814 4207">
    <p class='ocr_par' dir='ltr' id='par_1_88' title="bbox 2164 4125 3814 4207">
     <span class='ocr_line' id='line_1_88' title="bbox 2164 4125 3814 4207; baseline 0.008 -29"><span class='ocrx_word' id='word_1_608' title='bbox 2164 4125 2236 4187; x_wconf 85' lang='grc' dir='ltr'><strong>ὡς</strong></span> <span class='ocrx_word' id='word_1_609' title='bbox 2265 4127 2528 4201; x_wconf 68' lang='grc' dir='ltr'>ταῦχημα</span> <span class='ocrx_word' id='word_1_610' title='bbox 2555 4129 2651 4196; x_wconf 75' lang='grc' dir='ltr'><strong>τῆς</strong></span> <span class='ocrx_word' id='word_1_611' title='bbox 2685 4125 3012 4197; x_wconf 85' lang='grc' dir='ltr'>Ἐκκλησίας</span> <span class='ocrx_word' id='word_1_612' title='bbox 3047 4130 3209 4204; x_wconf 79' lang='grc' dir='ltr'>ἐστὶν,</span> <span class='ocrx_word' id='word_1_613' title='bbox 3232 4132 3638 4207; x_wconf 79' lang='grc' dir='ltr'>ἀγωνιζόμενος</span> <span class='ocrx_word' id='word_1_614' title='bbox 3672 4134 3814 4207; x_wconf 84' lang='grc' dir='ltr'>μάλ·</span> 
     </span>
    </p>
   </div>
   <div class='ocr_carea' id='block_1_89' title="bbox 2165 4213 3812 4295">
    <p class='ocr_par' dir='ltr' id='par_1_89' title="bbox 2165 4213 3812 4295">
     <span class='ocr_line' id='line_1_89' title="bbox 2165 4213 3812 4295; baseline 0.007 -28"><span class='ocrx_word' id='word_1_615' title='bbox 2165 4213 2258 4268; x_wconf 89' lang='grc' dir='ltr'><strong>λον</strong></span> <span class='ocrx_word' id='word_1_616' title='bbox 2295 4215 2426 4291; x_wconf 72' lang='grc' dir='ltr'>ὑπὲρ</span> <span class='ocrx_word' id='word_1_617' title='bbox 2457 4222 2558 4285; x_wconf 80' lang='grc' dir='ltr'>τῆς</span> <span class='ocrx_word' id='word_1_618' title='bbox 2588 4214 2870 4288; x_wconf 86' lang='grc' dir='ltr'>ἀληθείας,</span> <span class='ocrx_word' id='word_1_619' title='bbox 2903 4219 2997 4272; x_wconf 86' lang='grc' dir='ltr'><strong>καὶ</strong></span> <span class='ocrx_word' id='word_1_620' title='bbox 3029 4215 3296 4275; x_wconf 74' lang='grc' dir='ltr'>διδάσκων</span> <span class='ocrx_word' id='word_1_621' title='bbox 3328 4221 3456 4284; x_wconf 81' lang='grc' dir='ltr'>τοὺς</span> <span class='ocrx_word' id='word_1_622' title='bbox 3498 4220 3812 4295; x_wconf 82' lang='grc' dir='ltr'>δεομένους·</span> 
     </span>
    </p>
   </div>
   <div class='ocr_carea' id='block_1_90' title="bbox 2163 4301 3814 4384">
    <p class='ocr_par' dir='ltr' id='par_1_90' title="bbox 2163 4301 3814 4384">
     <span class='ocr_line' id='line_1_90' title="bbox 2163 4301 3814 4384; baseline 0.008 -28"><span class='ocrx_word' id='word_1_623' title='bbox 2163 4301 2224 4356; x_wconf 81' lang='grc' dir='ltr'>οὐ</span> <span class='ocrx_word' id='word_1_624' title='bbox 2257 4305 2368 4378; x_wconf 85' lang='grc' dir='ltr'>χρή</span> <span class='ocrx_word' id='word_1_625' title='bbox 2402 4305 2536 4380; x_wconf 87' lang='grc' dir='ltr'>πρὸς</span> <span class='ocrx_word' id='word_1_626' title='bbox 2567 4306 2659 4360; x_wconf 90' lang='grc' dir='ltr'>τὸν</span> <span class='ocrx_word' id='word_1_627' title='bbox 2688 4311 2938 4360; x_wconf 88' lang='grc' dir='ltr'>τοιοῦτον</span> <span class='ocrx_word' id='word_1_628' title='bbox 2973 4307 3261 4384; x_wconf 80' lang='grc' dir='ltr'>μάχεσθαι,</span> <span class='ocrx_word' id='word_1_629' title='bbox 3295 4307 3442 4364; x_wconf 78' lang='grc' dir='ltr'><strong>ἀλλά</strong></span> <span class='ocrx_word' id='word_1_630' title='bbox 3463 4313 3553 4366; x_wconf 80' lang='grc' dir='ltr'><strong>καὶ</strong></span> <span class='ocrx_word' id='word_1_631' title='bbox 3598 4311 3814 4384; x_wconf 78' lang='grc' dir='ltr'>μᾶλλον</span> 
     </span>
    </p>
   </div>
   <div class='ocr_carea' id='block_1_91' title="bbox 2163 4390 3815 4474">
    <p class='ocr_par' dir='ltr' id='par_1_91' title="bbox 2163 4390 3815 4474">
     <span class='ocr_line' id='line_1_91' title="bbox 2163 4390 3815 4474; baseline 0.007 -29"><span class='ocrx_word' id='word_1_632' title='bbox 2163 4390 2522 4468; x_wconf 82' lang='grc' dir='ltr'>ἀποδέχεσθαι</span> <span class='ocrx_word' id='word_1_633' title='bbox 2568 4395 2667 4462; x_wconf 77' lang='grc' dir='ltr'>τὴν</span> <span class='ocrx_word' id='word_1_634' title='bbox 2721 4394 2923 4471; x_wconf 73' lang='grc' dir='ltr'>ἀγαθὴν</span> <span class='ocrx_word' id='word_1_635' title='bbox 2989 4395 3154 4452; x_wconf 84' lang='grc' dir='ltr'>αὐτοῦ</span> <span class='ocrx_word' id='word_1_636' title='bbox 3201 4397 3549 4468; x_wconf 87' lang='grc' dir='ltr'>συνείδησιν.</span> <span class='ocrx_word' id='word_1_637' title='bbox 3602 4403 3687 4474; x_wconf 76' lang='grc' dir='ltr'><strong>Ἐξ</strong></span> <span class='ocrx_word' id='word_1_638' title='bbox 3740 4403 3815 4457; x_wconf 83' lang='grc' dir='ltr'>ὧν</span> 
     </span>
    </p>
   </div>
   <div class='ocr_carea' id='block_1_92' title="bbox 2161 4479 3818 4568">
    <p class='ocr_par' dir='ltr' id='par_1_92' title="bbox 2161 4479 3818 4568">
     <span class='ocr_line' id='line_1_92' title="bbox 2161 4479 3818 4568; baseline 0.005 -33"><span class='ocrx_word' id='word_1_639' title='bbox 2161 4482 2260 4557; x_wconf 71' lang='grc' dir='ltr'><strong>γὰρ</strong></span> <span class='ocrx_word' id='word_1_640' title='bbox 2293 4479 2594 4557; x_wconf 82' lang='grc' dir='ltr'>διηγήσατο</span> <span class='ocrx_word' id='word_1_641' title='bbox 2635 4485 2662 4538; x_wconf 92' lang='grc' dir='ltr'>ὁ</span> <span class='ocrx_word' id='word_1_642' title='bbox 2714 4485 2991 4560; x_wconf 74' lang='grc' dir='ltr'>ἀγαπητὸς</span> <span class='ocrx_word' id='word_1_643' title='bbox 3043 4488 3286 4568; x_wconf 76' lang='grc' dir='ltr'>Διάνιος,</span> <span class='ocrx_word' id='word_1_644' title='bbox 3317 4491 3488 4560; x_wconf 79' lang='grc' dir='ltr'>μάτην</span> <span class='ocrx_word' id='word_1_645' title='bbox 3539 4490 3818 4568; x_wconf 71' lang='grc' dir='ltr'>φαίνονται</span> 
     </span>
    </p>
   </div>
   <div class='ocr_carea' id='block_1_93' title="bbox 2163 4565 3815 4654">
    <p class='ocr_par' dir='ltr' id='par_1_93' title="bbox 2163 4565 3815 4654">
     <span class='ocr_line' id='line_1_93' title="bbox 2163 4565 3815 4654; baseline 0.006 -30"><span class='ocrx_word' id='word_1_646' title='bbox 2163 4569 2520 4643; x_wconf 81' lang='grc' dir='ltr'>λυπούμενοι.</span> <span class='ocrx_word' id='word_1_647' title='bbox 2578 4572 2754 4635; x_wconf 84' lang='grc' dir='ltr'>Αὐτὸς</span> <span class='ocrx_word' id='word_1_648' title='bbox 2807 4575 2900 4648; x_wconf 73' lang='grc' dir='ltr'>μὲν</span> <span class='ocrx_word' id='word_1_649' title='bbox 2956 4576 3100 4650; x_wconf 80' lang='grc' dir='ltr'>γὰρ,</span> <span class='ocrx_word' id='word_1_650' title='bbox 3155 4578 3228 4638; x_wconf 82' lang='grc' dir='ltr'><strong>ὡς</strong></span> <span class='ocrx_word' id='word_1_651' title='bbox 3279 4565 3589 4654; x_wconf 18' lang='grc' dir='ltr'>τεθάρρηκήα</span> <span class='ocrx_word' id='word_1_652' title='bbox 3622 4623 3636 4647; x_wconf 93' lang='grc'><strong>,</strong></span> <span class='ocrx_word' id='word_1_653' title='bbox 3697 4567 3815 4643; x_wconf 86' lang='grc' dir='ltr'>τοῖς</span> 
     </span>
    </p>
   </div>
   <div class='ocr_carea' id='block_1_94' title="bbox 2160 4658 3817 4746">
    <p class='ocr_par' dir='ltr' id='par_1_94' title="bbox 2160 4658 3817 4746">
     <span class='ocr_line' id='line_1_94' title="bbox 2160 4658 3817 4746; baseline 0.007 -33"><span class='ocrx_word' id='word_1_654' title='bbox 2160 4658 2468 4723; x_wconf 83' lang='grc' dir='ltr'>ἀσθενοῦσιν</span> <span class='ocrx_word' id='word_1_655' title='bbox 2521 4659 2744 4730; x_wconf 82' lang='grc' dir='ltr'>ἀσθενὴς</span> <span class='ocrx_word' id='word_1_656' title='bbox 2791 4664 3036 4738; x_wconf 85' lang='grc' dir='ltr'>γίνεται,</span> <span class='ocrx_word' id='word_1_657' title='bbox 3073 4663 3161 4720; x_wconf 63' lang='grc' dir='ltr'>ἵνα</span> <span class='ocrx_word' id='word_1_658' title='bbox 3207 4665 3334 4732; x_wconf 73' lang='grc' dir='ltr'>τοὺς</span> <span class='ocrx_word' id='word_1_659' title='bbox 3385 4667 3623 4730; x_wconf 84' lang='grc' dir='ltr'>ἀσθενεῖς</span> <span class='ocrx_word' id='word_1_660' title='bbox 3678 4690 3817 4746; x_wconf 85' lang='grc' dir='ltr'>κερ-</span> 
     </span>
    </p>
   </div>
   <div class='ocr_carea' id='block_1_95' title="bbox 392 4736 2057 4826">
    <p class='ocr_par' dir='ltr' id='par_1_95' title="bbox 392 4743 2044 4826">
     <span class='ocr_line' id='line_1_95' title="bbox 392 4743 2044 4826; baseline -0.006 -11"><span class='ocrx_word' id='word_1_661' title='bbox 392 4761 528 4818; x_wconf 85' lang='lat' dir='ltr'><strong>lecti</strong></span> <span class='ocrx_word' id='word_1_662' title='bbox 557 4776 689 4816; x_wconf 91' lang='lat' dir='ltr'><strong>vero</strong></span> <span class='ocrx_word' id='word_1_663' title='bbox 722 4743 904 4815; x_wconf 83' lang='lat' dir='ltr'><strong>nostri</strong></span> <span class='ocrx_word' id='word_1_664' title='bbox 955 4754 1388 4826; x_wconf 87' lang='lat' dir='ltr'><strong>conspicientes</strong></span> <span class='ocrx_word' id='word_1_665' title='bbox 1438 4753 1566 4822; x_wconf 81' lang='lat' dir='ltr'><strong>ejus</strong></span> <span class='ocrx_word' id='word_1_666' title='bbox 1617 4751 1688 4806; x_wconf 89' lang='lat' dir='ltr'><strong>ad</strong></span> <span class='ocrx_word' id='word_1_667' title='bbox 1739 4751 2044 4806; x_wconf 89' lang='lat' dir='ltr'><strong>veritatem</strong></span> 
     </span>
    </p>
   </div>
   <div class='ocr_carea' id='block_1_96' title="bbox 2173 4736 3816 4826">
    <p class='ocr_par' dir='ltr' id='par_1_96' title="bbox 2173 4736 3816 4826">
     <span class='ocr_line' id='line_1_96' title="bbox 2173 4736 3816 4826; baseline 0.007 -24"><span class='ocrx_word' id='word_1_668' title='bbox 2173 4747 2314 4821; x_wconf 72' lang='grc' dir='ltr'>ἰήσῃ·</span> <span class='ocrx_word' id='word_1_669' title='bbox 2367 4750 2419 4802; x_wconf 75' lang='grc' dir='ltr'>οἱ</span> <span class='ocrx_word' id='word_1_670' title='bbox 2470 4746 2526 4803; x_wconf 77' lang='grc' dir='ltr'>δὲ</span> <span class='ocrx_word' id='word_1_671' title='bbox 2573 4736 2846 4825; x_wconf 80' lang='grc' dir='ltr'>ἀγαπητοέ</span> <span class='ocrx_word' id='word_1_672' title='bbox 2894 4755 3088 4826; x_wconf 84' lang='grc' dir='ltr'>ἡμῶν,</span> <span class='ocrx_word' id='word_1_673' title='bbox 3137 4749 3542 4820; x_wconf 79' lang='grc' dir='ltr'>ἀποόλὲποντες</span> <span class='ocrx_word' id='word_1_674' title='bbox 3595 4757 3674 4820; x_wconf 85' lang='grc' dir='ltr'>εἷς</span> <span class='ocrx_word' id='word_1_675' title='bbox 3721 4736 3816 4814; x_wconf 76' lang='grc' dir='ltr'>τὸν</span> 
     </span>
    </p>
   </div>
   <div class='ocr_carea' id='block_1_97' title="bbox 391 4840 2039 4922">
    <p class='ocr_par' dir='ltr' id='par_1_97' title="bbox 391 4840 2039 4922">
     <span class='ocr_line' id='line_1_97' title="bbox 391 4840 2039 4922; baseline -0.007 -17"><span class='ocrx_word' id='word_1_676' title='bbox 391 4866 660 4922; x_wconf 89' lang='lat' dir='ltr'><strong>scopum,</strong></span> <span class='ocrx_word' id='word_1_677' title='bbox 691 4855 866 4920; x_wconf 88' lang='lat' dir='ltr'><strong>atque</strong></span> <span class='ocrx_word' id='word_1_678' title='bbox 911 4844 1320 4910; x_wconf 77' lang='lat' dir='ltr'><strong>oeconomiam,</strong></span> <span class='ocrx_word' id='word_1_679' title='bbox 1356 4845 1610 4896; x_wconf 85' lang='lat' dir='ltr'><strong>referant</strong></span> <span class='ocrx_word' id='word_1_680' title='bbox 1643 4840 1887 4894; x_wconf 90' lang='lat' dir='ltr'><strong>Domino</strong></span> <span class='ocrx_word' id='word_1_681' title='bbox 1917 4840 2039 4911; x_wconf 87' lang='lat' dir='ltr'><strong>glo-</strong></span> 
     </span>
    </p>
   </div>
   <div class='ocr_carea' id='block_1_98' title="bbox 395 4929 2034 5013">
    <p class='ocr_par' dir='ltr' id='par_1_98' title="bbox 395 4929 2034 5013">
     <span class='ocr_line' id='line_1_98' title="bbox 395 4929 2034 5013; baseline -0.007 -19"><span class='ocrx_word' id='word_1_682' title='bbox 395 4940 563 5013; x_wconf 83' lang='lat' dir='ltr'><strong>riam,</strong></span> <span class='ocrx_word' id='word_1_683' title='bbox 596 4935 1086 5013; x_wconf 67' lang='lat' dir='ltr'><strong>quiCappadoeiaa</strong></span> <span class='ocrx_word' id='word_1_684' title='bbox 1107 4933 1449 5008; x_wconf 84' lang='lat' dir='ltr'><strong>episcopum</strong></span> <span class='ocrx_word' id='word_1_685' title='bbox 1481 4930 1644 4986; x_wconf 89' lang='lat' dir='ltr'><strong>dedit</strong></span> <span class='ocrx_word' id='word_1_686' title='bbox 1674 4929 2034 5000; x_wconf 86' lang='lat' dir='ltr'><strong>hujusmodi,</strong></span> 
     </span>
    </p>
   </div>
   <div class='ocr_carea' id='block_1_99' title="bbox 392 5009 2036 5100">
    <p class='ocr_par' dir='ltr' id='par_1_99' title="bbox 392 5009 2036 5100">
     <span class='ocr_line' id='line_1_99' title="bbox 392 5009 2036 5100; baseline -0.006 -20"><span class='ocrx_word' id='word_1_687' title='bbox 392 5009 626 5098; x_wconf 82' lang='lat' dir='ltr'><strong>qualem</strong></span> <span class='ocrx_word' id='word_1_688' title='bbox 661 5009 802 5081; x_wconf 84' lang='lat' dir='ltr'><strong>sane</strong></span> <span class='ocrx_word' id='word_1_689' title='bbox 833 5009 996 5100; x_wconf 81' lang='lat' dir='ltr'><strong>nulla</strong></span> <span class='ocrx_word' id='word_1_690' title='bbox 1029 5038 1141 5076; x_wconf 90' lang='lat' dir='ltr'><strong>non</strong></span> <span class='ocrx_word' id='word_1_691' title='bbox 1177 5019 1331 5090; x_wconf 86' lang='lat' dir='ltr'><strong>regio</strong></span> <span class='ocrx_word' id='word_1_692' title='bbox 1361 5017 1474 5074; x_wconf 88' lang='lat' dir='ltr'><strong>sibi</strong></span> <span class='ocrx_word' id='word_1_693' title='bbox 1504 5023 1790 5088; x_wconf 88' lang='lat' dir='ltr'><strong>peroptat.</strong></span> <span class='ocrx_word' id='word_1_694' title='bbox 1812 5016 1897 5070; x_wconf 89' lang='lat' dir='ltr'><strong>Tu</strong></span> <span class='ocrx_word' id='word_1_695' title='bbox 1929 5018 2036 5071; x_wconf 86' lang='lat' dir='ltr'><strong>ita-</strong></span> 
     </span>
    </p>
   </div>
   <div class='ocr_carea' id='block_1_100' title="bbox 391 5105 2034 5186">
    <p class='ocr_par' dir='ltr' id='par_1_100' title="bbox 391 5105 2034 5186">
     <span class='ocr_line' id='line_1_100' title="bbox 391 5105 2034 5186; baseline -0.007 -16"><span class='ocrx_word' id='word_1_696' title='bbox 391 5115 756 5186; x_wconf 79' lang='lat' dir='ltr'><strong>que,dilecte,</strong></span> <span class='ocrx_word' id='word_1_697' title='bbox 791 5114 849 5168; x_wconf 90' lang='lat' dir='ltr'><strong>id</strong></span> <span class='ocrx_word' id='word_1_698' title='bbox 878 5112 1016 5180; x_wconf 85' lang='lat' dir='ltr'><strong>illis,</strong></span> <span class='ocrx_word' id='word_1_699' title='bbox 1049 5125 1266 5181; x_wconf 58' lang='lat' dir='ltr'><strong>quaeso,</strong></span> <span class='ocrx_word' id='word_1_700' title='bbox 1298 5105 1571 5162; x_wconf 86' lang='lat' dir='ltr'><strong>renuntia</strong></span> <span class='ocrx_word' id='word_1_701' title='bbox 1598 5123 1611 5168; x_wconf 85' lang='lat'>;</span> <span class='ocrx_word' id='word_1_702' title='bbox 1640 5113 1722 5172; x_wconf 89' lang='lat' dir='ltr'><strong>ut,</strong></span> <span class='ocrx_word' id='word_1_703' title='bbox 1756 5106 2034 5175; x_wconf 65' lang='lat' dir='ltr'><strong>quemado</strong></span> 
     </span>
    </p>
   </div>
   <div class='ocr_carea' id='block_1_101' title="bbox 389 5194 2034 5274">
    <p class='ocr_par' dir='ltr' id='par_1_101' title="bbox 389 5194 2034 5274">
     <span class='ocr_line' id='line_1_101' title="bbox 389 5194 2034 5274; baseline -0.005 -15"><span class='ocrx_word' id='word_1_704' title='bbox 389 5205 630 5259; x_wconf 89' lang='lat' dir='ltr'><strong>modum</strong></span> <span class='ocrx_word' id='word_1_705' title='bbox 661 5203 892 5274; x_wconf 89' lang='lat' dir='ltr'><strong>scripsi,</strong></span> <span class='ocrx_word' id='word_1_706' title='bbox 924 5215 1145 5256; x_wconf 91' lang='lat' dir='ltr'><strong>morem</strong></span> <span class='ocrx_word' id='word_1_707' title='bbox 1178 5196 1258 5251; x_wconf 82' lang='lat' dir='ltr'><strong>illi</strong></span> <span class='ocrx_word' id='word_1_708' title='bbox 1289 5202 1512 5266; x_wconf 88' lang='lat' dir='ltr'><strong>gerant.</strong></span> <span class='ocrx_word' id='word_1_709' title='bbox 1551 5194 1699 5247; x_wconf 77' lang='lat' dir='ltr'><strong>Illud</strong></span> <span class='ocrx_word' id='word_1_710' title='bbox 1745 5194 1902 5248; x_wconf 86' lang='lat' dir='ltr'><strong>enim</strong></span> <span class='ocrx_word' id='word_1_711' title='bbox 1935 5209 2034 5250; x_wconf 88' lang='lat' dir='ltr'><strong>eos</strong></span> 
     </span>
    </p>
   </div>
   <div class='ocr_carea' id='block_1_102' title="bbox 2153 4837 3812 4924">
    <p class='ocr_par' dir='ltr' id='par_1_102' title="bbox 2153 4837 3812 4924">
     <span class='ocr_line' id='line_1_102' title="bbox 2153 4837 3812 4924; baseline 0.007 -34"><span class='ocrx_word' id='word_1_712' title='bbox 2153 4838 2352 4891; x_wconf 89' lang='grc' dir='ltr'>σκοπὸν</span> <span class='ocrx_word' id='word_1_713' title='bbox 2383 4837 2779 4924; x_wconf 31' lang='grc' dir='ltr'>τῆςιάληθείας</span> <span class='ocrx_word' id='word_1_714' title='bbox 2823 4841 3008 4912; x_wconf 87' lang='grc' dir='ltr'>αὑτοῦ,</span> <span class='ocrx_word' id='word_1_715' title='bbox 3054 4842 3143 4896; x_wconf 78' lang='grc' dir='ltr'><strong>καὶ</strong></span> <span class='ocrx_word' id='word_1_716' title='bbox 3190 4845 3288 4913; x_wconf 82' lang='grc' dir='ltr'><strong>τήν</strong></span> <span class='ocrx_word' id='word_1_717' title='bbox 3345 4843 3690 4917; x_wconf 85' lang='grc' dir='ltr'>οἰκονομίαν,</span> <span class='ocrx_word' id='word_1_718' title='bbox 3717 4844 3812 4902; x_wconf 85' lang='grc' dir='ltr'>δο-</span> 
     </span>
    </p>
   </div>
   <div class='ocr_carea' id='block_1_103' title="bbox 2151 4925 3802 5007">
    <p class='ocr_par' dir='ltr' id='par_1_103' title="bbox 2151 4925 3802 5007">
     <span class='ocr_line' id='line_1_103' title="bbox 2151 4925 3802 5007; baseline 0.007 -29"><span class='ocrx_word' id='word_1_719' title='bbox 2151 4925 2446 4994; x_wconf 82' lang='grc' dir='ltr'>ξαζέτωσαν</span> <span class='ocrx_word' id='word_1_720' title='bbox 2477 4927 2566 4981; x_wconf 89' lang='grc' dir='ltr'><strong>τὸν</strong></span> <span class='ocrx_word' id='word_1_721' title='bbox 2602 4927 2819 5004; x_wconf 77' lang='grc' dir='ltr'>Κύριον,</span> <span class='ocrx_word' id='word_1_722' title='bbox 2850 4930 2942 4984; x_wconf 87' lang='grc' dir='ltr'><strong>τὸν</strong></span> <span class='ocrx_word' id='word_1_723' title='bbox 2993 4927 3268 4986; x_wconf 85' lang='grc' dir='ltr'>δεδωκότα</span> <span class='ocrx_word' id='word_1_724' title='bbox 3313 4936 3381 5007; x_wconf 80' lang='grc' dir='ltr'><strong>τῇ</strong></span> <span class='ocrx_word' id='word_1_725' title='bbox 3433 4933 3802 5007; x_wconf 74' lang='grc' dir='ltr'>Καππαδοκίᾳ</span> 
     </span>
    </p>
   </div>
   <div class='ocr_carea' id='block_1_104' title="bbox 2145 5014 3804 5101">
    <p class='ocr_par' dir='ltr' id='par_1_104' title="bbox 2145 5014 3804 5101">
     <span class='ocr_line' id='line_1_104' title="bbox 2145 5014 3804 5101; baseline 0.008 -34"><span class='ocrx_word' id='word_1_726' title='bbox 2145 5020 2392 5070; x_wconf 80' lang='grc' dir='ltr'>τοιοῦτον</span> <span class='ocrx_word' id='word_1_727' title='bbox 2426 5014 2739 5086; x_wconf 83' lang='grc' dir='ltr'>ἐπίσκοπον,</span> <span class='ocrx_word' id='word_1_728' title='bbox 2774 5021 2888 5074; x_wconf 83' lang='grc' dir='ltr'>οἷον</span> <span class='ocrx_word' id='word_1_729' title='bbox 2917 5019 3008 5076; x_wconf 86' lang='grc' dir='ltr'><strong>καὶ</strong></span> <span class='ocrx_word' id='word_1_730' title='bbox 3040 5021 3236 5091; x_wconf 72' lang='grc' dir='ltr'>ἑκάστη</span> <span class='ocrx_word' id='word_1_731' title='bbox 3271 5023 3430 5096; x_wconf 86' lang='grc' dir='ltr'>χώρα</span> <span class='ocrx_word' id='word_1_732' title='bbox 3463 5017 3609 5098; x_wconf 76' lang='grc' dir='ltr'>ἔχειν</span> <span class='ocrx_word' id='word_1_733' title='bbox 3644 5022 3804 5101; x_wconf 72' lang='grc' dir='ltr'>εὔχε-</span> 
     </span>
    </p>
   </div>
   <div class='ocr_carea' id='block_1_105' title="bbox 2145 5105 3798 5182">
    <p class='ocr_par' dir='ltr' id='par_1_105' title="bbox 2145 5105 3798 5182">
     <span class='ocr_line' id='line_1_105' title="bbox 2145 5105 3798 5182; baseline 0.007 -25"><span class='ocrx_word' id='word_1_734' title='bbox 2145 5123 2253 5157; x_wconf 89' lang='grc' dir='ltr'>ται.</span> <span class='ocrx_word' id='word_1_735' title='bbox 2308 5105 2409 5160; x_wconf 82' lang='grc' dir='ltr'>Καὶ</span> <span class='ocrx_word' id='word_1_736' title='bbox 2456 5105 2519 5158; x_wconf 76' lang='grc' dir='ltr'>σὺ</span> <span class='ocrx_word' id='word_1_737' title='bbox 2565 5105 2680 5175; x_wconf 80' lang='grc' dir='ltr'>οὖν,</span> <span class='ocrx_word' id='word_1_738' title='bbox 2715 5109 2978 5182; x_wconf 75' lang='grc' dir='ltr'>ἀγκπητὲ,</span> <span class='ocrx_word' id='word_1_739' title='bbox 3035 5107 3268 5181; x_wconf 78' lang='grc' dir='ltr'>θέλησον</span> <span class='ocrx_word' id='word_1_740' title='bbox 3303 5113 3490 5173; x_wconf 81' lang='grc' dir='ltr'>αὐτοῖς</span> <span class='ocrx_word' id='word_1_741' title='bbox 3521 5109 3798 5182; x_wconf 84' lang='grc' dir='ltr'>δηλῶσαι,</span> 
     </span>
    </p>
   </div>
   <div class='ocr_carea' id='block_1_106' title="bbox 2140 5187 3803 5276">
    <p class='ocr_par' dir='ltr' id='par_1_106' title="bbox 2140 5187 3803 5276">
     <span class='ocr_line' id='line_1_106' title="bbox 2140 5187 3803 5276; baseline 0.007 -30"><span class='ocrx_word' id='word_1_742' title='bbox 2140 5190 2252 5260; x_wconf 66' lang='grc' dir='ltr'>ἵνα,</span> <span class='ocrx_word' id='word_1_743' title='bbox 2305 5193 2380 5255; x_wconf 84' lang='grc' dir='ltr'><strong>ὡς</strong></span> <span class='ocrx_word' id='word_1_744' title='bbox 2430 5187 2659 5269; x_wconf 75' lang='grc' dir='ltr'>ἔγραψα,</span> <span class='ocrx_word' id='word_1_745' title='bbox 2715 5202 2978 5260; x_wconf 88' lang='grc' dir='ltr'>πεισθῶσι</span> <span class='ocrx_word' id='word_1_746' title='bbox 3013 5240 3025 5253; x_wconf 93' lang='grc'><strong>.</strong></span> <span class='ocrx_word' id='word_1_747' title='bbox 3077 5202 3247 5252; x_wconf 88' lang='grc' dir='ltr'>Τοῦτο</span> <span class='ocrx_word' id='word_1_748' title='bbox 3301 5200 3406 5276; x_wconf 81' lang='grc' dir='ltr'><strong>γὰρ</strong></span> <span class='ocrx_word' id='word_1_749' title='bbox 3462 5202 3549 5255; x_wconf 85' lang='grc' dir='ltr'><strong>καὶ</strong></span> <span class='ocrx_word' id='word_1_750' title='bbox 3609 5203 3803 5266; x_wconf 75' lang='grc' dir='ltr'>αὐτοὺς</span> 
     </span>
    </p>
   </div>
   <div class='ocr_carea' id='block_1_107' title="bbox 383 5281 2057 5368">
    <p class='ocr_par' dir='ltr' id='par_1_107' title="bbox 383 5283 2035 5368">
     <span class='ocr_line' id='line_1_107' title="bbox 383 5283 2035 5368; baseline -0.009 -14"><span class='ocrx_word' id='word_1_751' title='bbox 383 5311 522 5368; x_wconf 66' lang='lat' dir='ltr'><strong>ergo.</strong></span> <span class='ocrx_word' id='word_1_752' title='bbox 569 5298 794 5368; x_wconf 80' lang='lat' dir='ltr'><strong>patrem</strong></span> <span class='ocrx_word' id='word_1_753' title='bbox 843 5305 1016 5348; x_wconf 86' lang='lat' dir='ltr'><strong>suum</strong></span> <span class='ocrx_word' id='word_1_754' title='bbox 1068 5285 1377 5344; x_wconf 87' lang='lat' dir='ltr'><strong>benevolos</strong></span> <span class='ocrx_word' id='word_1_755' title='bbox 1426 5283 1660 5352; x_wconf 86' lang='lat' dir='ltr'><strong>efliciet,</strong></span> <span class='ocrx_word' id='word_1_756' title='bbox 1712 5298 2035 5354; x_wconf 85' lang='lat' dir='ltr'><strong>pacemque</strong></span> 
     </span>
    </p>
   </div>
   <div class='ocr_carea' id='block_1_108' title="bbox 2173 5281 3809 5368">
    <p class='ocr_par' dir='ltr' id='par_1_108' title="bbox 2173 5281 3809 5364">
     <span class='ocr_line' id='line_1_108' title="bbox 2173 5281 3809 5364; baseline 0.006 -30"><span class='ocrx_word' id='word_1_757' title='bbox 2173 5281 2450 5353; x_wconf 72' lang='grc' dir='ltr'>ὐνίστησιν</span> <span class='ocrx_word' id='word_1_758' title='bbox 2503 5283 2848 5358; x_wconf 67' lang='grc' dir='ltr'>εὐγνῴμονας</span> <span class='ocrx_word' id='word_1_759' title='bbox 2896 5286 3034 5362; x_wconf 88' lang='grc' dir='ltr'>πρὸς</span> <span class='ocrx_word' id='word_1_760' title='bbox 3081 5286 3304 5364; x_wconf 84' lang='grc' dir='ltr'>πατέρα·</span> <span class='ocrx_word' id='word_1_761' title='bbox 3356 5293 3519 5345; x_wconf 85' lang='grc' dir='ltr'>τοῦτο</span> <span class='ocrx_word' id='word_1_762' title='bbox 3570 5293 3658 5346; x_wconf 83' lang='grc' dir='ltr'><strong>καὶ</strong></span> <span class='ocrx_word' id='word_1_763' title='bbox 3708 5293 3809 5364; x_wconf 79' lang='grc' dir='ltr'><strong>τήν</strong></span> 
     </span>
    </p>
   </div>
   <div class='ocr_carea' id='block_1_109' title="bbox 453 5427 941 5494">
    <p class='ocr_par' dir='ltr' id='par_1_109' title="bbox 453 5427 941 5494">
     <span class='ocr_line' id='line_1_109' title="bbox 453 5427 941 5494; baseline -0.006 -11"><span class='ocrx_word' id='word_1_764' title='bbox 453 5429 498 5465; x_wconf 78' lang='grc'><strong>⁴⁸</strong></span> <span class='ocrx_word' id='word_1_765' title='bbox 526 5431 552 5482; x_wconf 94' lang='lat' dir='ltr'>I</span> <span class='ocrx_word' id='word_1_766' title='bbox 579 5431 707 5487; x_wconf 85' lang='lat' dir='ltr'><strong>Cor.</strong></span> <span class='ocrx_word' id='word_1_767' title='bbox 738 5443 818 5494; x_wconf 74' lang='lat' dir='ltr'><strong>ix,</strong></span> <span class='ocrx_word' id='word_1_768' title='bbox 849 5427 941 5481; x_wconf 87' lang='lat'><strong>22.</strong></span> 
     </span>
    </p>
   </div>
   <div class='ocr_carea' id='block_1_110' title="bbox 476 5572 1354 5653">
    <p class='ocr_par' dir='ltr' id='par_1_110' title="bbox 476 5572 1354 5653">
     <span class='ocr_line' id='line_1_110' title="bbox 476 5572 1354 5653; baseline -0.009 -16"><span class='ocrx_word' id='word_1_769' title='bbox 476 5582 569 5653; x_wconf 83' lang='grc'><strong>51)</strong></span> <span class='ocrx_word' id='word_1_770' title='bbox 599 5581 789 5653; x_wconf 66' lang='grc' dir='ltr'>Ρβιβις.</span> <span class='ocrx_word' id='word_1_771' title='bbox 823 5579 876 5647; x_wconf 90' lang='lat'><strong>3,</strong></span> <span class='ocrx_word' id='word_1_772' title='bbox 907 5572 1354 5653; x_wconf 55' lang='lat' dir='ltr'><strong>duoqpétpecgni.</strong></span> 
     </span>
    </p>
   </div>
   <div class='ocr_carea' id='block_1_111' title="bbox 477 5648 1306 5724">
    <p class='ocr_par' dir='ltr' id='par_1_111' title="bbox 477 5648 1306 5724">
     <span class='ocr_line' id='line_1_111' title="bbox 477 5648 1306 5724; baseline -0.008 -17"><span class='ocrx_word' id='word_1_773' title='bbox 477 5648 568 5724; x_wconf 85' lang='grc'>52)</span> <span class='ocrx_word' id='word_1_774' title='bbox 596 5651 710 5706; x_wconf 71' lang='lat' dir='ltr'><strong>nol</strong></span> <span class='ocrx_word' id='word_1_775' title='bbox 744 5653 909 5724; x_wconf 81' lang='lat' dir='ltr'><strong>deest</strong></span> <span class='ocrx_word' id='word_1_776' title='bbox 935 5650 994 5704; x_wconf 90' lang='lat' dir='ltr'><strong>in</strong></span> <span class='ocrx_word' id='word_1_777' title='bbox 1028 5648 1219 5724; x_wconf 50' lang='grc' dir='ltr'>Βοιῷ.</span> <span class='ocrx_word' id='word_1_778' title='bbox 1251 5649 1306 5700; x_wconf 88' lang='grc'>3.</span> 
     </span>
    </p>
   </div>
   <div class='ocr_carea' id='block_1_112' title="bbox 455 5707 2029 5795">
    <p class='ocr_par' dir='ltr' id='par_1_112' title="bbox 455 5707 2029 5795">
     <span class='ocr_line' id='line_1_112' title="bbox 455 5707 2029 5795; baseline -0.009 -16"><span class='ocrx_word' id='word_1_779' title='bbox 455 5707 568 5794; x_wconf 74' lang='grc'>(53)</span> <span class='ocrx_word' id='word_1_780' title='bbox 597 5724 746 5788; x_wconf 61' lang='lat' dir='ltr'><strong>Hac,</strong></span> <span class='ocrx_word' id='word_1_781' title='bbox 781 5721 919 5795; x_wconf 88' lang='grc' dir='ltr'>πρὸς</span> <span class='ocrx_word' id='word_1_782' title='bbox 954 5707 1679 5795; x_wconf 45' lang='grc' dir='ltr'>Παλλάδιον-πρεαϐύτερον</span> <span class='ocrx_word' id='word_1_783' title='bbox 1736 5711 2029 5795; x_wconf 55' lang='grc' dir='ltr'>ἐπιστολή,</span> 
     </span>
    </p>
   </div>
   <div class='ocr_carea' id='block_1_113' title="bbox 379 5785 2029 5866">
    <p class='ocr_par' dir='ltr' id='par_1_113' title="bbox 379 5785 2029 5866">
     <span class='ocr_line' id='line_1_113' title="bbox 379 5785 2029 5866; baseline -0.005 -16"><span class='ocrx_word' id='word_1_784' title='bbox 379 5785 592 5851; x_wconf 77' lang='lat' dir='ltr'><strong>assunt</strong></span> <span class='ocrx_word' id='word_1_785' title='bbox 621 5812 652 5850; x_wconf 90' lang='lat' dir='ltr'><strong>a</strong></span> <span class='ocrx_word' id='word_1_786' title='bbox 687 5785 889 5866; x_wconf 79' lang='lat' dir='ltr'><strong>Regio,</strong></span> <span class='ocrx_word' id='word_1_787' title='bbox 917 5792 1092 5849; x_wconf 88' lang='lat' dir='ltr'><strong>Basil.</strong></span> <span class='ocrx_word' id='word_1_788' title='bbox 1125 5795 1182 5846; x_wconf 93' lang='lat' dir='ltr'><strong>et</strong></span> <span class='ocrx_word' id='word_1_789' title='bbox 1207 5785 1399 5844; x_wconf 77' lang='lat' dir='ltr'><strong>Felck.</strong></span> <span class='ocrx_word' id='word_1_790' title='bbox 1434 5788 1488 5855; x_wconf 90' lang='lat'><strong>3,</strong></span> <span class='ocrx_word' id='word_1_791' title='bbox 1521 5785 1624 5842; x_wconf 84' lang='lat' dir='ltr'><strong>sed</strong></span> <span class='ocrx_word' id='word_1_792' title='bbox 1657 5785 1947 5843; x_wconf 88' lang='lat' dir='ltr'><strong>habentur</strong></span> <span class='ocrx_word' id='word_1_793' title='bbox 1969 5785 2029 5841; x_wconf 91' lang='lat' dir='ltr'><strong>in</strong></span> 
     </span>
    </p>
   </div>
   <div class='ocr_carea' id='block_1_114' title="bbox 2154 5570 3138 5640">
    <p class='ocr_par' dir='ltr' id='par_1_114' title="bbox 2154 5570 3138 5640">
     <span class='ocr_line' id='line_1_114' title="bbox 2154 5570 3138 5640; baseline 0.004 -14"><span class='ocrx_word' id='word_1_794' title='bbox 2154 5570 2341 5628; x_wconf 84' lang='lat' dir='ltr'><strong>Felck.</strong></span> <span class='ocrx_word' id='word_1_795' title='bbox 2372 5573 2429 5640; x_wconf 89' lang='lat'><strong>7,</strong></span> <span class='ocrx_word' id='word_1_796' title='bbox 2461 5578 2519 5628; x_wconf 89' lang='lat' dir='ltr'><strong>et</strong></span> <span class='ocrx_word' id='word_1_797' title='bbox 2547 5571 2608 5629; x_wconf 90' lang='lat' dir='ltr'><strong>in</strong></span> <span class='ocrx_word' id='word_1_798' title='bbox 2641 5574 2919 5633; x_wconf 88' lang='lat' dir='ltr'><strong>omnibus</strong></span> <span class='ocrx_word' id='word_1_799' title='bbox 2945 5575 3138 5634; x_wconf 84' lang='lat' dir='ltr'><strong>editis.</strong></span> 
     </span>
    </p>
   </div>
   <div class='ocr_carea' id='block_1_115' title="bbox 2217 5642 3195 5714">
    <p class='ocr_par' dir='ltr' id='par_1_115' title="bbox 2217 5642 3195 5714">
     <span class='ocr_line' id='line_1_115' title="bbox 2217 5642 3195 5714; baseline 0.006 -18"><span class='ocrx_word' id='word_1_800' title='bbox 2217 5644 2330 5714; x_wconf 76' lang='grc'>(54)</span> <span class='ocrx_word' id='word_1_801' title='bbox 2363 5642 2698 5714; x_wconf 86' lang='lat' dir='ltr'><strong>Felekman.</strong></span> <span class='ocrx_word' id='word_1_802' title='bbox 2728 5646 2786 5714; x_wconf 88' lang='lat'><strong>3,</strong></span> <span class='ocrx_word' id='word_1_803' title='bbox 2819 5646 3195 5703; x_wconf 83' lang='grc' dir='ltr'>Ἰνοκουστίου.</span> 
     </span>
    </p>
   </div>
   <div class='ocr_carea' id='block_1_116' title="bbox 2213 5713 3528 5798">
    <p class='ocr_par' dir='ltr' id='par_1_116' title="bbox 2213 5713 3528 5798">
     <span class='ocr_line' id='line_1_116' title="bbox 2213 5713 3528 5798; baseline 0.007 -29"><span class='ocrx_word' id='word_1_804' title='bbox 2367 5713 2702 5774; x_wconf 88' lang='lat' dir='ltr'><strong>Felekman.</strong></span> <span class='ocrx_word' id='word_1_805' title='bbox 2735 5713 2789 5787; x_wconf 87' lang='lat'><strong>3,</strong></span> <span class='ocrx_word' id='word_1_806' title='bbox 2821 5723 2940 5781; x_wconf 81' lang='grc' dir='ltr'><strong>πῶς</strong></span> <span class='ocrx_word' id='word_1_807' title='bbox 2962 5718 3157 5775; x_wconf 71' lang='grc' dir='ltr'>ἐκεῖνοι</span> <span class='ocrx_word' id='word_1_808' title='bbox 3191 5718 3243 5774; x_wconf 77' lang='grc' dir='ltr'>οἱ</span> <span class='ocrx_word' id='word_1_809' title='bbox 3275 5715 3528 5798; x_wconf 76' lang='grc' dir='ltr'>ἀδελφοί.</span> 
     </span>
    </p>
   </div>
  </div>
