4048 6362
1254 429 1640 494 EPISTOLA
1689 431 1792 491 AD
1840 419 2183 492 AMUNEM
2229 402 2709 486 MoNACHUM.
3531 435 3689 496 me

2031 560 2420 618 Ecclesiarum
2455 559 2729 638 servabit.
2764 560 2914 632 Opto
2965 563 3021 616 te
3072 561 3131 616 in
3184 563 3429 621 Domino
3473 555 3688 637 ualere,

2029 649 2240 708 dilecte
2272 648 2376 705 fili.

264 405 423 487 licia

262 555 488 644 εἰρήνην
508 560 628 621 ταῖς
677 551 1028 644 Ἐκκλησίαις
1075 565 1188 637 (56)
1239 559 1573 643 διαφυλάξει.
1610 561 1914 640 Ἐῤῥῶσθαί

261 655 322 702 σε
351 647 404 703 ἐν
434 647 614 725 Κυρίῳ
644 643 902 724 εὔχομαι,
936 646 1178 728 ἀγαπητὶ
1208 652 1308 708 υἱὲ.

981 949 1058 1010 IN
1104 929 1305 1012 τηε
1352 929 1967 1021 SUBSEQUENTES
2013 947 2442 1009 EPISTOLAS
2489 929 2958 1008 ADMONITIO.

335 1103 357 1132 ιι
391 1081 432 1136 Ι.
468 1084 684 1137 Praeter
713 1098 781 1137 ea
811 1085 942 1154 quas
972 1083 1032 1139 in
1062 1084 1401 1156 praefatione
1445 1075 1706 1157 generali
1737 1084 1829 1139 his
1859 1084 1932 1139 de
1959 1082 2219 1155 epistolis
2269 1081 2703 1148 adnotavimus,
2733 1081 3028 1136 eruditum
3083 1071 3357 1139 lectorem
3390 1087 3682 1145 monitum

257 1169 558 1237 volumus,
593 1170 762 1226 nobis
795 1170 1018 1227 nullam
1068 1172 1164 1228 hic
1191 1173 1377 1229 fuisse
1406 1175 1688 1246 temporis
1740 1175 2046 1243 rationem,
2080 1177 2253 1242 atque
2300 1170 2428 1226 ideo
2461 1170 2529 1225 ad
2565 1171 2782 1225 calcem
2832 1169 2966 1226 illas
3019 1173 3443 1244 transmisisse,
3473 1181 3539 1233 ut
3567 1194 3684 1249 quo

259 1260 466 1317 ordine
499 1259 558 1314 in
589 1263 890 1316 Canonum
923 1261 1365 1318 collectionibus
1415 1267 1665 1335 exstant,
1699 1264 1904 1318 eodem
1936 1261 2032 1317 hic
2080 1259 2413 1315 locarentur
2443 1275 2455 1313 :
2488 1259 2544 1313 in
2593 1259 2734 1314 solis
2767 1258 2981 1331 quippe
3031 1263 3330 1317 Canonum
3383 1265 3684 1323 codicibus

258 1353 610 1422 comparent
640 1347 778 1419 illis,
808 1348 968 1405 haud
998 1367 1170 1407 secus
1200 1352 1311 1408 hoc
1341 1352 1400 1406 in
1432 1357 1591 1408 temo
1641 1351 1940 1408 ordinatae.
1977 1349 2274 1420 Editaeque
2306 1352 2447 1404 sunt
2477 1348 2629 1418 apud
2681 1347 3052 1403 Theodorum
3084 1347 3512 1423 Balsamonem,
3547 1371 3678 1411 cum

259 1435 506 1492 scholiis
537 1437 804 1506 ejusdem
838 1436 1230 1494 Balsamonis.
1265 1441 1427 1494 Cusaa
1475 1439 1615 1496 item
1649 1443 1789 1495 sunt
1838 1440 1899 1494 in
1947 1438 2278 1494 Colloctione
2329 1436 2620 1490 Canonum
2668 1434 2990 1507 Oxonicnsi,
3035 1440 3177 1491 tom.
3215 1439 3284 1506 Il,
3317 1455 3374 1510 p.
3419 1440 3508 1510 36,
3543 1459 3677 1498 cum

252 1523 492 1580 scholii's
522 1525 758 1580 Zonarm'
780 1528 837 1580 et
867 1513 1258 1583 Balsamonis.
1298 1531 1371 1584 De
1405 1528 1657 1601 singulis
1688 1529 1958 1599 quaedam
1989 1527 2085 1582 hic
2116 1525 2363 1598 agenda.
2405 1546 2430 1572 »

324 1634 353 1662 «
387 1612 455 1669 ΙΙ.
491 1613 769 1668 ΕρῐετοιΑ
807 1630 881 1668 an
920 1616 1187 1671 AMUNEM
1232 1617 1381 1672 nihil
1413 1617 1592 1672 habet
1639 1618 1794 1688 quod
1827 1616 2218 1672 Athanasium
2274 1618 2572 1669 auctorem
2623 1630 2737 1668 non
2785 1613 3088 1683 praeferat;
3121 1613 3179 1669 id
3211 1614 3401 1688 stylus
3449 1617 3680 1684 suadet,

249 1707 478 1757 necnon
510 1702 793 1782 orationis
824 1707 1310 1776 argumentorum
1345 1703 1602 1780 ἐνέργεια,
1637 1721 1848 1761 nomen
1882 1705 2133 1777 denique
2164 1703 2412 1758 Amunis
2442 1702 2711 1757 monachi
2745 1703 3062 1758 Athanasio
3118 1703 3436 1774 notissimi,
3463 1707 3535 1761 de
3565 1723 3680 1779 quo

251 1799 435 1862 supra
459 1806 516 1863 p.
547 1791 676 1846 672.
710 1791 1062 1858 Quinetionis
1094 1797 1290 1849 autem
1322 1795 1634 1866 cujusdam
1679 1796 1835 1867 apud
1884 1794 2203 1851 monachos
2251 1792 2512 1848 excitatae
2554 1791 2858 1847 occasione
2909 1792 3045 1847 data
3093 1791 3216 1848 haec
3269 1793 3518 1866 epistola
3569 1797 3678 1850 est.

252 1877 534 1934 Nonnulli
567 1879 786 1958 quippe
815 1886 984 1937 erant
1014 1882 1114 1954 qui
1165 1871 1486 1958 nocturnas
1537 1883 1846 1940 illusiones
1912 1883 2093 1939 animi
2138 1880 2482 1953 corporibus
2531 1879 2842 1952 puritatem
2895 1883 3184 1936 temerare
3236 1884 3676 1949 contenderent,

258 1983 378 2040 qua
406 1967 478 2023 de
507 1984 570 2023 re
605 1968 676 2023 ab
706 1955 936 2025 Amune
967 1955 1389 2027 monachorum
1439 1973 1607 2028 Patre
1641 1975 1878 2044 rogatus
1911 1971 2292 2039 Athanasius,
2319 1968 2533 2026 validis
2580 1967 2678 2024 ille
2707 1972 2932 2041 pugnat
2963 1970 3350 2041 argumentis,
3384 1973 3498 2026 non
3545 1971 3679 2044 plus

262 2055 488 2128 peccati
518 2056 656 2114 huic
689 2056 884 2114 inesse
915 2059 1020 2124 rei,
1051 2059 1190 2115 dum
1226 2061 1381 2116 absit
1410 2062 1801 2134 propositum,
1835 2067 2010 2134 quam
2045 2059 2350 2132 egerendis
2380 2057 2742 2129 quibu'slibet
2772 2059 3030 2130 corporis
3060 2061 3468 2116 excrementis.
3503 2061 3678 2118 Porro

261 2161 396 2201 cum
431 2147 620 2201 Amun
672 2150 809 2203 ante
857 2148 1172 2204 Antonium
1213 2150 1332 2206 vita
1375 2152 1617 2206 functus
1643 2152 1746 2221 sit,
1781 2156 1845 2206 ut
1873 2150 2064 2222 p.672
2095 2150 2332 2219 dicitur,
2385 2148 2705 2218 obieritque
2750 2147 3041 2203 Antonius
3087 2149 3326 2205 ineunte
3366 2165 3519 2207 anno
3548 2149 3673 2220 356,

258 2249 499 2290 necesse
528 2231 618 2290 est
649 2239 784 2291 ante
815 2253 1035 2291 annum
1069 2236 1237 2292 illum
1270 2239 1468 2293 datam
1490 2239 1810 2315 [epistolam
1845 2239 2047 2306 fuisse,
2083 2239 2181 2293 sed
2217 2255 2328 2307 quo
2361 2253 2582 2304 revera,
2615 2237 2941 2307 conjectare
2973 2237 3309 2308 nequimus.
3346 2261 3372 2287 ››

331 2331 361 2391 ἐ(
397 2324 490 2380 IlI.
527 2324 802 2381 EPISTOLA
833 2331 1110 2396 rn‘s‘r‘ius,
1141 2326 1308 2384 initio
1342 2329 1572 2396 mutila,
1606 2332 1671 2383 ut
1700 2327 1911 2400 cuique
1943 2327 2137 2400 palam
2170 2331 2277 2395 eet,
2299 2329 2366 2381 ex
2396 2342 2640 2380 numero
2671 2323 2799 2382 esse
2823 2325 3053 2381 videtur
3081 2327 3459 2399 epistolamm
3497 2327 3677 2384 Atha-

256 2413 408 2470 nasii
441 2414 737 2471 festalium
793 2417 865 2471 ab
916 2411 1264 2490 Hieronymo
1317 2421 1803 2488 memoratarum,
1835 2418 1937 2473 lib.
1973 2419 2045 2474 De
2086 2411 2441 2488 scriptoribus
2487 2417 2886 2483 ecclesiasticis,
2918 2415 2979 2470 in
3027 2433 3144 2488 qua
3170 2419 3365 2474 tamen
3398 2413 3682 2474 nonnulla

255 2503 405 2559 forte
435 2507 704 2560 occurrat
735 2505 980 2560 adversa
1008 2505 1290 2579 suspicio.
1332 2507 1478 2563 Nam
1507 2507 1647 2562 dum
1680 2505 1992 2563 canonicos
2024 2502 2289 2562 recenset
2320 2507 2502 2561 libros
2525 2505 2905 2570 Athanasius,
2934 2506 3178 2562 minime
3199 2508 3364 2563 affert
3391 2508 3584 2563 varias
3611 2506 3682 2564 de

263 2591 614 2648 auctoritate
645 2594 1039 2666 quorumdam
1067 2595 1381 2668 Scriptores
1411 2595 1695 2652 librorum
1728 2597 2053 2652 sententias
2086 2613 2100 2651 :
2136 2594 2367 2666 plurimi
2403 2610 2658 2666 namque
2690 2593 2787 2649 illo
2819 2597 2935 2650 aevo
2968 2599 3298 2667 postremas
3329 2595 3476 2652 duas
3504 2598 3679 2653 Joan-

257 2679 351 2736 nis
382 2681 676 2753 Epistolas
707 2682 767 2737 in
817 2684 1274 2739 controversiam
1324 2685 1628 2749 vocabant,
1691 2693 1917 2740 necnon
1968 2683 2115 2740 allus
2163 2685 2475 2756 quasdam,
2535 2681 2905 2754 maximeque
2962 2684 3227 2739 omnium
3288 2685 3676 2757 Apocalypéin

254 2769 507 2826 Joannis
541 2787 553 2826 :
588 2787 705 2842 qua
736 2772 807 2826 de
841 2778 902 2828 re
933 2771 1220 2844 legendus
1267 2774 1576 2843 EUsebius,
1610 2761 1716 2832 lib.
1758 2791 1822 2828 III
1854 2774 2052 2830 Ecclcs.
2088 2774 2241 2843 hist,
2284 2790 2338 2845 p.
2372 2774 2461 2840 97,
2495 2775 2552 2827 et
2604 2772 2841 2843 Gregor.
2890 2772 3162 2828 Nazianz.
3221 2773 3402 2828 Carm.
3439 2775 3492 2844 'p.
3524 2774 3595 2827 98
3624 2773 3680 2830 et

263 2847 388 2915 194.
420 2859 637 2915 Verum
670 2865 869 2916 nostro
902 2849 1144 2933 quidem
1186 2862 1432 2932 judicio,
1467 2862 1609 2918 nihil
1645 2868 1734 2918 est
1765 2868 1828 2918 ut
1859 2880 1925 2918 ea
1956 2864 2028 2918 de
2076 2879 2254 2918 causa
2286 2862 2629 2916 baereamus.
2663 2861 2806 2916 Nam
2855 2860 3046 2931 potuit
3089 2861 3448 2917 Athanasius
3505 2869 3670 2917 suam

258 2947 664 3020 verioremque
696 2949 1051 3006 sententiam
1082 2951 1316 3023 pepulis
1347 2951 1596 3022 aperire,
1628 2952 1770 3024 quin
1803 2952 1994 3007 varias
2025 2969 2091 3007 ea
2123 2952 2194 3006 de
2224 2967 2284 3006 re
2310 2949 2762 3020 disceptationes
2790 2948 2944 3021 vulgi
2973 2953 3209 3021 captum
3243 2949 3586 3020 superantes
3615 2950 3674 3006 in

257 3035 518 3093 medium
551 3037 803 3093 alferret.
839 3040 1027 3105 Quare
1060 3039 1360 3094 Athanasii
1391 3035 1594 3095 verum
1626 3056 1758 3096 esse
1786 3040 1968 3095 fetum
1997 3039 2370 3095 arbitramur.
2404 3061 2431 3087 »

335 3145 363 3175 ‹‹
397 3127 495 3180 IV.
529 3130 594 3180 In
629 3131 900 3182 EPISTOLA
937 3145 1009 3182 AD
1050 3128 1420 3184 RUFINIANUM
1476 3129 1621 3184 nihil
1655 3145 1769 3184 non
1803 3129 2057 3185 occurrit
2104 3128 2599 3192 Athanasianum,
2632 3143 2735 3182 nec
2788 3127 3111 3198 quidqiiam
3163 3127 3570 3184 controversiae
3603 3129 3674 3184 de

257 3214 361 3271 illa
394 3221 589 3296 ortum
620 3215 730 3270 fuit
762 3215 1015 3290 uspiam.
1049 3217 1298 3296 Scripsit
1324 3225 1520 3274 autem
1553 3218 1739 3286 illam,
1775 3225 1838 3274 ut
1869 3219 2177 3274 Buﬁuiano
2209 3219 2605 3290 responderet,
2641 3218 2922 3289 qumrenti
2956 3234 3070 3289 qua
3100 3217 3432 3273 conditione
3462 3218 3674 3273 admit-

186 3295 190 3298 ’
256 3305 421 3360 tendi
452 3293 710 3361 haeretici
743 3300 903 3376 sunt,
937 3323 1068 3362 cum
1103 3293 1173 3362 ad
1209 3317 1413 3363 sanam
1448 3310 1861 3380 regrediuntur
1890 3309 2086 3364 ﬁdem.
2143 3308 2220 3363 Ad
2255 3308 2376 3363 haec
2407 3307 2785 3374 Athanasius,
2823 3307 2893 3362 iis
2924 3307 3022 3378 qui
3055 3312 3447 3374 revertuntur,
3479 3308 3526 3363 si
3559 3307 3676 3362 hae-

256 3391 396 3464 resi,
431 3410 540 3449 sua
567 3400 796 3466 sponte,
853 3395 1203 3468 patrocin‘ati
1237 3397 1473 3467 fuerint,
1507 3399 1959 3454 condonandum
2011 3398 2269 3469 quidem,
2303 3397 2400 3453 sed
2456 3397 2512 3451 in
2548 3396 2767 3452 clerum
2801 3395 2960 3468 ipsos
2991 3397 3232 3452 minime
3280 3393 3675 3453 admittendos

256 3486 525 3556 oportere
557 3501 570 3539 :
605 3483 719 3552 sin,
750 3485 802 3539 vi
833 3485 1037 3553 coacti,
1071 3499 1204 3540 cum
1253 3485 1547 3542 haereticis
1577 3487 2002 3558 consenserint,
2037 3505 2150 3543 non
2204 3485 2326 3541 loco
2355 3486 2514 3557 ipsos
2546 3503 2650 3541 nec
2681 3485 2866 3555 gradu
2921 3485 3237 3542 movendos
3266 3502 3414 3541 esse.
3457 3485 3672 3542 Memo-

254 3577 466 3643 ratque
497 3572 746 3644 carptim
781 3575 1072 3646 synodum
1105 3574 1462 3630 Alexandriae
1494 3576 1758 3631 habitam
1809 3593 1964 3632 anno
1995 3577 2122 3642 362,
2155 3591 2333 3646 quam
2366 3577 2465 3630 diu
2499 3578 2632 3630 ante
2679 3574 3026 3630 celebratam
3061 3575 3258 3630 innuit
3289 3591 3302 3629 :
3337 3591 3405 3630 ex
3445 3591 3560 3645 quo
3591 3573 3672 3628 vi-

256 3662 430 3716 detur
462 3662 776 3734 postremis
807 3662 1108 3719 Athanasii
1139 3661 1268 3718 vita
1300 3663 1472 3719 annis
1502 3649 1638 3719 data
1668 3665 1790 3720 haec
1819 3663 2086 3737 epistola.
2121 3665 2296 3720 Porro
2329 3664 2529 3720 eadem
2564 3659 2745 3718 ferme
2776 3664 2847 3719 de
2895 3662 3078 3736 lapsis
3111 3664 3183 3720 ad
3214 3662 3498 3720 Basilium
3531 3661 3672 3719 scri-

254 3750 374 3824 psit
403 3749 788 3821 Athanasius,
815 3767 944 3824 quis
975 3753 1046 3808 ad
1080 3752 1479 3823 Ruﬁnianum,
1512 3758 1579 3810 ut
1607 3754 1802 3811 Videre
1832 3759 1922 3810 est
1951 3754 2009 3808 in
2043 3753 2293 3826 epistola
2322 3752 2519 3808 Basilii
2548 3754 2641 3808 75.
2677 3775 2706 3802 »

251 4011 364 4066 Τοῦ
419 4005 472 4061 ἐν
531 4005 706 4082 ἁγίοις
767 4013 879 4063 Πατ
919 4009 978 4070 ὸς
1037 4010 1197 4078 ἡμῶν
1258 4003 1686 4078 ΑΘΑΝΑΣΙΟΥ,
1749 4012 1814 4084 ἀρ
1869 4033 1904 4065 ι-

323 4079 621 4134 επισκόπου
645 4026 1342 4141 Ἀλεξανὲρείαςέπιστολή
1365 4083 1502 4141 πρὸς
1525 4085 1764 4141 ΑΜΟΥΝ
1793 4031 1904 4141 (ἔΊῚ

323 4077 628 4224 εἰξζσῖζιζτεξέ
645 4077 1342 4154 Ἀλεξανδρείαςέέπιστολή
1365 4083 1502 4159 πρὸς
1525 4077 1764 4141 ΑΜΟΥΝ
1786 4077 1907 4158 ’(5³7)

321 4276 503 4331 Πάντα
533 4273 626 4349 μὶν
658 4271 802 4330 καλὰ
830 4272 920 4329 καὶ
949 4275 1159 4351 καθαρὰ
1193 4275 1260 4331 τὰ
1285 4279 1382 4332 τοῦ
1413 4273 1547 4334 Θεοῦ
1595 4277 1902 4351 ποιήματα·

248 4363 404 4421 οὐδὲν
459 4383 564 4440 γαρ
608 4363 884 4440 ἄχρηστον
920 4363 955 4433 ἢ
987 4365 1286 4440 ἀκάθαρτον
1319 4367 1347 4420 ὁ
1378 4371 1473 4422 τοῦ
1503 4371 1636 4422 Θεοῦ
1667 4367 1902 4437 πεποίη-

245 4473 307 4508 κε
339 4457 448 4526 (58)
506 4453 700 4530 Λόγος⁶
756 4457 992 4530 Χριστοῦ
1049 4457 1153 4530 γὰρ
1207 4453 1406 4510 εὐωδία
1463 4455 1621 4528 ἐσμὲν
1681 4456 1733 4510 ἐν
1783 4462 1898 4518 τοῖς

248 4544 602 4615 σωζομένοις,
637 4541 775 4598 κατὰ
817 4543 908 4598 τὸν
959 4538 1318 4600 Ἀπόστολον·
1354 4542 1540 4614 ἐπειδὴ
1586 4543 1643 4599 δὲ
1674 4543 1902 4600 ποικίλα

246 4632 340 4686 καὶ
368 4630 694 4708 πολύτροποι
722 4632 789 4687 τὰ
817 4637 913 4688 τοῦ
946 4628 1210 4688 διαϐόλου
1259 4632 1418 4708 βέλη,
1473 4634 1561 4688 καὶ
1609 4633 1737 4698 τοὺς
1775 4635 1896 4688 ἀκε-

250 4718 564 4796 ραιοτὲρους
592 4718 660 4794 τῇ
691 4721 887 4796 γνώμῃ
944 4722 1329 4796 παρασκευάζει
1375 4722 1753 4797 ταράττεσθαι,
1795 4744 1898 4777 κω-

248 4806 366 4864 λύει
398 4831 455 4864 τε
482 4817 582 4880 τῆς
611 4811 874 4880 συνήθους
921 4811 1220 4884 γυμνασίας
1267 4810 1396 4873 τοὺς
1442 4809 1730 4889 ἀδελφοὺς,
1764 4813 1897 4866 ὑπο-

247 4897 485 4972 σπείρων
530 4897 718 4959 αὐτοῖς
772 4896 1072 4973 λογισμοὺς
1104 4898 1430 4974 ἀκαθαρσίας
1458 4901 1545 4954 καὶ
1585 4899 1892 4973 μολυσμοῦ·

246 4987 394 5066 φέρι,
428 4983 517 5041 διὰ
551 4986 804 5062 βραχέων
836 4987 927 5041 καὶ
974 4989 1074 5056 τὴν
1120 4992 1218 5042 τοῦ
1265 4993 1511 5061 πονηροῦ
1554 4987 1766 5060 πλάνην
1801 4990 1897 5044 ἀπ-

245 5075 529 5150 ελάσωμεν
554 5079 625 5150 τῇ
654 5071 751 5130 τοῦ⁹
783 5081 1044 5151 Σωτῆρος
1076 5078 1235 5150 ἡμῶν
1267 5076 1476 5154 χάριτι,
1509 5080 1598 5134 καὶ
1646 5080 1745 5148 τὴν
1785 5083 1892 5134 τῶν

243 5163 632 5241 ἁπλουστέρων
682 5165 909 5238 γνώμην
961 5165 1302 5242 στηρίξωμεν
1351 5168 1506 5242 (59).
1563 5167 1742 5223 Πάντα
1798 5168 1891 5242 μὲν

314 5308 360 5344 ‘7
390 5309 440 5365 ll
470 5313 599 5366 Cor.
632 5325 694 5379 ii,
729 5310 816 5366 15.
893 5309 937 5345 ⁸⁸
966 5310 1078 5367 Tit.
1111 5328 1152 5383 ι,
1185 5311 1271 5368 15.

316 5457 695 5585 fatigemus,
725 5464 824 5529 τῆς
881 5459 1232 5531 Ἐκκλησίας.
1289 5466 1412 5520 Mox
1470 5463 1705 5537 Regius,
1770 5459 1886 5518 δια-

244 5530 550 5679 φυὲῗτὲίὸ
599 5601 856 5659 maxime.
893 5599 1036 5679 pars
1093 5607 1654 5679 manuscriptorum.
1711 5604 1886 5679 Editi,

244 5690 380 5748 cum
412 5676 603 5733 tribus
635 5673 1078 5748 manuscripti's,
1107 5673 1328 5748 Ἀμοῦν,
1361 5673 1460 5734 sed
1485 5694 1618 5734 cum
1650 5678 1823 5734 unico
1849 5673 1888 5748 μ

243 5744 582 5820 legendum,
615 5751 680 5804 ut
706 5763 884 5820 supra
911 5744 1044 5822 pag.
1062 5744 1192 5806 672.
1226 5750 1537 5824 Colbert.2,
1563 5753 1697 5822 post
1720 5744 1884 5821 μονά-

2021 4013 2166 4070 765
2230 4013 2418 4068 Sancti
2461 4013 2645 4066 Patris
2699 4013 2885 4066 nostri
2938 4000 3314 4077 ATHANASII,
3370 4010 3666 4082 archiepis-

2084 4087 2207 4156 copi
2270 4085 2637 4153 Alexandriae,
2699 4085 2930 4155 epistola
2993 4083 3065 4138 ad
3128 4082 3420 4140 AMUNEM
3480 4097 3669 4138 mona-

2085 4157 2269 4212 chum.

2085 4279 2330 4351 Opificia
2374 4277 2476 4335 Dei
2508 4278 2706 4334 omnia
2737 4278 2891 4333 bona
2937 4293 3200 4348 puraque
3251 4279 3429 4340 sunt:
3460 4275 3668 4333 inutile

2014 4368 2230 4440 quippe
2261 4368 2404 4422 nihil
2459 4372 2562 4422 aut
2591 4368 2891 4437 impurum
2925 4366 3026 4421 Dei
3076 4367 3333 4421 Verbum
3379 4365 3664 4422 condidit.

2012 4457 2156 4512 Nam
2194 4457 2401 4511 Christi
2430 4457 2599 4511 bonus
2629 4455 2761 4511 odor
2794 4472 2984 4510 sumus
3014 4456 3074 4509 in
3107 4457 3176 4509 iis
3199 4456 3296 4524 qui
3322 4454 3472 4510 salvi
3499 4456 3661 4526 ﬁunt,

2012 4551 2077 4601 ut
2098 4547 2177 4601 ait
2202 4546 2508 4617 Apostolus
2530 4544 2592 4599 ⁸⁷.
2627 4548 2766 4598 Cum
2794 4548 2985 4599 autem
3011 4543 3170 4598 varia
3191 4543 3514 4614 callidaque
3545 4544 3664 4599 sint

2010 4635 2224 4691 diaboli
2255 4635 2391 4699 tela,
2426 4635 2522 4705 qui
2553 4634 2608 4688 id
2644 4639 2829 4700 curat,
2850 4637 2915 4688 ut
2947 4633 3335 4705 simpliciores
3368 4633 3565 4688 animo
3597 4633 3656 4687 in

2011 4725 2508 4797 perturbationem
2569 4723 2865 4794 conjiciat,
2899 4722 3224 4794 fratresque
3277 4738 3310 4776 a
3359 4721 3654 4778 consuetis

2008 4814 2297 4868 exercitiis
2328 4814 2782 4878 deterreat,dum
2815 4812 3075 4883 impurae
3107 4811 3314 4866 inserit
3343 4811 3652 4864 obscenas-

2007 4919 2120 4974 que
2151 4901 2555 4974 cogitationes,
2588 4918 2712 4974 age,
2749 4901 2951 4973 paucis
2996 4899 3235 4972 maligni
3268 4899 3516 4963 fraudes,
3552 4914 3653 4971 per

2007 4991 2324 5048 Salvatoris
2358 4993 2538 5047 nostri
2594 4991 2864 5064 gratiam,
2913 4988 3296 5062 depellamus,
3330 4987 3649 5059 simplicio-

2005 5097 2256 5153 rumque
2270 5086 2522 5138 mentem
2540 5081 2879 5136 conﬁrmem
2890 5079 3185 5134 us.0mnia
3195 5075 3433 5149 quidem
3449 5076 3654 5133 munda

2002 5172 2224 5227 mundis
2253 5171 2296 5206 ⁸⁸
2328 5187 2341 5226 :
2377 5171 2476 5226 sed
2531 5170 2900 5242 impurorum
2941 5173 3066 5223 tum
3117 5166 3491 5236 conscientia,
3524 5170 3651 5222 tum

2003 5468 2184 5534 ζοντα,
2215 5464 2398 5539 addit,
2432 5464 2562 5539 napi
2591 5461 3076 5539 ἐνυπνιαζομένων.

2069 5527 2182 5606 (583
2215 5537 2428 5603 Regius
2546 5533 2786 5603 ἐποίησε.
2823 5527 2978 5588 Ῐῐίΐιια
3026 5534 3276 5590 Colbert.
3321 5536 3376 5606 2,
3423 5529 3537 5586 ἐπεὶ
3589 5527 3647 5585 δὶ

1997 5605 2242 5690 noti-(Qa:
2277 5610 2398 5664 Mox
2431 5605 2684 5690 qliat_uor
2716 5605 3454 5690 manuscriptiLdt‘itspaiouc.

2068 5680 2181 5751 (57)
2215 5681 2297 5734 Ita
2330 5678 2535 5740 omnes
2565 5682 2744 5744 ferme
2776 5695 3070 5751 manuscr.
3101 5678 3266 5750 Editi
3325 5695 3456 5734 vero
3513 5696 3612 5746 στη

1999 5747 2257 5825 ρίζωμεν.
2288 5753 2417 5809 Mox
2446 5775 2552 5835 γαρ
2584 5755 2748 5810 deeSt
2779 5749 2837 5806 in
2870 5747 3118 5821 quatuor
3148 5765 3446 5808 manuscr.
