  <div class='ocr_page' id='page_1' title='image "/cluster/home/n/w/nwhite01/storage/ocr_20150623/26/hvd.32044019208479/659.png"; bbox 0 0 4048 6378; ppageno 0'>
   <div class='ocr_carea' id='block_1_1' title="bbox 364 420 514 480">
    <p class='ocr_par' dir='ltr' id='par_1_1' title="bbox 364 420 514 480">
     <span class='ocr_line' id='line_1_1' title="bbox 364 420 514 480; baseline -0.02 0"><span class='ocrx_word' id='word_1_1' title='bbox 364 420 514 480; x_wconf 74' lang='grc'><strong>11⁸71</strong></span> 
     </span>
    </p>
   </div>
   <div class='ocr_carea' id='block_1_2' title="bbox 910 413 3231 479">
    <p class='ocr_par' dir='ltr' id='par_1_2' title="bbox 910 413 3231 479">
     <span class='ocr_line' id='line_1_2' title="bbox 910 413 3231 479; baseline -0.002 0"><span class='ocrx_word' id='word_1_2' title='bbox 910 418 973 479; x_wconf 91' lang='lat' dir='ltr'><strong>S.</strong></span> <span class='ocrx_word' id='word_1_3' title='bbox 1022 417 1445 478; x_wconf 80' lang='lat' dir='ltr'><strong>ATHANASH</strong></span> <span class='ocrx_word' id='word_1_4' title='bbox 1492 415 1665 477; x_wconf 89' lang='lat' dir='ltr'><strong>OPP.</strong></span> <span class='ocrx_word' id='word_1_5' title='bbox 1711 414 1914 475; x_wconf 80' lang='lat' dir='ltr'><strong>PARS</strong></span> <span class='ocrx_word' id='word_1_6' title='bbox 1961 413 2008 474; x_wconf 87' lang='grc' dir='ltr'><strong>Ι.</strong></span> <span class='ocrx_word' id='word_1_7' title='bbox 2043 446 2118 459; x_wconf 92' lang='grc'><strong><em>-</em></strong></span> <span class='ocrx_word' id='word_1_8' title='bbox 2149 413 2566 477; x_wconf 79' lang='lat' dir='ltr'><strong>HISTORICA</strong></span> <span class='ocrx_word' id='word_1_9' title='bbox 2610 416 2710 478; x_wconf 78' lang='grc' dir='ltr'>ΕΤ</span> <span class='ocrx_word' id='word_1_10' title='bbox 2754 415 3231 478; x_wconf 76' lang='lat' dir='ltr'><strong>DOGMATIGA.</strong></span> 
     </span>
    </p>
   </div>
   <div class='ocr_carea' id='block_1_3' title="bbox 3626 411 3783 472">
    <p class='ocr_par' dir='ltr' id='par_1_3' title="bbox 3626 411 3783 472">
     <span class='ocr_line' id='line_1_3' title="bbox 3626 411 3783 472; baseline -0.006 0"><span class='ocrx_word' id='word_1_11' title='bbox 3626 411 3783 472; x_wconf 77' lang='lat' dir='ltr'><strong>H72</strong></span> 
     </span>
    </p>
   </div>
   <div class='ocr_carea' id='block_1_4' title="bbox 369 540 2031 623">
    <p class='ocr_par' dir='ltr' id='par_1_4' title="bbox 369 544 2014 607">
     <span class='ocr_line' id='line_1_4' title="bbox 369 544 2014 607; baseline -0.005 0"><span class='ocrx_word' id='word_1_12' title='bbox 369 555 575 607; x_wconf 54' lang='lat' dir='ltr'><strong>caetera</strong></span> <span class='ocrx_word' id='word_1_13' title='bbox 603 551 803 607; x_wconf 98' lang='lat' dir='ltr'><strong>omnia</strong></span> <span class='ocrx_word' id='word_1_14' title='bbox 832 549 1141 605; x_wconf 87' lang='lat' dir='ltr'><strong>immunda</strong></span> <span class='ocrx_word' id='word_1_15' title='bbox 1169 551 1328 604; x_wconf 86' lang='lat' dir='ltr'><strong>sunt.</strong></span> <span class='ocrx_word' id='word_1_16' title='bbox 1365 547 1539 603; x_wconf 85' lang='lat' dir='ltr'><strong>Miror</strong></span> <span class='ocrx_word' id='word_1_17' title='bbox 1568 550 1765 602; x_wconf 88' lang='lat' dir='ltr'><strong>autem</strong></span> <span class='ocrx_word' id='word_1_18' title='bbox 1797 544 2014 600; x_wconf 89' lang='lat' dir='ltr'><strong>diaboli</strong></span> 
     </span>
    </p>
   </div>
   <div class='ocr_carea' id='block_1_5' title="bbox 2145 540 3785 623">
    <p class='ocr_par' dir='ltr' id='par_1_5' title="bbox 2145 540 3785 623">
     <span class='ocr_line' id='line_1_5' title="bbox 2145 540 3785 623; baseline -0.001 -25"><span class='ocrx_word' id='word_1_19' title='bbox 2145 543 2233 620; x_wconf 74' lang='grc' dir='ltr'><strong>γὰρ</strong></span> <span class='ocrx_word' id='word_1_20' title='bbox 2283 548 2491 623; x_wconf 75' lang='grc' dir='ltr'>καθαρὰ</span> <span class='ocrx_word' id='word_1_21' title='bbox 2538 551 2652 608; x_wconf 88' lang='grc' dir='ltr'>τοῖς</span> <span class='ocrx_word' id='word_1_22' title='bbox 2701 550 2957 620; x_wconf 72' lang='grc' dir='ltr'><strong>καθαροῖς</strong></span> <span class='ocrx_word' id='word_1_23' title='bbox 2993 566 3004 578; x_wconf 96' lang='grc'><strong>·</strong></span> <span class='ocrx_word' id='word_1_24' title='bbox 3053 549 3162 600; x_wconf 90' lang='grc' dir='ltr'><strong>τῶν</strong></span> <span class='ocrx_word' id='word_1_25' title='bbox 3211 541 3269 599; x_wconf 74' lang='grc' dir='ltr'>δὲ</span> <span class='ocrx_word' id='word_1_26' title='bbox 3324 540 3639 619; x_wconf 75' lang='grc' dir='ltr'><strong>ἀκαθάρτων</strong></span> <span class='ocrx_word' id='word_1_27' title='bbox 3692 541 3785 597; x_wconf 78' lang='grc' dir='ltr'><strong>καὶ</strong></span> 
     </span>
    </p>
   </div>
   <div class='ocr_carea' id='block_1_6' title="bbox 369 637 2021 715">
    <p class='ocr_par' dir='ltr' id='par_1_6' title="bbox 369 637 2021 715">
     <span class='ocr_line' id='line_1_6' title="bbox 369 637 2021 715; baseline -0.004 -16"><span class='ocrx_word' id='word_1_28' title='bbox 369 642 791 715; x_wconf 78' lang='lat' dir='ltr'><strong>vafritiem,qui</strong></span> <span class='ocrx_word' id='word_1_29' title='bbox 824 641 1058 697; x_wconf 89' lang='lat' dir='ltr'><strong>tametsi</strong></span> <span class='ocrx_word' id='word_1_30' title='bbox 1092 639 1386 710; x_wconf 84' lang='lat' dir='ltr'><strong>corruptio</strong></span> <span class='ocrx_word' id='word_1_31' title='bbox 1413 637 1658 710; x_wconf 89' lang='lat' dir='ltr'><strong>luesque</strong></span> <span class='ocrx_word' id='word_1_32' title='bbox 1685 638 2021 709; x_wconf 87' lang='lat' dir='ltr'><strong>est,cogita-</strong></span> 
     </span>
    </p>
   </div>
   <div class='ocr_carea' id='block_1_7' title="bbox 2132 629 3788 708">
    <p class='ocr_par' dir='ltr' id='par_1_7' title="bbox 2132 629 3788 708">
     <span class='ocr_line' id='line_1_7' title="bbox 2132 629 3788 708; baseline -0.002 -20"><span class='ocrx_word' id='word_1_33' title='bbox 2132 637 2166 703; x_wconf 76' lang='grc' dir='ltr'>ἡ</span> <span class='ocrx_word' id='word_1_34' title='bbox 2201 634 2500 706; x_wconf 76' lang='grc' dir='ltr'>συνείδησις</span> <span class='ocrx_word' id='word_1_35' title='bbox 2551 636 2639 691; x_wconf 84' lang='grc' dir='ltr'><strong>καὶ</strong></span> <span class='ocrx_word' id='word_1_36' title='bbox 2684 636 2750 690; x_wconf 81' lang='grc' dir='ltr'>τὰ</span> <span class='ocrx_word' id='word_1_37' title='bbox 2797 635 2969 690; x_wconf 81' lang='grc' dir='ltr'>πάντα</span> <span class='ocrx_word' id='word_1_38' title='bbox 3020 632 3382 707; x_wconf 85' lang='grc' dir='ltr'>μεμόλυνται.</span> <span class='ocrx_word' id='word_1_39' title='bbox 3436 640 3678 708; x_wconf 73' lang='grc' dir='ltr'>’Ἃγαμαι</span> <span class='ocrx_word' id='word_1_40' title='bbox 3729 629 3788 686; x_wconf 67' lang='grc' dir='ltr'>δὲ</span> 
     </span>
    </p>
   </div>
   <div class='ocr_carea' id='block_1_8' title="bbox 371 721 2031 802">
    <p class='ocr_par' dir='ltr' id='par_1_8' title="bbox 371 726 2020 802">
     <span class='ocr_line' id='line_1_8' title="bbox 371 726 2020 802; baseline -0.004 -15"><span class='ocrx_word' id='word_1_41' title='bbox 371 732 561 788; x_wconf 86' lang='lat' dir='ltr'><strong>tiones</strong></span> <span class='ocrx_word' id='word_1_42' title='bbox 592 731 857 802; x_wconf 78' lang='lat' dir='ltr'><strong>suggerit</strong></span> <span class='ocrx_word' id='word_1_43' title='bbox 885 728 1078 801; x_wconf 89' lang='lat' dir='ltr'><strong>specie</strong></span> <span class='ocrx_word' id='word_1_44' title='bbox 1095 728 1331 799; x_wconf 89' lang='lat' dir='ltr'><strong>quidem</strong></span> <span class='ocrx_word' id='word_1_45' title='bbox 1351 727 1603 800; x_wconf 80' lang='lat' dir='ltr'><strong>puritate</strong></span> <span class='ocrx_word' id='word_1_46' title='bbox 1631 726 2020 798; x_wconf 87' lang='lat' dir='ltr'><strong>plenas.Quod</strong></span> 
     </span>
    </p>
   </div>
   <div class='ocr_carea' id='block_1_9' title="bbox 2145 721 3786 802">
    <p class='ocr_par' dir='ltr' id='par_1_9' title="bbox 2145 721 3786 802">
     <span class='ocr_line' id='line_1_9' title="bbox 2145 721 3786 802; baseline -0.003 -23"><span class='ocrx_word' id='word_1_47' title='bbox 2145 729 2226 779; x_wconf 72' lang='grc' dir='ltr'><strong>τοῦ</strong></span> <span class='ocrx_word' id='word_1_48' title='bbox 2272 721 2534 781; x_wconf 72' lang='grc' dir='ltr'>διαϐόλου</span> <span class='ocrx_word' id='word_1_49' title='bbox 2579 725 2643 780; x_wconf 85' lang='grc' dir='ltr'>τὸ</span> <span class='ocrx_word' id='word_1_50' title='bbox 2693 723 2951 802; x_wconf 76' lang='grc' dir='ltr'><strong>σόφισμα,</strong></span> <span class='ocrx_word' id='word_1_51' title='bbox 3007 722 3216 796; x_wconf 79' lang='grc' dir='ltr'>ὅτιπερ,</span> <span class='ocrx_word' id='word_1_52' title='bbox 3267 725 3440 798; x_wconf 82' lang='grc' dir='ltr'>φθορᾶ</span> <span class='ocrx_word' id='word_1_53' title='bbox 3490 722 3578 776; x_wconf 80' lang='grc' dir='ltr'><strong>καὶ</strong></span> <span class='ocrx_word' id='word_1_54' title='bbox 3631 721 3786 794; x_wconf 72' lang='grc' dir='ltr'>λύμη</span> 
     </span>
    </p>
   </div>
   <div class='ocr_carea' id='block_1_10' title="bbox 373 815 2019 893">
    <p class='ocr_par' dir='ltr' id='par_1_10' title="bbox 373 815 2019 893">
     <span class='ocr_line' id='line_1_10' title="bbox 373 815 2019 893; baseline -0.004 -17"><span class='ocrx_word' id='word_1_55' title='bbox 373 821 493 893; x_wconf 91' lang='lat' dir='ltr'><strong>agit</strong></span> <span class='ocrx_word' id='word_1_56' title='bbox 535 819 635 874; x_wconf 91' lang='lat' dir='ltr'><strong>ille</strong></span> <span class='ocrx_word' id='word_1_57' title='bbox 687 817 1036 873; x_wconf 83' lang='lat' dir='ltr'><strong>insidiarum</strong></span> <span class='ocrx_word' id='word_1_58' title='bbox 1085 818 1277 889; x_wconf 79' lang='lat' dir='ltr'><strong>potius</strong></span> <span class='ocrx_word' id='word_1_59' title='bbox 1328 834 1527 887; x_wconf 87' lang='lat' dir='ltr'><strong>causa,</strong></span> <span class='ocrx_word' id='word_1_60' title='bbox 1561 833 1737 888; x_wconf 86' lang='lat' dir='ltr'><strong>quam</strong></span> <span class='ocrx_word' id='word_1_61' title='bbox 1794 815 2019 887; x_wconf 86' lang='lat' dir='ltr'><strong>experi-</strong></span> 
     </span>
    </p>
   </div>
   <div class='ocr_carea' id='block_1_11' title="bbox 379 906 2026 978">
    <p class='ocr_par' dir='ltr' id='par_1_11' title="bbox 379 906 2026 978">
     <span class='ocr_line' id='line_1_11' title="bbox 379 906 2026 978; baseline -0.002 -15"><span class='ocrx_word' id='word_1_62' title='bbox 379 908 712 973; x_wconf 89' lang='lat' dir='ltr'><strong>menti.Quo</strong></span> <span class='ocrx_word' id='word_1_63' title='bbox 743 907 921 973; x_wconf 90' lang='lat' dir='ltr'><strong>enim,</strong></span> <span class='ocrx_word' id='word_1_64' title='bbox 958 911 1021 961; x_wconf 93' lang='lat' dir='ltr'><strong>ut</strong></span> <span class='ocrx_word' id='word_1_65' title='bbox 1050 923 1230 978; x_wconf 82' lang='lat' dir='ltr'><strong>supra</strong></span> <span class='ocrx_word' id='word_1_66' title='bbox 1255 906 1397 972; x_wconf 83' lang='lat' dir='ltr'><strong>dixi,</strong></span> <span class='ocrx_word' id='word_1_67' title='bbox 1429 911 1655 960; x_wconf 86' lang='lat' dir='ltr'><strong>ascetas</strong></span> <span class='ocrx_word' id='word_1_68' title='bbox 1687 923 1720 959; x_wconf 88' lang='lat' dir='ltr'><strong>a</strong></span> <span class='ocrx_word' id='word_1_69' title='bbox 1746 910 2026 960; x_wconf 87' lang='lat' dir='ltr'><strong>consueta</strong></span> 
     </span>
    </p>
   </div>
   <div class='ocr_carea' id='block_1_12' title="bbox 375 994 2023 1066">
    <p class='ocr_par' dir='ltr' id='par_1_12' title="bbox 375 994 2023 1066">
     <span class='ocr_line' id='line_1_12' title="bbox 375 994 2023 1066; baseline -0.002 -14"><span class='ocrx_word' id='word_1_70' title='bbox 375 1002 432 1052; x_wconf 89' lang='lat' dir='ltr'><strong>et</strong></span> <span class='ocrx_word' id='word_1_71' title='bbox 461 997 709 1053; x_wconf 88' lang='lat' dir='ltr'><strong>salutari</strong></span> <span class='ocrx_word' id='word_1_72' title='bbox 742 995 1117 1051; x_wconf 84' lang='lat' dir='ltr'><strong>meditatione</strong></span> <span class='ocrx_word' id='word_1_73' title='bbox 1148 999 1572 1066; x_wconf 85' lang='lat' dir='ltr'><strong>avertat,atque</strong></span> <span class='ocrx_word' id='word_1_74' title='bbox 1604 994 1711 1048; x_wconf 86' lang='lat' dir='ltr'><strong>hac</strong></span> <span class='ocrx_word' id='word_1_75' title='bbox 1739 995 1796 1048; x_wconf 90' lang='lat' dir='ltr'><strong>in</strong></span> <span class='ocrx_word' id='word_1_76' title='bbox 1831 1010 1892 1050; x_wconf 92' lang='lat' dir='ltr'><strong>re</strong></span> <span class='ocrx_word' id='word_1_77' title='bbox 1920 1011 2023 1049; x_wconf 85' lang='lat' dir='ltr'><strong>su-</strong></span> 
     </span>
    </p>
   </div>
   <div class='ocr_carea' id='block_1_13' title="bbox 378 1084 2024 1158">
    <p class='ocr_par' dir='ltr' id='par_1_13' title="bbox 378 1084 2024 1158">
     <span class='ocr_line' id='line_1_13' title="bbox 378 1084 2024 1158; baseline -0.003 -16"><span class='ocrx_word' id='word_1_78' title='bbox 378 1087 571 1158; x_wconf 90' lang='lat' dir='ltr'><strong>perior</strong></span> <span class='ocrx_word' id='word_1_79' title='bbox 599 1084 1178 1153; x_wconf 85' lang='lat' dir='ltr'><strong>evadat,hujusmodi</strong></span> <span class='ocrx_word' id='word_1_80' title='bbox 1212 1084 1476 1156; x_wconf 74' lang='lat' dir='ltr'><strong>quaedam</strong></span> <span class='ocrx_word' id='word_1_81' title='bbox 1512 1085 1866 1149; x_wconf 86' lang='lat' dir='ltr'><strong>insusurrat,</strong></span> <span class='ocrx_word' id='word_1_82' title='bbox 1897 1100 2024 1154; x_wconf 61' lang='lat' dir='ltr'><strong>quae</strong></span> 
     </span>
    </p>
   </div>
   <div class='ocr_carea' id='block_1_14' title="bbox 377 1171 2028 1243">
    <p class='ocr_par' dir='ltr' id='par_1_14' title="bbox 377 1171 2028 1243">
     <span class='ocr_line' id='line_1_14' title="bbox 377 1171 2028 1243; baseline -0.001 -13"><span class='ocrx_word' id='word_1_83' title='bbox 377 1174 524 1230; x_wconf 84' lang='lat' dir='ltr'><strong>nihil</strong></span> <span class='ocrx_word' id='word_1_84' title='bbox 555 1176 683 1230; x_wconf 66' lang='lat' dir='ltr'><strong>vita:</strong></span> <span class='ocrx_word' id='word_1_85' title='bbox 715 1173 1006 1230; x_wconf 91' lang='lat' dir='ltr'><strong>commodi</strong></span> <span class='ocrx_word' id='word_1_86' title='bbox 1025 1173 1276 1228; x_wconf 77' lang='lat' dir='ltr'><strong>afferunt</strong></span> <span class='ocrx_word' id='word_1_87' title='bbox 1300 1192 1312 1228; x_wconf 86' lang='lat'><strong>:</strong></span> <span class='ocrx_word' id='word_1_88' title='bbox 1338 1172 1438 1228; x_wconf 88' lang='lat' dir='ltr'><strong>sed</strong></span> <span class='ocrx_word' id='word_1_89' title='bbox 1471 1189 1652 1227; x_wconf 88' lang='lat' dir='ltr'><strong>vanas</strong></span> <span class='ocrx_word' id='word_1_90' title='bbox 1674 1171 2028 1243; x_wconf 66' lang='lat' dir='ltr'><strong>quaestiones</strong></span> 
     </span>
    </p>
   </div>
   <div class='ocr_carea' id='block_1_15' title="bbox 377 1261 2026 1337">
    <p class='ocr_par' dir='ltr' id='par_1_15' title="bbox 377 1261 2026 1337">
     <span class='ocr_line' id='line_1_15' title="bbox 377 1261 2026 1337; baseline -0.002 -18"><span class='ocrx_word' id='word_1_91' title='bbox 377 1269 434 1320; x_wconf 94' lang='lat' dir='ltr'><strong>et</strong></span> <span class='ocrx_word' id='word_1_92' title='bbox 465 1280 675 1337; x_wconf 81' lang='lat' dir='ltr'><strong>nugas,</strong></span> <span class='ocrx_word' id='word_1_93' title='bbox 709 1281 740 1319; x_wconf 85' lang='lat' dir='ltr'><strong>a</strong></span> <span class='ocrx_word' id='word_1_94' title='bbox 773 1263 941 1320; x_wconf 86' lang='lat' dir='ltr'><strong>nobis</strong></span> <span class='ocrx_word' id='word_1_95' title='bbox 994 1279 1137 1318; x_wconf 83' lang='lat' dir='ltr'><strong>sane</strong></span> <span class='ocrx_word' id='word_1_96' title='bbox 1186 1262 1601 1334; x_wconf 79' lang='lat' dir='ltr'><strong>repudiandae.</strong></span> <span class='ocrx_word' id='word_1_97' title='bbox 1653 1261 1798 1324; x_wconf 89' lang='lat' dir='ltr'><strong>Quid</strong></span> <span class='ocrx_word' id='word_1_98' title='bbox 1847 1261 2026 1328; x_wconf 89' lang='lat' dir='ltr'><strong>enim,</strong></span> 
     </span>
    </p>
   </div>
   <div class='ocr_carea' id='block_1_16' title="bbox 377 1349 2026 1425">
    <p class='ocr_par' dir='ltr' id='par_1_16' title="bbox 377 1349 2026 1425">
     <span class='ocr_line' id='line_1_16' title="bbox 377 1349 2026 1425; baseline -0.004 -17"><span class='ocrx_word' id='word_1_99' title='bbox 377 1369 597 1425; x_wconf 68' lang='lat' dir='ltr'><strong>quaso,</strong></span> <span class='ocrx_word' id='word_1_100' title='bbox 629 1353 839 1408; x_wconf 85' lang='lat' dir='ltr'><strong>dilecte</strong></span> <span class='ocrx_word' id='word_1_101' title='bbox 871 1369 936 1407; x_wconf 87' lang='lat' dir='ltr'><strong>ac</strong></span> <span class='ocrx_word' id='word_1_102' title='bbox 968 1351 1258 1423; x_wconf 86' lang='lat' dir='ltr'><strong>piissime,</strong></span> <span class='ocrx_word' id='word_1_103' title='bbox 1293 1351 1510 1422; x_wconf 89' lang='lat' dir='ltr'><strong>peccati</strong></span> <span class='ocrx_word' id='word_1_104' title='bbox 1542 1356 1642 1405; x_wconf 90' lang='lat' dir='ltr'><strong>aut</strong></span> <span class='ocrx_word' id='word_1_105' title='bbox 1673 1349 1889 1421; x_wconf 91' lang='lat' dir='ltr'><strong>impuri</strong></span> <span class='ocrx_word' id='word_1_106' title='bbox 1926 1365 2026 1403; x_wconf 87' lang='lat' dir='ltr'><strong>na-</strong></span> 
     </span>
    </p>
   </div>
   <div class='ocr_carea' id='block_1_17' title="bbox 378 1437 2032 1511">
    <p class='ocr_par' dir='ltr' id='par_1_17' title="bbox 378 1437 2032 1511">
     <span class='ocr_line' id='line_1_17' title="bbox 378 1437 2032 1511; baseline -0.004 -13"><span class='ocrx_word' id='word_1_107' title='bbox 378 1441 553 1498; x_wconf 90' lang='lat' dir='ltr'><strong>turali</strong></span> <span class='ocrx_word' id='word_1_108' title='bbox 586 1441 740 1498; x_wconf 88' lang='lat' dir='ltr'><strong>inest</strong></span> <span class='ocrx_word' id='word_1_109' title='bbox 771 1440 1180 1498; x_wconf 80' lang='lat' dir='ltr'><strong>excremento?</strong></span> <span class='ocrx_word' id='word_1_110' title='bbox 1213 1440 1428 1511; x_wconf 87' lang='lat' dir='ltr'><strong>Ecquis</strong></span> <span class='ocrx_word' id='word_1_111' title='bbox 1460 1439 1597 1494; x_wconf 91' lang='lat' dir='ltr'><strong>vitio</strong></span> <span class='ocrx_word' id='word_1_112' title='bbox 1646 1448 1864 1494; x_wconf 82' lang='lat' dir='ltr'><strong>vertere</strong></span> <span class='ocrx_word' id='word_1_113' title='bbox 1895 1437 2032 1492; x_wconf 88' lang='lat' dir='ltr'><strong>velit</strong></span> 
     </span>
    </p>
   </div>
   <div class='ocr_carea' id='block_1_18' title="bbox 381 1525 2032 1598">
    <p class='ocr_par' dir='ltr' id='par_1_18' title="bbox 381 1525 2032 1598">
     <span class='ocr_line' id='line_1_18' title="bbox 381 1525 2032 1598; baseline -0.002 -15"><span class='ocrx_word' id='word_1_114' title='bbox 381 1545 679 1583; x_wconf 89' lang='lat' dir='ltr'><strong>mucorem</strong></span> <span class='ocrx_word' id='word_1_115' title='bbox 710 1546 739 1584; x_wconf 92' lang='lat' dir='ltr'><strong>e</strong></span> <span class='ocrx_word' id='word_1_116' title='bbox 767 1529 1008 1583; x_wconf 89' lang='lat' dir='ltr'><strong>naribus</strong></span> <span class='ocrx_word' id='word_1_117' title='bbox 1039 1526 1404 1598; x_wconf 85' lang='lat' dir='ltr'><strong>ejectum,vel</strong></span> <span class='ocrx_word' id='word_1_118' title='bbox 1437 1537 1611 1598; x_wconf 86' lang='lat' dir='ltr'><strong>sputa</strong></span> <span class='ocrx_word' id='word_1_119' title='bbox 1639 1542 1736 1582; x_wconf 80' lang='lat' dir='ltr'><strong>ore</strong></span> <span class='ocrx_word' id='word_1_120' title='bbox 1767 1526 1982 1580; x_wconf 89' lang='lat' dir='ltr'><strong>emissa</strong></span> <span class='ocrx_word' id='word_1_121' title='bbox 2004 1525 2032 1579; x_wconf 73' lang='lat' dir='ltr'><strong>‘I</strong></span> 
     </span>
    </p>
   </div>
   <div class='ocr_carea' id='block_1_19' title="bbox 380 1614 2030 1689">
    <p class='ocr_par' dir='ltr' id='par_1_19' title="bbox 380 1614 2030 1689">
     <span class='ocr_line' id='line_1_19' title="bbox 380 1614 2030 1689; baseline -0.001 -18"><span class='ocrx_word' id='word_1_122' title='bbox 380 1616 598 1688; x_wconf 87' lang='lat' dir='ltr'><strong>quibus</strong></span> <span class='ocrx_word' id='word_1_123' title='bbox 629 1616 878 1689; x_wconf 84' lang='lat' dir='ltr'><strong>plurima</strong></span> <span class='ocrx_word' id='word_1_124' title='bbox 909 1632 1218 1689; x_wconf 87' lang='lat' dir='ltr'><strong>possemus</strong></span> <span class='ocrx_word' id='word_1_125' title='bbox 1250 1614 1720 1681; x_wconf 88' lang='lat' dir='ltr'><strong>addere,ventris</strong></span> <span class='ocrx_word' id='word_1_126' title='bbox 1751 1614 2030 1669; x_wconf 88' lang='lat' dir='ltr'><strong>nimirum</strong></span> 
     </span>
    </p>
   </div>
   <div class='ocr_carea' id='block_1_20' title="bbox 380 1703 2029 1777">
    <p class='ocr_par' dir='ltr' id='par_1_20' title="bbox 380 1703 2029 1777">
     <span class='ocr_line' id='line_1_20' title="bbox 380 1703 2029 1777; baseline -0.002 -15"><span class='ocrx_word' id='word_1_127' title='bbox 380 1711 902 1777; x_wconf 69' lang='lat' dir='ltr'><strong>excrementa,quae</strong></span> <span class='ocrx_word' id='word_1_128' title='bbox 932 1703 1174 1760; x_wconf 87' lang='lat' dir='ltr'><strong>animali</strong></span> <span class='ocrx_word' id='word_1_129' title='bbox 1205 1704 1277 1760; x_wconf 90' lang='lat' dir='ltr'><strong>ad</strong></span> <span class='ocrx_word' id='word_1_130' title='bbox 1307 1704 1488 1759; x_wconf 83' lang='lat' dir='ltr'><strong>vitam</strong></span> <span class='ocrx_word' id='word_1_131' title='bbox 1522 1703 1852 1759; x_wconf 88' lang='lat' dir='ltr'><strong>necessaria</strong></span> <span class='ocrx_word' id='word_1_132' title='bbox 1871 1707 2029 1759; x_wconf 91' lang='lat' dir='ltr'><strong>sunt.</strong></span> 
     </span>
    </p>
   </div>
   <div class='ocr_carea' id='block_1_21' title="bbox 385 1794 2029 1864">
    <p class='ocr_par' dir='ltr' id='par_1_21' title="bbox 385 1794 2029 1864">
     <span class='ocr_line' id='line_1_21' title="bbox 385 1794 2029 1864; baseline -0.002 -15"><span class='ocrx_word' id='word_1_133' title='bbox 385 1795 473 1850; x_wconf 73' lang='lat' dir='ltr'><strong>Ad</strong></span> <span class='ocrx_word' id='word_1_134' title='bbox 498 1795 638 1861; x_wconf 72' lang='lat' dir='ltr'><strong>haec,</strong></span> <span class='ocrx_word' id='word_1_135' title='bbox 663 1797 711 1851; x_wconf 88' lang='lat' dir='ltr'><strong>si</strong></span> <span class='ocrx_word' id='word_1_136' title='bbox 736 1795 1034 1851; x_wconf 86' lang='lat' dir='ltr'><strong>hominem</strong></span> <span class='ocrx_word' id='word_1_137' title='bbox 1058 1811 1186 1849; x_wconf 80' lang='lat' dir='ltr'><strong>esse</strong></span> <span class='ocrx_word' id='word_1_138' title='bbox 1210 1810 1495 1849; x_wconf 88' lang='lat' dir='ltr'><strong>manuum</strong></span> <span class='ocrx_word' id='word_1_139' title='bbox 1519 1794 1616 1849; x_wconf 89' lang='lat' dir='ltr'><strong>Dei</strong></span> <span class='ocrx_word' id='word_1_140' title='bbox 1643 1810 1792 1864; x_wconf 88' lang='lat' dir='ltr'><strong>opus</strong></span> <span class='ocrx_word' id='word_1_141' title='bbox 1821 1809 2029 1848; x_wconf 89' lang='lat' dir='ltr'><strong>secun-</strong></span> 
     </span>
    </p>
   </div>
   <div class='ocr_carea' id='block_1_22' title="bbox 2136 809 3790 890">
    <p class='ocr_par' dir='ltr' id='par_1_22' title="bbox 2136 809 3790 890">
     <span class='ocr_line' id='line_1_22' title="bbox 2136 809 3790 890; baseline -0.002 -22"><span class='ocrx_word' id='word_1_142' title='bbox 2136 814 2421 890; x_wconf 84' lang='grc' dir='ltr'>ὑπάρχων,</span> <span class='ocrx_word' id='word_1_143' title='bbox 2473 813 2775 890; x_wconf 76' lang='grc' dir='ltr'>λογισμοὺς</span> <span class='ocrx_word' id='word_1_144' title='bbox 2824 809 3127 869; x_wconf 76' lang='grc' dir='ltr'>ὑποϐάλλει</span> <span class='ocrx_word' id='word_1_145' title='bbox 3153 817 3232 884; x_wconf 79' lang='grc' dir='ltr'><strong>τῷ</strong></span> <span class='ocrx_word' id='word_1_146' title='bbox 3261 809 3438 866; x_wconf 78' lang='grc' dir='ltr'>δοκεῖν</span> <span class='ocrx_word' id='word_1_147' title='bbox 3490 811 3586 883; x_wconf 73' lang='grc' dir='ltr'>μὲν</span> <span class='ocrx_word' id='word_1_148' title='bbox 3617 822 3790 874; x_wconf 82' lang='grc' dir='ltr'>καθα-</span> 
     </span>
    </p>
   </div>
   <div class='ocr_carea' id='block_1_23' title="bbox 2135 897 3789 980">
    <p class='ocr_par' dir='ltr' id='par_1_23' title="bbox 2135 897 3789 980">
     <span class='ocr_line' id='line_1_23' title="bbox 2135 897 3789 980; baseline -0.002 -23"><span class='ocrx_word' id='word_1_149' title='bbox 2135 904 2388 976; x_wconf 82' lang='grc' dir='ltr'>ρότητος’</span> <span class='ocrx_word' id='word_1_150' title='bbox 2425 900 2537 960; x_wconf 81' lang='grc' dir='ltr'>ἔστι</span> <span class='ocrx_word' id='word_1_151' title='bbox 2571 902 2627 959; x_wconf 83' lang='grc' dir='ltr'>δὶ</span> <span class='ocrx_word' id='word_1_152' title='bbox 2658 906 2718 960; x_wconf 86' lang='grc' dir='ltr'>τὸ</span> <span class='ocrx_word' id='word_1_153' title='bbox 2750 903 3071 980; x_wconf 89' lang='grc' dir='ltr'>γιγνόμενον</span> <span class='ocrx_word' id='word_1_154' title='bbox 3105 899 3290 976; x_wconf 78' lang='grc' dir='ltr'>ἐνέδρα</span> <span class='ocrx_word' id='word_1_155' title='bbox 3326 898 3539 974; x_wconf 78' lang='grc' dir='ltr'>μᾶλλον</span> <span class='ocrx_word' id='word_1_156' title='bbox 3568 899 3602 968; x_wconf 75' lang='grc' dir='ltr'><strong>ἢ</strong></span> <span class='ocrx_word' id='word_1_157' title='bbox 3636 897 3789 954; x_wconf 84' lang='grc' dir='ltr'>δοκι-</span> 
     </span>
    </p>
   </div>
   <div class='ocr_carea' id='block_1_24' title="bbox 2139 989 3785 1069">
    <p class='ocr_par' dir='ltr' id='par_1_24' title="bbox 2139 989 3785 1069">
     <span class='ocr_line' id='line_1_24' title="bbox 2139 989 3785 1069; baseline -0.001 -23"><span class='ocrx_word' id='word_1_158' title='bbox 2139 993 2324 1065; x_wconf 85' lang='grc' dir='ltr'>μασία.</span> <span class='ocrx_word' id='word_1_159' title='bbox 2355 997 2472 1048; x_wconf 84' lang='grc' dir='ltr'>Ἵνα</span> <span class='ocrx_word' id='word_1_160' title='bbox 2500 994 2622 1069; x_wconf 82' lang='grc' dir='ltr'>γὰρ,</span> <span class='ocrx_word' id='word_1_161' title='bbox 2656 993 2729 1056; x_wconf 70' lang='grc' dir='ltr'>ὥς</span> <span class='ocrx_word' id='word_1_162' title='bbox 2773 998 3059 1068; x_wconf 82' lang='grc' dir='ltr'>προεῖπον,</span> <span class='ocrx_word' id='word_1_163' title='bbox 3107 989 3475 1067; x_wconf 75' lang='grc' dir='ltr'>ἀπασχολήσῃ</span> <span class='ocrx_word' id='word_1_164' title='bbox 3657 991 3785 1051; x_wconf 74' lang='grc' dir='ltr'>τοὺς</span> 
     </span>
    </p>
   </div>
   <div class='ocr_carea' id='block_1_25' title="bbox 2135 1077 3785 1156">
    <p class='ocr_par' dir='ltr' id='par_1_25' title="bbox 2135 1077 3785 1156">
     <span class='ocr_line' id='line_1_25' title="bbox 2135 1077 3785 1156; baseline -0.002 -21"><span class='ocrx_word' id='word_1_165' title='bbox 2135 1081 2372 1152; x_wconf 75' lang='grc' dir='ltr'>ἀσκητὰς</span> <span class='ocrx_word' id='word_1_166' title='bbox 2407 1089 2507 1152; x_wconf 79' lang='grc' dir='ltr'><strong>τῆς</strong></span> <span class='ocrx_word' id='word_1_167' title='bbox 2551 1081 2742 1156; x_wconf 79' lang='grc' dir='ltr'>ἐθίμου</span> <span class='ocrx_word' id='word_1_168' title='bbox 2789 1082 2879 1136; x_wconf 82' lang='grc' dir='ltr'><strong>καὶ</strong></span> <span class='ocrx_word' id='word_1_169' title='bbox 2929 1077 3316 1154; x_wconf 84' lang='grc' dir='ltr'>σωτηριώδους</span> <span class='ocrx_word' id='word_1_170' title='bbox 3369 1079 3604 1151; x_wconf 73' lang='grc' dir='ltr'>μελέτης</span> <span class='ocrx_word' id='word_1_171' title='bbox 3639 1121 3652 1145; x_wconf 91' lang='grc'><strong>,</strong></span> <span class='ocrx_word' id='word_1_172' title='bbox 3694 1077 3785 1133; x_wconf 78' lang='grc' dir='ltr'><strong>καὶ</strong></span> 
     </span>
    </p>
   </div>
   <div class='ocr_carea' id='block_1_26' title="bbox 2137 1161 3785 1246">
    <p class='ocr_par' dir='ltr' id='par_1_26' title="bbox 2137 1161 3785 1246">
     <span class='ocr_line' id='line_1_26' title="bbox 2137 1161 3785 1246; baseline -0.002 -23"><span class='ocrx_word' id='word_1_173' title='bbox 2137 1167 2265 1244; x_wconf 77' lang='grc' dir='ltr'>δόξῃ</span> <span class='ocrx_word' id='word_1_174' title='bbox 2298 1175 2532 1246; x_wconf 80' lang='grc' dir='ltr'>κρατεῖν·</span> <span class='ocrx_word' id='word_1_175' title='bbox 2583 1172 2718 1226; x_wconf 83' lang='grc' dir='ltr'><strong>κατά</strong></span> <span class='ocrx_word' id='word_1_176' title='bbox 2770 1168 2930 1224; x_wconf 76' lang='grc' dir='ltr'>τοῦτο</span> <span class='ocrx_word' id='word_1_177' title='bbox 2976 1170 3200 1224; x_wconf 84' lang='grc' dir='ltr'>τοιαῦτά</span> <span class='ocrx_word' id='word_1_178' title='bbox 3243 1189 3365 1222; x_wconf 87' lang='grc' dir='ltr'>τινα</span> <span class='ocrx_word' id='word_1_179' title='bbox 3394 1173 3534 1222; x_wconf 87' lang='grc' dir='ltr'>κινεῖ</span> <span class='ocrx_word' id='word_1_180' title='bbox 3572 1161 3785 1242; x_wconf 74' lang='grc' dir='ltr'><strong>βομόύ-</strong></span> 
     </span>
    </p>
   </div>
   <div class='ocr_carea' id='block_1_27' title="bbox 2135 1257 3785 1337">
    <p class='ocr_par' dir='ltr' id='par_1_27' title="bbox 2135 1257 3785 1337">
     <span class='ocr_line' id='line_1_27' title="bbox 2135 1257 3785 1337; baseline -0.002 -24"><span class='ocrx_word' id='word_1_181' title='bbox 2135 1281 2246 1330; x_wconf 86' lang='grc' dir='ltr'>κια,</span> <span class='ocrx_word' id='word_1_182' title='bbox 2281 1261 2431 1314; x_wconf 72' lang='grc' dir='ltr'>ἅτινα</span> <span class='ocrx_word' id='word_1_183' title='bbox 2464 1260 2610 1337; x_wconf 75' lang='grc' dir='ltr'>φέρει</span> <span class='ocrx_word' id='word_1_184' title='bbox 2656 1261 2750 1332; x_wconf 79' lang='grc' dir='ltr'>μὶν</span> <span class='ocrx_word' id='word_1_185' title='bbox 2798 1257 2951 1314; x_wconf 70' lang='grc' dir='ltr'>οὐδὲν</span> <span class='ocrx_word' id='word_1_186' title='bbox 3000 1264 3079 1330; x_wconf 80' lang='grc' dir='ltr'><strong>τῷ</strong></span> <span class='ocrx_word' id='word_1_187' title='bbox 3132 1258 3235 1334; x_wconf 88' lang='grc' dir='ltr'><strong>βίῳ</strong></span> <span class='ocrx_word' id='word_1_188' title='bbox 3285 1259 3587 1333; x_wconf 82' lang='grc' dir='ltr'>χρήσιμον,</span> <span class='ocrx_word' id='word_1_189' title='bbox 3629 1258 3785 1318; x_wconf 73' lang='grc' dir='ltr'>κενὰς</span> 
     </span>
    </p>
   </div>
   <div class='ocr_carea' id='block_1_28' title="bbox 2139 1344 3790 1425">
    <p class='ocr_par' dir='ltr' id='par_1_28' title="bbox 2139 1344 3790 1425">
     <span class='ocr_line' id='line_1_28' title="bbox 2139 1344 3790 1425; baseline -0.001 -23"><span class='ocrx_word' id='word_1_190' title='bbox 2139 1345 2196 1402; x_wconf 72' lang='grc' dir='ltr'>δὲ</span> <span class='ocrx_word' id='word_1_191' title='bbox 2229 1351 2480 1418; x_wconf 74' lang='grc' dir='ltr'>ζητήσεις</span> <span class='ocrx_word' id='word_1_192' title='bbox 2504 1348 2592 1402; x_wconf 84' lang='grc' dir='ltr'><strong>καὶ</strong></span> <span class='ocrx_word' id='word_1_193' title='bbox 2625 1346 2916 1425; x_wconf 73' lang='grc' dir='ltr'>φλυαρίας,</span> <span class='ocrx_word' id='word_1_194' title='bbox 2941 1348 3001 1410; x_wconf 77' lang='grc' dir='ltr'>ἃς</span> <span class='ocrx_word' id='word_1_195' title='bbox 3026 1344 3106 1402; x_wconf 86' lang='grc' dir='ltr'><strong>δεῖ</strong></span> <span class='ocrx_word' id='word_1_196' title='bbox 3139 1347 3533 1421; x_wconf 73' lang='grc' dir='ltr'>παραιτεῖσθαι.</span> <span class='ocrx_word' id='word_1_197' title='bbox 3570 1345 3639 1402; x_wconf 90' lang='grc' dir='ltr'>Τί</span> <span class='ocrx_word' id='word_1_198' title='bbox 3663 1345 3790 1421; x_wconf 71' lang='grc' dir='ltr'>γὰρ,</span> 
     </span>
    </p>
   </div>
   <div class='ocr_carea' id='block_1_29' title="bbox 2140 1431 3796 1513">
    <p class='ocr_par' dir='ltr' id='par_1_29' title="bbox 2140 1431 3796 1513">
     <span class='ocr_line' id='line_1_29' title="bbox 2140 1431 3796 1513; baseline -0.002 -22"><span class='ocrx_word' id='word_1_199' title='bbox 2140 1437 2255 1492; x_wconf 71' lang='grc' dir='ltr'>εἶπέ</span> <span class='ocrx_word' id='word_1_200' title='bbox 2289 1459 2405 1510; x_wconf 89' lang='grc' dir='ltr'>μοι,</span> <span class='ocrx_word' id='word_1_201' title='bbox 2437 1439 2482 1490; x_wconf 83' lang='grc' dir='ltr'>ὦ</span> <span class='ocrx_word' id='word_1_202' title='bbox 2530 1437 2774 1513; x_wconf 83' lang='grc' dir='ltr'>ἀγαπητέ</span> <span class='ocrx_word' id='word_1_203' title='bbox 2817 1437 2906 1492; x_wconf 81' lang='grc' dir='ltr'><strong>καὶ</strong></span> <span class='ocrx_word' id='word_1_204' title='bbox 2948 1432 3331 1508; x_wconf 72' lang='grc' dir='ltr'>εὐλαϐέστατε,</span> <span class='ocrx_word' id='word_1_205' title='bbox 3375 1431 3491 1510; x_wconf 75' lang='grc' dir='ltr'>ἔχει</span> <span class='ocrx_word' id='word_1_206' title='bbox 3542 1435 3796 1509; x_wconf 79' lang='grc' dir='ltr'>ἁμάρτη-</span> 
     </span>
    </p>
   </div>
   <div class='ocr_carea' id='block_1_30' title="bbox 2143 1521 3794 1604">
    <p class='ocr_par' dir='ltr' id='par_1_30' title="bbox 2143 1521 3794 1604">
     <span class='ocr_line' id='line_1_30' title="bbox 2143 1521 3794 1604; baseline -0.001 -24"><span class='ocrx_word' id='word_1_207' title='bbox 2143 1547 2216 1599; x_wconf 89' lang='grc' dir='ltr'><strong>μα</strong></span> <span class='ocrx_word' id='word_1_208' title='bbox 2247 1528 2280 1596; x_wconf 69' lang='grc' dir='ltr'><strong>ἢ</strong></span> <span class='ocrx_word' id='word_1_209' title='bbox 2314 1525 2611 1600; x_wconf 73' lang='grc' dir='ltr'>ἀκάθαρτον</span> <span class='ocrx_word' id='word_1_210' title='bbox 2664 1528 2860 1604; x_wconf 86' lang='grc' dir='ltr'>φυσική</span> <span class='ocrx_word' id='word_1_211' title='bbox 2893 1547 2974 1588; x_wconf 88' lang='grc' dir='ltr'><strong>τις</strong></span> <span class='ocrx_word' id='word_1_212' title='bbox 3024 1524 3260 1602; x_wconf 78' lang='grc' dir='ltr'>ἔκκρισις</span> <span class='ocrx_word' id='word_1_213' title='bbox 3297 1544 3310 1594; x_wconf 90' lang='grc'>;</span> <span class='ocrx_word' id='word_1_214' title='bbox 3345 1525 3419 1586; x_wconf 83' lang='grc' dir='ltr'>ὡς</span> <span class='ocrx_word' id='word_1_215' title='bbox 3469 1521 3525 1577; x_wconf 74' lang='grc' dir='ltr'><strong>εἷ’</strong></span> <span class='ocrx_word' id='word_1_216' title='bbox 3563 1545 3644 1586; x_wconf 92' lang='grc' dir='ltr'><strong>τις</strong></span> <span class='ocrx_word' id='word_1_217' title='bbox 3679 1522 3794 1578; x_wconf 83' lang='grc' dir='ltr'><strong>ἐθέ-</strong></span> 
     </span>
    </p>
   </div>
   <div class='ocr_carea' id='block_1_31' title="bbox 2142 1610 3800 1691">
    <p class='ocr_par' dir='ltr' id='par_1_31' title="bbox 2142 1610 3800 1691">
     <span class='ocr_line' id='line_1_31' title="bbox 2142 1610 3800 1691; baseline -0.001 -23"><span class='ocrx_word' id='word_1_218' title='bbox 2142 1612 2232 1668; x_wconf 85' lang='grc' dir='ltr'><strong>λοι</strong></span> <span class='ocrx_word' id='word_1_219' title='bbox 2276 1620 2545 1679; x_wconf 83' lang='grc' dir='ltr'>ποιεῖσθαι</span> <span class='ocrx_word' id='word_1_220' title='bbox 2597 1612 2846 1691; x_wconf 83' lang='grc' dir='ltr'>ἔγκλημα</span> <span class='ocrx_word' id='word_1_221' title='bbox 2891 1613 2979 1670; x_wconf 87' lang='grc' dir='ltr'><strong>καὶ</strong></span> <span class='ocrx_word' id='word_1_222' title='bbox 3028 1614 3122 1675; x_wconf 82' lang='grc' dir='ltr'><strong>τὰς</strong></span> <span class='ocrx_word' id='word_1_223' title='bbox 3173 1611 3262 1668; x_wconf 78' lang='grc' dir='ltr'><strong>διὰ</strong></span> <span class='ocrx_word' id='word_1_224' title='bbox 3310 1613 3466 1688; x_wconf 78' lang='grc' dir='ltr'>ῥινῶν</span> <span class='ocrx_word' id='word_1_225' title='bbox 3519 1610 3800 1685; x_wconf 81' lang='grc' dir='ltr'>ἐκπεμπο-</span> 
     </span>
    </p>
   </div>
   <div class='ocr_carea' id='block_1_32' title="bbox 2143 1697 3799 1777">
    <p class='ocr_par' dir='ltr' id='par_1_32' title="bbox 2143 1697 3799 1777">
     <span class='ocr_line' id='line_1_32' title="bbox 2143 1697 3799 1777; baseline -0.001 -19"><span class='ocrx_word' id='word_1_226' title='bbox 2143 1707 2305 1777; x_wconf 72' lang='grc' dir='ltr'>μὲνας</span> <span class='ocrx_word' id='word_1_227' title='bbox 2355 1705 2521 1777; x_wconf 75' lang='grc' dir='ltr'>μύξας</span> <span class='ocrx_word' id='word_1_228' title='bbox 2568 1704 2655 1758; x_wconf 84' lang='grc' dir='ltr'><strong>καὶ</strong></span> <span class='ocrx_word' id='word_1_229' title='bbox 2704 1704 2770 1759; x_wconf 73' lang='grc' dir='ltr'>τὰ</span> <span class='ocrx_word' id='word_1_230' title='bbox 2817 1701 2906 1758; x_wconf 76' lang='grc' dir='ltr'>’διά</span> <span class='ocrx_word' id='word_1_231' title='bbox 2954 1703 3224 1776; x_wconf 90' lang='grc' dir='ltr'>στόματος</span> <span class='ocrx_word' id='word_1_232' title='bbox 3269 1701 3581 1774; x_wconf 72' lang='grc' dir='ltr'>πτύσματαο</span> <span class='ocrx_word' id='word_1_233' title='bbox 3627 1697 3703 1756; x_wconf 81' lang='grc' dir='ltr'>ἔτι</span> <span class='ocrx_word' id='word_1_234' title='bbox 3737 1698 3799 1756; x_wconf 72' lang='grc' dir='ltr'>δὶ</span> 
     </span>
    </p>
   </div>
   <div class='ocr_carea' id='block_1_33' title="bbox 2140 1787 3796 1870">
    <p class='ocr_par' dir='ltr' id='par_1_33' title="bbox 2140 1787 3796 1870">
     <span class='ocr_line' id='line_1_33' title="bbox 2140 1787 3796 1870; baseline -0.002 -23"><span class='ocrx_word' id='word_1_235' title='bbox 2140 1793 2228 1847; x_wconf 83' lang='grc' dir='ltr'><strong>καὶ</strong></span> <span class='ocrx_word' id='word_1_236' title='bbox 2257 1793 2463 1848; x_wconf 76' lang='grc' dir='ltr'>τούτων</span> <span class='ocrx_word' id='word_1_237' title='bbox 2494 1790 2695 1869; x_wconf 80' lang='grc' dir='ltr'>ἔχομεν</span> <span class='ocrx_word' id='word_1_238' title='bbox 2745 1791 2919 1870; x_wconf 75' lang='grc' dir='ltr'>λέγειν</span> <span class='ocrx_word' id='word_1_239' title='bbox 2969 1793 3214 1860; x_wconf 81' lang='grc' dir='ltr'>πλείονα,</span> <span class='ocrx_word' id='word_1_240' title='bbox 3245 1791 3340 1853; x_wconf 78' lang='grc' dir='ltr'><strong>τὰς</strong></span> <span class='ocrx_word' id='word_1_241' title='bbox 3388 1787 3478 1846; x_wconf 74' lang='grc' dir='ltr'><strong>διὰ</strong></span> <span class='ocrx_word' id='word_1_242' title='bbox 3515 1789 3796 1867; x_wconf 71' lang='grc' dir='ltr'>γαστέρων</span> 
     </span>
    </p>
   </div>
   <div class='ocr_carea' id='block_1_34' title="bbox 386 1881 2031 1983">
    <p class='ocr_par' dir='ltr' id='par_1_34' title="bbox 386 1883 2030 1956">
     <span class='ocr_line' id='line_1_34' title="bbox 386 1883 2030 1956; baseline -0.002 -18"><span class='ocrx_word' id='word_1_243' title='bbox 386 1885 530 1940; x_wconf 91' lang='lat' dir='ltr'><strong>dum</strong></span> <span class='ocrx_word' id='word_1_244' title='bbox 552 1885 886 1956; x_wconf 89' lang='lat' dir='ltr'><strong>Scripturas</strong></span> <span class='ocrx_word' id='word_1_245' title='bbox 907 1883 1220 1949; x_wconf 84' lang='lat' dir='ltr'><strong>credimus,</strong></span> <span class='ocrx_word' id='word_1_246' title='bbox 1255 1884 1544 1956; x_wconf 89' lang='lat' dir='ltr'><strong>quomodo</strong></span> <span class='ocrx_word' id='word_1_247' title='bbox 1567 1900 1633 1938; x_wconf 88' lang='lat' dir='ltr'><strong>ex</strong></span> <span class='ocrx_word' id='word_1_248' title='bbox 1666 1899 1812 1954; x_wconf 88' lang='lat' dir='ltr'><strong>pura</strong></span> <span class='ocrx_word' id='word_1_249' title='bbox 1829 1886 2030 1953; x_wconf 87' lang='lat' dir='ltr'><strong>poten-</strong></span> 
     </span>
    </p>
   </div>
   <div class='ocr_carea' id='block_1_35' title="bbox 2145 1881 3794 1983">
    <p class='ocr_par' dir='ltr' id='par_1_35' title="bbox 2145 1881 3794 1958">
     <span class='ocr_line' id='line_1_35' title="bbox 2145 1881 3794 1958; baseline -0.001 -22"><span class='ocrx_word' id='word_1_250' title='bbox 2145 1882 2426 1958; x_wconf 79' lang='grc' dir='ltr'>ἐκκρίσεις,</span> <span class='ocrx_word' id='word_1_251' title='bbox 2461 1885 2593 1957; x_wconf 77' lang='grc' dir='ltr'>ἅπερ</span> <span class='ocrx_word' id='word_1_252' title='bbox 2631 1887 2709 1955; x_wconf 81' lang='grc' dir='ltr'><strong>τῷ</strong></span> <span class='ocrx_word' id='word_1_253' title='bbox 2759 1885 2884 1955; x_wconf 83' lang='grc' dir='ltr'><strong>ζώῳ</strong></span> <span class='ocrx_word' id='word_1_254' title='bbox 2938 1882 3074 1958; x_wconf 88' lang='grc' dir='ltr'>πρὸς</span> <span class='ocrx_word' id='word_1_255' title='bbox 3120 1883 3182 1936; x_wconf 88' lang='grc' dir='ltr'>τὸ</span> <span class='ocrx_word' id='word_1_256' title='bbox 3217 1885 3311 1954; x_wconf 80' lang='grc' dir='ltr'>ζῇν</span> <span class='ocrx_word' id='word_1_257' title='bbox 3363 1881 3624 1955; x_wconf 80' lang='grc' dir='ltr'>ἀναγκαῖα</span> <span class='ocrx_word' id='word_1_258' title='bbox 3660 1891 3794 1943; x_wconf 58' lang='grc' dir='ltr'>καθ’</span> 
     </span>
    </p>
   </div>
   <div class='ocr_carea' id='block_1_36' title="bbox 386 1969 2033 2046">
    <p class='ocr_par' dir='ltr' id='par_1_36' title="bbox 386 1969 2033 2046">
     <span class='ocr_line' id='line_1_36' title="bbox 386 1969 2033 2046; baseline -0.003 -17"><span class='ocrx_word' id='word_1_259' title='bbox 386 1975 469 2029; x_wconf 91' lang='lat' dir='ltr'><strong>tia</strong></span> <span class='ocrx_word' id='word_1_260' title='bbox 499 1992 648 2046; x_wconf 90' lang='lat' dir='ltr'><strong>opus</strong></span> <span class='ocrx_word' id='word_1_261' title='bbox 678 1974 1140 2030; x_wconf 85' lang='lat' dir='ltr'><strong>contaminatum</strong></span> <span class='ocrx_word' id='word_1_262' title='bbox 1172 1973 1404 2044; x_wconf 89' lang='lat' dir='ltr'><strong>prodire</strong></span> <span class='ocrx_word' id='word_1_263' title='bbox 1436 1971 1667 2028; x_wconf 85' lang='lat' dir='ltr'><strong>valuit?</strong></span> <span class='ocrx_word' id='word_1_264' title='bbox 1689 1975 1756 2026; x_wconf 81' lang='lat' dir='ltr'><strong>Et</strong></span> <span class='ocrx_word' id='word_1_265' title='bbox 1788 1973 1860 2038; x_wconf 92' lang='lat' dir='ltr'><strong>si,</strong></span> <span class='ocrx_word' id='word_1_266' title='bbox 1881 1977 1945 2025; x_wconf 88' lang='lat' dir='ltr'><strong>ut</strong></span> <span class='ocrx_word' id='word_1_267' title='bbox 1975 1969 2033 2025; x_wconf 92' lang='lat' dir='ltr'><strong>in</strong></span> 
     </span>
    </p>
   </div>
   <div class='ocr_carea' id='block_1_37' title="bbox 393 2059 2036 2135">
    <p class='ocr_par' dir='ltr' id='par_1_37' title="bbox 393 2059 2036 2135">
     <span class='ocr_line' id='line_1_37' title="bbox 393 2059 2036 2135; baseline -0.001 -19"><span class='ocrx_word' id='word_1_268' title='bbox 393 2064 634 2120; x_wconf 81' lang='lat' dir='ltr'><strong>Actibus</strong></span> <span class='ocrx_word' id='word_1_269' title='bbox 663 2062 1058 2135; x_wconf 89' lang='lat' dir='ltr'><strong>apostolorum</strong></span> <span class='ocrx_word' id='word_1_270' title='bbox 1095 2061 1330 2134; x_wconf 83' lang='lat' dir='ltr'><strong>legitur,</strong></span> <span class='ocrx_word' id='word_1_271' title='bbox 1363 2078 1548 2134; x_wconf 88' lang='lat' dir='ltr'><strong>genus</strong></span> <span class='ocrx_word' id='word_1_272' title='bbox 1579 2061 1676 2116; x_wconf 89' lang='lat' dir='ltr'><strong>Dei</strong></span> <span class='ocrx_word' id='word_1_273' title='bbox 1735 2077 1940 2115; x_wconf 84' lang='lat' dir='ltr'><strong>sumus</strong></span> <span class='ocrx_word' id='word_1_274' title='bbox 1969 2059 2036 2126; x_wconf 68' lang='lat'><strong>‘9,</strong></span> 
     </span>
    </p>
   </div>
   <div class='ocr_carea' id='block_1_38' title="bbox 391 2147 2033 2222">
    <p class='ocr_par' dir='ltr' id='par_1_38' title="bbox 391 2147 2033 2222">
     <span class='ocr_line' id='line_1_38' title="bbox 391 2147 2033 2222; baseline -0.002 -16"><span class='ocrx_word' id='word_1_275' title='bbox 391 2151 537 2207; x_wconf 88' lang='lat' dir='ltr'><strong>nihil</strong></span> <span class='ocrx_word' id='word_1_276' title='bbox 568 2169 709 2208; x_wconf 89' lang='lat' dir='ltr'><strong>sane</strong></span> <span class='ocrx_word' id='word_1_277' title='bbox 737 2151 795 2206; x_wconf 90' lang='lat' dir='ltr'><strong>in</strong></span> <span class='ocrx_word' id='word_1_278' title='bbox 830 2151 998 2206; x_wconf 91' lang='lat' dir='ltr'><strong>nobis</strong></span> <span class='ocrx_word' id='word_1_279' title='bbox 1029 2151 1327 2222; x_wconf 90' lang='lat' dir='ltr'><strong>impurum</strong></span> <span class='ocrx_word' id='word_1_280' title='bbox 1360 2148 1849 2205; x_wconf 87' lang='lat' dir='ltr'><strong>habemus.Tunc</strong></span> <span class='ocrx_word' id='word_1_281' title='bbox 1877 2147 2033 2203; x_wconf 92' lang='lat' dir='ltr'><strong>enim</strong></span> 
     </span>
    </p>
   </div>
   <div class='ocr_carea' id='block_1_39' title="bbox 389 2239 2034 2311">
    <p class='ocr_par' dir='ltr' id='par_1_39' title="bbox 389 2239 2034 2311">
     <span class='ocr_line' id='line_1_39' title="bbox 389 2239 2034 2311; baseline -0.002 -15"><span class='ocrx_word' id='word_1_282' title='bbox 389 2243 580 2296; x_wconf 87' lang='lat' dir='ltr'><strong>solum</strong></span> <span class='ocrx_word' id='word_1_283' title='bbox 608 2239 1011 2311; x_wconf 90' lang='lat' dir='ltr'><strong>inquinamur,</strong></span> <span class='ocrx_word' id='word_1_284' title='bbox 1046 2255 1179 2294; x_wconf 91' lang='lat' dir='ltr'><strong>cum</strong></span> <span class='ocrx_word' id='word_1_285' title='bbox 1213 2239 1452 2310; x_wconf 87' lang='lat' dir='ltr'><strong>pessimi</strong></span> <span class='ocrx_word' id='word_1_286' title='bbox 1484 2239 1680 2294; x_wconf 88' lang='lat' dir='ltr'><strong>odoris</strong></span> <span class='ocrx_word' id='word_1_287' title='bbox 1707 2253 1876 2308; x_wconf 88' lang='lat' dir='ltr'><strong>opus,</strong></span> <span class='ocrx_word' id='word_1_288' title='bbox 1908 2253 2034 2307; x_wconf 88' lang='lat' dir='ltr'><strong>pec-</strong></span> 
     </span>
    </p>
   </div>
   <div class='ocr_carea' id='block_1_40' title="bbox 387 2326 2031 2401">
    <p class='ocr_par' dir='ltr' id='par_1_40' title="bbox 387 2326 2031 2401">
     <span class='ocr_line' id='line_1_40' title="bbox 387 2326 2031 2401; baseline -0.003 -16"><span class='ocrx_word' id='word_1_289' title='bbox 387 2336 584 2385; x_wconf 88' lang='lat' dir='ltr'><strong>catum</strong></span> <span class='ocrx_word' id='word_1_290' title='bbox 617 2329 856 2398; x_wconf 86' lang='lat' dir='ltr'><strong>scilicet,</strong></span> <span class='ocrx_word' id='word_1_291' title='bbox 889 2345 1220 2401; x_wconf 74' lang='lat' dir='ltr'><strong>operemur.</strong></span> <span class='ocrx_word' id='word_1_292' title='bbox 1254 2333 1328 2382; x_wconf 82' lang='lat' dir='ltr'><strong>At</strong></span> <span class='ocrx_word' id='word_1_293' title='bbox 1357 2343 1490 2383; x_wconf 92' lang='lat' dir='ltr'><strong>cum</strong></span> <span class='ocrx_word' id='word_1_294' title='bbox 1527 2333 1733 2398; x_wconf 74' lang='lat' dir='ltr'><strong>praeter</strong></span> <span class='ocrx_word' id='word_1_295' title='bbox 1761 2326 2031 2381; x_wconf 85' lang='lat' dir='ltr'><strong>volunta-</strong></span> 
     </span>
    </p>
   </div>
   <div class='ocr_carea' id='block_1_41' title="bbox 387 2415 2028 2488">
    <p class='ocr_par' dir='ltr' id='par_1_41' title="bbox 387 2415 2028 2488">
     <span class='ocr_line' id='line_1_41' title="bbox 387 2415 2028 2488; baseline -0.004 -14"><span class='ocrx_word' id='word_1_296' title='bbox 387 2424 503 2474; x_wconf 88' lang='lat' dir='ltr'><strong>tem</strong></span> <span class='ocrx_word' id='word_1_297' title='bbox 553 2417 820 2473; x_wconf 81' lang='lat' dir='ltr'><strong>naturale</strong></span> <span class='ocrx_word' id='word_1_298' title='bbox 867 2415 1183 2488; x_wconf 90' lang='lat' dir='ltr'><strong>quodpiam</strong></span> <span class='ocrx_word' id='word_1_299' title='bbox 1235 2422 1669 2471; x_wconf 85' lang='lat' dir='ltr'><strong>excrementum</strong></span> <span class='ocrx_word' id='word_1_300' title='bbox 1722 2415 2028 2485; x_wconf 85' lang='lat' dir='ltr'><strong>emittitur,</strong></span> 
     </span>
    </p>
   </div>
   <div class='ocr_carea' id='block_1_42' title="bbox 386 2503 2030 2576">
    <p class='ocr_par' dir='ltr' id='par_1_42' title="bbox 386 2503 2030 2576">
     <span class='ocr_line' id='line_1_42' title="bbox 386 2503 2030 2576; baseline -0.003 -13"><span class='ocrx_word' id='word_1_301' title='bbox 386 2513 528 2563; x_wconf 88' lang='lat' dir='ltr'><strong>tunc</strong></span> <span class='ocrx_word' id='word_1_302' title='bbox 557 2513 780 2563; x_wconf 60' lang='lat' dir='ltr'><strong>natura</strong></span> <span class='ocrx_word' id='word_1_303' title='bbox 829 2506 1195 2572; x_wconf 87' lang='lat' dir='ltr'><strong>necessitate,</strong></span> <span class='ocrx_word' id='word_1_304' title='bbox 1247 2511 1311 2560; x_wconf 93' lang='lat' dir='ltr'><strong>ut</strong></span> <span class='ocrx_word' id='word_1_305' title='bbox 1358 2522 1537 2576; x_wconf 89' lang='lat' dir='ltr'><strong>supra</strong></span> <span class='ocrx_word' id='word_1_306' title='bbox 1584 2505 1860 2574; x_wconf 85' lang='lat' dir='ltr'><strong>diximus,</strong></span> <span class='ocrx_word' id='word_1_307' title='bbox 1911 2503 2030 2558; x_wconf 66' lang='lat' dir='ltr'><strong>haec</strong></span> 
     </span>
    </p>
   </div>
   <div class='ocr_carea' id='block_1_43' title="bbox 385 2594 2030 2664">
    <p class='ocr_par' dir='ltr' id='par_1_43' title="bbox 385 2594 2030 2664">
     <span class='ocr_line' id='line_1_43' title="bbox 385 2594 2030 2664; baseline -0.004 -11"><span class='ocrx_word' id='word_1_308' title='bbox 385 2614 517 2653; x_wconf 91' lang='lat' dir='ltr'><strong>cum</strong></span> <span class='ocrx_word' id='word_1_309' title='bbox 561 2597 785 2652; x_wconf 67' lang='lat' dir='ltr'><strong>cmteris</strong></span> <span class='ocrx_word' id='word_1_310' title='bbox 835 2594 1172 2650; x_wconf 89' lang='lat' dir='ltr'><strong>toleramus.</strong></span> <span class='ocrx_word' id='word_1_311' title='bbox 1207 2594 1317 2649; x_wconf 88' lang='lat' dir='ltr'><strong>Sed</strong></span> <span class='ocrx_word' id='word_1_312' title='bbox 1369 2595 1504 2664; x_wconf 88' lang='lat' dir='ltr'><strong>quia</strong></span> <span class='ocrx_word' id='word_1_313' title='bbox 1552 2594 1612 2661; x_wconf 92' lang='lat' dir='ltr'><strong>ii,</strong></span> <span class='ocrx_word' id='word_1_314' title='bbox 1645 2594 1862 2664; x_wconf 91' lang='lat' dir='ltr'><strong>quibus</strong></span> <span class='ocrx_word' id='word_1_315' title='bbox 1913 2609 2030 2647; x_wconf 86' lang='lat' dir='ltr'><strong>una</strong></span> 
     </span>
    </p>
   </div>
   <div class='ocr_carea' id='block_1_44' title="bbox 385 2682 2024 2759">
    <p class='ocr_par' dir='ltr' id='par_1_44' title="bbox 385 2682 2024 2759">
     <span class='ocr_line' id='line_1_44' title="bbox 385 2682 2024 2759; baseline -0.004 -17"><span class='ocrx_word' id='word_1_316' title='bbox 385 2688 565 2759; x_wconf 91' lang='lat' dir='ltr'><strong>probe</strong></span> <span class='ocrx_word' id='word_1_317' title='bbox 613 2685 806 2750; x_wconf 90' lang='lat' dir='ltr'><strong>dictis,</strong></span> <span class='ocrx_word' id='word_1_318' title='bbox 843 2685 958 2739; x_wconf 91' lang='lat' dir='ltr'><strong>imo</strong></span> <span class='ocrx_word' id='word_1_319' title='bbox 989 2701 1022 2739; x_wconf 94' lang='lat' dir='ltr'><strong>a</strong></span> <span class='ocrx_word' id='word_1_320' title='bbox 1056 2689 1166 2740; x_wconf 89' lang='lat' dir='ltr'><strong>Deo</strong></span> <span class='ocrx_word' id='word_1_321' title='bbox 1212 2684 1394 2755; x_wconf 88' lang='lat' dir='ltr'><strong>gestis</strong></span> <span class='ocrx_word' id='word_1_322' title='bbox 1436 2684 1614 2739; x_wconf 87' lang='lat' dir='ltr'><strong>rebus</strong></span> <span class='ocrx_word' id='word_1_323' title='bbox 1665 2682 2024 2755; x_wconf 88' lang='lat' dir='ltr'><strong>repugnandi</strong></span> 
     </span>
    </p>
   </div>
   <div class='ocr_carea' id='block_1_45' title="bbox 383 2772 2024 2845">
    <p class='ocr_par' dir='ltr' id='par_1_45' title="bbox 383 2772 2024 2845">
     <span class='ocr_line' id='line_1_45' title="bbox 383 2772 2024 2845; baseline -0.003 -15"><span class='ocrx_word' id='word_1_324' title='bbox 383 2775 539 2832; x_wconf 84' lang='lat' dir='ltr'><strong>inest</strong></span> <span class='ocrx_word' id='word_1_325' title='bbox 568 2791 727 2841; x_wconf 87' lang='lat' dir='ltr'><strong>cura,</strong></span> <span class='ocrx_word' id='word_1_326' title='bbox 760 2774 983 2828; x_wconf 89' lang='lat' dir='ltr'><strong>dictum</strong></span> <span class='ocrx_word' id='word_1_327' title='bbox 1013 2772 1155 2827; x_wconf 92' lang='lat' dir='ltr'><strong>illud</strong></span> <span class='ocrx_word' id='word_1_328' title='bbox 1187 2772 1585 2845; x_wconf 86' lang='lat' dir='ltr'><strong>evangelicum</strong></span> <span class='ocrx_word' id='word_1_329' title='bbox 1628 2774 1980 2844; x_wconf 89' lang='lat' dir='ltr'><strong>detorquent</strong></span> <span class='ocrx_word' id='word_1_330' title='bbox 2012 2788 2024 2825; x_wconf 93' lang='lat'>:</span> 
     </span>
    </p>
   </div>
   <div class='ocr_carea' id='block_1_46' title="bbox 383 2862 2028 2936">
    <p class='ocr_par' dir='ltr' id='par_1_46' title="bbox 383 2862 2028 2936">
     <span class='ocr_line' id='line_1_46' title="bbox 383 2862 2028 2936; baseline -0.002 -16"><span class='ocrx_word' id='word_1_331' title='bbox 383 2863 507 2920; x_wconf 84' lang='lat' dir='ltr'><strong>Non</strong></span> <span class='ocrx_word' id='word_1_332' title='bbox 542 2881 670 2936; x_wconf 64' lang='lat' dir='ltr'><strong>quae</strong></span> <span class='ocrx_word' id='word_1_333' title='bbox 702 2863 1133 2936; x_wconf 88' lang='lat' dir='ltr'><strong>ingrediuntur,</strong></span> <span class='ocrx_word' id='word_1_334' title='bbox 1166 2863 1268 2917; x_wconf 90' lang='lat' dir='ltr'><strong>sed</strong></span> <span class='ocrx_word' id='word_1_335' title='bbox 1300 2878 1430 2934; x_wconf 69' lang='lat' dir='ltr'><strong>quae</strong></span> <span class='ocrx_word' id='word_1_336' title='bbox 1461 2862 1842 2934; x_wconf 89' lang='lat' dir='ltr'><strong>egrediuntur</strong></span> <span class='ocrx_word' id='word_1_337' title='bbox 1869 2865 2028 2918; x_wconf 90' lang='lat' dir='ltr'><strong>coin-</strong></span> 
     </span>
    </p>
   </div>
   <div class='ocr_carea' id='block_1_47' title="bbox 385 2952 2031 3026">
    <p class='ocr_par' dir='ltr' id='par_1_47' title="bbox 385 2952 2031 3026">
     <span class='ocr_line' id='line_1_47' title="bbox 385 2952 2031 3026; baseline -0.002 -17"><span class='ocrx_word' id='word_1_338' title='bbox 385 2953 634 3026; x_wconf 89' lang='lat' dir='ltr'><strong>quinant</strong></span> <span class='ocrx_word' id='word_1_339' title='bbox 676 2953 974 3008; x_wconf 90' lang='lat' dir='ltr'><strong>hominem</strong></span> <span class='ocrx_word' id='word_1_340' title='bbox 1007 2952 1088 3020; x_wconf 68' lang='lat'><strong>‘°;</strong></span> <span class='ocrx_word' id='word_1_341' title='bbox 1129 2952 1280 3007; x_wconf 89' lang='lat' dir='ltr'><strong>hanc</strong></span> <span class='ocrx_word' id='word_1_342' title='bbox 1328 2967 1529 3007; x_wconf 88' lang='lat' dir='ltr'><strong>eorum</strong></span> <span class='ocrx_word' id='word_1_343' title='bbox 1586 2952 1902 3018; x_wconf 88' lang='lat' dir='ltr'><strong>insaniam,</strong></span> <span class='ocrx_word' id='word_1_344' title='bbox 1960 2967 2031 3006; x_wconf 91' lang='lat' dir='ltr'><strong>ne</strong></span> 
     </span>
    </p>
   </div>
   <div class='ocr_carea' id='block_1_48' title="bbox 385 3039 2028 3114">
    <p class='ocr_par' dir='ltr' id='par_1_48' title="bbox 385 3039 2028 3114">
     <span class='ocr_line' id='line_1_48' title="bbox 385 3039 2028 3114; baseline -0.002 -16"><span class='ocrx_word' id='word_1_345' title='bbox 385 3043 577 3098; x_wconf 85' lang='lat' dir='ltr'><strong>dicam</strong></span> <span class='ocrx_word' id='word_1_346' title='bbox 637 3041 1042 3114; x_wconf 66' lang='lat' dir='ltr'><strong>quaestionem,</strong></span> <span class='ocrx_word' id='word_1_347' title='bbox 1099 3041 1493 3095; x_wconf 83' lang='lat' dir='ltr'><strong>confutemus.</strong></span> <span class='ocrx_word' id='word_1_348' title='bbox 1556 3041 1819 3095; x_wconf 85' lang='lat' dir='ltr'><strong>Primum</strong></span> <span class='ocrx_word' id='word_1_349' title='bbox 1873 3039 2028 3095; x_wconf 87' lang='lat' dir='ltr'><strong>enim</strong></span> 
     </span>
    </p>
   </div>
   <div class='ocr_carea' id='block_1_49' title="bbox 383 3128 2031 3202">
    <p class='ocr_par' dir='ltr' id='par_1_49' title="bbox 383 3128 2031 3202">
     <span class='ocr_line' id='line_1_49' title="bbox 383 3128 2031 3202; baseline -0.002 -15"><span class='ocrx_word' id='word_1_350' title='bbox 383 3131 716 3202; x_wconf 88' lang='lat' dir='ltr'><strong>Scripturas</strong></span> <span class='ocrx_word' id='word_1_351' title='bbox 769 3146 873 3202; x_wconf 91' lang='lat' dir='ltr'><strong>pro</strong></span> <span class='ocrx_word' id='word_1_352' title='bbox 902 3146 1010 3184; x_wconf 89' lang='lat' dir='ltr'><strong>sua</strong></span> <span class='ocrx_word' id='word_1_353' title='bbox 1041 3128 1392 3201; x_wconf 87' lang='lat' dir='ltr'><strong>ignorantia,</strong></span> <span class='ocrx_word' id='word_1_354' title='bbox 1419 3129 1725 3184; x_wconf 87' lang='lat' dir='ltr'><strong>instabiles</strong></span> <span class='ocrx_word' id='word_1_355' title='bbox 1757 3146 1897 3185; x_wconf 85' lang='lat' dir='ltr'><strong>sane</strong></span> <span class='ocrx_word' id='word_1_356' title='bbox 1928 3129 2031 3184; x_wconf 90' lang='lat' dir='ltr'><strong>ho—</strong></span> 
     </span>
    </p>
   </div>
   <div class='ocr_carea' id='block_1_50' title="bbox 386 3217 2033 3290">
    <p class='ocr_par' dir='ltr' id='par_1_50' title="bbox 386 3217 2033 3290">
     <span class='ocr_line' id='line_1_50' title="bbox 386 3217 2033 3290; baseline 0 -16"><span class='ocrx_word' id='word_1_357' title='bbox 386 3221 596 3286; x_wconf 88' lang='lat' dir='ltr'><strong>mines,</strong></span> <span class='ocrx_word' id='word_1_358' title='bbox 630 3220 950 3290; x_wconf 87' lang='lat' dir='ltr'><strong>depravant</strong></span> <span class='ocrx_word' id='word_1_359' title='bbox 978 3219 1042 3272; x_wconf 82' lang='grc'><strong>⁶¹.</strong></span> <span class='ocrx_word' id='word_1_360' title='bbox 1078 3222 1255 3273; x_wconf 87' lang='lat' dir='ltr'><strong>Porro</strong></span> <span class='ocrx_word' id='word_1_361' title='bbox 1302 3218 1562 3272; x_wconf 90' lang='lat' dir='ltr'><strong>divinum</strong></span> <span class='ocrx_word' id='word_1_362' title='bbox 1613 3217 1915 3274; x_wconf 83' lang='lat' dir='ltr'><strong>oraculum</strong></span> <span class='ocrx_word' id='word_1_363' title='bbox 1949 3221 2033 3274; x_wconf 90' lang='lat' dir='ltr'><strong>sic</strong></span> 
     </span>
    </p>
   </div>
   <div class='ocr_carea' id='block_1_51' title="bbox 2147 1965 3792 2046">
    <p class='ocr_par' dir='ltr' id='par_1_51' title="bbox 2147 1965 3792 2046">
     <span class='ocr_line' id='line_1_51' title="bbox 2147 1965 3792 2046; baseline -0.002 -20"><span class='ocrx_word' id='word_1_364' title='bbox 2147 1970 2388 2042; x_wconf 68' lang='grc' dir='ltr'>ἕστηκεν.</span> <span class='ocrx_word' id='word_1_365' title='bbox 2423 1974 2540 2028; x_wconf 86' lang='grc' dir='ltr'>Ἔτι</span> <span class='ocrx_word' id='word_1_366' title='bbox 2567 1993 2625 2028; x_wconf 86' lang='grc' dir='ltr'><strong>τε</strong></span> <span class='ocrx_word' id='word_1_367' title='bbox 2657 1975 2792 2046; x_wconf 84' lang='grc'>(61),</span> <span class='ocrx_word' id='word_1_368' title='bbox 2825 1971 2869 2027; x_wconf 85' lang='grc' dir='ltr'>εἶ</span> <span class='ocrx_word' id='word_1_369' title='bbox 2919 1977 3026 2027; x_wconf 87' lang='grc' dir='ltr'><strong>τῶν</strong></span> <span class='ocrx_word' id='word_1_370' title='bbox 3061 1975 3162 2026; x_wconf 90' lang='grc' dir='ltr'><strong>τοῦ</strong></span> <span class='ocrx_word' id='word_1_371' title='bbox 3212 1974 3344 2025; x_wconf 92' lang='grc' dir='ltr'>Θεοῦ</span> <span class='ocrx_word' id='word_1_372' title='bbox 3389 1973 3591 2046; x_wconf 82' lang='grc' dir='ltr'>χειρῶν</span> <span class='ocrx_word' id='word_1_373' title='bbox 3635 1965 3792 2045; x_wconf 80' lang='grc' dir='ltr'>ἔργον</span> 
     </span>
    </p>
   </div>
   <div class='ocr_carea' id='block_1_52' title="bbox 2147 2056 3799 2135">
    <p class='ocr_par' dir='ltr' id='par_1_52' title="bbox 2147 2056 3799 2135">
     <span class='ocr_line' id='line_1_52' title="bbox 2147 2056 3799 2135; baseline -0.003 -19"><span class='ocrx_word' id='word_1_374' title='bbox 2147 2061 2277 2116; x_wconf 76' lang='grc' dir='ltr'>εἶναι</span> <span class='ocrx_word' id='word_1_375' title='bbox 2311 2061 2632 2134; x_wconf 74' lang='grc' dir='ltr'>πιστεύομεν</span> <span class='ocrx_word' id='word_1_376' title='bbox 2682 2062 2774 2115; x_wconf 88' lang='grc' dir='ltr'>τὸν</span> <span class='ocrx_word' id='word_1_377' title='bbox 2826 2059 3127 2135; x_wconf 78' lang='grc' dir='ltr'>ἄνθρωπον,</span> <span class='ocrx_word' id='word_1_378' title='bbox 3173 2061 3309 2114; x_wconf 86' lang='grc' dir='ltr'><strong>κατά</strong></span> <span class='ocrx_word' id='word_1_379' title='bbox 3355 2059 3450 2120; x_wconf 70' lang='grc' dir='ltr'><strong>τὰς</strong></span> <span class='ocrx_word' id='word_1_380' title='bbox 3476 2056 3623 2119; x_wconf 84' lang='grc' dir='ltr'>Θείας</span> <span class='ocrx_word' id='word_1_381' title='bbox 3653 2064 3692 2112; x_wconf 94' lang='grc' dir='ltr'><strong>Γ</strong></span> <span class='ocrx_word' id='word_1_382' title='bbox 3698 2078 3799 2133; x_wconf 86' lang='grc' dir='ltr'>ρα-</span> 
     </span>
    </p>
   </div>
   <div class='ocr_carea' id='block_1_53' title="bbox 2145 2143 3798 2229">
    <p class='ocr_par' dir='ltr' id='par_1_53' title="bbox 2145 2143 3798 2229">
     <span class='ocr_line' id='line_1_53' title="bbox 2145 2143 3798 2229; baseline -0.004 -24"><span class='ocrx_word' id='word_1_383' title='bbox 2145 2151 2266 2229; x_wconf 79' lang='grc' dir='ltr'>φὰς,</span> <span class='ocrx_word' id='word_1_384' title='bbox 2297 2156 2410 2212; x_wconf 85' lang='grc' dir='ltr'><strong>πῶς</strong></span> <span class='ocrx_word' id='word_1_385' title='bbox 2443 2149 2678 2221; x_wconf 75' lang='grc' dir='ltr'>ἠδύνατο</span> <span class='ocrx_word' id='word_1_386' title='bbox 2729 2150 2788 2205; x_wconf 84' lang='grc' dir='ltr'>ἐκ</span> <span class='ocrx_word' id='word_1_387' title='bbox 2840 2156 3074 2224; x_wconf 80' lang='grc' dir='ltr'>ααθαρᾶς</span> <span class='ocrx_word' id='word_1_388' title='bbox 3126 2147 3404 2222; x_wconf 83' lang='grc' dir='ltr'>δυνάμεως</span> <span class='ocrx_word' id='word_1_389' title='bbox 3436 2143 3591 2222; x_wconf 73' lang='grc' dir='ltr'>ἔργον</span> <span class='ocrx_word' id='word_1_390' title='bbox 3623 2168 3675 2200; x_wconf 91' lang='grc' dir='ltr'><strong>τι</strong></span> <span class='ocrx_word' id='word_1_391' title='bbox 3711 2147 3798 2222; x_wconf 78' lang='grc' dir='ltr'>γίο</span> 
     </span>
    </p>
   </div>
   <div class='ocr_carea' id='block_1_54' title="bbox 2143 2236 3799 2314">
    <p class='ocr_par' dir='ltr' id='par_1_54' title="bbox 2143 2236 3799 2314">
     <span class='ocr_line' id='line_1_54' title="bbox 2143 2236 3799 2314; baseline -0.003 -20"><span class='ocrx_word' id='word_1_392' title='bbox 2143 2242 2318 2296; x_wconf 75' lang='grc' dir='ltr'>νεσῧαι</span> <span class='ocrx_word' id='word_1_393' title='bbox 2368 2239 2783 2313; x_wconf 70' lang='grc' dir='ltr'>μεμολυσμένον</span> <span class='ocrx_word' id='word_1_394' title='bbox 2821 2259 2834 2309; x_wconf 87' lang='grc'>;</span> <span class='ocrx_word' id='word_1_395' title='bbox 2867 2240 2966 2294; x_wconf 83' lang='grc' dir='ltr'><strong>Καὶ</strong></span> <span class='ocrx_word' id='word_1_396' title='bbox 3016 2239 3059 2294; x_wconf 81' lang='grc' dir='ltr'>εἶ</span> <span class='ocrx_word' id='word_1_397' title='bbox 3109 2239 3263 2314; x_wconf 75' lang='grc' dir='ltr'>γένος</span> <span class='ocrx_word' id='word_1_398' title='bbox 3314 2242 3410 2292; x_wconf 91' lang='grc' dir='ltr'><strong>τοῦ</strong></span> <span class='ocrx_word' id='word_1_399' title='bbox 3440 2241 3574 2293; x_wconf 86' lang='grc' dir='ltr'>Θεοῦ</span> <span class='ocrx_word' id='word_1_400' title='bbox 3626 2236 3799 2310; x_wconf 84' lang='grc' dir='ltr'>ὑπάρ-</span> 
     </span>
    </p>
   </div>
   <div class='ocr_carea' id='block_1_55' title="bbox 2142 2322 3795 2404">
    <p class='ocr_par' dir='ltr' id='par_1_55' title="bbox 2142 2322 3795 2404">
     <span class='ocr_line' id='line_1_55' title="bbox 2142 2322 3795 2404; baseline -0.003 -21"><span class='ocrx_word' id='word_1_401' title='bbox 2142 2348 2316 2404; x_wconf 83' lang='grc' dir='ltr'>χομεν</span> <span class='ocrx_word' id='word_1_402' title='bbox 2348 2329 2484 2384; x_wconf 79' lang='grc' dir='ltr'>κατὰ</span> <span class='ocrx_word' id='word_1_403' title='bbox 2511 2329 2604 2390; x_wconf 74' lang='grc' dir='ltr'><strong>τὰς</strong></span> <span class='ocrx_word' id='word_1_404' title='bbox 2649 2328 2793 2392; x_wconf 79' lang='grc' dir='ltr'>θείας</span> <span class='ocrx_word' id='word_1_405' title='bbox 2836 2332 2944 2383; x_wconf 88' lang='grc' dir='ltr'><strong>τῶν</strong></span> <span class='ocrx_word' id='word_1_406' title='bbox 2993 2327 3311 2382; x_wconf 82' lang='grc' dir='ltr'>ἀποστόλων</span> <span class='ocrx_word' id='word_1_407' title='bbox 3354 2325 3602 2401; x_wconf 80' lang='grc' dir='ltr'>Πράξεις,</span> <span class='ocrx_word' id='word_1_408' title='bbox 3636 2322 3795 2380; x_wconf 77' lang='grc' dir='ltr'>οὐδὲν</span> 
     </span>
    </p>
   </div>
   <div class='ocr_carea' id='block_1_56' title="bbox 2141 2414 3794 2494">
    <p class='ocr_par' dir='ltr' id='par_1_56' title="bbox 2141 2414 3794 2494">
     <span class='ocr_line' id='line_1_56' title="bbox 2141 2414 3794 2494; baseline -0.003 -22"><span class='ocrx_word' id='word_1_409' title='bbox 2141 2414 2342 2494; x_wconf 81' lang='grc' dir='ltr'>ἔχομεν</span> <span class='ocrx_word' id='word_1_410' title='bbox 2371 2417 2420 2472; x_wconf 80' lang='grc' dir='ltr'>ἐν</span> <span class='ocrx_word' id='word_1_411' title='bbox 2477 2419 2687 2481; x_wconf 68' lang='grc' dir='ltr'>ἑαυτοῖς</span> <span class='ocrx_word' id='word_1_412' title='bbox 2740 2419 3062 2493; x_wconf 80' lang='grc' dir='ltr'>ἀκάθαρτον.</span> <span class='ocrx_word' id='word_1_413' title='bbox 3108 2417 3238 2470; x_wconf 88' lang='grc' dir='ltr'>Τότε</span> <span class='ocrx_word' id='word_1_414' title='bbox 3267 2415 3371 2490; x_wconf 72' lang='grc' dir='ltr'>γὰρ</span> <span class='ocrx_word' id='word_1_415' title='bbox 3421 2415 3584 2486; x_wconf 89' lang='grc' dir='ltr'>μόνον</span> <span class='ocrx_word' id='word_1_416' title='bbox 3623 2435 3794 2488; x_wconf 78' lang='grc' dir='ltr'>μεμοο</span> 
     </span>
    </p>
   </div>
   <div class='ocr_carea' id='block_1_57' title="bbox 2139 2503 3792 2581">
    <p class='ocr_par' dir='ltr' id='par_1_57' title="bbox 2139 2503 3792 2581">
     <span class='ocr_line' id='line_1_57' title="bbox 2139 2503 3792 2581; baseline -0.002 -19"><span class='ocrx_word' id='word_1_417' title='bbox 2139 2506 2402 2581; x_wconf 77' lang='grc' dir='ltr'>λύσμεθα,</span> <span class='ocrx_word' id='word_1_418' title='bbox 2437 2506 2526 2563; x_wconf 74' lang='grc' dir='ltr'><strong>ὅτε</strong></span> <span class='ocrx_word' id='word_1_419' title='bbox 2570 2509 2670 2576; x_wconf 82' lang='grc' dir='ltr'><strong>τήν</strong></span> <span class='ocrx_word' id='word_1_420' title='bbox 2718 2504 3126 2575; x_wconf 77' lang='grc' dir='ltr'>δυσωδεστάτην</span> <span class='ocrx_word' id='word_1_421' title='bbox 3177 2507 3439 2580; x_wconf 76' lang='grc' dir='ltr'>ἁμαρτίαν</span> <span class='ocrx_word' id='word_1_422' title='bbox 3484 2503 3792 2578; x_wconf 78' lang='grc' dir='ltr'>ἐργαζόμε-</span> 
     </span>
    </p>
   </div>
   <div class='ocr_carea' id='block_1_58' title="bbox 2136 2590 3784 2675">
    <p class='ocr_par' dir='ltr' id='par_1_58' title="bbox 2136 2590 3784 2675">
     <span class='ocr_line' id='line_1_58' title="bbox 2136 2590 3784 2675; baseline -0.003 -24"><span class='ocrx_word' id='word_1_423' title='bbox 2136 2599 2218 2652; x_wconf 77' lang='grc' dir='ltr'><strong>θα.</strong></span> <span class='ocrx_word' id='word_1_424' title='bbox 2251 2601 2381 2655; x_wconf 78' lang='grc' dir='ltr'>’Ὀτε</span> <span class='ocrx_word' id='word_1_425' title='bbox 2411 2594 2469 2652; x_wconf 73' lang='grc' dir='ltr'>δὲ</span> <span class='ocrx_word' id='word_1_426' title='bbox 2515 2599 2712 2675; x_wconf 83' lang='grc' dir='ltr'>φυσική</span> <span class='ocrx_word' id='word_1_427' title='bbox 2759 2619 2841 2660; x_wconf 89' lang='grc' dir='ltr'><strong>τις</strong></span> <span class='ocrx_word' id='word_1_428' title='bbox 2891 2596 3129 2670; x_wconf 72' lang='grc' dir='ltr'>ἔκκρισις</span> <span class='ocrx_word' id='word_1_429' title='bbox 3176 2590 3498 2664; x_wconf 73' lang='grc' dir='ltr'>ἀϐουλήτως</span> <span class='ocrx_word' id='word_1_430' title='bbox 3545 2596 3662 2665; x_wconf 81' lang='grc'>(62)</span> <span class='ocrx_word' id='word_1_431' title='bbox 3701 2592 3784 2668; x_wconf 78' lang='grc' dir='ltr'>γίο</span> 
     </span>
    </p>
   </div>
   <div class='ocr_carea' id='block_1_59' title="bbox 2136 2679 3786 2763">
    <p class='ocr_par' dir='ltr' id='par_1_59' title="bbox 2136 2679 3786 2763">
     <span class='ocr_line' id='line_1_59' title="bbox 2136 2679 3786 2763; baseline -0.003 -23"><span class='ocrx_word' id='word_1_432' title='bbox 2136 2707 2302 2757; x_wconf 84' lang='grc' dir='ltr'>νεται,</span> <span class='ocrx_word' id='word_1_433' title='bbox 2333 2689 2456 2741; x_wconf 85' lang='grc' dir='ltr'>τότε</span> <span class='ocrx_word' id='word_1_434' title='bbox 2500 2689 2567 2759; x_wconf 78' lang='grc' dir='ltr'>τῇ</span> <span class='ocrx_word' id='word_1_435' title='bbox 2615 2693 2714 2755; x_wconf 79' lang='grc' dir='ltr'><strong>τῆς</strong></span> <span class='ocrx_word' id='word_1_436' title='bbox 2760 2685 2968 2763; x_wconf 82' lang='grc' dir='ltr'>φύσεως</span> <span class='ocrx_word' id='word_1_437' title='bbox 3015 2684 3216 2758; x_wconf 76' lang='grc' dir='ltr'>ἀνάγκῃ</span> <span class='ocrx_word' id='word_1_438' title='bbox 3265 2684 3398 2756; x_wconf 85' lang='grc' dir='ltr'><strong>μετά</strong></span> <span class='ocrx_word' id='word_1_439' title='bbox 3435 2687 3542 2737; x_wconf 89' lang='grc' dir='ltr'><strong>τῶν</strong></span> <span class='ocrx_word' id='word_1_440' title='bbox 3574 2679 3786 2749; x_wconf 77' lang='grc' dir='ltr'>ἄλλων,</span> 
     </span>
    </p>
   </div>
   <div class='ocr_carea' id='block_1_60' title="bbox 2138 2769 3794 2851">
    <p class='ocr_par' dir='ltr' id='par_1_60' title="bbox 2138 2769 3794 2851">
     <span class='ocr_line' id='line_1_60' title="bbox 2138 2769 3794 2851; baseline -0.002 -22"><span class='ocrx_word' id='word_1_441' title='bbox 2138 2777 2213 2838; x_wconf 86' lang='grc' dir='ltr'>ὡς</span> <span class='ocrx_word' id='word_1_442' title='bbox 2244 2776 2600 2851; x_wconf 87' lang='grc' dir='ltr'>προείπομεν,</span> <span class='ocrx_word' id='word_1_443' title='bbox 2652 2776 2740 2829; x_wconf 88' lang='grc' dir='ltr'><strong>καί</strong></span> <span class='ocrx_word' id='word_1_444' title='bbox 2789 2779 2950 2830; x_wconf 89' lang='grc' dir='ltr'>τοῦτο</span> <span class='ocrx_word' id='word_1_445' title='bbox 2981 2774 3346 2846; x_wconf 72' lang='grc' dir='ltr'>ὑπομᾶνομεν.</span> <span class='ocrx_word' id='word_1_446' title='bbox 3381 2771 3542 2828; x_wconf 85' lang='grc' dir='ltr'>Ἀλλ’</span> <span class='ocrx_word' id='word_1_447' title='bbox 3575 2769 3794 2840; x_wconf 82' lang='grc' dir='ltr'>ἐπειδή-</span> 
     </span>
    </p>
   </div>
   <div class='ocr_carea' id='block_1_61' title="bbox 2138 2858 3792 2941">
    <p class='ocr_par' dir='ltr' id='par_1_61' title="bbox 2138 2858 3792 2941">
     <span class='ocr_line' id='line_1_61' title="bbox 2138 2858 3792 2941; baseline -0.004 -22"><span class='ocrx_word' id='word_1_448' title='bbox 2138 2886 2237 2941; x_wconf 90' lang='grc' dir='ltr'><strong>περ</strong></span> <span class='ocrx_word' id='word_1_449' title='bbox 2271 2867 2323 2919; x_wconf 79' lang='grc' dir='ltr'>οἱ</span> <span class='ocrx_word' id='word_1_450' title='bbox 2354 2863 2602 2926; x_wconf 68' lang='grc' dir='ltr'>Θέλοντες</span> <span class='ocrx_word' id='word_1_451' title='bbox 2637 2865 2800 2936; x_wconf 87' lang='grc' dir='ltr'>μόνον</span> <span class='ocrx_word' id='word_1_452' title='bbox 2845 2862 3152 2937; x_wconf 74' lang='grc' dir='ltr'>ἀντιλέγειν</span> <span class='ocrx_word' id='word_1_453' title='bbox 3196 2866 3312 2922; x_wconf 91' lang='grc' dir='ltr'>τοῖς</span> <span class='ocrx_word' id='word_1_454' title='bbox 3346 2859 3526 2935; x_wconf 78' lang='grc' dir='ltr'>ὀρθῶς</span> <span class='ocrx_word' id='word_1_455' title='bbox 3559 2858 3792 2934; x_wconf 77' lang='grc' dir='ltr'>λεγομὲ-</span> 
     </span>
    </p>
   </div>
   <div class='ocr_carea' id='block_1_62' title="bbox 2138 2949 3794 3030">
    <p class='ocr_par' dir='ltr' id='par_1_62' title="bbox 2138 2949 3794 3030">
     <span class='ocr_line' id='line_1_62' title="bbox 2138 2949 3794 3030; baseline -0.004 -21"><span class='ocrx_word' id='word_1_456' title='bbox 2138 2976 2275 3023; x_wconf 87' lang='grc' dir='ltr'>νοις,</span> <span class='ocrx_word' id='word_1_457' title='bbox 2332 2953 2540 3030; x_wconf 78' lang='grc' dir='ltr'>μᾶγλον</span> <span class='ocrx_word' id='word_1_458' title='bbox 2597 2950 2653 3008; x_wconf 68' lang='grc' dir='ltr'>δὲ</span> <span class='ocrx_word' id='word_1_459' title='bbox 2700 2954 2846 3029; x_wconf 84' lang='grc' dir='ltr'><strong>παρά</strong></span> <span class='ocrx_word' id='word_1_460' title='bbox 2887 2957 3020 3008; x_wconf 88' lang='grc' dir='ltr'>Θεοῦ</span> <span class='ocrx_word' id='word_1_461' title='bbox 3070 2951 3491 3023; x_wconf 75' lang='grc' dir='ltr'>πεποιημένοις,</span> <span class='ocrx_word' id='word_1_462' title='bbox 3546 2949 3794 3025; x_wconf 68' lang='grc' dir='ltr'>παραφε-</span> 
     </span>
    </p>
   </div>
   <div class='ocr_carea' id='block_1_63' title="bbox 2141 3037 3798 3119">
    <p class='ocr_par' dir='ltr' id='par_1_63' title="bbox 2141 3037 3798 3119">
     <span class='ocr_line' id='line_1_63' title="bbox 2141 3037 3798 3119; baseline -0.004 -21"><span class='ocrx_word' id='word_1_463' title='bbox 2141 3065 2293 3119; x_wconf 86' lang='grc' dir='ltr'>ρουσι</span> <span class='ocrx_word' id='word_1_464' title='bbox 2324 3043 2415 3098; x_wconf 88' lang='grc' dir='ltr'><strong>καὶ</strong></span> <span class='ocrx_word' id='word_1_465' title='bbox 2449 3046 2560 3114; x_wconf 86' lang='grc'>(63)</span> <span class='ocrx_word' id='word_1_466' title='bbox 2593 3041 2756 3117; x_wconf 81' lang='grc' dir='ltr'>ῥητὸν</span> <span class='ocrx_word' id='word_1_467' title='bbox 2791 3037 3169 3117; x_wconf 84' lang='grc' dir='ltr'>εὐαγγελικόν’</span> <span class='ocrx_word' id='word_1_468' title='bbox 3195 3041 3268 3094; x_wconf 82' lang='grc' dir='ltr'>ὡς</span> <span class='ocrx_word' id='word_1_469' title='bbox 3301 3039 3383 3094; x_wconf 76' lang='grc' dir='ltr'><strong>ὅτι</strong></span> <span class='ocrx_word' id='word_1_470' title='bbox 3415 3037 3492 3096; x_wconf 74' lang='grc' dir='ltr'>Οὐ</span> <span class='ocrx_word' id='word_1_471' title='bbox 3523 3040 3591 3092; x_wconf 82' lang='grc' dir='ltr'><strong>τὰ</strong></span> <span class='ocrx_word' id='word_1_472' title='bbox 3622 3037 3798 3113; x_wconf 67' lang='grc' dir='ltr'>εἴσερ-</span> 
     </span>
    </p>
   </div>
   <div class='ocr_carea' id='block_1_64' title="bbox 2141 3125 3794 3208">
    <p class='ocr_par' dir='ltr' id='par_1_64' title="bbox 2141 3125 3794 3208">
     <span class='ocr_line' id='line_1_64' title="bbox 2141 3125 3794 3208; baseline -0.004 -21"><span class='ocrx_word' id='word_1_473' title='bbox 2141 3134 2350 3208; x_wconf 86' lang='grc' dir='ltr'>χόμενα</span> <span class='ocrx_word' id='word_1_474' title='bbox 2379 3138 2557 3187; x_wconf 87' lang='grc' dir='ltr'>κοινοῖ</span> <span class='ocrx_word' id='word_1_475' title='bbox 2599 3133 2690 3186; x_wconf 86' lang='grc' dir='ltr'><strong>τὸν</strong></span> <span class='ocrx_word' id='word_1_476' title='bbox 2743 3129 3046 3206; x_wconf 79' lang='grc' dir='ltr'>ἄνθρωπον,</span> <span class='ocrx_word' id='word_1_477' title='bbox 3098 3127 3245 3184; x_wconf 73' lang='grc' dir='ltr'>ἀλλὰ</span> <span class='ocrx_word' id='word_1_478' title='bbox 3289 3129 3357 3182; x_wconf 73' lang='grc' dir='ltr'><strong>τὰ</strong></span> <span class='ocrx_word' id='word_1_479' title='bbox 3403 3125 3745 3201; x_wconf 77' lang='grc' dir='ltr'>ἐζερχόμενι</span> <span class='ocrx_word' id='word_1_480' title='bbox 3781 3146 3794 3159; x_wconf 91' lang='grc'><strong>·</strong></span> 
     </span>
    </p>
   </div>
   <div class='ocr_carea' id='block_1_65' title="bbox 2145 3214 3792 3298">
    <p class='ocr_par' dir='ltr' id='par_1_65' title="bbox 2145 3214 3792 3298">
     <span class='ocr_line' id='line_1_65' title="bbox 2145 3214 3792 3298; baseline -0.005 -20"><span class='ocrx_word' id='word_1_481' title='bbox 2145 3223 2444 3298; x_wconf 80' lang='grc' dir='ltr'>ἀναγκαίως</span> <span class='ocrx_word' id='word_1_482' title='bbox 2479 3221 2652 3275; x_wconf 75' lang='grc' dir='ltr'>αὐτῶν</span> <span class='ocrx_word' id='word_1_483' title='bbox 2701 3221 2790 3274; x_wconf 88' lang='grc' dir='ltr'><strong>καὶ</strong></span> <span class='ocrx_word' id='word_1_484' title='bbox 2831 3220 3032 3290; x_wconf 74' lang='grc' dir='ltr'>ταύτην</span> <span class='ocrx_word' id='word_1_485' title='bbox 3083 3221 3182 3288; x_wconf 72' lang='grc' dir='ltr'><strong>τὴν</strong></span> <span class='ocrx_word' id='word_1_486' title='bbox 3215 3216 3462 3293; x_wconf 85' lang='grc' dir='ltr'>ἀλογίαν·</span> <span class='ocrx_word' id='word_1_487' title='bbox 3496 3217 3562 3272; x_wconf 78' lang='grc' dir='ltr'>οὐ</span> <span class='ocrx_word' id='word_1_488' title='bbox 3593 3217 3700 3291; x_wconf 72' lang='grc' dir='ltr'><strong>γάρ</strong></span> <span class='ocrx_word' id='word_1_489' title='bbox 3733 3214 3792 3270; x_wconf 72' lang='grc' dir='ltr'><strong>ἂν</strong></span> 
     </span>
    </p>
   </div>
   <div class='ocr_carea' id='block_1_66' title="bbox 385 3284 2031 3384">
    <p class='ocr_par' dir='ltr' id='par_1_66' title="bbox 385 3284 2031 3379">
     <span class='ocr_line' id='line_1_66' title="bbox 385 3284 2031 3379; baseline 0 -15"><span class='ocrx_word' id='word_1_490' title='bbox 385 3284 607 3364; x_wconf 77' lang='lat' dir='ltr'><strong>habet:</strong></span> <span class='ocrx_word' id='word_1_491' title='bbox 641 3284 774 3362; x_wconf 46' lang='lat' dir='ltr'><strong>cu-m</strong></span> <span class='ocrx_word' id='word_1_492' title='bbox 807 3309 1044 3379; x_wconf 87' lang='lat' dir='ltr'><strong>quidam</strong></span> <span class='ocrx_word' id='word_1_493' title='bbox 1079 3307 1231 3362; x_wconf 89' lang='lat' dir='ltr'><strong>enim</strong></span> <span class='ocrx_word' id='word_1_494' title='bbox 1281 3309 1781 3378; x_wconf 89' lang='lat' dir='ltr'><strong>quemadmodum</strong></span> <span class='ocrx_word' id='word_1_495' title='bbox 1814 3308 1931 3374; x_wconf 89' lang='lat' dir='ltr'><strong>isti,</strong></span> <span class='ocrx_word' id='word_1_496' title='bbox 1963 3309 2031 3364; x_wconf 91' lang='lat' dir='ltr'><strong>de</strong></span> 
     </span>
    </p>
   </div>
   <div class='ocr_carea' id='block_1_67' title="bbox 2145 3284 3868 3384">
    <p class='ocr_par' dir='ltr' id='par_1_67' title="bbox 2145 3284 3868 3384">
     <span class='ocr_line' id='line_1_67' title="bbox 2145 3284 3868 3384; baseline -0.005 -17"><span class='ocrx_word' id='word_1_497' title='bbox 2145 3284 2389 3384; x_wconf 70' lang='grc' dir='ltr'>εἴποιμεν</span> <span class='ocrx_word' id='word_1_498' title='bbox 2424 3315 2535 3383; x_wconf 70' lang='grc'>(64)</span> <span class='ocrx_word' id='word_1_499' title='bbox 2569 3312 2814 3380; x_wconf 86' lang='grc' dir='ltr'>ζήτησιν,</span> <span class='ocrx_word' id='word_1_500' title='bbox 2849 3284 3156 3383; x_wconf 45' lang='grc' dir='ltr'>ἐλὲγέομενι</span> <span class='ocrx_word' id='word_1_501' title='bbox 3191 3284 3413 3382; x_wconf 80' lang='grc' dir='ltr'>Πρῶτον</span> <span class='ocrx_word' id='word_1_502' title='bbox 3450 3307 3542 3379; x_wconf 76' lang='grc' dir='ltr'>μὲν</span> <span class='ocrx_word' id='word_1_503' title='bbox 3568 3284 3680 3380; x_wconf 44' lang='grc' dir='ltr'>γάρ·</span> <span class='ocrx_word' id='word_1_504' title='bbox 3702 3305 3797 3366; x_wconf 76' lang='grc' dir='ltr'><strong>τὰς</strong></span> <span class='ocrx_word' id='word_1_505' title='bbox 3859 3312 3868 3319; x_wconf 89' lang='grc'><strong>’</strong></span> 
     </span>
    </p>
   </div>
   <div class='ocr_carea' id='block_1_68' title="bbox 386 3396 2033 3467">
    <p class='ocr_par' dir='ltr' id='par_1_68' title="bbox 386 3396 2033 3467">
     <span class='ocr_line' id='line_1_68' title="bbox 386 3396 2033 3467; baseline -0.001 -13"><span class='ocrx_word' id='word_1_506' title='bbox 386 3397 534 3454; x_wconf 87' lang='lat' dir='ltr'><strong>cibis</strong></span> <span class='ocrx_word' id='word_1_507' title='bbox 565 3398 948 3464; x_wconf 70' lang='lat' dir='ltr'><strong>ambigerent,</strong></span> <span class='ocrx_word' id='word_1_508' title='bbox 983 3397 1106 3467; x_wconf 91' lang='lat' dir='ltr'><strong>ipse</strong></span> <span class='ocrx_word' id='word_1_509' title='bbox 1152 3396 1452 3463; x_wconf 84' lang='lat' dir='ltr'><strong>Dominus,</strong></span> <span class='ocrx_word' id='word_1_510' title='bbox 1489 3401 1553 3450; x_wconf 91' lang='lat' dir='ltr'><strong>ut</strong></span> <span class='ocrx_word' id='word_1_511' title='bbox 1581 3414 1783 3452; x_wconf 91' lang='lat' dir='ltr'><strong>eorum</strong></span> <span class='ocrx_word' id='word_1_512' title='bbox 1818 3399 2033 3454; x_wconf 86' lang='lat' dir='ltr'><strong>levaret</strong></span> 
     </span>
    </p>
   </div>
   <div class='ocr_carea' id='block_1_69' title="bbox 385 3485 2030 3559">
    <p class='ocr_par' dir='ltr' id='par_1_69' title="bbox 385 3485 2030 3559">
     <span class='ocr_line' id='line_1_69' title="bbox 385 3485 2030 3559; baseline 0.001 -18"><span class='ocrx_word' id='word_1_513' title='bbox 385 3486 801 3559; x_wconf 89' lang='lat' dir='ltr'><strong>ignorantiam,</strong></span> <span class='ocrx_word' id='word_1_514' title='bbox 835 3485 1152 3556; x_wconf 90' lang='lat' dir='ltr'><strong>dolumque</strong></span> <span class='ocrx_word' id='word_1_515' title='bbox 1182 3485 1410 3539; x_wconf 88' lang='lat' dir='ltr'><strong>cunctis</strong></span> <span class='ocrx_word' id='word_1_516' title='bbox 1441 3490 1749 3556; x_wconf 89' lang='lat' dir='ltr'><strong>retegeret,</strong></span> <span class='ocrx_word' id='word_1_517' title='bbox 1779 3487 1881 3556; x_wconf 89' lang='lat' dir='ltr'><strong>ait,</strong></span> <span class='ocrx_word' id='word_1_518' title='bbox 1906 3488 2030 3543; x_wconf 86' lang='lat' dir='ltr'><strong>Non</strong></span> 
     </span>
    </p>
   </div>
   <div class='ocr_carea' id='block_1_70' title="bbox 386 3573 2027 3646">
    <p class='ocr_par' dir='ltr' id='par_1_70' title="bbox 386 3573 2027 3646">
     <span class='ocr_line' id='line_1_70' title="bbox 386 3573 2027 3646; baseline -0.001 -16"><span class='ocrx_word' id='word_1_519' title='bbox 386 3591 455 3630; x_wconf 90' lang='lat' dir='ltr'><strong>ea</strong></span> <span class='ocrx_word' id='word_1_520' title='bbox 504 3591 630 3646; x_wconf 69' lang='lat' dir='ltr'><strong>qua;</strong></span> <span class='ocrx_word' id='word_1_521' title='bbox 689 3574 1102 3646; x_wconf 91' lang='lat' dir='ltr'><strong>ingrediuntur</strong></span> <span class='ocrx_word' id='word_1_522' title='bbox 1146 3573 1442 3629; x_wconf 88' lang='lat' dir='ltr'><strong>hominem</strong></span> <span class='ocrx_word' id='word_1_523' title='bbox 1493 3575 1894 3646; x_wconf 89' lang='lat' dir='ltr'><strong>coinquinare,</strong></span> <span class='ocrx_word' id='word_1_524' title='bbox 1929 3577 2027 3630; x_wconf 89' lang='lat' dir='ltr'><strong>sed</strong></span> 
     </span>
    </p>
   </div>
   <div class='ocr_carea' id='block_1_71' title="bbox 387 3662 2029 3736">
    <p class='ocr_par' dir='ltr' id='par_1_71' title="bbox 387 3662 2029 3736">
     <span class='ocr_line' id='line_1_71' title="bbox 387 3662 2029 3736; baseline 0.001 -18"><span class='ocrx_word' id='word_1_525' title='bbox 387 3681 514 3736; x_wconf 65' lang='lat' dir='ltr'><strong>qua!</strong></span> <span class='ocrx_word' id='word_1_526' title='bbox 571 3662 966 3734; x_wconf 89' lang='lat' dir='ltr'><strong>egrediuntur.</strong></span> <span class='ocrx_word' id='word_1_527' title='bbox 1029 3663 1198 3717; x_wconf 78' lang='lat' dir='ltr'><strong>Addit</strong></span> <span class='ocrx_word' id='word_1_528' title='bbox 1257 3669 1387 3734; x_wconf 91' lang='lat' dir='ltr'><strong>post</strong></span> <span class='ocrx_word' id='word_1_529' title='bbox 1442 3664 1583 3729; x_wconf 64' lang='lat' dir='ltr'><strong>haec,</strong></span> <span class='ocrx_word' id='word_1_530' title='bbox 1626 3670 1684 3719; x_wconf 89' lang='lat' dir='ltr'><strong>et</strong></span> <span class='ocrx_word' id='word_1_531' title='bbox 1737 3665 2029 3720; x_wconf 90' lang='lat' dir='ltr'><strong>undenam</strong></span> 
     </span>
    </p>
   </div>
   <div class='ocr_carea' id='block_1_72' title="bbox 385 3752 2032 3827">
    <p class='ocr_par' dir='ltr' id='par_1_72' title="bbox 385 3752 2032 3827">
     <span class='ocr_line' id='line_1_72' title="bbox 385 3752 2032 3827; baseline 0 -18"><span class='ocrx_word' id='word_1_532' title='bbox 385 3754 910 3827; x_wconf 75' lang='lat' dir='ltr'><strong>egrediunturzex</strong></span> <span class='ocrx_word' id='word_1_533' title='bbox 958 3752 1145 3807; x_wconf 89' lang='lat' dir='ltr'><strong>corde.</strong></span> <span class='ocrx_word' id='word_1_534' title='bbox 1202 3753 1362 3816; x_wconf 86' lang='lat' dir='ltr'><strong>Quod</strong></span> <span class='ocrx_word' id='word_1_535' title='bbox 1427 3754 1602 3824; x_wconf 89' lang='lat' dir='ltr'><strong>probe</strong></span> <span class='ocrx_word' id='word_1_536' title='bbox 1660 3759 1859 3809; x_wconf 87' lang='lat' dir='ltr'><strong>nosset</strong></span> <span class='ocrx_word' id='word_1_537' title='bbox 1916 3753 2032 3809; x_wconf 90' lang='lat' dir='ltr'><strong>illic</strong></span> 
     </span>
    </p>
   </div>
   <div class='ocr_carea' id='block_1_73' title="bbox 387 3841 2031 3916">
    <p class='ocr_par' dir='ltr' id='par_1_73' title="bbox 387 3841 2031 3916">
     <span class='ocr_line' id='line_1_73' title="bbox 387 3841 2031 3916; baseline 0 -18"><span class='ocrx_word' id='word_1_538' title='bbox 387 3843 762 3916; x_wconf 82' lang='lat' dir='ltr'><strong>profanarum</strong></span> <span class='ocrx_word' id='word_1_539' title='bbox 825 3841 1242 3912; x_wconf 84' lang='lat' dir='ltr'><strong>cogitationum</strong></span> <span class='ocrx_word' id='word_1_540' title='bbox 1312 3841 1679 3914; x_wconf 88' lang='lat' dir='ltr'><strong>aliorumque</strong></span> <span class='ocrx_word' id='word_1_541' title='bbox 1744 3842 2031 3898; x_wconf 89' lang='lat' dir='ltr'><strong>scelerum</strong></span> 
     </span>
    </p>
   </div>
   <div class='ocr_carea' id='block_1_74' title="bbox 387 3930 2035 4004">
    <p class='ocr_par' dir='ltr' id='par_1_74' title="bbox 387 3930 2035 4004">
     <span class='ocr_line' id='line_1_74' title="bbox 387 3930 2035 4004; baseline 0 -16"><span class='ocrx_word' id='word_1_542' title='bbox 387 3931 574 3988; x_wconf 85' lang='lat' dir='ltr'><strong>malos</strong></span> <span class='ocrx_word' id='word_1_543' title='bbox 605 3932 797 3986; x_wconf 81' lang='lat' dir='ltr'><strong>inesse</strong></span> <span class='ocrx_word' id='word_1_544' title='bbox 843 3930 1172 3986; x_wconf 87' lang='lat' dir='ltr'><strong>thesauros.</strong></span> <span class='ocrx_word' id='word_1_545' title='bbox 1207 3931 1440 3986; x_wconf 89' lang='lat' dir='ltr'><strong>Brevius</strong></span> <span class='ocrx_word' id='word_1_546' title='bbox 1492 3937 1686 3986; x_wconf 89' lang='lat' dir='ltr'><strong>autem</strong></span> <span class='ocrx_word' id='word_1_547' title='bbox 1719 3932 2035 4004; x_wconf 85' lang='lat' dir='ltr'><strong>Apostolus</strong></span> 
     </span>
    </p>
   </div>
   <div class='ocr_carea' id='block_1_75' title="bbox 385 4019 2033 4093">
    <p class='ocr_par' dir='ltr' id='par_1_75' title="bbox 385 4019 2033 4093">
     <span class='ocr_line' id='line_1_75' title="bbox 385 4019 2033 4093; baseline 0.001 -17"><span class='ocrx_word' id='word_1_548' title='bbox 385 4022 645 4093; x_wconf 90' lang='lat' dir='ltr'><strong>idipsum</strong></span> <span class='ocrx_word' id='word_1_549' title='bbox 686 4019 884 4076; x_wconf 90' lang='lat' dir='ltr'><strong>docuit</strong></span> <span class='ocrx_word' id='word_1_550' title='bbox 911 4019 1072 4075; x_wconf 87' lang='lat' dir='ltr'><strong>hisce</strong></span> <span class='ocrx_word' id='word_1_551' title='bbox 1094 4019 1284 4075; x_wconf 86' lang='lat' dir='ltr'><strong>verbis</strong></span> <span class='ocrx_word' id='word_1_552' title='bbox 1310 4037 1322 4075; x_wconf 94' lang='lat'>:</span> <span class='ocrx_word' id='word_1_553' title='bbox 1348 4021 1481 4075; x_wconf 79' lang='lat' dir='ltr'><strong>Esca</strong></span> <span class='ocrx_word' id='word_1_554' title='bbox 1500 4037 1607 4076; x_wconf 78' lang='lat' dir='ltr'><strong>non</strong></span> <span class='ocrx_word' id='word_1_555' title='bbox 1635 4038 1733 4077; x_wconf 74' lang='lat' dir='ltr'><strong>nos</strong></span> <span class='ocrx_word' id='word_1_556' title='bbox 1761 4038 2033 4077; x_wconf 81' lang='lat' dir='ltr'><strong>commen-</strong></span> 
     </span>
    </p>
   </div>
   <div class='ocr_carea' id='block_1_76' title="bbox 385 4107 2037 4181">
    <p class='ocr_par' dir='ltr' id='par_1_76' title="bbox 385 4107 2037 4181">
     <span class='ocr_line' id='line_1_76' title="bbox 385 4107 2037 4181; baseline 0.001 -15"><span class='ocrx_word' id='word_1_557' title='bbox 385 4111 480 4166; x_wconf 83' lang='lat' dir='ltr'><strong>dat</strong></span> <span class='ocrx_word' id='word_1_558' title='bbox 514 4115 625 4166; x_wconf 79' lang='lat' dir='ltr'><strong>Deo</strong></span> <span class='ocrx_word' id='word_1_559' title='bbox 647 4111 852 4166; x_wconf 78' lang='lat' dir='ltr'><strong>&quot;.Jam</strong></span> <span class='ocrx_word' id='word_1_560' title='bbox 883 4107 1098 4180; x_wconf 90' lang='lat' dir='ltr'><strong>aliquis</strong></span> <span class='ocrx_word' id='word_1_561' title='bbox 1129 4114 1455 4181; x_wconf 89' lang='lat' dir='ltr'><strong>opportune</strong></span> <span class='ocrx_word' id='word_1_562' title='bbox 1485 4111 1698 4166; x_wconf 86' lang='lat' dir='ltr'><strong>dixerit</strong></span> <span class='ocrx_word' id='word_1_563' title='bbox 1725 4128 1736 4166; x_wconf 92' lang='lat'>:</span> <span class='ocrx_word' id='word_1_564' title='bbox 1761 4111 2037 4167; x_wconf 85' lang='lat' dir='ltr'><strong>Naturale</strong></span> 
     </span>
    </p>
   </div>
   <div class='ocr_carea' id='block_1_77' title="bbox 387 4197 2037 4270">
    <p class='ocr_par' dir='ltr' id='par_1_77' title="bbox 387 4197 2037 4270">
     <span class='ocr_line' id='line_1_77' title="bbox 387 4197 2037 4270; baseline -0.001 -14"><span class='ocrx_word' id='word_1_565' title='bbox 387 4203 822 4256; x_wconf 86' lang='lat' dir='ltr'><strong>excrementum</strong></span> <span class='ocrx_word' id='word_1_566' title='bbox 856 4197 997 4252; x_wconf 92' lang='lat' dir='ltr'><strong>nulli</strong></span> <span class='ocrx_word' id='word_1_567' title='bbox 1050 4215 1156 4252; x_wconf 89' lang='lat' dir='ltr'><strong>nos</strong></span> <span class='ocrx_word' id='word_1_568' title='bbox 1186 4198 1474 4270; x_wconf 86' lang='lat' dir='ltr'><strong>supplicio</strong></span> <span class='ocrx_word' id='word_1_569' title='bbox 1509 4199 1659 4255; x_wconf 76' lang='lat'><strong>766</strong></span> <span class='ocrx_word' id='word_1_570' title='bbox 1701 4200 1937 4257; x_wconf 89' lang='lat' dir='ltr'><strong>addicit.</strong></span> <span class='ocrx_word' id='word_1_571' title='bbox 1971 4205 2037 4255; x_wconf 85' lang='lat' dir='ltr'><strong>Et</strong></span> 
     </span>
    </p>
   </div>
   <div class='ocr_carea' id='block_1_78' title="bbox 388 4286 2036 4360">
    <p class='ocr_par' dir='ltr' id='par_1_78' title="bbox 388 4286 2036 4360">
     <span class='ocr_line' id='line_1_78' title="bbox 388 4286 2036 4360; baseline -0.001 -15"><span class='ocrx_word' id='word_1_572' title='bbox 388 4290 634 4345; x_wconf 85' lang='lat' dir='ltr'><strong>fortasse</strong></span> <span class='ocrx_word' id='word_1_573' title='bbox 664 4287 776 4360; x_wconf 88' lang='lat' dir='ltr'><strong>ipsi</strong></span> <span class='ocrx_word' id='word_1_574' title='bbox 809 4287 1018 4342; x_wconf 89' lang='lat' dir='ltr'><strong>medici</strong></span> <span class='ocrx_word' id='word_1_575' title='bbox 1051 4288 1140 4356; x_wconf 91' lang='lat' dir='ltr'><strong>(ut</strong></span> <span class='ocrx_word' id='word_1_576' title='bbox 1160 4286 1294 4341; x_wconf 92' lang='lat' dir='ltr'><strong>hinc</strong></span> <span class='ocrx_word' id='word_1_577' title='bbox 1321 4286 1587 4344; x_wconf 89' lang='lat' dir='ltr'><strong>homines</strong></span> <span class='ocrx_word' id='word_1_578' title='bbox 1618 4287 1700 4343; x_wconf 89' lang='lat' dir='ltr'><strong>illi</strong></span> <span class='ocrx_word' id='word_1_579' title='bbox 1722 4288 1809 4344; x_wconf 87' lang='lat' dir='ltr'><strong>vel</strong></span> <span class='ocrx_word' id='word_1_580' title='bbox 1835 4290 1907 4344; x_wconf 89' lang='lat' dir='ltr'><strong>ab</strong></span> <span class='ocrx_word' id='word_1_581' title='bbox 1938 4305 2036 4344; x_wconf 83' lang='lat' dir='ltr'><strong>ex-</strong></span> 
     </span>
    </p>
   </div>
   <div class='ocr_carea' id='block_1_79' title="bbox 387 4377 2034 4448">
    <p class='ocr_par' dir='ltr' id='par_1_79' title="bbox 387 4377 2034 4448">
     <span class='ocr_line' id='line_1_79' title="bbox 387 4377 2034 4448; baseline -0.001 -14"><span class='ocrx_word' id='word_1_582' title='bbox 387 4377 609 4434; x_wconf 87' lang='lat' dir='ltr'><strong>traneis</strong></span> <span class='ocrx_word' id='word_1_583' title='bbox 664 4377 885 4447; x_wconf 90' lang='lat' dir='ltr'><strong>pudore</strong></span> <span class='ocrx_word' id='word_1_584' title='bbox 941 4377 1294 4443; x_wconf 74' lang='lat' dir='ltr'><strong>afficiantur)</strong></span> <span class='ocrx_word' id='word_1_585' title='bbox 1335 4377 1642 4433; x_wconf 89' lang='lat' dir='ltr'><strong>nobiscum</strong></span> <span class='ocrx_word' id='word_1_586' title='bbox 1701 4378 2034 4448; x_wconf 85' lang='lat' dir='ltr'><strong>defendent,</strong></span> 
     </span>
    </p>
   </div>
   <div class='ocr_carea' id='block_1_80' title="bbox 391 4464 2035 4535">
    <p class='ocr_par' dir='ltr' id='par_1_80' title="bbox 391 4464 2035 4535">
     <span class='ocr_line' id='line_1_80' title="bbox 391 4464 2035 4535; baseline 0.001 -13"><span class='ocrx_word' id='word_1_587' title='bbox 391 4464 630 4522; x_wconf 83' lang='lat' dir='ltr'><strong>animali</strong></span> <span class='ocrx_word' id='word_1_588' title='bbox 675 4465 842 4519; x_wconf 82' lang='lat' dir='ltr'><strong>datos</strong></span> <span class='ocrx_word' id='word_1_589' title='bbox 889 4481 1016 4519; x_wconf 90' lang='lat' dir='ltr'><strong>esse</strong></span> <span class='ocrx_word' id='word_1_590' title='bbox 1063 4465 1349 4535; x_wconf 91' lang='lat' dir='ltr'><strong>quosdam</strong></span> <span class='ocrx_word' id='word_1_591' title='bbox 1392 4467 1753 4522; x_wconf 86' lang='lat' dir='ltr'><strong>necessarios</strong></span> <span class='ocrx_word' id='word_1_592' title='bbox 1786 4473 2035 4535; x_wconf 86' lang='lat' dir='ltr'><strong>meatus,</strong></span> 
     </span>
    </p>
   </div>
   <div class='ocr_carea' id='block_1_81' title="bbox 390 4553 2038 4624">
    <p class='ocr_par' dir='ltr' id='par_1_81' title="bbox 390 4553 2038 4624">
     <span class='ocr_line' id='line_1_81' title="bbox 390 4553 2038 4624; baseline 0.001 -13"><span class='ocrx_word' id='word_1_593' title='bbox 390 4557 462 4611; x_wconf 90' lang='lat' dir='ltr'><strong>ad</strong></span> <span class='ocrx_word' id='word_1_594' title='bbox 496 4555 773 4610; x_wconf 90' lang='lat' dir='ltr'><strong>humores</strong></span> <span class='ocrx_word' id='word_1_595' title='bbox 806 4554 902 4624; x_wconf 90' lang='lat' dir='ltr'><strong>qni</strong></span> <span class='ocrx_word' id='word_1_596' title='bbox 939 4553 994 4608; x_wconf 89' lang='lat' dir='ltr'><strong>in</strong></span> <span class='ocrx_word' id='word_1_597' title='bbox 1028 4553 1277 4624; x_wconf 89' lang='lat' dir='ltr'><strong>singulis</strong></span> <span class='ocrx_word' id='word_1_598' title='bbox 1309 4553 1601 4610; x_wconf 87' lang='lat' dir='ltr'><strong>habentur</strong></span> <span class='ocrx_word' id='word_1_599' title='bbox 1631 4557 1910 4612; x_wconf 88' lang='lat' dir='ltr'><strong>membris</strong></span> <span class='ocrx_word' id='word_1_600' title='bbox 1942 4574 2038 4613; x_wconf 84' lang='lat' dir='ltr'><strong>no-</strong></span> 
     </span>
    </p>
   </div>
   <div class='ocr_carea' id='block_1_82' title="bbox 2144 3390 3789 3475">
    <p class='ocr_par' dir='ltr' id='par_1_82' title="bbox 2144 3390 3789 3475">
     <span class='ocr_line' id='line_1_82' title="bbox 2144 3390 3789 3475; baseline -0.005 -20"><span class='ocrx_word' id='word_1_601' title='bbox 2144 3401 2353 3475; x_wconf 78' lang='grc' dir='ltr'>Γραφάς</span> <span class='ocrx_word' id='word_1_602' title='bbox 2385 3399 2520 3454; x_wconf 84' lang='grc' dir='ltr'><strong>κατά</strong></span> <span class='ocrx_word' id='word_1_603' title='bbox 2547 3400 2640 3458; x_wconf 73' lang='grc' dir='ltr'><strong>τὰς</strong></span> <span class='ocrx_word' id='word_1_604' title='bbox 2671 3395 2810 3461; x_wconf 77' lang='grc' dir='ltr'>ἰδίας</span> <span class='ocrx_word' id='word_1_605' title='bbox 2855 3397 3085 3470; x_wconf 80' lang='grc' dir='ltr'>ἀμαθίας</span> <span class='ocrx_word' id='word_1_606' title='bbox 3135 3397 3452 3470; x_wconf 72' lang='grc' dir='ltr'>ἀστήρικτοι</span> <span class='ocrx_word' id='word_1_607' title='bbox 3483 3390 3632 3456; x_wconf 79' lang='grc' dir='ltr'>ὄντες</span> <span class='ocrx_word' id='word_1_608' title='bbox 3667 3392 3789 3468; x_wconf 77' lang='grc' dir='ltr'>βιά-</span> 
     </span>
    </p>
   </div>
   <div class='ocr_carea' id='block_1_83' title="bbox 2144 3483 3791 3563">
    <p class='ocr_par' dir='ltr' id='par_1_83' title="bbox 2144 3483 3791 3563">
     <span class='ocr_line' id='line_1_83' title="bbox 2144 3483 3791 3563; baseline -0.005 -19"><span class='ocrx_word' id='word_1_609' title='bbox 2144 3496 2344 3560; x_wconf 82' lang='grc' dir='ltr'>ζονται.</span> <span class='ocrx_word' id='word_1_610' title='bbox 2378 3491 2534 3563; x_wconf 79' lang='grc' dir='ltr'>Ἔχει</span> <span class='ocrx_word' id='word_1_611' title='bbox 2570 3484 2626 3541; x_wconf 75' lang='grc' dir='ltr'>δὲ</span> <span class='ocrx_word' id='word_1_612' title='bbox 2654 3487 2716 3541; x_wconf 78' lang='grc' dir='ltr'><strong>τὸ</strong></span> <span class='ocrx_word' id='word_1_613' title='bbox 2749 3491 2891 3550; x_wconf 81' lang='grc' dir='ltr'>θεῖον</span> <span class='ocrx_word' id='word_1_614' title='bbox 2921 3485 3065 3540; x_wconf 77' lang='grc' dir='ltr'>οὕτω</span> <span class='ocrx_word' id='word_1_615' title='bbox 3098 3484 3307 3560; x_wconf 87' lang='grc' dir='ltr'>λόγιον·</span> <span class='ocrx_word' id='word_1_616' title='bbox 3343 3485 3517 3540; x_wconf 88' lang='grc' dir='ltr'>Τινων</span> <span class='ocrx_word' id='word_1_617' title='bbox 3551 3483 3652 3558; x_wconf 80' lang='grc' dir='ltr'><strong>γὰρ</strong></span> <span class='ocrx_word' id='word_1_618' title='bbox 3683 3483 3791 3536; x_wconf 85' lang='grc' dir='ltr'>πά-</span> 
     </span>
    </p>
   </div>
   <div class='ocr_carea' id='block_1_84' title="bbox 2143 3571 3789 3650">
    <p class='ocr_par' dir='ltr' id='par_1_84' title="bbox 2143 3571 3789 3650">
     <span class='ocr_line' id='line_1_84' title="bbox 2143 3571 3789 3650; baseline -0.005 -17"><span class='ocrx_word' id='word_1_619' title='bbox 2143 3577 2227 3634; x_wconf 94' lang='grc' dir='ltr'><strong>λιν</strong></span> <span class='ocrx_word' id='word_1_620' title='bbox 2257 3578 2469 3637; x_wconf 73' lang='grc' dir='ltr'>τούτοις</span> <span class='ocrx_word' id='word_1_621' title='bbox 2517 3575 2725 3648; x_wconf 76' lang='grc' dir='ltr'>ὁμοίιος</span> <span class='ocrx_word' id='word_1_622' title='bbox 2780 3572 3078 3635; x_wconf 81' lang='grc' dir='ltr'>ἐνδυαστῶς</span> <span class='ocrx_word' id='word_1_623' title='bbox 3131 3574 3370 3650; x_wconf 70' lang='grc' dir='ltr'>ἑχόντων</span> <span class='ocrx_word' id='word_1_624' title='bbox 3403 3572 3526 3647; x_wconf 80' lang='grc' dir='ltr'>περὶ</span> <span class='ocrx_word' id='word_1_625' title='bbox 3562 3571 3789 3648; x_wconf 81' lang='grc' dir='ltr'>βρωμά-</span> 
     </span>
    </p>
   </div>
   <div class='ocr_carea' id='block_1_85' title="bbox 2140 3661 3790 3740">
    <p class='ocr_par' dir='ltr' id='par_1_85' title="bbox 2140 3661 3790 3740">
     <span class='ocr_line' id='line_1_85' title="bbox 2140 3661 3790 3740; baseline -0.005 -18"><span class='ocrx_word' id='word_1_626' title='bbox 2140 3689 2270 3735; x_wconf 89' lang='grc' dir='ltr'>των,</span> <span class='ocrx_word' id='word_1_627' title='bbox 2321 3666 2479 3727; x_wconf 80' lang='grc' dir='ltr'>αὐτὸς</span> <span class='ocrx_word' id='word_1_628' title='bbox 2512 3667 2540 3720; x_wconf 84' lang='grc' dir='ltr'>ὁ</span> <span class='ocrx_word' id='word_1_629' title='bbox 2571 3665 2766 3740; x_wconf 68' lang='grc' dir='ltr'>Κύριος</span> <span class='ocrx_word' id='word_1_630' title='bbox 2819 3663 2964 3720; x_wconf 78' lang='grc' dir='ltr'>λύων</span> <span class='ocrx_word' id='word_1_631' title='bbox 3014 3663 3187 3718; x_wconf 72' lang='grc' dir='ltr'>αὐτῶν</span> <span class='ocrx_word' id='word_1_632' title='bbox 3237 3665 3336 3732; x_wconf 77' lang='grc' dir='ltr'><strong>τήν</strong></span> <span class='ocrx_word' id='word_1_633' title='bbox 3387 3661 3629 3739; x_wconf 76' lang='grc' dir='ltr'>ἅγνοϊαν,</span> <span class='ocrx_word' id='word_1_634' title='bbox 3676 3661 3710 3730; x_wconf 78' lang='grc' dir='ltr'>ἢ</span> <span class='ocrx_word' id='word_1_635' title='bbox 3743 3662 3790 3735; x_wconf 90' lang='grc' dir='ltr'>γ’</span> 
     </span>
    </p>
   </div>
   <div class='ocr_carea' id='block_1_86' title="bbox 2143 3749 3788 3828">
    <p class='ocr_par' dir='ltr' id='par_1_86' title="bbox 2143 3749 3788 3828">
     <span class='ocr_line' id='line_1_86' title="bbox 2143 3749 3788 3828; baseline -0.005 -16"><span class='ocrx_word' id='word_1_636' title='bbox 2143 3757 2233 3812; x_wconf 77' lang='grc' dir='ltr'>οὖν</span> <span class='ocrx_word' id='word_1_637' title='bbox 2274 3757 2371 3824; x_wconf 82' lang='grc' dir='ltr'><strong>τήν</strong></span> <span class='ocrx_word' id='word_1_638' title='bbox 2422 3754 2630 3824; x_wconf 82' lang='grc' dir='ltr'>ἀπάτην</span> <span class='ocrx_word' id='word_1_639' title='bbox 2683 3750 3050 3828; x_wconf 83' lang='grc' dir='ltr'>δημοσιεύων,</span> <span class='ocrx_word' id='word_1_640' title='bbox 3096 3753 3250 3823; x_wconf 80' lang='grc' dir='ltr'>φησὶ,</span> <span class='ocrx_word' id='word_1_641' title='bbox 3298 3753 3384 3820; x_wconf 76' lang='grc' dir='ltr'><strong>Μὴ</strong></span> <span class='ocrx_word' id='word_1_642' title='bbox 3429 3752 3496 3805; x_wconf 74' lang='grc' dir='ltr'><strong>τὰ</strong></span> <span class='ocrx_word' id='word_1_643' title='bbox 3542 3749 3788 3825; x_wconf 75' lang='grc' dir='ltr'>εἷσερχό-</span> 
     </span>
    </p>
   </div>
   <div class='ocr_carea' id='block_1_87' title="bbox 2148 3839 3786 3919">
    <p class='ocr_par' dir='ltr' id='par_1_87' title="bbox 2148 3839 3786 3919">
     <span class='ocr_line' id='line_1_87' title="bbox 2148 3839 3786 3919; baseline -0.005 -19"><span class='ocrx_word' id='word_1_644' title='bbox 2148 3867 2280 3919; x_wconf 85' lang='grc' dir='ltr'>μενα</span> <span class='ocrx_word' id='word_1_645' title='bbox 2335 3848 2551 3898; x_wconf 89' lang='grc' dir='ltr'>κοινοῦν</span> <span class='ocrx_word' id='word_1_646' title='bbox 2599 3844 2690 3898; x_wconf 88' lang='grc' dir='ltr'><strong>τὸν</strong></span> <span class='ocrx_word' id='word_1_647' title='bbox 2740 3841 3019 3917; x_wconf 74' lang='grc' dir='ltr'>ἄνθρωπον</span> <span class='ocrx_word' id='word_1_648' title='bbox 3048 3885 3061 3909; x_wconf 92' lang='grc'><strong>,</strong></span> <span class='ocrx_word' id='word_1_649' title='bbox 3110 3839 3258 3897; x_wconf 86' lang='grc' dir='ltr'><strong>ἀλλά</strong></span> <span class='ocrx_word' id='word_1_650' title='bbox 3312 3843 3380 3896; x_wconf 74' lang='grc' dir='ltr'><strong>τὰ</strong></span> <span class='ocrx_word' id='word_1_651' title='bbox 3436 3840 3786 3915; x_wconf 73' lang='grc' dir='ltr'>ὲξερχόμενα.</span> 
     </span>
    </p>
   </div>
   <div class='ocr_carea' id='block_1_88' title="bbox 2143 3924 3787 4008">
    <p class='ocr_par' dir='ltr' id='par_1_88' title="bbox 2143 3924 3787 4008">
     <span class='ocr_line' id='line_1_88' title="bbox 2143 3924 3787 4008; baseline -0.004 -18"><span class='ocrx_word' id='word_1_652' title='bbox 2143 3937 2274 3990; x_wconf 72' lang='grc' dir='ltr'>Εἶτα</span> <span class='ocrx_word' id='word_1_653' title='bbox 2317 3933 2525 4008; x_wconf 75' lang='grc' dir='ltr'>ἐπάγει,</span> <span class='ocrx_word' id='word_1_654' title='bbox 2577 3933 2665 3986; x_wconf 76' lang='grc' dir='ltr'><strong>καὶ</strong></span> <span class='ocrx_word' id='word_1_655' title='bbox 2718 3932 2879 3986; x_wconf 83' lang='grc' dir='ltr'>πόθεν</span> <span class='ocrx_word' id='word_1_656' title='bbox 2933 3930 3281 4006; x_wconf 79' lang='grc' dir='ltr'>ἐξερχόμενα·</span> <span class='ocrx_word' id='word_1_657' title='bbox 3309 3932 3377 3985; x_wconf 73' lang='grc' dir='ltr'>τὰ</span> <span class='ocrx_word' id='word_1_658' title='bbox 3406 3930 3511 3984; x_wconf 85' lang='grc' dir='ltr'>ἀπὸ</span> <span class='ocrx_word' id='word_1_659' title='bbox 3542 3924 3787 4002; x_wconf 85' lang='grc' dir='ltr'>καρδίας.</span> 
     </span>
    </p>
   </div>
   <div class='ocr_carea' id='block_1_89' title="bbox 2142 4011 3790 4100">
    <p class='ocr_par' dir='ltr' id='par_1_89' title="bbox 2142 4011 3790 4100">
     <span class='ocr_line' id='line_1_89' title="bbox 2142 4011 3790 4100; baseline -0.007 -19"><span class='ocrx_word' id='word_1_660' title='bbox 2142 4027 2291 4082; x_wconf 80' lang='grc' dir='ltr'>Ἐκεῖ</span> <span class='ocrx_word' id='word_1_661' title='bbox 2313 4024 2414 4100; x_wconf 79' lang='grc' dir='ltr'><strong>γὰρ</strong></span> <span class='ocrx_word' id='word_1_662' title='bbox 2448 4021 2582 4076; x_wconf 77' lang='grc' dir='ltr'>εἶναι</span> <span class='ocrx_word' id='word_1_663' title='bbox 2627 4021 2754 4082; x_wconf 76' lang='grc' dir='ltr'>τοὺς</span> <span class='ocrx_word' id='word_1_664' title='bbox 2797 4019 3068 4092; x_wconf 80' lang='grc' dir='ltr'>πονηροὺς</span> <span class='ocrx_word' id='word_1_665' title='bbox 3117 4019 3426 4094; x_wconf 78' lang='grc' dir='ltr'>θησαυροὺς</span> <span class='ocrx_word' id='word_1_666' title='bbox 3476 4023 3585 4072; x_wconf 90' lang='grc' dir='ltr'><strong>τῶν</strong></span> <span class='ocrx_word' id='word_1_667' title='bbox 3624 4011 3790 4093; x_wconf 73' lang='grc' dir='ltr'>βεϐή-</span> 
     </span>
    </p>
   </div>
   <div class='ocr_carea' id='block_1_90' title="bbox 2146 4105 3792 4187">
    <p class='ocr_par' dir='ltr' id='par_1_90' title="bbox 2146 4105 3792 4187">
     <span class='ocr_line' id='line_1_90' title="bbox 2146 4105 3792 4187; baseline -0.005 -18"><span class='ocrx_word' id='word_1_668' title='bbox 2146 4113 2256 4169; x_wconf 91' lang='grc' dir='ltr'><strong>λων</strong></span> <span class='ocrx_word' id='word_1_669' title='bbox 2291 4112 2575 4187; x_wconf 80' lang='grc' dir='ltr'>λογισμῶν</span> <span class='ocrx_word' id='word_1_670' title='bbox 2607 4111 2696 4164; x_wconf 83' lang='grc' dir='ltr'><strong>καὶ</strong></span> <span class='ocrx_word' id='word_1_671' title='bbox 2725 4115 2833 4165; x_wconf 85' lang='grc' dir='ltr'><strong>τῶν</strong></span> <span class='ocrx_word' id='word_1_672' title='bbox 2867 4107 3051 4164; x_wconf 79' lang='grc' dir='ltr'>ἄλλων</span> <span class='ocrx_word' id='word_1_673' title='bbox 3079 4109 3487 4184; x_wconf 79' lang='grc' dir='ltr'>ἁμαρτημάτων</span> <span class='ocrx_word' id='word_1_674' title='bbox 3518 4105 3792 4182; x_wconf 86' lang='grc' dir='ltr'>γινώσκει.</span> 
     </span>
    </p>
   </div>
   <div class='ocr_carea' id='block_1_91' title="bbox 2148 4193 3796 4274">
    <p class='ocr_par' dir='ltr' id='par_1_91' title="bbox 2148 4193 3796 4274">
     <span class='ocr_line' id='line_1_91' title="bbox 2148 4193 3796 4274; baseline -0.005 -18"><span class='ocrx_word' id='word_1_675' title='bbox 2148 4202 2565 4274; x_wconf 87' lang='grc' dir='ltr'>Συντομώτερον</span> <span class='ocrx_word' id='word_1_676' title='bbox 2623 4196 2680 4253; x_wconf 76' lang='grc' dir='ltr'>δὶ</span> <span class='ocrx_word' id='word_1_677' title='bbox 2741 4199 2769 4252; x_wconf 80' lang='grc' dir='ltr'>ὁ</span> <span class='ocrx_word' id='word_1_678' title='bbox 2819 4195 3151 4260; x_wconf 83' lang='grc' dir='ltr'>Ἀπόστολος</span> <span class='ocrx_word' id='word_1_679' title='bbox 3213 4197 3344 4252; x_wconf 83' lang='grc' dir='ltr'>αὐτὸ</span> <span class='ocrx_word' id='word_1_680' title='bbox 3420 4193 3796 4269; x_wconf 70' lang='grc' dir='ltr'>δεδιδαγμένος</span> 
     </span>
    </p>
   </div>
   <div class='ocr_carea' id='block_1_92' title="bbox 2145 4285 3791 4369">
    <p class='ocr_par' dir='ltr' id='par_1_92' title="bbox 2145 4285 3791 4369">
     <span class='ocr_line' id='line_1_92' title="bbox 2145 4285 3791 4369; baseline -0.005 -24"><span class='ocrx_word' id='word_1_681' title='bbox 2145 4290 2298 4369; x_wconf 74' lang='grc' dir='ltr'>φησί’</span> <span class='ocrx_word' id='word_1_682' title='bbox 2333 4291 2542 4363; x_wconf 79' lang='grc' dir='ltr'>Βρῶμα</span> <span class='ocrx_word' id='word_1_683' title='bbox 2571 4285 2628 4342; x_wconf 74' lang='grc' dir='ltr'>δὲ</span> <span class='ocrx_word' id='word_1_684' title='bbox 2684 4290 2831 4360; x_wconf 80' lang='grc' dir='ltr'>ἡμᾶς</span> <span class='ocrx_word' id='word_1_685' title='bbox 2867 4287 2929 4342; x_wconf 83' lang='grc' dir='ltr'>οὐ</span> <span class='ocrx_word' id='word_1_686' title='bbox 2987 4289 3317 4361; x_wconf 78' lang='grc' dir='ltr'>παραστήσει</span> <span class='ocrx_word' id='word_1_687' title='bbox 3376 4287 3488 4358; x_wconf 81' lang='grc'>(65)</span> <span class='ocrx_word' id='word_1_688' title='bbox 3545 4289 3626 4357; x_wconf 76' lang='grc' dir='ltr'><strong>τῷ</strong></span> <span class='ocrx_word' id='word_1_689' title='bbox 3655 4287 3791 4354; x_wconf 75' lang='grc' dir='ltr'>Θεῷ.</span> 
     </span>
    </p>
   </div>
   <div class='ocr_carea' id='block_1_93' title="bbox 2146 4371 3793 4451">
    <p class='ocr_par' dir='ltr' id='par_1_93' title="bbox 2146 4371 3793 4451">
     <span class='ocr_line' id='line_1_93' title="bbox 2146 4371 3793 4451; baseline -0.005 -17"><span class='ocrx_word' id='word_1_690' title='bbox 2146 4380 2290 4450; x_wconf 84' lang='grc' dir='ltr'>Φαίη</span> <span class='ocrx_word' id='word_1_691' title='bbox 2326 4377 2371 4433; x_wconf 87' lang='grc' dir='ltr'>δ’</span> <span class='ocrx_word' id='word_1_692' title='bbox 2403 4376 2460 4432; x_wconf 75' lang='grc' dir='ltr'><strong>ἅν</strong></span> <span class='ocrx_word' id='word_1_693' title='bbox 2493 4399 2574 4439; x_wconf 89' lang='grc' dir='ltr'><strong>τις</strong></span> <span class='ocrx_word' id='word_1_694' title='bbox 2605 4378 2691 4432; x_wconf 83' lang='grc' dir='ltr'><strong>καὶ</strong></span> <span class='ocrx_word' id='word_1_695' title='bbox 2743 4381 2832 4429; x_wconf 85' lang='grc' dir='ltr'><strong>νῦν</strong></span> <span class='ocrx_word' id='word_1_696' title='bbox 2885 4377 3148 4451; x_wconf 72' lang='grc' dir='ltr'>εὐλόγωςο</span> <span class='ocrx_word' id='word_1_697' title='bbox 3183 4377 3392 4446; x_wconf 82' lang='grc' dir='ltr'>Φυσική</span> <span class='ocrx_word' id='word_1_698' title='bbox 3434 4396 3516 4436; x_wconf 90' lang='grc' dir='ltr'><strong>τις</strong></span> <span class='ocrx_word' id='word_1_699' title='bbox 3557 4371 3793 4449; x_wconf 77' lang='grc' dir='ltr'>ἔκκρισις</span> 
     </span>
    </p>
   </div>
   <div class='ocr_carea' id='block_1_94' title="bbox 2145 4461 3790 4542">
    <p class='ocr_par' dir='ltr' id='par_1_94' title="bbox 2145 4461 3790 4542">
     <span class='ocr_line' id='line_1_94' title="bbox 2145 4461 3790 4542; baseline -0.006 -19"><span class='ocrx_word' id='word_1_700' title='bbox 2145 4472 2292 4542; x_wconf 74' lang='grc' dir='ltr'>ἡμᾶς</span> <span class='ocrx_word' id='word_1_701' title='bbox 2345 4467 2407 4522; x_wconf 81' lang='grc' dir='ltr'>οὐ</span> <span class='ocrx_word' id='word_1_702' title='bbox 2465 4468 2796 4540; x_wconf 82' lang='grc' dir='ltr'>παραστήσει</span> <span class='ocrx_word' id='word_1_703' title='bbox 2841 4466 2976 4541; x_wconf 87' lang='grc' dir='ltr'>πρὸς</span> <span class='ocrx_word' id='word_1_704' title='bbox 3030 4465 3319 4540; x_wconf 87' lang='grc' dir='ltr'>τιμωρίαν.</span> <span class='ocrx_word' id='word_1_705' title='bbox 3380 4465 3532 4540; x_wconf 83' lang='grc' dir='ltr'>Τάχα</span> <span class='ocrx_word' id='word_1_706' title='bbox 3591 4461 3647 4518; x_wconf 75' lang='grc' dir='ltr'>δὲ</span> <span class='ocrx_word' id='word_1_707' title='bbox 3702 4461 3790 4515; x_wconf 81' lang='grc' dir='ltr'><strong>καὶ</strong></span> 
     </span>
    </p>
   </div>
   <div class='ocr_carea' id='block_1_95' title="bbox 2146 4551 3793 4631">
    <p class='ocr_par' dir='ltr' id='par_1_95' title="bbox 2146 4551 3793 4631">
     <span class='ocr_line' id='line_1_95' title="bbox 2146 4551 3793 4631; baseline -0.006 -17"><span class='ocrx_word' id='word_1_708' title='bbox 2146 4556 2336 4620; x_wconf 77' lang='grc' dir='ltr'>παῖδες</span> <span class='ocrx_word' id='word_1_709' title='bbox 2368 4557 2590 4631; x_wconf 73' lang='grc' dir='ltr'>ἰατρῶν,</span> <span class='ocrx_word' id='word_1_710' title='bbox 2617 4554 2707 4610; x_wconf 68' lang='grc' dir='ltr'>’ίνα</span> <span class='ocrx_word' id='word_1_711' title='bbox 2753 4553 2848 4609; x_wconf 69' lang='grc' dir='ltr'><strong>κᾶν</strong></span> <span class='ocrx_word' id='word_1_712' title='bbox 2893 4554 2954 4609; x_wconf 69' lang='lat' dir='ltr'><strong>hc</strong></span> <span class='ocrx_word' id='word_1_713' title='bbox 2981 4559 3087 4609; x_wconf 83' lang='grc' dir='ltr'><strong>τῶν</strong></span> <span class='ocrx_word' id='word_1_714' title='bbox 3136 4551 3328 4627; x_wconf 70' lang='grc' dir='ltr'>ἔξωθεν</span> <span class='ocrx_word' id='word_1_715' title='bbox 3373 4551 3793 4622; x_wconf 82' lang='grc' dir='ltr'>δυσωπηθῶσιν,</span> 
     </span>
    </p>
   </div>
   <div class='ocr_carea' id='block_1_96' title="bbox 391 4638 2031 4721">
    <p class='ocr_par' dir='ltr' id='par_1_96' title="bbox 391 4641 2031 4718">
     <span class='ocr_line' id='line_1_96' title="bbox 391 4641 2031 4718; baseline 0.001 -17"><span class='ocrx_word' id='word_1_716' title='bbox 391 4645 532 4702; x_wconf 89' lang='lat' dir='ltr'><strong>stris</strong></span> <span class='ocrx_word' id='word_1_717' title='bbox 573 4643 891 4716; x_wconf 87' lang='lat' dir='ltr'><strong>egerendos</strong></span> <span class='ocrx_word' id='word_1_718' title='bbox 924 4659 936 4696; x_wconf 93' lang='lat'>:</span> <span class='ocrx_word' id='word_1_719' title='bbox 971 4641 1166 4711; x_wconf 83' lang='lat' dir='ltr'><strong>qualia</strong></span> <span class='ocrx_word' id='word_1_720' title='bbox 1211 4647 1351 4698; x_wconf 90' lang='lat' dir='ltr'><strong>sunt</strong></span> <span class='ocrx_word' id='word_1_721' title='bbox 1397 4644 1606 4715; x_wconf 86' lang='lat' dir='ltr'><strong>capitis</strong></span> <span class='ocrx_word' id='word_1_722' title='bbox 1653 4653 2031 4718; x_wconf 82' lang='lat' dir='ltr'><strong>excrementa,</strong></span> 
     </span>
    </p>
   </div>
   <div class='ocr_carea' id='block_1_97' title="bbox 2145 4638 3796 4721">
    <p class='ocr_par' dir='ltr' id='par_1_97' title="bbox 2151 4638 3796 4721">
     <span class='ocr_line' id='line_1_97' title="bbox 2151 4638 3796 4721; baseline -0.007 -18"><span class='ocrx_word' id='word_1_723' title='bbox 2151 4647 2280 4721; x_wconf 74' lang='grc' dir='ltr'>ὑπὲρ</span> <span class='ocrx_word' id='word_1_724' title='bbox 2342 4645 2538 4700; x_wconf 76' lang='grc' dir='ltr'>τούτου</span> <span class='ocrx_word' id='word_1_725' title='bbox 2591 4643 3049 4718; x_wconf 69' lang='grc' dir='ltr'>ἀπολογήσονται*</span> <span class='ocrx_word' id='word_1_726' title='bbox 3107 4643 3190 4698; x_wconf 83' lang='grc' dir='ltr'><strong>δτι</strong></span> <span class='ocrx_word' id='word_1_727' title='bbox 3248 4648 3326 4715; x_wconf 81' lang='grc' dir='ltr'>τῷ</span> <span class='ocrx_word' id='word_1_728' title='bbox 3375 4644 3498 4715; x_wconf 83' lang='grc' dir='ltr'><strong>ζώῳ</strong></span> <span class='ocrx_word' id='word_1_729' title='bbox 3551 4638 3796 4696; x_wconf 79' lang='grc' dir='ltr'>δέδονταί</span> 
     </span>
    </p>
   </div>
   <div class='ocr_carea' id='block_1_98' title="bbox 391 4733 2035 4809">
    <p class='ocr_par' dir='ltr' id='par_1_98' title="bbox 391 4733 2035 4809">
     <span class='ocr_line' id='line_1_98' title="bbox 391 4733 2035 4809; baseline 0.002 -19"><span class='ocrx_word' id='word_1_730' title='bbox 391 4735 516 4809; x_wconf 92' lang='lat' dir='ltr'><strong>pili,</strong></span> <span class='ocrx_word' id='word_1_731' title='bbox 549 4735 908 4806; x_wconf 65' lang='lat' dir='ltr'><strong>aquositates</strong></span> <span class='ocrx_word' id='word_1_732' title='bbox 937 4749 1062 4805; x_wconf 67' lang='lat' dir='ltr'><strong>quae</strong></span> <span class='ocrx_word' id='word_1_733' title='bbox 1085 4750 1154 4788; x_wconf 82' lang='lat' dir='ltr'><strong>ex</strong></span> <span class='ocrx_word' id='word_1_734' title='bbox 1185 4733 1374 4805; x_wconf 88' lang='lat' dir='ltr'><strong>capite</strong></span> <span class='ocrx_word' id='word_1_735' title='bbox 1404 4735 1787 4791; x_wconf 85' lang='lat' dir='ltr'><strong>emittuntur:</strong></span> <span class='ocrx_word' id='word_1_736' title='bbox 1820 4738 2035 4794; x_wconf 78' lang='lat' dir='ltr'><strong>ventris</strong></span> 
     </span>
    </p>
   </div>
   <div class='ocr_carea' id='block_1_99' title="bbox 2143 4728 3793 4810">
    <p class='ocr_par' dir='ltr' id='par_1_99' title="bbox 2143 4728 3793 4810">
     <span class='ocr_line' id='line_1_99' title="bbox 2143 4728 3793 4810; baseline -0.004 -19"><span class='ocrx_word' id='word_1_737' title='bbox 2143 4758 2283 4799; x_wconf 89' lang='grc' dir='ltr'>τινες</span> <span class='ocrx_word' id='word_1_738' title='bbox 2337 4737 2619 4810; x_wconf 86' lang='grc' dir='ltr'>ἀναγκαῖαι</span> <span class='ocrx_word' id='word_1_739' title='bbox 2669 4729 2900 4804; x_wconf 65' lang='grc' dir='ltr'>διεξοδοι</span> <span class='ocrx_word' id='word_1_740' title='bbox 2957 4733 3093 4786; x_wconf 84' lang='grc' dir='ltr'><strong>κατά</strong></span> <span class='ocrx_word' id='word_1_741' title='bbox 3137 4730 3246 4787; x_wconf 80' lang='grc' dir='ltr'><strong>τῶν</strong></span> <span class='ocrx_word' id='word_1_742' title='bbox 3297 4731 3348 4786; x_wconf 80' lang='grc' dir='ltr'>ἐν</span> <span class='ocrx_word' id='word_1_743' title='bbox 3394 4733 3530 4804; x_wconf 79' lang='grc' dir='ltr'>ἡμῖν</span> <span class='ocrx_word' id='word_1_744' title='bbox 3585 4728 3793 4801; x_wconf 73' lang='grc' dir='ltr'>ἑκάστῳ</span> 
     </span>
    </p>
   </div>
   <div class='ocr_carea' id='block_1_100' title="bbox 462 4876 2031 4954">
    <p class='ocr_par' dir='ltr' id='par_1_100' title="bbox 462 4876 2026 4946">
     <span class='ocr_line' id='line_1_100' title="bbox 462 4876 2026 4946; baseline 0.004 -12"><span class='ocrx_word' id='word_1_745' title='bbox 462 4881 505 4915; x_wconf 75' lang='grc'><strong>⁸⁸</strong></span> <span class='ocrx_word' id='word_1_746' title='bbox 535 4882 659 4936; x_wconf 86' lang='lat' dir='ltr'><strong>Act.</strong></span> <span class='ocrx_word' id='word_1_747' title='bbox 693 4895 830 4943; x_wconf 82' lang='lat' dir='ltr'><strong>xvn,</strong></span> <span class='ocrx_word' id='word_1_748' title='bbox 859 4879 948 4932; x_wconf 85' lang='lat'><strong>28.</strong></span> <span class='ocrx_word' id='word_1_749' title='bbox 1026 4878 1070 4912; x_wconf 77' lang='grc' dir='ltr'><strong>⁸ο</strong></span> <span class='ocrx_word' id='word_1_750' title='bbox 1100 4876 1300 4933; x_wconf 87' lang='lat' dir='ltr'><strong>Matth.</strong></span> <span class='ocrx_word' id='word_1_751' title='bbox 1334 4895 1425 4946; x_wconf 82' lang='lat' dir='ltr'><strong>xv,</strong></span> <span class='ocrx_word' id='word_1_752' title='bbox 1451 4880 1541 4934; x_wconf 84' lang='lat'><strong>20.</strong></span> <span class='ocrx_word' id='word_1_753' title='bbox 1618 4881 1660 4916; x_wconf 83' lang='grc'>⁶¹</span> <span class='ocrx_word' id='word_1_754' title='bbox 1695 4881 1745 4937; x_wconf 90' lang='lat' dir='ltr'><strong>Il</strong></span> <span class='ocrx_word' id='word_1_755' title='bbox 1777 4886 1939 4938; x_wconf 80' lang='lat' dir='ltr'><strong>Petr.</strong></span> <span class='ocrx_word' id='word_1_756' title='bbox 1965 4901 2026 4940; x_wconf 89' lang='grc' dir='ltr'><strong>ιιι</strong></span> 
     </span>
    </p>
   </div>
   <div class='ocr_carea' id='block_1_101' title="bbox 2145 4876 2739 4954">
    <p class='ocr_par' dir='ltr' id='par_1_101' title="bbox 2145 4880 2739 4948">
     <span class='ocr_line' id='line_1_101' title="bbox 2145 4880 2739 4948; baseline -0.012 -8"><span class='ocrx_word' id='word_1_757' title='bbox 2145 4892 2170 4940; x_wconf 58' lang='grc' dir='ltr'>ι.</span> <span class='ocrx_word' id='word_1_758' title='bbox 2245 4885 2291 4918; x_wconf 73' lang='grc'><strong>⁵³</strong></span> <span class='ocrx_word' id='word_1_759' title='bbox 2322 4883 2342 4939; x_wconf 84' lang='grc' dir='ltr'>Ι</span> <span class='ocrx_word' id='word_1_760' title='bbox 2372 4886 2496 4938; x_wconf 93' lang='lat' dir='ltr'><strong>Cor.</strong></span> <span class='ocrx_word' id='word_1_761' title='bbox 2531 4898 2655 4948; x_wconf 86' lang='lat' dir='ltr'><strong>vm,</strong></span> <span class='ocrx_word' id='word_1_762' title='bbox 2686 4880 2739 4934; x_wconf 92' lang='lat'><strong>8.</strong></span> 
     </span>
    </p>
   </div>
   <div class='ocr_carea' id='block_1_102' title="bbox 463 5020 2043 5094">
    <p class='ocr_par' dir='ltr' id='par_1_102' title="bbox 463 5020 2043 5094">
     <span class='ocr_line' id='line_1_102' title="bbox 463 5020 2043 5094; baseline 0.003 -20"><span class='ocrx_word' id='word_1_763' title='bbox 463 5023 574 5094; x_wconf 63' lang='grc'>(60)</span> <span class='ocrx_word' id='word_1_764' title='bbox 607 5021 698 5076; x_wconf 91' lang='lat' dir='ltr'><strong>Sic</strong></span> <span class='ocrx_word' id='word_1_765' title='bbox 728 5025 844 5094; x_wconf 84' lang='lat' dir='ltr'><strong>tres</strong></span> <span class='ocrx_word' id='word_1_766' title='bbox 877 5020 1266 5094; x_wconf 86' lang='lat' dir='ltr'><strong>manuscripti</strong></span> <span class='ocrx_word' id='word_1_767' title='bbox 1301 5025 1474 5094; x_wconf 82' lang='lat' dir='ltr'><strong>recte.</strong></span> <span class='ocrx_word' id='word_1_768' title='bbox 1511 5022 1662 5078; x_wconf 91' lang='lat' dir='ltr'><strong>Editi</strong></span> <span class='ocrx_word' id='word_1_769' title='bbox 1695 5031 1750 5078; x_wconf 91' lang='lat' dir='ltr'><strong>et</strong></span> <span class='ocrx_word' id='word_1_770' title='bbox 1781 5024 2043 5094; x_wconf 77' lang='lat' dir='ltr'><strong>alii,o’mo-</strong></span> 
     </span>
    </p>
   </div>
   <div class='ocr_carea' id='block_1_103' title="bbox 395 5038 2042 5217">
    <p class='ocr_par' dir='ltr' id='par_1_103' title="bbox 395 5038 2042 5217">
     <span class='ocr_line' id='line_1_103' title="bbox 463 5038 2042 5146; baseline 0.003 -71"><span class='ocrx_word' id='word_1_771' title='bbox 463 5038 574 5092; x_wconf 68' lang='grc' dir='ltr'>(ου)</span> <span class='ocrx_word' id='word_1_772' title='bbox 607 5038 698 5076; x_wconf 70' lang='grc' dir='ltr'>διο</span> <span class='ocrx_word' id='word_1_773' title='bbox 728 5038 844 5076; x_wconf 75' lang='lat' dir='ltr'><strong>tres</strong></span> <span class='ocrx_word' id='word_1_774' title='bbox 877 5038 1266 5146; x_wconf 55' lang='lat' dir='ltr'><strong>manuscripu</strong></span> <span class='ocrx_word' id='word_1_775' title='bbox 1301 5038 1474 5076; x_wconf 76' lang='lat' dir='ltr'><strong>recte.</strong></span> <span class='ocrx_word' id='word_1_776' title='bbox 1511 5038 1662 5078; x_wconf 72' lang='lat' dir='ltr'><strong>rsum</strong></span> <span class='ocrx_word' id='word_1_777' title='bbox 1695 5038 1750 5078; x_wconf 86' lang='lat' dir='ltr'><strong>et</strong></span> <span class='ocrx_word' id='word_1_778' title='bbox 1781 5038 2042 5094; x_wconf 47' lang='lat' dir='ltr'><strong>angam—</strong></span> 
     </span>
     <span class='ocr_line' id='line_1_104' title="bbox 395 5091 2042 5217; baseline 0.006 -72"><span class='ocrx_word' id='word_1_779' title='bbox 395 5091 688 5217; x_wconf 35' lang='grc' dir='ltr'>σγολήσῃζ</span> <span class='ocrx_word' id='word_1_780' title='bbox 705 5093 831 5149; x_wconf 87' lang='lat' dir='ltr'><strong>Mox</strong></span> <span class='ocrx_word' id='word_1_781' title='bbox 859 5093 1018 5149; x_wconf 88' lang='lat' dir='ltr'><strong>Colb.</strong></span> <span class='ocrx_word' id='word_1_782' title='bbox 1049 5095 1084 5146; x_wconf 88' lang='lat'><strong><em>2</em></strong></span> <span class='ocrx_word' id='word_1_783' title='bbox 1114 5110 1178 5148; x_wconf 88' lang='lat' dir='ltr'><strong>so</strong></span> <span class='ocrx_word' id='word_1_784' title='bbox 1209 5110 1298 5159; x_wconf 90' lang='lat' dir='ltr'><strong>us,</strong></span> <span class='ocrx_word' id='word_1_785' title='bbox 1348 5091 1611 5161; x_wconf 74' lang='grc' dir='ltr'>ἀθλήτάς.</span> <span class='ocrx_word' id='word_1_786' title='bbox 1666 5097 1820 5152; x_wconf 78' lang='lat' dir='ltr'><strong>Infra</strong></span> <span class='ocrx_word' id='word_1_787' title='bbox 1863 5097 2042 5164; x_wconf 91' lang='lat' dir='ltr'><strong>idem,</strong></span> 
     </span>
     <span class='ocr_line' id='line_1_105' title="bbox 395 5183 706 5216; baseline 0 0"><span class='ocrx_word' id='word_1_788' title='bbox 395 5186 420 5216; x_wconf 88' lang='grc' dir='ltr'>τ</span> <span class='ocrx_word' id='word_1_789' title='bbox 451 5183 512 5216; x_wconf 89' lang='grc' dir='ltr'><strong>να</strong></span> <span class='ocrx_word' id='word_1_790' title='bbox 543 5183 706 5216; x_wconf 88' lang='grc' dir='ltr'>κινοι.</span> 
     </span>
    </p>
   </div>
   <div class='ocr_carea' id='block_1_104' title="bbox 392 5183 706 5216">
    <p class='ocr_par' dir='ltr' id='par_1_104' title="bbox 392 5183 706 5216">
     <span class='ocr_line' id='line_1_106' title="bbox 392 5183 706 5216; baseline 0 0"><span class='ocrx_word' id='word_1_791' title='bbox 392 5183 512 5216; x_wconf 85' lang='grc' dir='ltr'>τινα</span> <span class='ocrx_word' id='word_1_792' title='bbox 543 5183 660 5216; x_wconf 88' lang='grc' dir='ltr'>κινο</span> <span class='ocrx_word' id='word_1_793' title='bbox 675 5185 706 5216; x_wconf 94' lang='grc' dir='ltr'>ι.</span> 
     </span>
    </p>
   </div>
   <div class='ocr_carea' id='block_1_105' title="bbox 469 5235 2041 5310">
    <p class='ocr_par' dir='ltr' id='par_1_105' title="bbox 469 5235 2041 5310">
     <span class='ocr_line' id='line_1_107' title="bbox 469 5235 2041 5310; baseline 0.001 -20"><span class='ocrx_word' id='word_1_794' title='bbox 469 5237 578 5306; x_wconf 78' lang='grc'>(61)</span> <span class='ocrx_word' id='word_1_795' title='bbox 611 5241 669 5289; x_wconf 89' lang='lat' dir='ltr'><strong>In</strong></span> <span class='ocrx_word' id='word_1_796' title='bbox 704 5235 1023 5310; x_wconf 54' lang='lat' dir='ltr'><strong>tlolb:_2_1e</strong></span> <span class='ocrx_word' id='word_1_797' title='bbox 1055 5235 1240 5310; x_wconf 81' lang='lat' dir='ltr'><strong>deest.</strong></span> <span class='ocrx_word' id='word_1_798' title='bbox 1287 5235 1507 5310; x_wconf 81' lang='lat' dir='ltr'><strong>Ibidem</strong></span> <span class='ocrx_word' id='word_1_799' title='bbox 1557 5239 1768 5308; x_wconf 86' lang='lat' dir='ltr'><strong>Regius</strong></span> <span class='ocrx_word' id='word_1_800' title='bbox 1809 5241 1870 5310; x_wconf 84' lang='grc'>5,</span> <span class='ocrx_word' id='word_1_801' title='bbox 1929 5238 2041 5292; x_wconf 81' lang='grc' dir='ltr'>ἐπεὶ</span> 
     </span>
    </p>
   </div>
   <div class='ocr_carea' id='block_1_106' title="bbox 393 5305 1559 5382">
    <p class='ocr_par' dir='ltr' id='par_1_106' title="bbox 393 5305 1559 5382">
     <span class='ocr_line' id='line_1_108' title="bbox 393 5305 1559 5382; baseline 0.002 -22"><span class='ocrx_word' id='word_1_802' title='bbox 393 5311 511 5382; x_wconf 83' lang='grc' dir='ltr'><strong>τῶν</strong></span> <span class='ocrx_word' id='word_1_803' title='bbox 533 5305 641 5382; x_wconf 64' lang='grc' dir='ltr'><strong>τοῦΔ</strong></span> <span class='ocrx_word' id='word_1_804' title='bbox 659 5307 1253 5382; x_wconf 33' lang='lat' dir='ltr'><strong>9_eo&quot;3.‘lbid_em_Colb.</strong></span> <span class='ocrx_word' id='word_1_805' title='bbox 1287 5310 1340 5382; x_wconf 83' lang='lat'><strong>2_,</strong></span> <span class='ocrx_word' id='word_1_806' title='bbox 1370 5305 1559 5382; x_wconf 81' lang='grc' dir='ltr'>ἔργων.</span> 
     </span>
    </p>
   </div>
   <div class='ocr_carea' id='block_1_107' title="bbox 468 5357 2042 5449">
    <p class='ocr_par' dir='ltr' id='par_1_107' title="bbox 468 5357 2042 5449">
     <span class='ocr_line' id='line_1_109' title="bbox 468 5357 2042 5449; baseline 0.002 -15"><span class='ocrx_word' id='word_1_807' title='bbox 468 5357 586 5448; x_wconf 57' lang='lat'><strong>(&#39;62;</strong></span> <span class='ocrx_word' id='word_1_808' title='bbox 610 5357 780 5434; x_wconf 51' lang='lat' dir='ltr'><strong>Céib&#39;.</strong></span> <span class='ocrx_word' id='word_1_809' title='bbox 799 5357 1253 5449; x_wconf 57' lang='grc' dir='ltr'><strong>ἐῐιῇέῖξίῦἑὲζ</strong></span> <span class='ocrx_word' id='word_1_810' title='bbox 1291 5357 1624 5442; x_wconf 41' lang='lat' dir='ltr'><strong>esse...</strong></span> <span class='ocrx_word' id='word_1_811' title='bbox 1661 5380 1881 5436; x_wconf 86' lang='lat' dir='ltr'><strong>Ibidem</strong></span> <span class='ocrx_word' id='word_1_812' title='bbox 1916 5400 2042 5437; x_wconf 89' lang='lat' dir='ltr'><strong>om-</strong></span> 
     </span>
    </p>
   </div>
   <div class='ocr_carea' id='block_1_108' title="bbox 399 5449 1824 5524">
    <p class='ocr_par' dir='ltr' id='par_1_108' title="bbox 399 5449 1824 5524">
     <span class='ocr_line' id='line_1_110' title="bbox 399 5449 1824 5524; baseline 0.001 -18"><span class='ocrx_word' id='word_1_813' title='bbox 399 5469 502 5507; x_wconf 86' lang='lat' dir='ltr'><strong>nes</strong></span> <span class='ocrx_word' id='word_1_814' title='bbox 534 5452 650 5505; x_wconf 82' lang='lat' dir='ltr'><strong>fere</strong></span> <span class='ocrx_word' id='word_1_815' title='bbox 684 5451 1089 5521; x_wconf 85' lang='lat' dir='ltr'><strong>manuscripli,</strong></span> <span class='ocrx_word' id='word_1_816' title='bbox 1121 5449 1345 5524; x_wconf 74' lang='grc' dir='ltr'>γίνεται.</span> <span class='ocrx_word' id='word_1_817' title='bbox 1382 5452 1551 5518; x_wconf 77' lang='lat' dir='ltr'><strong>Editi,</strong></span> <span class='ocrx_word' id='word_1_818' title='bbox 1587 5451 1824 5524; x_wconf 85' lang='grc' dir='ltr'>γίνηται.</span> 
     </span>
    </p>
   </div>
   <div class='ocr_carea' id='block_1_109' title="bbox 470 5524 2037 5596">
    <p class='ocr_par' dir='ltr' id='par_1_109' title="bbox 470 5524 2037 5596">
     <span class='ocr_line' id='line_1_111' title="bbox 470 5524 2037 5596; baseline 0.003 -23"><span class='ocrx_word' id='word_1_819' title='bbox 470 5524 580 5596; x_wconf 74' lang='grc'>(63)</span> <span class='ocrx_word' id='word_1_820' title='bbox 616 5529 697 5578; x_wconf 90' lang='lat' dir='ltr'><strong>lta</strong></span> <span class='ocrx_word' id='word_1_821' title='bbox 725 5540 930 5596; x_wconf 73' lang='lat' dir='ltr'><strong>omnes</strong></span> <span class='ocrx_word' id='word_1_822' title='bbox 961 5524 1079 5596; x_wconf 71' lang='lat' dir='ltr'><strong>fere</strong></span> <span class='ocrx_word' id='word_1_823' title='bbox 1115 5525 1517 5596; x_wconf 82' lang='lat' dir='ltr'><strong>manuscripti.</strong></span> <span class='ocrx_word' id='word_1_824' title='bbox 1556 5524 1703 5578; x_wconf 83' lang='lat' dir='ltr'><strong>Editi</strong></span> <span class='ocrx_word' id='word_1_825' title='bbox 1735 5542 1910 5596; x_wconf 84' lang='lat' dir='ltr'><strong>vero,</strong></span> <span class='ocrx_word' id='word_1_826' title='bbox 1938 5545 2037 5577; x_wconf 82' lang='grc' dir='ltr'>πα-</span> 
     </span>
    </p>
   </div>
   <div class='ocr_carea' id='block_1_110' title="bbox 399 5591 2041 5668">
    <p class='ocr_par' dir='ltr' id='par_1_110' title="bbox 399 5591 2041 5668">
     <span class='ocr_line' id='line_1_112' title="bbox 399 5591 2041 5668; baseline -0.027 17"><span class='ocrx_word' id='word_1_827' title='bbox 399 5591 687 5668; x_wconf 46' lang='grc' dir='ltr'><strong>ρᾳφέρορσι</strong></span> <span class='ocrx_word' id='word_1_828' title='bbox 723 5591 779 5647; x_wconf 60' lang='grc' dir='ltr'>δὲ</span> <span class='ocrx_word' id='word_1_829' title='bbox 808 5593 916 5648; x_wconf 67' lang='grc' dir='ltr'><strong>καί’</strong></span> <span class='ocrx_word' id='word_1_830' title='bbox 1113 5600 1259 5668; x_wconf 45' lang='grc' dir='ltr'><strong>ζτθδ,</strong></span> <span class='ocrx_word' id='word_1_831' title='bbox 1281 5591 1689 5668; x_wconf 70' lang='lat' dir='ltr'><strong>manuscripti,</strong></span> <span class='ocrx_word' id='word_1_832' title='bbox 1745 5596 1817 5657; x_wconf 76' lang='grc' dir='ltr'><strong>ὡς</strong></span> <span class='ocrx_word' id='word_1_833' title='bbox 1867 5595 1927 5649; x_wconf 67' lang='grc' dir='ltr'>οὔ</span> <span class='ocrx_word' id='word_1_834' title='bbox 1975 5596 2041 5649; x_wconf 70' lang='grc' dir='ltr'><strong>τὰ</strong></span> 
     </span>
    </p>
   </div>
   <div class='ocr_carea' id='block_1_111' title="bbox 399 5663 2035 5758">
    <p class='ocr_par' dir='ltr' id='par_1_111' title="bbox 399 5663 2035 5758">
     <span class='ocr_line' id='line_1_113' title="bbox 399 5663 2035 5758; baseline 0.004 -41"><span class='ocrx_word' id='word_1_835' title='bbox 399 5663 776 5758; x_wconf 43' lang='grc' dir='ltr'>εἷσερχΙόμενα,</span> <span class='ocrx_word' id='word_1_836' title='bbox 805 5668 921 5749; x_wconf 66' lang='grc' dir='ltr'>ὁμο</span> <span class='ocrx_word' id='word_1_837' title='bbox 951 5667 1069 5756; x_wconf 72' lang='lat' dir='ltr'><strong>alii,</strong></span> <span class='ocrx_word' id='word_1_838' title='bbox 1102 5665 1176 5758; x_wconf 54' lang='grc' dir='ltr'>ιξις</span> <span class='ocrx_word' id='word_1_839' title='bbox 1207 5665 1334 5758; x_wconf 66' lang='grc' dir='ltr'>οὐχὶ</span> <span class='ocrx_word' id='word_1_840' title='bbox 1363 5668 1430 5758; x_wconf 53' lang='lat'><strong>1‘5:</strong></span> <span class='ocrx_word' id='word_1_841' title='bbox 1459 5663 1831 5758; x_wconf 46' lang='lat' dir='ltr'><strong>ezaep—xd&#39;peva.</strong></span> <span class='ocrx_word' id='word_1_842' title='bbox 1886 5668 2035 5758; x_wconf 57' lang='lat' dir='ltr'><strong>Enditi</strong></span> 
     </span>
    </p>
   </div>
   <div class='ocr_carea' id='block_1_112' title="bbox 401 5735 2039 5816">
    <p class='ocr_par' dir='ltr' id='par_1_112' title="bbox 401 5735 2039 5816">
     <span class='ocr_line' id='line_1_114' title="bbox 401 5735 2039 5816; baseline 0.002 -24"><span class='ocrx_word' id='word_1_843' title='bbox 401 5735 744 5810; x_wconf 54' lang='lat' dir='ltr'><strong>cum&#39;Regio</strong></span> <span class='ocrx_word' id='word_1_844' title='bbox 770 5739 980 5810; x_wconf 91' lang='lat' dir='ltr'><strong>primo,</strong></span> <span class='ocrx_word' id='word_1_845' title='bbox 1015 5738 1089 5800; x_wconf 85' lang='grc' dir='ltr'>ὡς</span> <span class='ocrx_word' id='word_1_846' title='bbox 1113 5735 1193 5792; x_wconf 78' lang='grc' dir='ltr'><strong>ὅτι</strong></span> <span class='ocrx_word' id='word_1_847' title='bbox 1235 5735 1313 5794; x_wconf 59' lang='grc' dir='ltr'><strong>οῦ</strong></span> <span class='ocrx_word' id='word_1_848' title='bbox 1343 5741 1410 5795; x_wconf 76' lang='grc' dir='ltr'><strong>τὰ</strong></span> <span class='ocrx_word' id='word_1_849' title='bbox 1467 5735 1842 5816; x_wconf 52' lang='grc' dir='ltr'>εἰσέρδζόμενα.</span> <span class='ocrx_word' id='word_1_850' title='bbox 1907 5741 2039 5798; x_wconf 85' lang='lat' dir='ltr'><strong>Post</strong></span> 
     </span>
    </p>
   </div>
   <div class='ocr_carea' id='block_1_113' title="bbox 2157 5017 3178 5105">
    <p class='ocr_par' dir='ltr' id='par_1_113' title="bbox 2157 5017 3178 5105">
     <span class='ocr_line' id='line_1_115' title="bbox 2157 5017 3178 5105; baseline -0.006 -23"><span class='ocrx_word' id='word_1_851' title='bbox 2157 5024 2490 5105; x_wconf 32' lang='lat' dir='ltr'><strong>haec,-_Co_lb.</strong></span> <span class='ocrx_word' id='word_1_852' title='bbox 2524 5025 2547 5078; x_wconf 89' lang='grc'><strong>1</strong></span> <span class='ocrx_word' id='word_1_853' title='bbox 2580 5022 2759 5092; x_wconf 92' lang='lat' dir='ltr'><strong>addit,</strong></span> <span class='ocrx_word' id='word_1_854' title='bbox 2787 5018 2841 5104; x_wconf 73' lang='grc' dir='ltr'>ἐν</span> <span class='ocrx_word' id='word_1_855' title='bbox 2971 5017 3178 5105; x_wconf 53' lang='grc' dir='ltr'>κοιλίᾳ.</span> 
     </span>
    </p>
   </div>
   <div class='ocr_carea' id='block_1_114' title="bbox 2228 5091 3798 5169">
    <p class='ocr_par' dir='ltr' id='par_1_114' title="bbox 2228 5091 3798 5169">
     <span class='ocr_line' id='line_1_116' title="bbox 2228 5091 3798 5169; baseline -0.004 -17"><span class='ocrx_word' id='word_1_856' title='bbox 2228 5091 2336 5169; x_wconf 58' lang='grc'>(64)</span> <span class='ocrx_word' id='word_1_857' title='bbox 2372 5099 2514 5152; x_wconf 86' lang='lat' dir='ltr'><strong>Tres</strong></span> <span class='ocrx_word' id='word_1_858' title='bbox 2546 5091 2954 5169; x_wconf 64' lang='lat' dir='ltr'><strong>manuscripti,</strong></span> <span class='ocrx_word' id='word_1_859' title='bbox 2985 5091 3354 5169; x_wconf 64' lang='grc' dir='ltr'>εἴποιμιΜοιι</span> <span class='ocrx_word' id='word_1_860' title='bbox 3383 5093 3649 5169; x_wconf 66' lang='lat' dir='ltr'><strong>quinque</strong></span> <span class='ocrx_word' id='word_1_861' title='bbox 3678 5109 3798 5169; x_wconf 78' lang='lat' dir='ltr'><strong>ma-</strong></span> 
     </span>
    </p>
   </div>
   <div class='ocr_carea' id='block_1_115' title="bbox 2157 5161 3797 5239">
    <p class='ocr_par' dir='ltr' id='par_1_115' title="bbox 2157 5161 3797 5239">
     <span class='ocr_line' id='line_1_117' title="bbox 2157 5161 3797 5239; baseline -0.003 -16"><span class='ocrx_word' id='word_1_862' title='bbox 2157 5161 2465 5239; x_wconf 40' lang='lat' dir='ltr'><strong>nu‘scripti,</strong></span> <span class='ocrx_word' id='word_1_863' title='bbox 2499 5167 2632 5220; x_wconf 86' lang='grc' dir='ltr'><strong>κατά</strong></span> <span class='ocrx_word' id='word_1_864' title='bbox 2660 5166 2754 5226; x_wconf 74' lang='grc' dir='ltr'><strong>τὰς</strong></span> <span class='ocrx_word' id='word_1_865' title='bbox 2788 5161 2950 5239; x_wconf 69' lang='grc' dir='ltr'>ἰδίας.</span> <span class='ocrx_word' id='word_1_866' title='bbox 2995 5161 3160 5232; x_wconf 76' lang='lat' dir='ltr'><strong>Editi,</strong></span> <span class='ocrx_word' id='word_1_867' title='bbox 3199 5165 3331 5237; x_wconf 77' lang='grc' dir='ltr'>μετὰ</span> <span class='ocrx_word' id='word_1_868' title='bbox 3378 5161 3475 5239; x_wconf 70' lang='grc' dir='ltr'>τῆς</span> <span class='ocrx_word' id='word_1_869' title='bbox 3509 5161 3668 5223; x_wconf 80' lang='grc' dir='ltr'>ἰδίας.</span> <span class='ocrx_word' id='word_1_870' title='bbox 3705 5164 3797 5239; x_wconf 82' lang='lat' dir='ltr'><strong>I_n-</strong></span> 
     </span>
    </p>
   </div>
   <div class='ocr_carea' id='block_1_116' title="bbox 2157 5236 3797 5307">
    <p class='ocr_par' dir='ltr' id='par_1_116' title="bbox 2157 5236 3797 5307">
     <span class='ocr_line' id='line_1_118' title="bbox 2157 5236 3797 5307; baseline -0.002 -13"><span class='ocrx_word' id='word_1_871' title='bbox 2157 5242 2258 5307; x_wconf 81' lang='lat' dir='ltr'><strong>fra,</strong></span> <span class='ocrx_word' id='word_1_872' title='bbox 2292 5236 2457 5294; x_wconf 62' lang='grc' dir='ltr'>πάλιν</span> <span class='ocrx_word' id='word_1_873' title='bbox 2491 5240 2656 5293; x_wconf 86' lang='lat' dir='ltr'><strong>deest</strong></span> <span class='ocrx_word' id='word_1_874' title='bbox 2684 5239 2741 5292; x_wconf 90' lang='lat' dir='ltr'><strong>in</strong></span> <span class='ocrx_word' id='word_1_875' title='bbox 2783 5238 2974 5307; x_wconf 83' lang='lat' dir='ltr'><strong>tribus</strong></span> <span class='ocrx_word' id='word_1_876' title='bbox 3007 5236 3302 5293; x_wconf 71' lang='lat' dir='ltr'><strong>manuScr.</strong></span> <span class='ocrx_word' id='word_1_877' title='bbox 3359 5237 3573 5292; x_wconf 88' lang='lat' dir='ltr'><strong>Ibidem</strong></span> <span class='ocrx_word' id='word_1_878' title='bbox 3627 5236 3797 5306; x_wconf 86' lang='lat' dir='ltr'><strong>quin-</strong></span> 
     </span>
    </p>
   </div>
   <div class='ocr_carea' id='block_1_117' title="bbox 2153 5305 3798 5394">
    <p class='ocr_par' dir='ltr' id='par_1_117' title="bbox 2153 5305 3798 5394">
     <span class='ocr_line' id='line_1_119' title="bbox 2153 5305 3798 5394; baseline -0.002 -28"><span class='ocrx_word' id='word_1_879' title='bbox 2153 5305 2706 5394; x_wconf 29' lang='lat' dir='ltr'><strong>qOue_manus.cripti_,</strong></span> <span class='ocrx_word' id='word_1_880' title='bbox 2738 5305 3478 5394; x_wconf 46' lang='lat' dir='ltr'><strong>év§ozae1€0¢ASed‘omnium</strong></span> <span class='ocrx_word' id='word_1_881' title='bbox 3509 5305 3798 5394; x_wconf 69' lang='lat' dir='ltr'><strong>antiquis-</strong></span> 
     </span>
    </p>
   </div>
   <div class='ocr_carea' id='block_1_118' title="bbox 2153 5377 3797 5454">
    <p class='ocr_par' dir='ltr' id='par_1_118' title="bbox 2153 5377 3797 5454">
     <span class='ocr_line' id='line_1_120' title="bbox 2153 5377 3797 5454; baseline -0.005 -15"><span class='ocrx_word' id='word_1_882' title='bbox 2153 5377 2287 5439; x_wconf 75' lang='lat' dir='ltr'><strong>simi</strong></span> <span class='ocrx_word' id='word_1_883' title='bbox 2320 5390 2373 5438; x_wconf 90' lang='lat' dir='ltr'><strong>et</strong></span> <span class='ocrx_word' id='word_1_884' title='bbox 2405 5377 2632 5454; x_wconf 79' lang='lat' dir='ltr'><strong>optimi,</strong></span> <span class='ocrx_word' id='word_1_885' title='bbox 2668 5379 2883 5453; x_wconf 83' lang='lat' dir='ltr'><strong>Regius</strong></span> <span class='ocrx_word' id='word_1_886' title='bbox 2916 5384 2937 5435; x_wconf 89' lang='grc'><strong>1</strong></span> <span class='ocrx_word' id='word_1_887' title='bbox 2974 5387 3030 5434; x_wconf 90' lang='lat' dir='ltr'><strong>et</strong></span> <span class='ocrx_word' id='word_1_888' title='bbox 3056 5377 3336 5450; x_wconf 78' lang='lat' dir='ltr'><strong>‘2,habent</strong></span> <span class='ocrx_word' id='word_1_889' title='bbox 3355 5398 3488 5454; x_wconf 77' lang='lat' dir='ltr'><strong>cum</strong></span> <span class='ocrx_word' id='word_1_890' title='bbox 3515 5377 3797 5454; x_wconf 72' lang='lat' dir='ltr'><strong>editisz-</strong></span> 
     </span>
    </p>
   </div>
   <div class='ocr_carea' id='block_1_119' title="bbox 2153 5449 3798 5525">
    <p class='ocr_par' dir='ltr' id='par_1_119' title="bbox 2153 5449 3798 5525">
     <span class='ocr_line' id='line_1_121' title="bbox 2153 5449 3798 5525; baseline -0.003 -17"><span class='ocrx_word' id='word_1_891' title='bbox 2153 5457 2379 5516; x_wconf 81' lang='grc' dir='ltr'>υάστως.</span> <span class='ocrx_word' id='word_1_892' title='bbox 2415 5449 2540 5510; x_wconf 76' lang='lat' dir='ltr'><strong>Mox</strong></span> <span class='ocrx_word' id='word_1_893' title='bbox 2606 5449 2856 5525; x_wconf 76' lang='lat' dir='ltr'><strong>quatuor</strong></span> <span class='ocrx_word' id='word_1_894' title='bbox 2887 5449 3294 5524; x_wconf 86' lang='lat' dir='ltr'><strong>manuscripti,</strong></span> <span class='ocrx_word' id='word_1_895' title='bbox 3329 5451 3490 5514; x_wconf 80' lang='grc' dir='ltr'>αὐτὸς</span> <span class='ocrx_word' id='word_1_896' title='bbox 3522 5453 3548 5505; x_wconf 90' lang='grc' dir='ltr'>ὁ</span> <span class='ocrx_word' id='word_1_897' title='bbox 3578 5449 3798 5522; x_wconf 78' lang='grc' dir='ltr'>Κύριος.</span> 
     </span>
    </p>
   </div>
   <div class='ocr_carea' id='block_1_120' title="bbox 2154 5526 3291 5598">
    <p class='ocr_par' dir='ltr' id='par_1_120' title="bbox 2154 5526 3291 5598">
     <span class='ocr_line' id='line_1_122' title="bbox 2154 5526 3291 5598; baseline -0.004 -16"><span class='ocrx_word' id='word_1_898' title='bbox 2154 5529 2212 5583; x_wconf 88' lang='lat' dir='ltr'><strong>In</strong></span> <span class='ocrx_word' id='word_1_899' title='bbox 2248 5529 2422 5582; x_wconf 84' lang='lat' dir='ltr'><strong>editis</strong></span> <span class='ocrx_word' id='word_1_900' title='bbox 2464 5533 2520 5581; x_wconf 91' lang='lat' dir='ltr'><strong>et</strong></span> <span class='ocrx_word' id='word_1_901' title='bbox 2551 5527 2607 5580; x_wconf 90' lang='lat' dir='ltr'><strong>in</strong></span> <span class='ocrx_word' id='word_1_902' title='bbox 2639 5526 2793 5594; x_wconf 88' lang='lat' dir='ltr'><strong>aliis,</strong></span> <span class='ocrx_word' id='word_1_903' title='bbox 2826 5526 2853 5578; x_wconf 84' lang='grc' dir='ltr'>ὁ</span> <span class='ocrx_word' id='word_1_904' title='bbox 2888 5526 3081 5598; x_wconf 85' lang='grc' dir='ltr'>Κνριος</span> <span class='ocrx_word' id='word_1_905' title='bbox 3107 5526 3291 5598; x_wconf 82' lang='lat' dir='ltr'><strong>deest.</strong></span> 
     </span>
    </p>
   </div>
   <div class='ocr_carea' id='block_1_121' title="bbox 2217 5593 3799 5670">
    <p class='ocr_par' dir='ltr' id='par_1_121' title="bbox 2217 5593 3799 5670">
     <span class='ocr_line' id='line_1_123' title="bbox 2217 5593 3799 5670; baseline -0.004 -17"><span class='ocrx_word' id='word_1_906' title='bbox 2217 5599 2330 5670; x_wconf 87' lang='lat'><strong>(65)</strong></span> <span class='ocrx_word' id='word_1_907' title='bbox 2379 5602 2639 5664; x_wconf 88' lang='lat' dir='ltr'><strong>Quatuor</strong></span> <span class='ocrx_word' id='word_1_908' title='bbox 2669 5593 3075 5670; x_wconf 80' lang='lat' dir='ltr'><strong>manuscripti,</strong></span> <span class='ocrx_word' id='word_1_909' title='bbox 3134 5597 3332 5670; x_wconf 87' lang='grc' dir='ltr'>βρῶμα</span> <span class='ocrx_word' id='word_1_910' title='bbox 3380 5597 3529 5667; x_wconf 78' lang='grc' dir='ltr'>ἡμᾶς</span> <span class='ocrx_word' id='word_1_911' title='bbox 3562 5593 3625 5648; x_wconf 81' lang='grc' dir='ltr'>οὗ</span> <span class='ocrx_word' id='word_1_912' title='bbox 3656 5613 3799 5670; x_wconf 65' lang='grc' dir='ltr'>παρα</span> 
     </span>
    </p>
   </div>
   <div class='ocr_carea' id='block_1_122' title="bbox 2153 5666 3208 5743">
    <p class='ocr_par' dir='ltr' id='par_1_122' title="bbox 2153 5666 3208 5743">
     <span class='ocr_line' id='line_1_124' title="bbox 2153 5666 3208 5743; baseline 0.003 -22"><span class='ocrx_word' id='word_1_913' title='bbox 2153 5666 2348 5740; x_wconf 80' lang='grc' dir='ltr'>ίστησι.</span> <span class='ocrx_word' id='word_1_914' title='bbox 2387 5671 2540 5726; x_wconf 79' lang='lat' dir='ltr'><strong>Infra</strong></span> <span class='ocrx_word' id='word_1_915' title='bbox 2571 5670 2768 5737; x_wconf 88' lang='lat' dir='ltr'><strong>iidem,</strong></span> <span class='ocrx_word' id='word_1_916' title='bbox 2803 5667 2863 5723; x_wconf 82' lang='grc' dir='ltr'>οὐ</span> <span class='ocrx_word' id='word_1_917' title='bbox 2895 5666 3208 5743; x_wconf 80' lang='grc' dir='ltr'>παρίστησι.</span> 
     </span>
    </p>
   </div>
  </div>
