4048 6386
292 455 446 518 H73

1286 449 1666 512 EPISTOLA
1713 448 1817 509 AD
1861 448 2195 512 AMUNEM
2246 451 2723 515 MONACHUM.

3549 456 3705 517 1174

295 585 477 663 μελῶν
502 585 850 664 τρεφομένων
877 585 942 639 τὸ
979 583 1234 658 πσριττὸν
1280 565 1622 656 ἀπεπέμπειν
1651 583 1786 655 (66)·
1821 582 1928 636 οἷον

2053 583 2189 641 item
2224 570 2739 659 secessus,illaque
2760 589 3248 662 spermaticorum
3272 593 3574 646 meatuum
3597 606 3698 647 su-

290 676 532 757 κεφαλῆς
585 675 995 752 περιττώματα,
1024 673 1235 750 τρίχες,
1287 672 1378 728 καὶ
1424 672 1493 728 τὰ
1542 672 1648 727 ἀπὸ
1694 668 1939 751 κεφαλῆς

293 763 542 838 ὖδατώδη
591 765 939 839 πεμπόμενα,
970 763 1060 819 καὶ
1099 762 1332 840 γαστρὸς
1385 759 1812 837 διαχωρήματα,
1847 759 1938 815 καὶ

286 856 465 912 τοίνυν
521 858 629 910 τῶν
694 856 1077 929 σπερματικῶν
1127 851 1311 927 πόρων
1374 851 1545 906 ἐκεῖνο
1596 850 1933 925 περίττωμα.

240 950 243 953 ’
287 944 426 1000 Ῑῐοία
451 942 632 1000 τοίνυν
664 942 775 998 ἐστὶ
806 943 943 1019 πρὸς
970 940 1127 1011 Θεοῦ,
1160 938 1204 994 ὦ
1235 934 1507 1016 πρεσϐῦτα
1532 937 1933 1017 θεοφιλέστατε,

288 1035 547 1111 ἁμαρτία,
578 1032 744 1088 αὐτοῦ
772 1029 869 1087 τοῖ’)
893 1029 1206 1093 πλάσαντος
1235 1030 1298 1084 τὸ
1330 1033 1432 1098 ζῶν
1466 1025 1730 1083 δεσπότου
1779 1027 1939 1098 θελή-

287 1143 478 1186 σαντος
507 1120 598 1177 καὶ
628 1123 961 1193 ποιήσαντος
985 1124 1152 1175 ταῦτα
1180 1119 1247 1174 τά
1293 1118 1434 1191 μέλη
1481 1116 1736 1179 τοιαύτας
1787 1111 1932 1192 ἔχειν

289 1209 561 1283 διεξόδους
590 1230 604 1282 ;
638 1207 861 1279 Ἐπειδὴ
894 1207 951 1265 δὲ
980 1211 1091 1284 (67)
1121 1205 1206 1263 δεῖ
1232 1201 1679 1284 προσλαμϐάνειν
1714 1207 1780 1260 τὰ
1826 1209 1932 1260 τῶν

287 1303 549 1374 πονηρῶν
595 1299 988 1374 ἐναντιώματα,
1019 1297 1220 1353 εἷ’ποιεν
1263 1296 1365 1374 γὰρ
1416 1293 1498 1350 ἄν·
1529 1295 1643 1353 Οὐκ
1692 1293 1784 1350 οὖν
1839 1292 1937 1349 οὐκ

288 1385 429 1446 ἔστιν
491 1390 734 1466 ἁμαρτία
790 1385 915 1444 οὐδὲ
944 1390 979 1458 ἡ
1014 1386 1227 1458 ἀληθὴς
1257 1392 1477 1463 χρῆσις,
1511 1384 1561 1445 εἴ
1605 1386 1675 1440 τὰ
1732 1379 1937 1460 ὄργανα

289 1479 437 1557 παρὰ
489 1482 586 1534 τοῦ
610 1480 978 1555 Δημιουργοῦ
1009 1473 1404 1531 διαπέπλασται
1597 1473 1744 1550 Πρὸς
1772 1478 1934 1529 τοῦτο

291 1568 720 1646 ἐρωτηματικῶς
778 1565 974 1629 αὐτοὺς
1030 1565 1323 1638 παύσωμεν
1383 1564 1713 1642 φάσκοντες·
1768 1561 1930 1617 Ποίαν

289 1656 469 1734 λέγεις
500 1662 720 1732 χρῆσιν,
748 1657 850 1726 τήν
882 1650 1128 1729 ἔννομον,
1160 1655 1221 1723 ἣν
1246 1654 1334 1709 καὶ
1371 1654 1400 1708 ὁ
1444 1653 1573 1716 Θεὸς
1625 1650 1932 1727 ἐπέτρεψεν,

288 1745 606 1818 Δῦξάνεσθε,
680 1743 891 1821 λέγων,
958 1745 1048 1800 καὶ
1126 1742 1483 1815 πληθύνεσθε,
1536 1743 1627 1797 καὶ
1700 1739 1934 1816 πληρώ-

285 1821 426 1892 σατε
464 1837 563 1905 τὴν
615 1842 718 1912 γῆν
745 1855 758 1869 ·
792 1835 855 1905 ἢν
913 1836 941 1890 ὁ
1004 1834 1336 1896 Ἀπόστολος
1386 1828 1677 1903 ἀπεδέξατο
1724 1831 1889 1886 εἰπών
1912 1848 1926 1861 ·

2048 666 2755 749 perﬂuitas.Ecquodnam
2790 678 2895 734 hac
2924 679 2983 734 in
3010 695 3070 734 re
3094 682 3399 752 peccatum
3431 679 3491 735 in
3515 684 3696 736 Deum

2047 779 2222 820 senex
2253 764 2852 838 religiosissime,cum
2876 767 3002 840 ipse
3029 767 3311 824 Dominus
3342 769 3443 841 qui
3476 768 3695 828 animal

2047 854 2326 926 condidit,
2359 856 2415 910 id
2464 857 2686 912 curarit
2730 856 3118 929 eﬂ‘eceritque,
3170 862 3236 912 ut
3276 857 3398 913 haec
3430 861 3698 917 membra

2045 947 2244 999 essent
2273 944 2562 1013 ejusmodi
2596 944 2887 1002 meatibus
2917 946 3521 1003 instructa.Cieterum
3553 948 3695 1020 quia

2046 1034 2441 1103 praevertenda
2461 1036 2689 1089 suntim
2696 1035 3015 1107 proborum
3036 1038 3418 1107 argumenta:
3446 1035 3694 1094 fortasse

2045 1120 2203 1177 enim
2254 1122 2551 1178 dixerint:
2586 1128 2732 1196 Ergo
2773 1139 2879 1180 nec
2909 1141 3079 1181 verus
3135 1141 3337 1181 eorum
3399 1141 3544 1182 usus
3604 1130 3694 1182 est

2045 1211 2674 1283 peccatum,siquidem
2710 1230 2930 1286 organa
2961 1231 2994 1269 a
3024 1214 3325 1270 conditore
3367 1213 3520 1270 facta
3552 1220 3694 1273 sunt
3754 1198 3762 1206 ’

2044 1299 2126 1355 ita
2154 1299 2533 1372 loquentibus
2562 1300 2683 1358 illis
2712 1302 2822 1358 hac
2858 1302 3317 1375 interrogatione
3366 1302 3693 1365 sillentium

2045 1389 2453 1462 imponamus:
2488 1393 2669 1457 Quem
2694 1391 2841 1447 dicis
2871 1392 3689 1467 usum,legitimumne,quem

2046 1482 2197 1535 Deus
2227 1480 2319 1536 bis
2351 1480 2620 1553 permisit
2664 1481 2856 1537 verbis
2908 1500 2921 1537 :
2968 1483 3218 1553 Crescite,
3252 1491 3303 1538 et
3350 1484 3687 1556 multiplica-

2041 1570 2204 1634 mini,
2236 1576 2287 1625 et
2316 1569 2520 1641 replete
2558 1577 2770 1626 terram
2798 1571 2879 1625 ‘3:
2913 1587 3091 1642 quam
3132 1575 3191 1627 et
3246 1571 3373 1644 ipse
3419 1572 3689 1645 probavit

2041 1657 2377 1730 Apostolus,
2428 1675 2560 1714 cum
2626 1658 2773 1715 dixit
2823 1677 2836 1715 :
2888 1661 3217 1716 Honorabzle
3253 1662 3590 1718 connubium
3636 1666 3689 1718 et

2043 1748 2233 1804 thorus
2276 1749 2669 1805 immaculatus
2714 1749 2796 1818 “;
2850 1766 2924 1805 an
2971 1749 3270 1822 publicum
3344 1750 3514 1807 illum
3584 1752 3687 1824 qui

2042 1835 2375 1893 clanculum
2406 1842 2464 1894 et
2492 1837 2805 1895 libidinose
2833 1843 3135 1896 exercetur
3154 1840 3181 1895 ‘I
3209 1839 3358 1897 Nam
3380 1839 3440 1896 in
3462 1839 3687 1898 cateris

284 1924 487 1999 Τίμιος
538 1925 567 1981 ὁ
614 1926 793 2003 γάμος
840 1924 1015 2024 καὶ.ιὴ
1063 1923 1220 1995 κοίτη
1264 1921 1631 2024 ἀμίαντρςυὶὲ
1679 1921 1780 2024 τὴν
1840 1917 1928 1991 δη-

2044 1943 2297 1999 quoque,
2323 1945 2426 2000 per
2456 1929 2605 1984 hanc
2632 1927 2813 1984 vitam
2837 1928 2930 2001 agi
2961 1928 3453 2001 solitis,quaedam
3483 1946 3684 1988 occur-

290 2011 449 2089 μώδη
486 2015 604 2090 μὲν,
640 2012 913 2086 λαθραίως
944 2010 1002 2069 δὲ
1028 2012 1120 2068 καὶ
1156 2016 1429 2089 μοιχικῶς
1458 2007 1889 2083 ἐπιτελουμένην
1916 2028 1929 2080 ;

264 2104 438 2161 .Ἐπεὶ
467 2103 559 2160 καὶ
581 2108 688 2160 τῶν
720 2101 930 2172 ἄλλων,
960 2106 1069 2158 τῶν
1099 2100 1150 2157 ἰν
1182 2106 1262 2175 τῷ
1295 2101 1399 2176 βίῳ
1427 2100 1752 2177 γινομένων,
1776 2097 1935 2172 εὑρή-

287 2213 452 2268 σομεν
482 2194 577 2256 τὰς
606 2190 866 2272 διαφορὰς
899 2192 1035 2247 κατά
1080 2212 1131 2246 τι
1177 2187 1490 2268 γινομένας·
1525 2191 1643 2243 οἷον
1692 2186 1931 2266 φονεύειν

286 2281 385 2339 οὐκ
412 2276 634 2356 ἔξεστιν,
662 2279 789 2338 ἀλλ’
820 2282 872 2336 ἐν
904 2278 1175 2353 πολέμοις
1207 2281 1319 2353 (69)
1349 2277 1586 2355 ἀναιρεῖν
1615 2276 1743 2339 τοὺς
1784 2277 1927 2331 ἀντι-

283 2369 495 2435 πάλους
522 2372 612 2428 καὶ
641 2368 865 2445 ἔννομον
894 2368 985 2426 καὶ
1012 2368 1232 2425 ἐπαίνου
1264 2366 1430 2440 ἄξιον.
1463 2366 1621 2426 Οὕτω
1658 2370 1791 2444 γοῦν
1839 2366 1929 2421 καὶ

282 2465 457 2537 τιμῶν
495 2460 745 2540 μεγάλων
770 2462 823 2516 οἱ
850 2460 988 2517 κατὰ
1016 2454 1267 2533 πόλεμόν
1297 2456 1702 2535 ἀριστεύσαντες
1726 2457 1931 2529 ἀξιοῦν-

280 2573 392 2621 ται,
424 2551 515 2608 καὶ
573 2549 772 2623 στῆλαι
826 2550 1034 2606 τούτων
1090 2547 1392 2626 ἐγείρονται
1448 2546 1813 2623 κηρύττουσαι
1864 2546 1931 2599 τὰ

281 2640 697 2717 κατορθώματα.
730 2643 891 2696 Ὥστε
939 2640 1002 2695 τὸ
1058 2637 1188 2693 αὐτὸ
1245 2635 1381 2692 κατά
1426 2657 1477 2690 τι
1531 2635 1625 2709 μὶν
1675 2634 1766 2690 καὶ
1794 2635 1931 2689 κατὰ

263 2731 470 2806 ’καιρὸν
529 2730 630 2786 οὐκ
686 2723 874 2801 ἔξεστι,
906 2728 1043 2785 κατά
1091 2748 1145 2783 τι
1178 2724 1237 2782 δὲ
1266 2726 1356 2782 καὶ
1405 2725 1670 2800 εὐκαίρως
1718 2722 1930 2801 ἀφίεται

283 2821 372 2877 καὶ
426 2818 847 2896 συγκεχώρηται
897 2820 1031 2893 (70).
1064 2818 1125 2874 Ὁ
1174 2816 1334 2880 αὐτὸς
1388 2814 1564 2870 τοίνυν
1622 2812 1784 2890 λόγος
1839 2811 1929 2867 καὶ

281 2910 407 2985 περὶ
437 2915 536 2981 τῆς
563 2908 780 2983 μίξεως·
813 2907 1091 2981 Μακάριος
1120 2907 1179 2969 ὃς
1211 2904 1265 2961 ἐν
1309 2904 1545 2977 νεότητι,
1579 2904 1733 2980 ζυγὸν
1783 2898 1927 2977 ἔχων

283 2998 590 3074 ἰλεύθερον,
633 3002 703 3073 τῇ
752 2995 906 3076 φύσει
954 2996 1092 3071 πρὸς
1141 2993 1492 3051 παιδοποιίαν
1541 2991 1848 3069 κέχρηται·
1884 2990 1928 3045 εἰ

285 3086 345 3144 δὲ
372 3087 509 3165 πρὸς
540 3085 842 3161 ἀσέλγειαν,
874 3084 1107 3161 πόρνους
1135 3083 1225 3139 καὶ
1284 3082 1520 3158 μοιχοὺς
1577 3084 1613 3152 ἡ
1663 3082 1810 3157 παρὰ
1849 3083 1930 3151 τῷ

284 3166 609 3249 ’Δποστόλῳ
638 3180 905 3254 γραφεῖσα
933 3172 1171 3248 τιμωρία
1219 3170 1481 3243 ἐκδέξεται
1515 3173 1646 3245 (Ἡ).
1681 3169 1785 3226 Δύο
1826 3170 1929 3245 γὰρ

285 3267 465 3323 οὐσῶν
496 3263 634 3321 ὁδῶν
668 3262 721 3320 ἓν
746 3268 826 3336 τῷ
859 3262 965 3341 βίῳ
992 3263 1117 3340 περὶ
1146 3262 1377 3330 τούτων,
1405 3267 1532 3335 μιᾶς
1565 3260 1662 3334 μὲν
1697 3280 1928 3336 μετριω-

280 3355 441 3432 τέρας
490 3354 582 3411 καὶ
634 3325 1273 3429 βιωτικής,’τοῦιγάμου
1324 3325 1486 3426 λέγω·
1519 3325 1619 3421 si”):
1652 3325 1711 3405 δέ
1743 3325 1926 3427 ἑτέρας
1960 3325 2004 3393 c

282 3441 579 3521 ἀγγελικῆς
618 3442 708 3498 καὶ
757 3436 1194 3518 ἀνυπερϐλήτου,
1235 3447 1335 3511 τῆς
1385 3439 1698 3517 παρθενίας·
1729 3439 1774 3495 εἰ
1833 3439 1926 3514 μέν

279 3554 365 3597 τις
393 3534 494 3603 τήν
522 3532 815 3606 κοσμικήν,
847 3531 994 3586 τοῦτ’
1039 3529 1151 3599 ἔστι
1183 3531 1276 3586 τὸν
1324 3528 1517 3606 γάμον,
1550 3524 1756 3598 ἕλοιτο,
1788 3527 1929 3602 μέμ·

282 3624 376 3697 ψιν
408 3621 505 3696 μὶν
536 3620 637 3676 ούκ
660 3616 798 3696 ἔχει·
824 3623 1059 3676 τοσαῦτα
1090 3619 1149 3673 δὲ
1186 3617 1499 3694 χαρίσματα
1551 3618 1616 3672 οὐ
1669 3615 1937 3691 λήψεται.’

282 3711 530 3786 Λήψεται
573 3709 699 3785 γὰρ,
747 3707 968 3785 ἐπείπερ
1019 3709 1166 3786 φέρει
1216 3707 1307 3763 καὶ
1356 3705 1516 3769 αὐτὸς
1564 3706 1769 3781 καρπὸν
1816 3709 1929 3760 τῶν

281 3800 572 3876 τριάκοντα
600 3800 737 3870 (72).
771 3796 836 3857 Εἰ
868 3794 927 3852 δὲ
953 3799 1052 3867 τὴν
1085 3798 1248 3872 ἀγνήν
1299 3817 1382 3858 τις
1424 3796 1516 3850 καὶ
1563 3794 1928 3872 ὑπερκόσμιον

282 3889 601 3961 ἀσπάσοιτο,
634 3886 685 3943 εἷ’
708 3886 800 3943 καὶ
828 3891 1058 3963 τραχεῖα
1085 3885 1232 3962 παρᾶ
1258 3887 1358 3956 τὴν
1407 3884 1631 3962 πρώτην
1670 3883 1759 3940 καὶ
1801 3881 1930 3939 δυσ-

282 3978 626 4054 κατόρθωτος
656 3979 692 4047 ἡ
720 3973 869 4048 ὁδὸς,
901 3975 1054 4050 ὅμως
1084 3972 1200 4051 ἔχει
1249 3973 1566 4052 χαρίσματα
1614 3974 1929 4048 θαυμασιώ-

280 4085 430 4145 τερα·
463 4065 555 4122 τὸν
584 4067 688 4141 γὰρ
719 4064 926 4122 τέλειον
969 4065 1176 4141 καρπὸν
1227 4065 1325 4134 τὴν
1384 4060 1712 4119 ὲκατοντάδα
1766 4057 1929 4119 ἐϐλά-

281 4176 499 4228 στησεν.
530 4158 691 4211 Ὥστε
718 4155 786 4210 τὰ
816 4153 1089 4230 ἀκάθαρτα
1118 4152 1293 4209 αὐτῶν
1345 4152 1437 4208 καὶ
1480 4152 1697 4229 πονηρᾶ
1757 4154 1928 4224 ζητή-

285 4266 427 4320 ματα
455 4242 637 4306 λύσεις
679 4240 822 4306 ἰδίας
853 4238 981 4320 ἔσχε
1007 4243 1095 4298 καὶ
1129 4243 1276 4319 παρά
1329 4246 1437 4298 τῶν
1493 4241 1649 4297 θείων
1700 4247 1928 4321 Γραφῶν

280 4333 453 4391 πάλαι
518 4331 901 4409 προλυθείσας.
959 4333 1315 4405 Ὑποστήριζε
1369 4330 1571 4399 τοίνυν,
1625 4331 1672 4384 ὦ
1729 4329 1929 4408 Πάτερ,

275 4423 373 4485 τὰς
404 4423 505 4478 ὑπὸ
553 4422 743 4478 σαυτὸν
798 4420 1018 4499 ἀγέλας,
1059 4419 1118 4476 ἐκ
1167 4425 1277 4476 τῶν
1329 4418 1713 4475 ἀποστολικῶν
1754 4440 1926 4495 παρα-

276 4510 461 4567 καλῶν
494 4514 629 4586 (73),
661 4512 721 4568 ἐκ
753 4516 861 4567 τῶν
910 4509 1280 4587 εὐαγγελικῶν
1321 4513 1675 4586 ψυχαγαγῶν,
1709 4508 1769 4564 ἐκ
1819 4513 1925 4563 τῶν

279 4599 516 4675 ψαλμῶν
572 4595 984 4674 συμϐουλεύων·
1039 4598 1208 4669 Ζῆσόν
1273 4620 1359 4673 με,
1421 4597 1617 4675 λέγων,
1675 4600 1812 4653 κατὰ
1865 4599 1928 4653 τὸ

2046 2020 2184 2071 runt
2208 2016 2418 2089 agendi
2449 2016 2795 2073 discrimina
2828 2034 2840 2072 :
2876 2017 3047 2089 quale
3076 2018 3341 2075 occidere
3370 2035 3488 2075 non
3518 2019 3685 2089 licet;

2042 2109 2104 2160 at
2135 2105 2192 2160 in
2225 2104 2377 2161 bello
2407 2106 2770 2162 adversarios
2799 2105 3148 2176 interficere,
3177 2111 3235 2162 et
3260 2106 3688 2181 legitimum,et

2039 2192 2213 2251 laude
2241 2195 2487 2268 dignum
2504 2195 2716 2251 est.Sic
2737 2194 2969 2269 magnis
2986 2196 3282 2253 donantur
3310 2197 3567 2269 praemiis
3584 2198 3686 2270 qui

2041 2299 2104 2339 se
2135 2284 2195 2339 in
2222 2283 2377 2341 bello
2405 2289 2642 2340 strenue
2660 2289 2891 2356 gerunt,
2923 2284 3197 2358 cippique
3225 2285 3685 2358 eriguntur,quaa

2041 2373 2319 2447 praeclara
2346 2390 2548 2430 eorum
2580 2372 2873 2430 celebrent
2904 2372 3394 2447 facinora.Itaque
3425 2375 3686 2448 idipsum

2040 2463 2295 2535 quodam
2328 2463 2519 2531 modo,
2543 2468 2600 2518 et
2626 2463 2881 2535 quodam
2906 2467 3171 2535 tempore
3201 2481 3318 2521 non
3350 2464 3521 2521 licet:
3547 2481 3686 2537 qua-

2039 2552 2176 2608 dam
2226 2556 2422 2608 autem
2470 2551 2694 2608 ratione
2741 2556 2799 2608 et
2843 2552 3281 2625 opportunitate
3326 2553 3689 2626 permittitur

2039 2641 2516 2713 concediturque.
2560 2641 2775 2698 Eadem
2810 2641 2990 2715 igitur
3026 2646 3117 2699 est
3163 2642 3234 2697 de
3285 2642 3440 2698 coitu
3487 2644 3683 2700 ratio:

2038 2734 2253 2789 Beatus
2282 2730 2384 2802 qui
2416 2731 2475 2787 in
2492 2730 2798 2801 juventute
2814 2729 2997 2786 libero
3019 2732 3263 2802 junctus
3287 2732 3684 2805 matrimonio,

2040 2825 2251 2874 natura
2280 2819 2350 2874 ad
2381 2818 2700 2874 liberorum
2723 2820 3186 2891 procreationem
3211 2837 3356 2876 usus
3376 2825 3466 2876 est
3498 2823 3685 2893 :quod

2040 2908 2091 2965 si
2139 2908 2209 2963 ad
2255 2907 2583 2975 libidinem,
2633 2907 3014 2965 fornicatores
3059 2913 3116 2965 et
3185 2909 3465 2981 mmchos,
3530 2901 3685 2981 quod

2041 2999 2196 3070 apud
2227 2996 2568 3069 Apostolum
2597 3001 2979 3069 memoratur,
3008 2998 3368 3071 supplicium
3409 2998 3681 3072 excipiet.

2040 3086 2187 3142 Nam
2218 3085 2431 3158 duplex
2459 3102 2594 3141 cum
2625 3086 2704 3141 sit
2733 3085 2825 3141 via
2854 3086 2914 3141 in
2944 3086 3086 3154 vita,
3118 3086 3232 3143 alia
3260 3088 3502 3159 quidem
3536 3088 3684 3144 infe-

2041 3176 2160 3232 rior
2188 3174 2988 3247 vulgariorque,matrimonii
3012 3176 3270 3245 scilicet;
3295 3176 3410 3233 alia
3441 3193 3572 3234 vero
3594 3194 3692 3234 an-

2042 3264 2230 3338 gelica
2254 3269 2311 3321 et
2334 3281 2612 3336 suprema
2641 3264 2929 3335 omnium,
2976 3282 3183 3338 nempe
3227 3266 3615 3339 virginitatis;
3641 3266 3693 3324 si

2044 3355 2176 3428 quis
2209 3354 2591 3424 mundanam,
2625 3354 2863 3426 nuptias
2893 3354 3171 3411 nimirum
3221 3354 3481 3428 elegerit,
3515 3356 3691 3429 culpa

2040 3443 2279 3515 quidem
2310 3446 2496 3512 vacat,
2539 3443 2639 3499 sed
2672 3446 2757 3499 tot
2804 3447 3083 3515 tantaque
3128 3459 3242 3499 non
3293 3449 3690 3517 consequetur

2040 3532 2622 3605 dona.Consequetur
2644 3536 2840 3588 tamen
2872 3531 3089 3604 aliqua,
3126 3533 3175 3589 si
3207 3533 3443 3605 quidem
3476 3539 3534 3590 et
3564 3535 3688 3606 ipse

2040 3622 2151 3678 fert
2180 3622 2435 3678 fructum
2464 3621 2853 3677 tricesimum.
2886 3621 2948 3677 Si
2977 3622 3079 3694 qui
3108 3637 3242 3677 vero
3266 3626 3487 3679 castam
3508 3638 3682 3679 mun-

2040 3711 2233 3782 doque
2261 3710 2623 3783 superiorem
2656 3709 2960 3781 amplexus
2990 3710 3166 3766 fuerit
3194 3711 3396 3780 vitam,
3449 3711 3684 3768 tametsi

2040 3800 2163 3855 haec
2193 3802 2377 3856 altera
2404 3799 2661 3871 asperior
2690 3802 2749 3854 et
2774 3798 3070 3855 difﬁcilior
3096 3799 3191 3854 via
3239 3804 3350 3870 est,
3402 3804 3466 3855 at
3514 3799 3700 3855 excel-

2041 3888 2392 3944 lentioribus
2441 3886 2541 3943 ille
2590 3887 2936 3943 muneribus
2993 3888 3305 3944 donandus
3350 3892 3441 3943 est
3491 3903 3504 3942 :
3557 3890 3695 3960 per-

2041 3977 2256 4034 fectum
2290 3977 2507 4050 quippe
2538 3976 2818 4043 fructum,
2853 3993 3062 4050 nempe
3112 3977 3500 4033 centesimum
3554 3993 3695 4049 pro—

2041 4067 2437 4139 duxit.Itaque
2466 4066 2733 4122 obscenas
2760 4065 2993 4121 illorum
3028 4070 3204 4136 atque
3236 4064 3510 4138 malignas
3533 4081 3695 4137 quaa-

2042 4157 2284 4225 stiones,
2345 4153 2610 4227 proprias
2665 4154 2887 4209 habent
2949 4153 3273 4209 solutiones
3349 4172 3420 4210 ex
3476 4152 3692 4210 divinis

2036 4244 2356 4317 Scripturis
2379 4245 2505 4316 jam
2537 4243 2676 4299 olim
2709 4242 2939 4299 allatas.
2969 4243 3263 4299 Conﬂrma
3306 4259 3470 4316 ergo,
3503 4244 3695 4311 Pater,

2038 4349 2247 4406 greges
2277 4337 2431 4403 tuos,
2464 4331 2920 4404 apostolicisque
2962 4332 3155 4388 verbis
3206 4332 3461 4390 hortare.
3508 4334 3692 4390 Evan-

2038 4422 2239 4496 gelicis
2272 4421 2558 4490 demulce,
2594 4437 2663 4476 ex
2695 4420 2941 4493 psalmis
2995 4422 3068 4477 da
3115 4422 3427 4479 consilium
3465 4440 3478 4479 :
3519 4422 3695 4493 Viﬁca

2036 4527 2146 4582 me,
2177 4511 2406 4579 dicens,
2435 4510 2734 4567 secundum
2762 4511 3046 4582 eloquium
3079 4519 3235 4567 tuum
3273 4512 3316 4546 ⁸⁸
3348 4512 3692 4585 ;eloquium

2039 4605 2234 4657 autem
2266 4601 2395 4670 ejus
2427 4599 2572 4654 illud
2604 4605 2715 4667 est,
2747 4604 2812 4654 ut
2840 4616 2908 4655 ex
2939 4616 3084 4671 puro
3129 4601 3302 4656 corde
3363 4602 3691 4657 serviamus

281 4687 466 4763 λόγιόν
499 4708 615 4744 σου·
649 4688 836 4766 λόγιον
870 4686 928 4744 δὲ
969 4686 1132 4743 αὐτοῦ
1179 4688 1240 4743 τὸ
1298 4686 1357 4742 ἐκ
1409 4689 1645 4763 καθαρᾶς
1702 4684 1924 4762 καρδίας

2044 4689 2145 4745 illi.
2180 4689 2297 4745 Hoc
2329 4705 2463 4744 cum
2496 4705 2611 4744 non
2644 4688 2871 4761 ignoret
2896 4688 3020 4760 ipse
3052 4689 3496 4761 Propheta,sese
3518 4689 3691 4762 quasi

280 4776 559 4851 λατρεύειν
588 4777 756 4851 αὐτῷ.
789 4781 968 4836 Τοῦτο
997 4777 1102 4854 γὰρ
1132 4774 1290 4839 εἰδὼς
1325 4778 1353 4831 ὁ
1386 4776 1543 4838 αὐτὸς
1604 4779 1919 4854 Προφήτης,

279 4866 460 4942 ὥσπερ
536 4867 720 4922 ἑαυτὸν
798 4865 1174 4945 μεταφράζων,
1235 4864 1401 4941 λέγει.
1457 4861 1686 4940 Καρδίαν
1753 4867 1924 4920 καθα-

277 4956 373 5033 ρὰν
412 4953 592 5011 κτίσον
643 4955 695 5010 ἰν
746 4953 893 5029 ἐμοὶ,
926 4956 955 5011 ὁ
986 4951 1259 5018 Θεός·’ίνα
1315 4956 1390 5028 μὴ
1443 4951 1713 5031 ῥυπώδεις
1767 4954 1922 5031 λογιο

2034 4779 2449 4850 interpretatur
2474 4778 2708 4833 dicens:
2735 4777 2838 4834 Cor
2851 4776 3118 4833 mundum
3137 4794 3260 4833 area
3278 4779 3338 4832 in
3357 4777 3684 4846 me,Deus“,

2035 4884 2107 4925 ne
2159 4884 2253 4923 me
2298 4868 2561 4923 obscena:
2608 4866 2991 4940 cogitationes
3038 4866 3412 4922 conturbent.
3462 4866 3690 4923 Rursus

2036 4959 2161 5031 ipse
2192 4956 2374 5013 David
2410 4973 2423 5013 :
2456 4956 2520 5010 Et
2551 4954 2765 5028 Spiritu
2790 4956 3099 5029 principali
3125 4956 3388 5027 conﬁrma
3417 4971 3508 5012 me
3535 4955 3600 5027 ⁸⁷,
3625 4957 3690 5011 ut

344 5090 390 5125 ⁸³
417 5091 625 5147 Genes.
658 5108 699 5160 ι,
727 5091 818 5146 28.
894 5090 940 5126 ⁸⁴
967 5091 1140 5147 Hebr.
1173 5107 1296 5158 xm,
1330 5091 1382 5145 4.
1459 5090 1504 5126 ⁵⁸
1534 5090 1685 5147 Psal.
1713 5107 1910 5148 cxvm.

2044 5093 2068 5148 ’.
2144 5092 2190 5127 ⁵⁸
2224 5089 2374 5148 Psal.
2408 5107 2464 5160 L,
2497 5091 2585 5146 12.
2661 5091 2705 5126 ⁸⁷
2737 5090 2882 5146 ibid.
2916 5090 3004 5147 14.

343 5224 456 5313 (66)
488 5223 705 5313 Regius
726 5224 967 5313 ’tertiu's,
999 5228 1249 5313 quartus
1291 5228 1347 5313 et
1389 5224 1655 5313 quintus,
1691 5219 1923 5311 διέξοδοι

271 5294 411 5370 πρὸς
440 5294 544 5370 ea
566 5294 674 5370 τῶν
723 5294 775 5350 έν
796 5369 801 5370 ί
826 5294 1036 5370 έκάστιμ
1062 5295 1295 5370 ,τῶν-*ἰν
1315 5294 1449 5367 ἡμῖν
1486 5294 1666 5370 μελῶν
1701 5300 1925 5370 χυμῶν·

272 5363 411 5423 οἷον.
445 5367 596 5424 Editi
624 5378 676 5424 el
706 5368 948 5440 quidam
976 5363 1096 5436 alli,
1127 5363 1369 5437 διέξοδοι
1388 5363 1526 5423 κατά
1552 5372 1684 5439 τῶν,
1704 5363 1924 5435 aequi.

276 5442 543 5521 [ιι-ζειαὶ.
568 5443 694 5497 Mox
722 5439 1055 5521 complures
1082 5440 1493 5521 manuscripti,
1512 5440 1918 5515 περιττώματα.

273 5512 424 5569 Editi
460 5529 593 5583 vero
625 5529 760 5568 cum
801 5510 956 5582 aliis,
989 5510 1328 5583 περίττωμα.

346 5583 458 5656 (67)
491 5581 558 5637 Ai
587 5584 753 5649 deest
782 5583 841 5638 in
874 5581 1134 5639 editis‘et
1163 5584 1221 5638 in
1240 5581 1591 5655 quibusdam
1619 5600 1915 5640 manuscr.

276 5656 341 5711 In
357 5654 644 5729 pluribus
675 5655 909 5729 legitur.

368 5672 644 5782 géurmus
675 5672 909 5729 legitur.
1237 5722 1265 5733 η

347 5726 367 5847 ς
496 5729 706 5803 Regius
735 5728 967 5810 tertius,
999 5726 1145 5847 παςὰ
1170 5745 1268 5779 του
1294 5728 1428 5780 Θεοῦ
1457 5722 1784 5783 πέπλασται.

367 5798 441 5847 69
486 5800 612 5847 Dnn
643 5803 1051 5847 manmmnnh-
1109 5818 1137 5847 ν
1170 5794 1425 5847 πολὲηω.
1456 5801 1581 5847 Mnx
1622 5800 1736 5847 duo

496 5729 706 5803 Regius
735 5728 967 5810 tertius,
999 5728 1145 5853 παῗὰ
1170 5728 1268 5779 τοῦ
1294 5728 1428 5780 Θεοῦ
1457 5728 1784 5783 πέπλασται.

367 5798 441 5853 69
485 5800 612 5858 Duo
643 5803 1051 5873 manuscripti,
1109 5818 1137 5852 ν
1170 5794 1425 5871 πολέμῳ.
1456 5801 1584 5856 Mox
1622 5800 1736 5856 duo
1794 5814 1917 5853 ma-

2041 5224 2347 5297 nuscripti,
2382 5222 2600 5295 ἔννομόν
2630 5244 2708 5279 τε.

2108 5300 2219 5369 (70)
2246 5293 2469 5369 Ὁσιυεε
2502 5293 2618 5352 fere
2649 5293 3057 5366 manuscripti,
3082 5294 3520 5369 συγκεχώρηται.
3554 5293 3688 5349 Edi.

2036 5368 2100 5435 ti,
2132 5366 2533 5442 ἐγκεχώρηται.

2106 5431 2507 5511 (71)Μιιὲιὶ’ωιι
2560 5454 2696 5511 pars
2754 5436 3335 5511 manuscriptorum,
3393 5431 3679 5505 ἐκδέξεται.

2035 5504 2210 5577 Εᾶἰῐὶ,
2242 5508 2465 5580 δέξεται.
2501 5504 2723 5582 Regius,
2746 5508 2978 5582 tertius,
3010 5504 3309 5582 ἐκδέχεται,

2104 5584 2215 5654 (7‘2)
2247 5576 2462 5654 Regius
2510 5586 2544 5639 3
2583 5576 2654 5637 ’ὀί
2704 5581 2754 5646 4,
2785 5578 2876 5654 τὸν
2921 5576 3241 5654 τριάκοντα.Δ
3270 5579 3420 5654 Mog,
3473 5594 3679 5654 manu-

2033 5648 2235 5726 scripti
2291 5648 2470 5711 fevrme
2518 5668 2746 5718 omnes,
2793 5648 3317 5726 dendooyco.Editi,
3359 5648 3677 5705 ἀσπάσαιτο.

2103 5719 2215 5799 (73)
2248 5727 2465 5801 Regius
2487 5730 2759 5808 quartus,
2793 5719 3167 5777 ἀποστολικῶν
3201 5725 3448 5800 Γραφῶν.
