4048 6354
425 410 580 472 H79
960 411 1018 470 S.
1067 411 1498 471 ATHANASII
1544 410 1718 470 OPP.
1764 410 1964 472 PARS
2010 409 2061 470 Ι.

2200 408 2621 471 ΗῘΒΤΟΗΙΟΑ
2668 409 2767 470 ΕΤ
2810 410 3288 475 DOGMATICA.
3686 410 3840 473 1180

424 559 586 614 pora,
620 547 683 598 ut
712 559 779 597 ea
809 559 986 614 quam
1021 541 1166 613 ipsis
1195 541 1499 598 ascribunt
1529 541 1900 614 antiquitatis
1935 558 2066 614 spe-

2198 537 2493 612 ιαλουμένη
2552 543 2660 594 τῶν
2741 539 3086 608 ἀποστόλων,
3165 544 3256 598 καὶ
3334 543 3361 598 ὁ
3434 543 3677 617 Ποιμήν.
3737 542 3840 597 Καὶ

424 632 534 698 cie,
565 631 931 688 occasionem
965 636 1202 702 captent
1231 631 1622 702 simpliciores
1657 629 1916 686 fallendi.

2198 629 2362 702 ὅμως,
2399 629 2694 705 ἀγαπητοὶ,
2726 631 2998 685 κάκείνωα
3041 631 3476 706 κανονιζομένων
3509 633 3595 686 καὶ
3628 631 3838 687 τούτων

2189 719 2737 795 ἀναγινωσκομένων,
2798 717 3045 793 οὐδαμοῦ
3093 726 3201 776 τῶν
3240 721 3566 800 ἀποκρῦφων
3601 723 3705 794 μνή
3719 743 3793 794 μη
3823 775 3838 786 ,

423 809 571 865 ἀλλά
625 808 905 883 αἱρετικῶν
966 807 1107 864 ἐστιν
1166 807 1411 874 ἐπίνοια,
1483 807 1798 886 γραφόντων
1882 808 1976 880 μὶν
2053 806 2142 862 ὅτε
2199 811 2306 880 (94)
2385 807 2637 863 θέλουσιν
2705 809 2860 875 αὐτὰ,
2916 811 3294 885 χαριζομένων
3354 809 3410 867 δὲ
3468 811 3556 866 καί
3609 831 3844 882 προστι-

425 897 621 952 θέντων
653 895 838 958 αὺτοῖς
889 899 1125 972 χρόνους
1159 945 1173 968 ,
1225 895 1302 952 'iv'
1353 899 1427 959 ὡς
1484 895 1690 952 παλαιά
1746 895 2126 974 προφέροντες,
2183 899 2572 974 προφέροντες,
2631 898 2898 975 πρόφασιν
2933 895 3133 975 ἔχωσιν
3164 899 3367 970 ἀπατᾷν
3397 899 3454 954 ἐκ
3482 899 3678 954 τούτου
3710 898 3841 961 τοὺς

421 985 729 1063 ἀκεραίους.

786 1177 1102 1233 EPISTOLA
1144 1178 1231 1232 AD
1271 1176 1704 1234 RUFINIANUM.

493 1285 740 1340 Domino
773 1283 910 1350 lilio,
941 1289 998 1340 et
1029 1284 1400 1356 optatissimo
1452 1283 1860 1339 comministro
1921 1281 2076 1336 Rufi-

419 1375 616 1443 niano,
654 1373 1010 1428 Athanasius
1040 1373 1098 1428 in
1135 1373 1379 1428 Domino
1413 1371 1688 1427 salutem.

493 1468 574 1518 Tu
607 1463 843 1534 quidem
879 1479 1004 1533 qum
1037 1461 1310 1517 dileclum
1346 1461 1529 1516 ﬁliom
1576 1462 1782 1516 decent
1841 1461 1911 1516 ad
1972 1465 2075 1515 Pa-

419 1557 569 1608 trem
601 1550 894 1606 scribis:te
928 1551 1122 1623 itaque
1155 1549 1364 1606 litteris
1398 1550 1769 1606 accedentem
1803 1549 1922 1604 tuis
1952 1566 2076 1604 am-

423 1640 627 1714 plexus
653 1655 808 1710 sum,
841 1640 1105 1696 omnium
1135 1639 1518 1696 dilectissime
1546 1639 1688 1694 mihi
1747 1639 2075 1694 Ruﬁniane.

2445 1180 2532 1230 ΕΗ
2547 1177 2807 1231 ΙΣΤΟΑΗ
2859 1177 3040 1232 ΠΡΟΣ
3084 1178 3588 1234 ΡΟΥΦΙΝῙΑΝΟΝ.

2258 1280 2439 1355 Κυρίῳ
2459 1281 2561 1352 υἱῷ
2608 1278 2698 1335 καί
2749 1282 3120 1355 ποθεινοτάτῳ
3168 1281 3582 1358 σψλλειτουργῷ
3626 1284 3845 1360 Ῥουφι-

2186 1375 2370 1442 νιανῷ,
2400 1370 2720 1433 Ἀθανάσιος
2751 1369 2803 1424 ἐν
2840 1370 3004 1442 Κυρίᾳ
3034 1371 3269 1447 χαίρειν.

2261 1459 2335 1512 Σὺ
2389 1459 2483 1530 μέν
2527 1458 2594 1513 τὰ
2649 1459 2752 1530 υἱῷ
2808 1459 3150 1533 ἠγαπημένῳ
3199 1461 3474 1535 πρέποντα
3530 1463 3643 1533 (95)
3705 1463 3844 1537 πρὸς

2189 1547 2396 1622 Πατέρα
2445 1547 2667 1622 γράφεις
2701 1566 2712 1578 ·
2758 1545 3039 1622 έγγίσαντα
3097 1553 3225 1624 γοῦν
3288 1569 3344 1603 σε
3394 1546 3484 1603 διὰ
3533 1555 3630 1605 τοῦ
3662 1550 3847 1625 γράμ-

2193 1658 2358 1710 ματος
2439 1637 2875 1710 περιεπτυξάμην
2910 1680 2924 1703 ,
3007 1636 3220 1692 πάντων
3307 1637 3432 1710 ἐμοὶ
3497 1638 3849 1694 ποθεινότατε

424 1730 568 1785 Cum
628 1733 822 1785 autem
854 1735 912 1785 et
945 1731 1002 1784 in
1035 1729 1324 1786 sermonis
1355 1728 1589 1784 exordio
1620 1733 1677 1783 et
1706 1729 1764 1783 in
1799 1727 1991 1783 medio
2021 1733 2074 1783 et

2198 1727 2516 1803 Ῥουφινιανέ
2551 1746 2562 1758 ·
2597 1725 2750 1800 κάγὼ
2782 1721 2858 1792 δὲ,
2909 1725 2985 1787 ὡς
3034 1727 3136 1798 υἱῷ
3183 1723 3478 1799 δυνάμενος
3529 1723 3754 1805 γράφειν
3787 1722 3840 1783 ἔν

424 1819 486 1874 in
521 1820 653 1887 line,
681 1818 810 1883 tibi,
843 1818 1010 1889 quasi
1045 1816 1165 1872 {ilio
1197 1817 1452 1874 scribere
1490 1833 1746 1889 possem.
1805 1833 1899 1872 me
1957 1816 2081 1888 ipse

429 1907 771 1973 cohibui,ne
799 1924 867 1962 ex
898 1906 1110 1962 litteris
1140 1906 1571 1962 commendatio
1595 1911 1652 1962 et
1671 1907 2079 1962 testimonium

432 1999 626 2070 polam
677 1997 862 2052 ﬁeret.
927 1997 1013 2052 Tu
1067 1995 1224 2051 enim
1285 1995 1430 2051 mihi
1485 2012 1548 2052 es
1605 1995 1872 2067 epistola,
1930 1995 2084 2051 sicut

430 2087 720 2159 scriptum
752 2091 843 2141 est
869 2087 934 2153 ⁸³,
968 2085 1165 2157 agnita
1195 2084 1459 2154 lectaque
1489 2086 1546 2139 in
1577 2084 1871 2140 corde.Sic
1902 2083 2083 2156 igitur

429 2176 670 2242 credito,
695 2180 752 2230 et
783 2175 862 2230 ita
891 2174 1133 2230 aifectus
1161 2179 1306 2244 esto,
1350 2174 1526 2229 etiam
1581 2174 1824 2229 credito.
1877 2172 2080 2228 Saluto

424 2268 501 2331 te,
531 2271 589 2320 et
642 2270 706 2318 ut
763 2264 1049 2319 rescribas
1108 2263 1345 2328 hortor;
1379 2280 1493 2319 non
1527 2279 1735 2336 parum
1764 2263 1944 2328 enim,
1977 2262 2078 2317 sed

425 2369 800 2424 summopere
831 2369 942 2419 me,
1002 2352 1084 2407 ita
1141 2352 1388 2424 agendo,
1448 2351 1727 2408 delectas.
1791 2350 2078 2417 Quoniam

423 2447 617 2498 autem
653 2441 919 2497 studiose
950 2448 1007 2496 et
1036 2441 1450 2509 ecclesiastica,
1486 2447 1549 2496 ut
1580 2440 1777 2512 pietati
1810 2439 2080 2496 convenit

428 2537 562 2600 tuas,
590 2530 962 2602 interrogasti
995 2529 1067 2586 de
1098 2531 1170 2586 iis
1219 2531 1319 2602 qui
1371 2531 1420 2584 vi
1478 2530 1718 2602 quidem
1777 2528 2076 2597 subducti,

429 2619 578 2692 lapsi
629 2624 792 2689 sunt,
851 2635 958 2674 nec
986 2625 1180 2674 tamen
1211 2637 1386 2690 prava
1415 2619 1529 2674 ﬁde
1558 2617 1817 2690 corrupti
1849 2635 1862 2672 :
1895 2623 1952 2674 et
1981 2635 2076 2673 vo-

433 2709 595 2764 luisti
629 2725 722 2764 me
753 2708 1093 2775 rescribere,
1125 2726 1252 2780 qua:
1279 2709 1351 2763 de
1381 2707 1522 2774 illis,
1557 2725 1691 2763 cum
1723 2709 1780 2763 in
1813 2708 2075 2780 synodis,

433 2803 558 2854 tum
593 2797 812 2868 ubique
843 2796 991 2852 alias
1021 2797 1251 2853 decreta
1278 2802 1451 2865 sunt;
1508 2796 1652 2854 scito
1704 2797 1943 2852 Domine
1995 2796 2076 2851 mi

427 2885 820 2958 optatissime,
879 2886 938 2940 in
998 2886 1282 2957 principio
1342 2885 1578 2958 quidem
1639 2902 1772 2941 cum
1831 2885 1917 2941 vis
1975 2884 2079 2941 illa

425 2975 719 3040 desiisset,
770 2981 1030 3032 coactam
1074 2977 1366 3048 synodum
1395 2977 1576 3032 fuisse
1605 2977 1738 3047 (99),
1774 2975 2074 3047 praesenti-

427 3065 538 3120 bus
567 3070 893 3121 exterarum
928 3065 1184 3136 partium
1206 3065 1498 3136 episcOpis
1519 3081 1531 3119 :
1553 3063 1905 3120 celebratam
1934 3064 2073 3120 item

424 3153 601 3209 aliam
636 3153 820 3210 fuisse
845 3154 1000 3225 apud
1033 3154 1266 3209 Gracia:
1295 3155 1754 3222 comministros,
1779 3152 2077 3226 nihiloque

426 3242 620 3298 secius
650 3243 804 3313 apud
838 3241 972 3297 illos
1001 3243 1101 3313 qui
1133 3242 1191 3296 in
1223 3241 1504 3314 Hispania
1535 3247 1592 3297 et
1620 3242 1678 3297 in
1737 3241 1923 3297 Gallia
1951 3305 1956 3308 _
1980 3243 2078 3296 de-

427 3335 576 3404 gunt
608 3348 621 3386 :
655 3337 830 3402 atque
887 3331 1142 3402 idipsum
1176 3331 1270 3386 hic
1301 3337 1359 3386 et
1389 3331 1606 3403 ubique
1640 3331 1950 3403 placuisse,
1984 3331 2076 3386 ni-

430 3418 647 3475 mirum
683 3425 748 3474 ut
779 3419 851 3474 iis
877 3420 971 3489 qui
1003 3419 1153 3491 lapsi
1186 3425 1346 3486 sunt,
1385 3420 1432 3475 si
1484 3420 1809 3492 impietatis
1862 3419 2079 3474 fuerint

430 3509 706 3580 praefecti,
737 3507 906 3564 venia
933 3511 1307 3579 concedatur,
1340 3511 1388 3565 si
1415 3509 1654 3581 quidem
1705 3509 2074 3582 resipiscant,

430 3612 536 3652 nec
592 3598 763 3651 detur
820 3601 1014 3653 tamen
1047 3598 1103 3652 in
1137 3597 1289 3653 clero
1323 3598 1488 3654 locus
1523 3617 1536 3654 :
1564 3597 1637 3653 iis
1668 3615 1802 3654 vero
1833 3599 1934 3668 qui
1966 3597 2075 3652 im-

430 3685 628 3758 pietati
663 3686 1006 3758 patrocinati
1042 3703 1154 3742 non
1187 3687 1453 3749 sunt.sed
1488 3687 1833 3743 necessitate
1860 3704 1926 3742 ac
1956 3686 2073 3741 vio-

426 3774 609 3832 lentia
638 3775 810 3831 tracti
843 3775 1024 3843 fuere,
1055 3777 1353 3832 decretum
1379 3782 1490 3844 est,
1524 3781 1588 3833 ut
1614 3781 1671 3832 et
1720 3777 1887 3832 venia
1938 3793 2074 3831 con-

429 3865 693 3932 cedatur,
725 3870 782 3920 et
812 3864 870 3920 in
903 3864 1056 3922 clero
1086 3867 1259 3922 detur
1287 3866 1452 3922 locus
1473 3911 1485 3935 ,
1518 3866 1893 3939 potissimum
1941 3866 2079 3938 quia

431 3960 887 4011 consentaneum
921 3954 1244 4010 attulerunt
1288 3956 1748 4024 excusationem,
1805 3960 1861 4011 et
1918 3955 2074 4027 quod

431 4044 756 4100 oeconomia
786 4045 1042 4116 quadam
1073 4045 1129 4099 id
1159 4046 1373 4100 tactum
1403 4044 2079 4101 videatur.Afiirmabant

429 4133 647 4205 quippe
676 4149 738 4188 se
769 4133 1014 4189 minime
1044 4134 1101 4189 in
1134 4134 1490 4206 impietatem
1520 4132 1717 4206 lapsos
1749 4132 2075 4188 luissezed

430 4221 870 4294 neimpiissimi
919 4222 1158 4295 quidam
1217 4223 1486 4278 homines
1543 4223 1615 4278 ad
1671 4223 2075 4295 episcopatum

429 4311 633 4380 evecti,
693 4310 983 4368 Ecclesias
1040 4316 1504 4384 corrumperent,
1535 4329 1598 4368 se
1631 4311 1909 4368 maluisse
1939 4328 2074 4369 cum

429 4398 706 4454 violentia
756 4416 1120 4468 concurrere,
1179 4407 1236 4456 et
1297 4400 1353 4456 id
1424 4402 1619 4457 oneris
1685 4402 1856 4472 ferre,
1896 4418 2074 4473 quam

2188 1837 2245 1870 τε
2273 1821 2388 1877 τοῖς
2602 1815 2918 1889 προοιμίοις
2971 1814 3059 1869 καὶ
3117 1815 3302 1887 μέσοις
3350 1817 3436 1870 καὶ
3485 1815 3844 1891 τελευταίοις,

2190 1902 2442 1979 ἐπέσχον,
2477 1901 2568 1957 ’ίνα
2627 1904 2702 1976 μή
2763 1901 2822 1957 ἐκ
2879 1903 3220 1978 γραμμάτων
3278 1906 3312 1974 ἡ
3372 1903 3623 1966 σύστασις
3674 1905 3766 1960 καὶ
3799 1909 3835 1975 ἡ

2194 1993 2461 2069 μαρτυρία
2509 1993 2864 2068 γνωρίζηται.
2916 1991 2990 2046 Σὺ
3037 1995 3137 2066 γὰρ
3190 1991 3314 2066 ἐμοὶ
3363 1993 3650 2064 ἐπιστολὴ,
3699 1997 3840 2050 κατὰ

2188 2082 2251 2136 τὸ
2302 2083 2696 2157 γεγραμμένον,
2779 2080 3246 2158 ἐπιγινωσκομένη
3319 2084 3408 2137 καὶ
3466 2083 3842 2158 ἀναγινωσκο-

2194 2169 2326 2242 μένη
2356 2169 2408 2224 ἐν
2439 2168 2653 2246 καρδίᾳ.
2701 2170 2858 2227 Οὕτω
2905 2169 3089 2224 τοίνυν
3139 2171 3358 2227 πίστευε
3405 2173 3518 2245 (97)
3563 2169 3842 2245 διακείμε-

2188 2281 2299 2327 νος,
2356 2261 2442 2314 καὶ
2503 2259 2741 2315 πίστευε.
2815 2258 3212 2335 Προσαγορεύω
3288 2281 3346 2314 σε
3402 2259 3490 2315 καὶ
3549 2262 3841 2336 προτρέπω

2187 2351 2406 2426 γράφειν
2445 2367 2457 2381 ·
2492 2348 2552 2403 οὐ
2601 2350 2704 2424 γὰρ
2760 2347 2987 2422 ὀλίγως.
3038 2345 3183 2403 ἀλλὰ
3237 2349 3487 2424 μεγάλως
3537 2349 3844 2429 εὐφραίνεις

2186 2442 2348 2492 τοῦτο
2380 2441 2572 2492 ποιῶν.
2608 2440 2720 2510 (98)
2767 2434 2990 2506 Ἐπειδὴ
3052 2433 3108 2491 δὲ
3153 2435 3472 2512 φιλοκάλως
3518 2441 3607 2494 καὶ
3642 2439 3842 2510 ἐκκλη-

2188 2532 2499 2594 σιαστικῶς,
2531 2531 2692 2581 τοῦτο
2722 2527 2822 2602 γὰρ
2871 2525 3034 2580 πάλιν
3088 2527 3282 2598 πρέπει
3326 2529 3397 2599 τῇ
3563 2525 3837 2601 εὐλαϐείᾳ.

2187 2618 2479 2692 ἠρώτησας
2529 2616 2652 2690 περὶ
2705 2620 2812 2671 τῶν
2867 2612 2936 2670 δι’
2984 2617 3220 2692 ἀναγκην
3279 2615 3656 2692 ὐποσυρέντων
3720 2618 3834 2690 μὲν,

2190 2708 2266 2778 μὴ
2316 2706 2625 2783 φθαρέντων
2676 2701 2733 2759 δὲ
2783 2703 2834 2759 έν
2893 2708 2962 2778 τῇ
3019 2706 3361 2777 κακοπιστίᾳ,
3421 2706 3511 2760 καὶ
3566 2705 3841 2778 ἠθέλησας

2183 2796 2383 2870 γράψαι
2440 2815 2506 2867 με
2550 2794 2615 2847 τὰ
2657 2791 2881 2866 δόξαντα
2939 2795 3056 2868 περὶ
3115 2794 3292 2850 αὐτῶν
3338 2794 3390 2850 έν
3440 2801 3557 2857 ταῖς
3589 2793 3838 2859 συνόδοις

2184 2884 2272 2938 καὶ
2304 2887 2583 2958 πανταχοῦ
2616 2885 2725 2956 (99)
2761 2903 2773 2916 ο
2815 2903 3066 2958 γινωσκε,
3116 2883 3278 2958 Κύριέ
3333 2905 3438 2956 μου
3468 2885 3834 2958 ποθεινότατε,

2184 2972 2267 3028 ὅτι
2317 2971 2367 3026 ἰν
2419 2973 2566 3047 ἀρχῇ
2623 2972 2746 3044 μὲν,
2813 2969 3162 3044 παυσαμέδης
3210 2978 3309 3042 τῆς
3359 2973 3655 3048 γινομένης
3691 2973 3840 3050 βίας,

2185 3063 2373 3136 γέγονε
2429 3057 2676 3127 σύνοδος,
2725 3062 3008 3136 παρόντων
3052 3061 3156 3115 ἀπὸ
3213 3065 3322 3116 τῶν
3370 3059 3469 3132 ἔξω
3512 3067 3690 3138 μερῶν
3724 3061 3840 3117 ἐπι-

2189 3152 2402 3206 σκόπων
2441 3172 2453 3184 ·
2486 3151 2672 3225 γέγονε
2694 3147 2750 3204 δὲ
2775 3149 2864 3204 καὶ
2896 3149 3043 3224 παρᾶ
3083 3154 3201 3212 τοῖς
3253 3150 3353 3220 τὴν
3382 3148 3622 3206 ἙΑλάδα
3652 3171 3843 3205 κατοι-

2188 3244 2341 3295 κοῦσι
2374 3237 2822 3314 συλλειτουργοῖς
2847 3257 2860 3271 ·
2895 3235 3050 3294 οὐδὲν
3084 3236 3142 3294 δὲ
3170 3240 3332 3310 ἧττον
3365 3239 3590 3302 καὶτοῖς
3615 3238 3669 3294 έν
3693 3246 3842 3296 Σπα-

2186 3328 2271 3400 νίᾳ
2299 3329 2384 3383 καὶ
2417 3324 2624 3399 Γαλλίᾳ
2656 3346 2668 3359 °
2727 3327 2815 3382 καὶ
2874 3324 3064 3402 ἤρεσεν
3125 3329 3203 3400 (1)
3263 3329 3394 3402 ὅπερ
3447 3325 3555 3382 ὧδε
3582 3327 3674 3382 καὶ
3704 3349 3844 3383 παν-

2185 3422 2360 3493 ταχοῦ
2387 3420 2482 3490 (2),
2516 3416 2652 3471 ὥστε
2681 3421 2800 3478 τοῖς
2834 3416 2927 3490 μὶν
2978 3418 3430 3471 κακαπεπτωκόσι
3462 3418 3551 3472 καὶ
3581 3428 3843 3491 προϊστα-

2190 3509 2373 3582 μένοις
2421 3513 2521 3575 τῆς
2567 3502 2809 3568 ἀσεϐείας
2887 3507 3273 3580 συγγινώσκειν
3333 3507 3427 3579 μὶν
3493 3511 3841 3580 μετανοοῦσι,

2190 3597 2266 3669 μὴ
2300 3591 2507 3650 διδόναι
2541 3591 2598 3649 δὲ
2643 3593 2830 3657 αὐτοῖς
2877 3595 3041 3648 τόπον
3093 3592 3307 3670 κλήρου
3341 3615 3353 3628 ·
3399 3600 3514 3657 τοῖς
3546 3592 3602 3650 δὲ
3637 3597 3716 3668 μὴ
3747 3595 3843 3650 αὖ·

2185 3687 2427 3740 θεντοῦσι
2509 3685 2602 3757 μὲν
2676 3691 2774 3753 τῆς
2862 3678 3128 3753 ἀσεϐείας,
3213 3689 3565 3760 παρασυρεῖσι
3640 3681 3697 3739 δὶ
3774 3683 3846 3740 δι’

2186 3773 2416 3850 ἀνάγκην
2474 3773 2562 3829 καὶ
2626 3772 2767 3848 βίαν,
2825 3770 2972 3845 ἔδοξε
3020 3770 3262 3837 δίδοσθαι
3323 3773 3416 3846 μὶν
3486 3775 3841 3849 συγγνώμην,

2186 3860 2330 3938 ἔχειν
2366 3860 2422 3918 δὲ
2447 3862 2536 3917 καὶ
2566 3862 2656 3917 τὸν
2689 3862 2854 3918 τόπον
2885 3867 2981 3917 τοῦ
3020 3860 3234 3938 κλήρου
3269 3881 3281 3894 °
3321 3861 3557 3936 μάλιστα
3587 3861 3671 3917 ὅτι
3705 3863 3842 3918 ἀπο-

2186 3951 2370 4028 λογίαν
2430 3952 2656 4020 πιθανὴν
2717 3949 3057 4028 ἐπορίσαντο,
3117 3952 3207 4006 καὶ
3285 3948 3434 4024 εδοξε
3508 3951 3670 4006 τοῦτό
3722 3974 3839 4015 πως

2185 4041 2547 4113 οἰκονομικῶς
2604 4041 2845 4114 γενέσθαι
3091 4034 3550 4095 Διεϐεϐαιώσαντο
3597 4041 3698 4116 γὰρ
3762 4041 3838 4114 μή

2188 4125 2620 4204 μεταϐεϐλῆσθαι
2655 4129 2730 4192 εἰς
2781 4125 3044 4185 ἀσέϐειαν·
3099 4128 3188 4184 ’ίνα
3237 4126 3294 4185 δὲ
3341 4132 3417 4202 μή
3473 4130 3840 4185 κατασταθέν-

2183 4240 2272 4282 τες
2319 4221 2460 4281 τινὶς
2517 4213 2857 4274 ἀσεϐέστατοι
2936 4215 3288 4294 διαφθείρωσι
3338 4218 3433 4281 τὰς
3485 4217 3841 4289 Ἐκκλησίας,

2187 4306 2399 4364 ε’ίλοντο
2435 4306 2648 4381 μᾶλλον
2699 4305 3018 4383 συνδραμεῖν
3073 4307 3140 4382 τῇ
3192 4309 3284 4384 βίᾳ
3329 4307 3416 4363 καὶ
3472 4308 3730 4383 βαστάσαι
3776 4309 3842 4362 τὸ

2189 4399 2377 4474 βάρος,
2409 4397 2444 4466 ἢ
2478 4397 2644 4459 λαοὺς
2674 4395 2991 4462 ἀπολέσθαι.
3035 4401 3208 4452 Τοῦτο
3233 4400 3308 4470 (4)
3345 4395 3400 4453 δὲ
3427 4398 3684 4472 λέγοντες
3716 4394 3842 4452 ἕδο-

429 4487 678 4559 populos
711 4489 970 4560 perdere.
1000 4489 1126 4545 Haec
1156 4490 1238 4544 illi
1270 4491 1443 4545 verba
1475 4508 1587 4546 non
1638 4492 1742 4546 abs
1793 4507 1851 4546 re
1910 4489 2069 4562 loqui

2198 4493 2266 4556 ξαν
2299 4491 2433 4561 ἡμῖν
2480 4489 2715 4549 πιθανῶς
2765 4486 2940 4562 λέγειν
2971 4505 2983 4517 ·
3035 4484 3124 4541 διὰ
3155 4487 3217 4542 τὸ
3266 4486 3354 4542 καὶ
3409 4486 3839 4565 προφασίζεσθαι

427 4575 596 4631 nobis
649 4576 762 4632 visi
817 4583 958 4632 sunt
989 4595 1001 4632 :
1027 4579 1182 4650 quod
1216 4579 1468 4634 maxime
1499 4579 1608 4652 ipsi
1643 4579 1698 4633 in
1729 4578 2062 4650 exemplum

2198 4576 2366 4639 ιύτοῦς
2389 4577 2481 4632 τὸν
2534 4577 2747 4652 Ἀαρὼν
2795 4576 2884 4631 τὸν
2933 4579 3030 4630 τοῦ
3077 4576 3354 4638 Μωϋσέως
3395 4574 3628 4654 ἀδελφὸν
3685 4575 3736 4631 έν
3767 4581 3839 4651 τῇ

496 4690 542 4725 ⁸³
567 4689 615 4745 ll
646 4693 772 4746 Cor.
807 4708 892 4758 ιιι,
925 4694 980 4746 2.

497 4816 604 4888 (93)
635 4817 932 4892 Synodum
965 4817 1244 4892 intelligit
1275 4819 1750 4876 Alexandrinam.
1785 4820 1931 4876 Vide
1980 4838 2074 4877 su-

425 4905 615 5040 ῗΐῗθῖἱ
842 4961 1256 5040 manuscripti,
1309 4962 1412 5015 δτι.
1470 4964 1826 5020 Postremam
1875 4981 2073 5020 vocem

425 5032 639 5155 Regius
672 5033 829 5104 legit,
862 5030 1292 5106 ἀκεραιοτέρους.

496 5104 511 5155 (
554 5104 610 5155 5)
644 5103 728 5155 Ita
775 5120 980 5155 omnes
1027 5121 1170 5155 nene
1219 5103 1623 5155 manuscrinti.
1675 5106 1846 5155 Editi-
1903 5107 2067 5155 Πατοὶ

496 5103 610 5227 (95)
644 5103 751 5160 Ita’
775 5103 980 5160 omnes
1026 5103 1170 5176 pene
1218 5103 1623 5177 manuscripti.
1675 5106 1848 5175 Editi,
1903 5107 2068 5180 Πατρὶ

496 5207 497 5212 η
530 5193 720 5227 ποντα.
756 5176 886 5227 Mox
911 5180 1028 5227 tres
1068 5176 1271 5227 ontimi
1330 5178 1738 5227 manuscrinti-
1794 5176 2068 5227 ἐννίσαντα

424 5176 720 5252 πρέποντα.
745 5176 886 5252 Mox
911 5176 1272 5252 tresoptimi
1330 5176 1740 5252 manuScripti,
1794 5176 2075 5252 ἐγγίσαντα

423 5247 757 5322 γοῖξνῖ-Είᾴἰὶὶ
789 5265 922 5322 cum
955 5246 1118 5313 aliis,
1141 5246 1419 5322 ἐγγισαντα
1451 5247 1564 5303 οὖν.

424 5389 456 5444 d
497 5319 608 5444 (96:)
636 5320 730 5376 Sic
762 5320 1019 5375 maxima
1049 5319 1188 5391 pars
1213 5319 1600 5395 manuscript.
1639 5327 1697 5377 In
1728 5321 1924 5389 editis,
1957 5324 2074 5383 τοῖς

464 5405 562 5444 ees
595 5431 607 5442 .

640 5462 700 5518 In
734 5463 1089 5535 quibusdam
1123 5463 1558 5535 manuscriptis,
1601 5465 1818 5518 πίστευε
1850 5465 2034 5520 deest.

641 5539 769 5628 Iliso
792 5535 890 5628 1bis
921 5534 1198 5628 leguqtur
1217 5536 1271 5590 in
1298 5534 1840 5628 concil.'Nicenoi'i',
1861 5537 2073 5628 pag.74

425 5609 481 5656 et
511 5606 653 5682 €380.~
673 5606 1106 5682 Paulopostad
1145 5608 1468 5682 marginem
1520 5606 2075 5682 borum,_ir',pio'§iﬁ‘tac

425 5674 548 5796 πεδρὶ
581 5673 686 5729 τῶν
721 5674 810 5745 δι’,
846 5673 903 5734 in
934 5677 1092 5736 Colh.
1146 5680 1181 5733 2
1231 5673 1351 5734 haec
1387 5679 1684 5754 leguntur,
1722 5673 1784 5734 οὐ
1810 5673 1938 5756 περὶ
1965 5673 2076 5733 τῶν

425 5740 470 5795 εί
509 5741 678 5796 ώλοιε
734 5750 1030 5796 (Madv-num
1090 5749 1177 5796 καὶ
1249 5749 1395 5796 οὕτω
1463 5751 1976 5796 πηήηπςπτωγάιῐιιιν
2036 5753 2070 5796 ἦ

423 5740 678 5808 είδώλοις
734 5740 1032 5819 Θυγσάντων,
1090 5749 1177 5802 καὶ
1249 5749 1395 5804 οὕτω
1442 5740 1976 5829 υπαραιπεπτωκόιίων
2036 5753 2071 5820 ἡ

2184 4820 2448 4894 ἐρώτησις
2478 4818 2615 4894 αὕτη
2665 4816 2831 4894 ὶστὶν,
2883 4814 3027 4894 ἀλλὰ
3067 4818 3191 4893 περὶ
3234 4823 3342 4894 τῶν
3385 4814 3679 4894 αἱρετικοξς
3705 4837 3840 4894 συγ-

2182 4885 2656 4962 κόικωνησάντων,
2682 4885 2850 4964 ἤγουν
2886 4885 3204 4964 Ἀρειανοῗς.
3238 4885 3601 4964 Interrogatio
3623 4885 3836 4956 ἰδεὴᾶὸ,

2182 4981 2526 5038 nequaquam
2551 4980 2642 5019 eo:
2671 4967 2890 5038 spectat
2937 4963 3032 5038 qui
3063 4963 3239 5038 idolis
3286 4963 3649 5038 immolarint,
3676 4971 3747 5038 et
3778 4964 3837 5015 in

2183 5033 2306 5094 tuin
2333 5033 2546 5108 grande
2593 5033 2808 5090 crimen
2829 5107 2832 5108 ν
2855 5033 3000 5108 ιορὶὶ
3043 5035 3260 5105 fuerint
3291 5053 3310 5090 :
3341 5035 3434 5090 sed
3464 5049 3556 5108 eos
3585 5033 3685 5104 qui
3713 5049 3838 5088 cum

2182 5107 2480 5173 haereticis,
2515 5124 2706 5179 nempe
2737 5107 2976 5179 Arianis,
3000 5107 3565 5179 _communicacerinl.

2279 5182 2370 5252 99)
2403 5180 2616 5251 Regius
2639 5173 2909 5252 quintus,
2941 5173 3132 5252 πᾴντα.
3168 5178 3316 5235 Infra
3350 5178 3582 5234 Nicaeus
3627 5176 3833 5248 synod.

2185 5247 2380 5318 habet,
2413 5247 2514 5319 τῆξ
2542 5247 2912 5325 γεγενημένης
2957 5247 3098 5325 pi“:

2259 5326 2335 5396 (1)
2367 5314 3137 5396 Sic-multiA‘manusc'riptiq
3180 5321 3330 5377 Editi
3363 5336 3516 5377 vero.
3552 5314 3708 5373 οὐδὲν
3738 5319 3835 5385 ἧτ-

2184 5390 2275 5449 τον
2308 5390 2401 5448 καὶ
2429 5399 2546 5455 τοῖς
2580 5393 2631 5447 ἐν
2674 5391 2912 5466 Ἰσπανίᾳ
2947 5411 2958 5423 °
2983 5390 3314 5466 xixiijpeasv.

2257 5469 2333 5539 (‘3)
2367 5467 2494 5522 Haec
2523 5467 2816 5539 habentur
2843 5465 2902 5520 in
2933 5462 3253 5539 conciljiv,
3277 5469 3475 5520 Const.
3499 5467 3648 5519 tom.
3685 5462 3833 5528 VIII,

2187 5557 2240 5610 p.
2265 5535 2435 5609 4412,
2472 5555 2584 5594 non
2617 5538 2762 5610 ipsis
2795 5542 2990 5610 tamen
3023 5535 3232 5592 verbis.

2259 5612 2334 5734 (Σὲ)
2369 5605 2492 5666 Duo
2527 5605 2917 5682 manuscripti
2959 5624 3089 5664 cum
3143 5609 3348 5681 synod.
3408 5605 3654 5674 Momm,
3681 5625 3834 5679 γεγε-

2259 5702 2286 5734 σ
2320 5702 2396 5734 αι.

2184 5702 2396 5746 νησοαι.

2255 5755 2332 5827 (4)
2363 5755 2451 5812 Ita
2481 5751 2868 5826 manuscripti
2889 5767 3115 5809 omnes.
3140 5751 3294 5809 Editi
3324 5750 3672 5818 νθιο,τοῦτο
3703 5749 3829 5826 γάρ.
