4048 6382
246 435 404 498 1181

1426 428 1804 488 EPISTOLA
1855 430 1898 488 Α
1912 429 1960 488 D
2004 428 2489 491 LUCIFERUM.

3510 430 3669 492 “82

244 569 438 645 ερήμῳ
470 563 795 640 συνδραμεῖν
851 562 945 635 μὶν
994 565 1063 634 τῇ
1115 565 1211 615 τοῦ
1241 559 1376 614 λαοῦ
1406 553 1726 634 παραϐάσει·
1761 559 1888 613 ἀπο·

2009 560 2271 629 aﬂ‘erent,
2321 562 2628 632 Aaronem,
2671 565 2883 637 Moysis
2912 565 3171 634 fratrem,
3205 565 3263 619 in
3295 565 3527 620 deserto
3557 581 3665 636 po-

249 656 434 732 λογίαν
482 653 539 708 δὲ
584 653 897 728 ἐσχηκέναι,
945 649 1039 705 ’ίνα
1090 650 1164 722 μὴ
1217 650 1245 703 ὁ
1295 645 1426 708 λαὸς
1465 647 1786 721 ἐπιστρέψας
1820 650 1898 721 (5)

248 745 322 808 εἰς
371 742 641 819 Αἰγυπτον
716 741 940 813 πιμείνη
1005 743 1074 814 τῇ
1142 734 1605 812 εἷδωλολατρείᾳο
1655 737 1742 790 καὶ
1793 735 1893 812 γὰρ

245 836 310 903 ἦν
338 834 401 888 τὸ
432 830 757 908 φαινόμενον
803 826 1048 904 εὔλογον·
1084 827 1166 882 ὅτι
1225 827 1470 900 μένοντες
1519 824 1569 879 ἐν
1601 829 1669 898 τῇ
1702 824 1894 900 ἐρήμῳ

246 921 492 979 δύνανται
541 920 842 975 παύσασθαι
887 921 987 986 τῆς
1043 912 1308 979 ἀσεϐείας·
1362 914 1690 977 εἶσελθόντες
1737 912 1793 968 δὲ
1818 915 1895 979 εἷς

243 1009 514 1088 Α’ίγυπτον
547 1053 560 1079 ,
612 1002 957 1080 ἔπετρίϐοντο
1004 1005 1094 1060 καὶ
1161 1002 1389 1076 ηὔξανον
1436 1003 1488 1058 ἐν
1547 1003 1756 1066 ἑαυτοῖς
1819 1006 1894 1078 (6)

241 1104 338 1170 τὴν
395 1095 660 1154 ἀσέϐειαν.
714 1095 936 1156 Τούτων
1001 1093 1183 1150 τοίνυν
1231 1090 1385 1148 ἕνεκα
1443 1093 1789 1167 συγγνωστὸν
1828 1092 1891 1147 τὸ

238 1188 372 1265 πρὸς
405 1188 494 1242 τὸν
527 1185 734 1258 κλῆρον
782 1184 990 1261 γὲγονε’
1039 1188 1155 1243 τοῖς
1186 1180 1244 1236 δὲ
1293 1183 1614 1252 ἀπατηθεῖσι
1648 1181 1736 1235 καὶ
1773 1180 1890 1256 βίαν

239 1279 466 1331 παθοῦσι
517 1275 816 1351 συγγνώμη
885 1270 1091 1327 δίδοται
1141 1314 1153 1327 .
1206 1274 1390 1328 Ταῦτα
1447 1273 1518 1342 (7)
1563 1271 1649 1324 καὶ
1706 1273 1773 1342 τῇ
1822 1273 1890 1344 σῇ

241 1360 479 1436 εὐσεϐείᾳ
511 1362 688 1434 δηλῶ,
723 1361 958 1438 θαρρῶν,
1003 1360 1086 1415 ὅτι
1135 1360 1224 1415 καὶ
1272 1359 1337 1413 τὰ
1385 1357 1607 1429 δόξαντα
1636 1355 1889 1429 ἀποδέξε-

233 1453 323 1509 ταί
355 1475 451 1508 σου
481 1455 516 1523 ἡ
565 1447 859 1518 θεοσέϐεια,
908 1450 997 1504 καὶ
1051 1448 1112 1504 ού
1160 1447 1556 1524 καταγνώσεται
1585 1446 1888 1523 ἐκεχειρίας

239 1547 343 1598 τῶν
397 1539 765 1597 συνελθόντων
817 1539 1008 1602 οὕτως.
1064 1538 1404 1610 Καταξίωσον
1471 1533 1528 1590 δὲ
1589 1537 1723 1592 αὐτὰ
1771 1536 1890 1590 ἀνα-

239 1629 440 1706 γνῶναι
489 1634 570 1701 τῷ
620 1626 867 1705 ἱερατείῳ
895 1626 986 1682 καὶ
1031 1631 1111 1698 τῷ
1160 1625 1277 1698 λαῷ
1320 1629 1398 1697 τῷ
1431 1624 1532 1679 ὑπὸ
1566 1625 1624 1680 σὲ
1654 1622 1886 1698 (8),’ίνα,

237 1721 329 1774 καὶ
369 1717 522 1774 αὐτοὶ
565 1717 948 1792 γινώσκοντες,
989 1724 1065 1788 μη
1119 1715 1440 1790 μὲμφωνται
1490 1712 1632 1769 οὕτω
1679 1714 1737 1768 σὲ
1777 1711 1890 1768 δια-

236 1807 482 1881 κείμενον
531 1806 656 1882 περὶ
703 1804 831 1868 τοὺς
879 1804 1188 1866 τοιούτους.
1225 1803 1492 1878 Ἀπρεπὲς
1543 1803 1643 1879 γὰρ
1694 1803 1760 1872 ἦν
1791 1801 1889 1876 ἐμὲ

234 1896 478 1974 γράφειν,
511 1892 816 1967 δυναμένης
857 1900 956 1964 τῆς
1005 1901 1106 1962 σῆς
1160 1887 1446 1954 εὐλαϐείας
1475 1892 1564 1947 καὶ
1593 1894 1692 1961 τήν
1725 1895 1885 1965 ἡμῶν

231 1985 354 2061 περὶ
399 1983 598 2046 αὐτοὺς
651 1981 884 2047 διάθεσιν
938 1981 1289 2057 ἀπαγγεῖλαι,
1344 1981 1432 2036 καὶ
1477 1981 1648 2036 πάντα
1675 1981 1742 2036 τὰ
1772 1979 1888 2035 λεί-

230 2095 402 2130 ποντα
457 2071 861 2148 ἀποπληρῶσαι
894 2115 909 2128 .
973 2070 1141 2146 Χάρις
1199 2075 1278 2142 τῷ
1338 2068 1523 2146 Κυρίῳ
1578 2074 1656 2142 τῷ
1711 2071 1826 2142 πλη
1863 2104 1886 2113 -

234 2161 464 2240 ρώσαντί
517 2183 575 2216 σε
623 2161 674 2216 ἐν
727 2160 888 2216 παντὶ
940 2159 1092 2236 λόγῳ
1137 2161 1226 2215 καὶ
1257 2161 1401 2233 πάσῃ
1431 2161 1651 2234 γνώσει.
1687 2161 1755 2217 Οἱ
1791 2162 1884 2234 μὲν

227 2251 320 2308 οὖν
371 2255 753 2325 μετανοοῦντες
798 2254 1046 2328 φανερῶς
1092 2248 1630 2321 ἁναθεματιζὲτωσαν
1687 2248 1888 2321 ὀνομά-

235 2347 416 2412 ζοντες
445 2337 706 2412 Εὐδοξίου
735 2339 826 2394 καὶ
857 2337 1105 2408 Εύζωίου
1151 2339 1250 2407 τὴν
1301 2335 1617 2410 κακοδοξίαν
1785 2337 1891 2392 Αύ-

233 2431 318 2486 τοὶ
372 2429 474 2506 γὰρ
520 2428 713 2484 λοιπὸν
773 2427 1267 2505 βλασφημοῦντες,
1317 2426 1478 2482 αὐτὸν
1539 2427 1740 2500 κτίσμα
1798 2427 1894 2481 άπ-

236 2519 539 2595 εγράψαντο
586 2524 687 2587 τῆς
745 2519 1027 2593 Ἀρειανῆς
1078 2515 1335 2592 αἱρέσεως
1379 2515 1696 2592 προστάται.
1730 2517 1892 2588 Ὁμο-

246 2606 580 2682 λογειτωσαν
637 2603 694 2660 δὲ
743 2608 844 2676 τήν
913 2605 965 2660 ἐν
1027 2605 1220 2677 Νικαίᾳ
1274 2605 1419 2679 παρὰ
1474 2609 1581 2660 τῶν
1637 2606 1890 2681 Πατὲρων

242 2695 679 2772 ὁμολογηθεῖσαν
731 2696 948 2768 πίστιν,
997 2695 1087 2749 καὶ
1145 2692 1418 2768 μηδεμίαν
1456 2693 1640 2765 ἄλλην
1670 2691 1892 2748 σύνοδον

241 2785 554 2861 προκρίνειν
604 2783 804 2854 ταύτης
851 2789 952 2853 τῆς
999 2781 1248 2838 συνόδου.
1305 2783 1570 2857 [Ιρόσειπε
1617 2784 1716 2852 τὴν
1749 2783 1895 2858 παρὰ

242 2873 328 2929 σοὶ
377 2871 759 2952 ἁδελφότητα³
821 2872 879 2927 σὲ
935 2874 969 2942 ἡ
1031 2871 1121 2927 σὺν
1181 2874 1316 2945 ἡμῖν
1373 2871 1425 2926 ἐν
1487 2871 1668 2948 Κυρίῳ
1724 2891 1893 2948 προσ-

236 2961 512 3039 αγορεύει.

310 3141 386 3215 (5)
421 3141 545 3216 Duo
577 3140 988 3216 manuscripti,
1021 3138 1366 3216 ἐπιστρέψας,
1400 3144 1570 3197 recte.
1606 3141 1755 3196 Editi
1789 3157 1886 3196 ve-

236 3209 392 3287 roia
422 3212 542 3287 an.
580 3209 942 3287 ὑποστριψαξ.

311 3284 389 3357 (6)
420 3281 804 3357 Manuscripti
830 3281 984 3356 'pene
1014 3300 1239 3357 omnes,
1276 3281 1562 3357 évauroiq.

406 3356 629 3429 Niemp.
675 3351 937 3429 sinodm
967 3355 1300 3429 συγγνώμην
1335 3352 1564 3429 διδόναι.
1595 3358 1769 3429 Ἰξαῦτα
1784 3351 1887 3429 καί

235 3425 288 3504 ἐν
316 3423 509 3504 Ῥώμῃ
562 3423 800 3504 ᾖγράᾠη,
858 3423 1298 3504 καὶ-’ἀπεδὲξάτο
1357 3428 1391 3496 ἡ
1448 3426 1715 3499 Ρωμαίων
1782 3427 1884 3482 Εκ-

233 3495 458 3572 κλλησέας
484 3495 678 3572 ταῦτα,
715 3495 839 3556 'etc.
875 3500 1093 3572 ibidem
1129 3495 1333 3572 amnes
1382 3495 1552 3572 pene'
1588 3515 1883 3556 manuscr.

2007 650 2127 722 puli
2161 651 2619 721 prmvaricationi
2641 653 3046 709 concurrisse:
3098 655 3248 709 769
3280 654 3430 709 hanc
3462 657 3662 711 autem

2005 741 2439 796 excusationem
2505 741 2804 812 habuisse,
2869 759 2938 796 ne
3002 744 3261 815 populus
3319 742 3545 799 scilicet
3603 742 3662 798 in

2005 829 2311 901 [Egyptum
2349 847 2616 886 reversus
2637 830 2692 884 in
2720 830 3054 888 idololatria
3083 836 3452 903 permaneret
3485 849 3662 890 :nam

2005 917 2059 972 id
2093 914 2299 973 rationi
2332 923 2486 973 certe
2509 923 2968 975 consentaneum
2991 919 3335 988 videbatur;
3369 919 3662 992 siquidem

2001 1007 2058 1062 in
2104 1008 2334 1062 deserto
2393 1013 2719 1072 manentes,
2780 1013 3052 1080 poterant
3111 1009 3434 1076 impietatis
3485 1009 3664 1066 ﬁnem

2002 1096 2310 1161 facere,sin
2344 1100 2538 1152 autem
2575 1097 2632 1151 in
2665 1098 2975 1170 [Egyptum
3009 1098 3262 1169 ingressi
3296 1099 3568 1168 fuissent,
3598 1099 3661 1154 in

1999 1184 2301 1256 impietate
2335 1185 2548 1240 versati
2581 1187 2858 1258 auctique
2889 1188 3160 1243 fuissent.
3195 1189 3557 1259 Quapropter
3585 1189 3659 1243 ad

2001 1272 2218 1328 clerum
2254 1275 2477 1329 reditus
2509 1273 2627 1329 illis
2651 1291 2967 1331 concessus
2999 1280 3122 1342 est;
3159 1275 3231 1331 iis
3254 1275 3410 1332 enim
3444 1277 3545 1348 qui
3566 1276 3662 1332 de-

2001 1362 2149 1433 cepti
2182 1367 2240 1416 et
2296 1362 2412 1416 vim
2466 1363 2624 1434 passi
2688 1369 2828 1418 sunt
2874 1365 3046 1419 venia
3106 1364 3274 1420 facile
3305 1365 3497 1421 datur.
3531 1365 3662 1422 Haec

2000 1455 2112 1506 tua:
2145 1467 2377 1522 quoque
2411 1451 2609 1524 pietati
2643 1452 2933 1526 signiﬁco,
2966 1453 3287 1521 conﬁdens,
3329 1458 3494 1509 tuam
3526 1454 3660 1511 reli-

1999 1539 2230 1612 gionem
2266 1557 2393 1611 quas
2426 1540 2657 1595 decreta
2684 1545 2823 1596 sunt
2850 1547 3284 1614 suscepturam,
3315 1558 3422 1596 nec
3453 1540 3654 1597 lenita-

1997 1633 2114 1682 tem
2146 1644 2348 1684 eorum
2380 1628 2480 1700 qui
2512 1644 2831 1685 convenere
2846 1630 3279 1686 damnatarum.
3314 1630 3444 1686 Haec
3470 1629 3660 1703 legere

1997 1716 2262 1789 digneris
2294 1717 2476 1773 sacris
2508 1718 2797 1774 ministris
2829 1724 2885 1774 et
2911 1719 3125 1793 populo
3147 1721 3247 1792 qui
3278 1719 3387 1775 tibi
3412 1720 3656 1787 subest;

2001 1810 2064 1860 ut
2093 1811 2149 1860 et
2179 1805 2292 1878 ipsi
2323 1806 2418 1862 his
2463 1807 2804 1879 compertis,
2837 1813 2892 1862 te
2923 1810 3078 1864 circa
3105 1807 3236 1864 illos
3269 1808 3350 1864 ita
3383 1809 3656 1865 affectum

1999 1911 2114 1948 non
2147 1899 2484 1965 coarguant.
2510 1896 2628 1951 Abs
2660 1913 2718 1952 re
2749 1896 2904 1952 enim
2928 1901 3085 1953 esset
3115 1914 3207 1953 me
3236 1897 3657 1965 scribere,cum

1996 1987 2098 2039 tua
2129 1983 2311 2055 pietas
2359 1985 2564 2056 possit,
2627 1990 2684 2040 et
2735 1990 3000 2040 nostrum
3051 2003 3189 2058 erga
3219 1985 3350 2042 illos
3382 1987 3654 2042 allectum

2000 2072 2354 2141 nuntiare,et
2381 2075 2581 2130 omnia
2612 2091 2741 2147 quae
2772 2076 2988 2130 desunt
3017 2075 3282 2148 implere.
3315 2075 3512 2131 Gratia
3545 2077 3653 2132 Do-

2000 2162 2180 2226 mino,
2215 2161 2314 2233 qui
2347 2161 2611 2232 implevit
2639 2167 2696 2217 te
2725 2163 2884 2218 omni
2908 2165 3080 2219 verbo
3111 2169 3168 2219 et
3197 2165 3355 2220 omni
3385 2163 3650 2220 scientia.

1998 2251 2104 2316 Qui
2138 2249 2331 2320 itaque
2375 2250 2779 2321 pcenitentiam
2821 2255 3025 2323 agunt,
3079 2251 3455 2307 anathemate
3486 2251 3652 2306 dam-

2000 2343 2158 2404 nent,
2191 2355 2464 2410 expresso
2498 2339 2756 2409 nomine,
2789 2357 3027 2410 pravam
3062 2341 3260 2396 Euzoii
3319 2344 3376 2395 et
3405 2339 3655 2396 Eudoxii

1999 2426 2348 2483 doctrinam.
2386 2427 2470 2482 llli
2502 2427 2660 2482 enim
2716 2429 2942 2483 Arianae
2992 2429 3280 2484 haereseos
3313 2428 3567 2500 patroni,
3592 2427 3653 2483 in

1998 2515 2296 2571 Christum
2371 2515 2847 2587 blasphemantes
2923 2523 3250 2573 creaturam
3334 2534 3468 2573 eum
3525 2534 3654 2574 esse

2002 2605 2385 2676 scripserunt.
2447 2606 2844 2660 Confiteantur
2901 2623 3134 2678 quoque
3165 2607 3337 2662 ﬁdem
3386 2606 3587 2664 Nicaaae
3621 2623 3656 2661 a

2003 2693 2272 2750 Patribus
2326 2693 2698 2762 declaratum,
2758 2700 2815 2750 et
2872 2695 3094 2751 nullam
3154 2696 3328 2751 aliam
3359 2695 3652 2768 synodum

2003 2783 2138 2838 huic
2193 2786 2572 2855 anteponant.
2649 2783 2847 2838 Saluta
2924 2783 3130 2839 fratres
3203 2785 3301 2856 qui
3378 2785 3532 2856 apud
3596 2788 3652 2839 te

2004 2876 2178 2940 sunt;
2214 2871 2315 2943 qui
2374 2873 2526 2944 apud
2589 2888 2681 2928 me
2739 2873 2979 2945 degunt,
3042 2879 3098 2930 te
3156 2875 3214 2929 in
3275 2873 3517 2929 Domino
3556 2888 3650 2928 sa-

2004 2960 2216 3016 lutant.

1999 3143 2114 3214 σοῦ.
2150 3140 2307 3195 Infra
2337 3139 2421 3214 σέ,
2450 3143 2583 3214 ante
2617 3137 2976 3214 διακείμενον,
3010 3143 3172 3198 deest
3220 3142 3276 3196 in
3339 3140 3656 3214 compluri-

1997 3213 2108 3268 bus
2133 3213 2570 3284 manuscriptis.

2067 3284 2144 3355 (9)
2183 3279 2698 3376 Regius‘tJuint‘tIS,
2733 3279 3036 3376 καξόδοξον.
3060 3285 3311 3376 γνώμηιν.
3375 3283 3641 3376 Colb.__i_,

1994 3352 2370 3411 κακοπιστιαν.
2405 3352 2554 3423 Mox,
2590 3352 2783 3408 λοιπόν
2814 3352 2979 3413 deest
3024 3352 3084 3411 in
3135 3352 3385 3426 quatuor
3409 3425 3414 3426 ί
3441 3371 3647 3411 manu-

1997 3427 2222 3502 criptis.
2285 3427 2624 3502 M0}_Colb.
2684 3428 2738 3494 2,
2797 3425 3174 3502 ἀπεγράψαντο
3246 3425 3491 3502 ἑαυτοὺς.
3541 3431 3645 3494 τῆς

1998 3496 2272 3581 ’Δρ-ειανῆς
2332 3497 2588 3581 οέίρὲσεως
2645 3496 2967 3581 προστάτας.
3020 3496 3198 3581 Editi,
3259 3496 3643 3581 ἀπεγράψαντο

234 3564 508 3653 εὐλαϐείᾳ.
539 3564 689 3626 Editi
725 3577 781 3652 et
825 3570 960 3653 alii,
1015 3564 1512 3653 accedam-“hamo
1555 3576 1724 3653 post,_
1770 3576 1888 3653 tres

235 3643 442 3723 optimi
478 3643 887 3723 manuscripti,
920 3639 1442 3723 ἐπεχειρίαςζβὰἱῐξ
1487 3639 1617 3723 vero
1677 3647 1758 3723 et_
1788 3641 1886 3696 alii

233 3711 320 3767 ἐκε
369 3712 414 3766 εί
456 3733 565 3769 ιαν.
605 3717 733 3769 Mox
762 3711 877 3769 duo
905 3711 1318 3785 manhs'cripti,
1349 3716 1513 3766 ταῦτα
1560 3713 1886 3787 ἀναγνῶναι.

310 3731 386 3841 (ξ)
418 3732 503 3841 fta
531 3802 738 3841 omnes
770 3801 915 3841 nene
947 3785 1357 3841 manuscrinti.
1394 3785 1546 3840 Editi
1580 3801 1738 3841 vero.
1783 3784 1886 3838 ὑπὸ

310 3733 320 3767 Ξ
369 3732 414 3766 ει
456 3733 565 3769 ιαν.
605 3732 733 3769 MOI
762 3732 877 3769 (ιυο
905 3732 1318 3785 manuscriptl,
1349 3733 1513 3766 ταυτα
1560 3732 1886 3787 αναγνωναι.

310 3732 386 3857 (ξ)
418 3732 503 3842 fta
531 3802 738 3842 omnes
770 3801 915 3857 pene
947 3785 1357 3856 manuscripti.
1394 3785 1546 3840 Editi
1580 3801 1738 3851 vero,
1783 3784 1887 3838 ὑπὸ

1995 3570 2102 3644 τῆς
2127 3570 2406 3644 Ἀρειανῆς
2439 3570 2697 3644 αἱρέσεως
2727 3571 3046 3644 προστάται.
3083 3572 3186 3626 Alii
3249 3570 3642 3644 mantiscripti

1997 3649 2062 3715 ut
2090 3642 2148 3715 in
2182 3641 2380 3715 textu;
2418 3641 2570 3715 unus
2594 3641 3040 3715 habet,éau1:ob;,
3073 3650 3171 3711 τῆς
3201 3641 3647 3715 Ἀρειανῆς.ΜοΧ

1996 3713 2157 3782 editi,
2191 3713 2277 3766 καὶ
2310 3713 2408 3780 τήν
2439 3711 2491 3767 ἐν
2523 3713 2734 3782 Νικαίᾳ,
2761 3716 3047 3785 particula
3077 3715 3166 3769 καί
3197 3711 3360 3770 deest
3405 3713 3464 3768 in
3519 3730 3647 3769 om-

1998 3785 2173 3840 nibus
2204 3802 2351 3857 pene
2383 3787 2830 3857 manuscriptis.

871 4117 1206 4176 MONITUM
1250 4119 1320 4174 IN
1364 4119 1537 4176 DUAS
1575 4118 1980 4185 SEQUENTES
2025 4123 2119 4174 AD
2155 4119 2563 4176 LUCIFERUM
2606 4119 3012 4176 EPISTOLAS.

309 4401 400 4455 77
410 4401 460 4457 0
492 4402 665 4457 Binas
710 4402 1102 4472 subjungimus
1149 4401 1411 4474 epistolas
1467 4403 1540 4458 ad
1586 4402 1907 4476 Luciferum
1935 4403 2134 4459 missas
2189 4403 2248 4458 in
2278 4403 2406 4458 edit.
2437 4402 2639 4459 Comm.
2685 4419 2861 4470 cusas,
2895 4417 3019 4474 quae
3039 4404 3236 4460 Latine
3264 4410 3475 4458 tantum
3506 4402 3652 4457 inter

231 4491 479 4560 Luciferi
505 4493 720 4564 scripta
757 4501 1091 4564 supersunt:
1121 4508 1220 4547 nec
1246 4496 1456 4549 constat
1489 4501 1675 4548 utrum
1722 4493 1920 4547 Latine
1946 4493 2191 4563 primum
2247 4494 2566 4563 conscriptae
2595 4494 2661 4548 ab
2720 4493 3018 4549 Athanasio
3046 4494 3181 4563 sint,
3211 4509 3283 4547 an
3323 4497 3510 4564 postea
3539 4493 3650 4547 La-

228 4578 346 4634 tine
376 4580 444 4634 ab
471 4581 659 4652 aliquo
704 4584 1018 4638 translatae.
1052 4582 1218 4637 Prior
1261 4581 1395 4638 data
1423 4581 1638 4638 videtur
1690 4582 1861 4653 paulo
1880 4587 2004 4654 post
2058 4583 2303 4654 Luci/eri
2331 4582 2621 4652 exsilium,
2653 4583 2793 4654 quod
2844 4598 2994 4638 anno
3021 4583 3249 4653 contigit
3277 4583 3401 4637 355.
3435 4581 3650 4636 Laudat

228 4668 387 4724 enim
416 4669 733 4740 Luciferum
755 4688 790 4726 α
831 4672 1093 4742 ﬁrmitate
1122 4672 1321 4736 animi,
1376 4671 1645 4742 illumque
1670 4672 1998 4742 confessoris
2042 4672 2204 4727 titulo
2234 4676 2486 4727 exornat.
2521 4673 2723 4739 Altera,
2757 4680 2817 4728 ut
2843 4677 3026 4729 monet
3053 4671 3285 4743 quidam
3312 4671 3647 4735 scholiastes,

227 4755 438 4827 scripta
465 4759 584 4829 fuit
609 4769 896 4832 postquam
945 4760 1282 4816 Athanasius
1329 4760 1498 4815 libros
1526 4762 1842 4831 accepisset,
1883 4776 2014 4832 quos
2040 4760 2110 4816 ad
2139 4762 2314 4833 ipsius
2359 4763 2652 4817 Athanasii
2677 4761 3057 4836 defensionem
3096 4761 3409 4817 Constantio
3436 4773 3650 4813 nuncu-

224 4847 384 4917 pavit
409 4849 668 4920 misith
698 4851 942 4921 Lucifer.
977 4851 1075 4905 Hic
1111 4858 1358 4906 recenset
1386 4849 1722 4907 Athanasius
1759 4856 1918 4906 mata
1949 4852 2011 4906 in
2051 4853 2426 4922 persecutione
2472 4852 2805 4909 Arianorum
2836 4853 2994 4908 illata
3041 4853 3271 4916 clericis,
3297 4864 3503 4904 necnon
3533 4863 3651 4901 mo-

225 4935 440 5002 nachis,
477 4937 713 5009 aliisque
742 4936 1076 4996 orthodoxis.
1133 4938 1308 5010 Atque
1333 4940 1534 4995 iterum
1562 4939 1902 4996 commendat
1945 4939 2266 5010 Luciferum
2293 4957 2336 4997 a
2381 4943 2700 4998 constantia
2740 4941 3065 5012 dicendique
3094 4940 3368 4995 libertate.
3405 4938 3491 4992 Est
3518 4951 3653 4991 sane

227 5027 478 5095 utraque
505 5027 732 5097 epistola
760 5026 1054 5082 Athanasio
1074 5027 1277 5100 Magno
1305 5027 1658 5102 dignissima.

296 5150 524 5205 Domino
604 5151 967 5206 dilectissimo
1045 5153 1224 5223 lratri
1303 5154 1557 5224 Lucifero
1639 5153 1882 5226 episcopo

223 5241 556 5308 confessori,
591 5241 925 5296 Athanasius
950 5242 1010 5296 in
1039 5241 1265 5297 Domino
1294 5243 1527 5298 salutem
1559 5243 1694 5315 (40).

301 5325 418 5382 Deo
445 5327 692 5394 favente,
745 5346 986 5401 corpore
1043 5329 1322 5398 valentes,
1384 5331 1659 5387 misimus
1706 5331 1881 5387 etiam

224 5432 382 5469 nunc
415 5416 833 5474 charissimum
860 5423 1126 5475 nostrum
1149 5420 1521 5490 Eutychetem
1555 5419 1882 5492 diaconem,

226 5509 293 5558 ut
321 5508 426 5560 tua
466 5524 698 5578 quoque
742 5507 1016 5579 religiosa
1061 5508 1365 5577 sanctitas,
1398 5511 1549 5579 quod
1583 5514 1674 5565 est
1713 5510 1883 5565 nobis

227 5596 556 5664 Optandum
585 5601 642 5652 et
671 5596 1080 5664 desiderabile,
1103 5597 1175 5652 de
1201 5602 1304 5653 tua
1324 5597 1884 5670 incolumitate,tuo-

300 5757 409 5832 (10)
442 5761 672 5834 Scripta
702 5777 857 5818 anno
883 5761 1116 5819 circiter
1142 5761 1268 5834 360,
1303 5766 1368 5818 ut
1394 5767 1454 5820 et
1482 5779 1759 5835 sequens.

1993 5150 2058 5208 r'u
2071 5170 2238 5223 mque
2271 5155 2536 5210 omnium
2561 5154 2837 5209 certiores
2860 5171 2965 5209 nos
2985 5153 3215 5208 efﬁcere
3236 5152 3526 5224 dignetur.
3540 5152 3647 5207 Vo-

1993 5243 2085 5297 bis
2116 5259 2372 5314 namque
2402 5243 2840 5298 confessoribus
2870 5259 2936 5296 ac
2959 5241 3143 5296 servis
3167 5241 3264 5296 Dei
3297 5241 3648 5306 viventibus,

1995 5331 2288 5386 credimus
2333 5336 2549 5386 statum
2601 5331 2898 5386 catholicae
2951 5329 3214 5386 Ecclesia:
3265 5328 3552 5395 renovari,
3591 5333 3649 5384 et

1995 5421 2150 5492 quod
2185 5420 2436 5475 heretici
2461 5421 2841 5476 conscindere
2866 5424 3238 5475 tentaverunt
3267 5444 3280 5487 ;
3313 5419 3420 5474 hoc
3453 5417 3647 5473 Domi-

1997 5525 2136 5563 num
2168 5515 2435 5564 nostrum
2457 5509 2660 5564 Jesum
2685 5507 2986 5562 Christum
3013 5525 3112 5578 per
3134 5525 3236 5562 vos
3255 5507 3326 5562 ad
3352 5508 3644 5579 integrum

1997 5599 2678 5671 restituere.Quanquam
2701 5597 2858 5654 enim
2880 5613 3269 5668 praeursores
3299 5595 3646 5652 Antichristi
