4048 6384
378 437 536 501 1183

927 447 988 508 S.
1039 450 1467 514 ATHANASiI
1512 455 1684 515 OPP.
1728 451 1928 515 PARS
1973 450 2020 512 Ι.
2056 483 2132 496 --
2160 451 2578 516 HISTORICA
2623 454 2720 516 ET
2763 452 3244 516 DOG‘MATICA.

3632 451 3788 512 1184

381 588 483 643 per
512 576 825 645 potentiam
859 578 1038 651 hujus
1067 583 1270 638 mundi
1310 585 1507 642 omnia
1551 585 1799 659 egerint,
1832 590 1895 640 ut
1920 601 2019 641 ex-
2053 586 2107 652 Α
2140 584 2476 656 pravitatis:
2509 584 2619 642 hoc
2649 602 2757 642 suo
2786 601 3032 642 arenoso
3081 584 3459 640 fundamento
3489 584 3786 640 aedificant

381 662 750 736 stinguerent
779 666 1077 725 lucernam
1110 672 1393 741 veritatis,
1426 680 1622 732 tamen
1663 676 1894 731 divinas
1923 691 2027 747 per

382 757 634 809 vestram
667 757 1114 826 confessionem,
1139 761 1442 820 clariorem
1467 767 1596 836 ejus
1627 765 1816 823 lucem
1839 769 2027 821 osten-

384 842 488 914 dit,
521 848 588 898 ut
618 845 906 902 neminem
940 848 1119 906 latere
1147 853 1556 923 possiteorum
1592 855 2024 911 failacia.Ante-

383 930 491 986 hac
518 931 604 986 vel
634 933 915 992 simulare
947 943 1233 1009 poterant,
1267 958 1422 999 nunc
1463 945 1803 1001 Antichristi
1838 942 2025 1000 nomi-

383 1023 765 1088 nantur.Quis
791 1025 947 1082 enim
983 1043 1093 1084 non
1123 1037 1476 1103 exsecretur,
1508 1035 1605 1107 qui
1638 1050 1842 1091 eorum
1867 1050 2026 1089 com-

384 1110 724 1168 munionem
756 1118 1040 1187 tanquam
1072 1121 1461 1193 maculam,ac
1483 1125 1641 1180 virus
1672 1125 1878 1195 anguis
1910 1139 2024 1178 non

382 1198 614 1272 fugiat?
644 1201 847 1259 Omnis
880 1205 1097 1278 ubique
1132 1209 1376 1266 Ecclesia
1409 1212 1801 1285 luget,omnis
1824 1213 2027 1268 civitas

380 1290 582 1360 gemit,
619 1307 789 1347 senes
819 1296 1074 1366 episcopi
1111 1297 1170 1353 in
1201 1299 1403 1358 exsilio
1434 1301 1721 1369 laborant,
1755 1309 1811 1358 et
1839 1302 2026 1357 haere-

383 1379 476 1434 tici
510 1379 912 1452 dissimulant,
943 1387 1042 1456 qui
1075 1388 1215 1443 dum
1251 1396 1466 1461 negant
1493 1392 1809 1459 Christum,
1836 1391 2025 1464 publi-

382 1484 558 1523 canos
588 1485 652 1524 se
680 1471 996 1528 eﬂ‘scerunt
1024 1477 1295 1534 sedentes
1317 1479 1375 1536 in
1404 1481 1684 1550 ecclesiis,
1713 1487 1770 1538 et
1798 1482 2028 1550 exigen-

384 1563 472 1614 tes
491 1559 798 1632 vectigalia
843 1563 886 1617 Ο
907 1581 1120 1621 novum
1146 1584 1332 1640 genus
1355 1570 1660 1627 hominum
1685 1577 1741 1627 et
1762 1586 2030 1644 persecu-

381 1648 582 1716 tionis,
616 1651 771 1721 quod
803 1653 1100 1710 adinvenit
1142 1658 1438 1728 diabolus,
1470 1667 1534 1716 ut
1565 1662 1709 1733 ipsis
1742 1658 2029 1716 ministris

383 1739 454 1794 ad
473 1738 962 1799 malefaciendum
985 1749 1039 1800 et
1060 1749 1224 1803 tanta
1239 1749 1582 1806 crudelitate
1604 1748 1892 1806 uteretur!
1917 1749 2028 1805 Sed

383 1827 490 1884 etsi
524 1827 646 1883 haec
678 1832 839 1885 tanta
871 1837 1073 1905 agunt,
1104 1839 1161 1890 et
1205 1839 1515 1910 superbiae
1545 1842 1602 1895 et
1629 1837 2030 1912 blasphemiae

381 1917 788 2022 extenderunt,
820 1921 1109 2022 confessio
1131 1929 1326 2022 tamen
1349 1933 1405 1983 et
1427 1927 1713 2000 religio,et
1741 1926 2030 2000 sapientia
2063 1957 2108 2022 Β

380 2010 599 2076 vestra,
635 2023 749 2062 non
783 2010 1101 2080 medicum,
1135 2015 1234 2070 sed
1287 2017 1611 2073 maximum
1666 2016 1943 2073 solatium
1976 2020 2034 2071 et

385 2109 596 2164 magna
627 2095 946 2153 consolatio
978 2104 1066 2155 est
1089 2101 1455 2160 fraternitati.
1481 2105 1743 2162 Pervenit
1772 2105 1927 2160 enim
1961 2104 2032 2160 ad

388 2197 494 2238 nos
525 2183 833 2255 scripsisse
864 2190 1235 2247 sanctitatem
1272 2198 1434 2249 tuam
1469 2197 1720 2265 Augusto
1751 2198 2032 2250 Constan-

387 2269 490 2335 tio,
519 2276 576 2326 et
633 2273 819 2344 magis
850 2278 1151 2350 magisque
1213 2281 1518 2351 miramur,
1566 2284 1704 2354 quia
1752 2283 1811 2338 in
1845 2282 2034 2339 medio

387 2362 671 2432 tanquam
704 2365 1078 2435 scorpionum
1111 2367 1406 2438 habitans,
1430 2372 1610 2427 animi
1634 2375 1828 2428 tamen
1861 2371 2036 2426 liber-

389 2453 508 2505 tate
541 2451 744 2518 uteris,
771 2458 836 2508 ut
865 2454 951 2509 vel
978 2458 1379 2529 monendo,vel
1412 2461 1695 2526 docendo,
1718 2459 1805 2514 vel
1837 2476 2037 2515 emen-

393 2539 608 2608 dando,
639 2546 901 2599 errantes
932 2545 1004 2600 ad
1035 2545 1232 2603 lumen
1263 2549 1526 2605 veritatis
1566 2550 1846 2605 adducas.
1879 2552 2038 2620 Rogo

393 2627 592 2699 igitur,
627 2635 835 2703 rogant
867 2649 1096 2690 mecum
1129 2636 1305 2692 etiam
1338 2655 1543 2696 omnes
1567 2639 1951 2708 confessores,
1975 2641 2040 2693 ut

393 2716 652 2790 digneris
684 2720 853 2777 nobis
877 2724 1208 2797 exemplum
1230 2727 1545 2794 destinare,
1566 2734 1629 2783 ut
1660 2745 1773 2784 non
1807 2731 2038 2782 tantum

395 2807 620 2876 auditu,
653 2809 752 2864 sed
787 2811 962 2868 etiam
985 2829 1051 2868 ex
1078 2813 1284 2872 litteris
1308 2817 1536 2888 possint
1567 2817 1895 2890 perspicere
1920 2831 2040 2872 om-

396 2910 496 2950 nes
526 2896 735 2953 animas
765 2901 881 2955 tua;
911 2901 1182 2959 virtutem
1208 2905 1460 2978 fideique
1489 2905 1763 2962 ﬁduciam
1795 2909 1851 2962 et
1871 2904 2040 2961 liber-

393 2989 594 3040 tatem.
631 2987 899 3046 Salutant
918 2994 1282 3050 sanctitatem
1307 3000 1467 3051 tuam
1492 2996 1592 3068 qui
1625 3011 1852 3051 mecum
1874 2997 2036 3050 sunt.

394 3073 591 3130 Saluto
617 3093 824 3134 omnes
857 3080 956 3152 qui
992 3086 1179 3138 tecum
1213 3089 1372 3140 sunt.
1409 3084 1694 3141 Divinitas
1727 3089 1780 3140 te
1816 3083 2039 3140 incolu-

398 3177 548 3218 mem
583 3171 872 3237 vegetum,
908 3186 1344 3246 memoremque
1383 3175 1565 3231 nostri
1599 3191 1832 3246 semper
1877 3178 2040 3230 tuea-

395 3257 510 3320 tur,
542 3253 777 3310 domine
807 3257 1206 3329 dilectissime,
1240 3280 1307 3318 ac
1335 3280 1467 3320 vere
1498 3264 1672 3320 homo
1707 3264 1823 3320 Dei.

467 3340 568 3396 His
597 3345 849 3416 acceptis
879 3346 1110 3413 litteris,
1144 3326 1350 3408 beatus
1392 3353 1621 3409 Lucifer
1650 3353 1813 3409 misit
1858 3353 2039 3408 libros
2069 3326 2112 3392 (δ

394 3444 542 3500 quos
573 3431 644 3485 ad
677 3436 1085 3492 Constantium
1120 3440 1436 3512 scripserat
1459 3459 1631 3513 ;quos
1651 3457 1784 3498 cum
1811 3441 2044 3513 legisset

397 3517 774 3590 Athanasius,
809 3522 958 3581 hanc
989 3526 1140 3583 infra
1169 3528 1479 3602 epistolam
1515 3531 1694 3588 misit.

475 3654 711 3709 Domino
739 3657 1153 3725 gloriosissimo,
1188 3679 1259 3718 ac
1302 3667 1500 3720 merito
1547 3665 2041 3727 desideratissimo.

401 3743 707 3816 coepiscopo
738 3747 1010 3817 Luci/ero,
1042 3751 1375 3810 Athanasius
1427 3757 1484 3810 in
1522 3757 1757 3811 Domino
1787 3755 2042 3810 salutem.

470 3875 590 3932 Etsi
623 3879 794 3935 credo
818 3885 1149 3954 pervenisse
1170 3887 1344 3943 etiam
1379 3889 1449 3944 ad
1475 3888 1848 3944 sanctitatem
1883 3891 2042 3942 tuam

400 3964 477 4064 de.
505 3971 1114 4064 persecutione,quam
1147 3976 1321 4032 etiam
1356 3994 1510 4034 nunc
1532 3978 1811 4033 adversus
1843 3977 2044 4032 frater-

401 4057 642 4110 nitatem
667 4057 853 4116 facere
869 4064 1056 4118 conati
1077 4065 1451 4121 suntinimici
1475 4066 2047 4137 Christi,quaarentes

401 4144 749 4241 sanguinem
782 4154 1072 4220 nostrum,
1107 4159 1358 4226 possunt
1385 4160 1579 4212 tamen
1613 4155 1788 4211 etiam
1819 4154 2048 4211 charis-

403 4231 538 4286 simi
572 4237 754 4292 nostri
785 4239 998 4296 referre
1047 4243 1309 4316 religioni
1359 4251 1494 4303 tuas.
1534 4248 1596 4304 In
1630 4252 1856 4304 tantum
1889 4247 2045 4304 enim

404 4320 625 4377 rabiem
648 4340 818 4380 uam
840 4345 941 4399 per
962 4331 1178 4390 milites
1199 4337 1505 4394 extendere
1525 4338 1654 4394 ausi
1675 4341 1908 4404 sunt,ut
1933 4353 2047 4392 non

405 4407 596 4497 solum
619 4412 872 4472 civitatis
893 4417 1135 4478 clericos
1156 4424 1606 4497 etiugarent,sed
1631 4428 1808 4484 etiam
1831 4428 1900 4482 ad
1925 4443 2048 4482 ere-

405 4496 578 4554 mites
594 4500 900 4570 exirent,et
917 4507 973 4562 fu
985 4515 1178 4566 nestas
1196 4496 1334 4568 suas
1355 4529 1566 4572 manus
1584 4519 1865 4575 adversus
1889 4515 2051 4588 μονά-

406 4589 592 4654 ζοντας
644 4591 754 4664 (11)
784 4592 1192 4654 immitterent.
1233 4603 1367 4656 Inde
1411 4603 1626 4658 factum
1661 4609 1750 4658 est
1781 4608 1844 4658 ut
1872 4603 2045 4659 etiam

2135 689 2435 745 perversae
2467 691 2605 730 suas
2634 675 2784 742 vias,
2833 675 2986 730 sicut
3041 674 3324 745 scriptum
3357 673 3694 729 invenimus
3724 671 3781 729 in

2133 763 2536 820 tertiodecimo
2577 763 2846 820 Pssimo:
2881 764 3034 819 Discit
3063 764 3328 835 insipiens
3369 765 3427 818 in
3457 763 3620 819 eor-de
3646 777 3744 820 suo
3764 782 3785 820 :

2133 857 2255 909 Non
2284 857 2364 908 est
2423 854 2577 909 Deus.
2613 853 2679 909 Et
2739 870 2867 909 mox
2926 852 3228 925 sequitur:
3274 853 3518 924 Corripti
3572 855 3700 908 sunt
3730 857 3790 908 et

2135 941 2536 1000 abominabiles
2581 945 2718 1014 facti
2743 947 2874 1000 sunt
2903 944 2965 998 in
2995 942 3245 1015 aperibus
3273 944 3390 998 suis
3411 942 3476 996 “.
3512 942 3651 998 Inde
3678 943 3788 997 Ju-

2137 1032 2243 1087 daei
2277 1037 2556 1103 negantes
2587 1033 2794 1088 Filium
2814 1032 2913 1088 Dei
2945 1031 3108 1104 digni
3131 1033 3367 1088 fuerunt
3397 1032 3604 1088 audire
3631 1049 3644 1087 :
3670 1031 3787 1099 Vae,

2136 1138 2278 1193 gens
2304 1122 2612 1194 peccatrix,
2637 1122 2887 1194 populus
2929 1121 3137 1194 plenus
3160 1120 3413 1189 delictis,
3436 1137 3636 1176 semen
3667 1137 3788 1176 ma-

2138 1210 2386 1283 lignum,
2422 1210 2524 1266 {iiii
2570 1212 2697 1268 sine
2727 1211 2851 1284 lege
2870 1212 2932 1266 “.
2968 1211 3132 1267 Unde
3183 1211 3308 1266 sine
3354 1209 3532 1280 lege?
3572 1207 3789 1282 quippe

2138 1299 2277 1372 quia
2307 1297 2702 1372 dereliquistis
2729 1301 3057 1356 Dominum.
3082 1301 3217 1355 inde
3240 1299 3620 1354 beatissimus
3644 1299 3789 1353 Pan-

2136 1388 2230 1445 lus
2259 1405 2392 1445 cum
2437 1389 2710 1462 cmpissst
2767 1407 2881 1446 non
2913 1394 3142 1445 tantum
3199 1387 3432 1444 credere
3483 1388 3539 1441 in
3577 1386 3787 1442 Filium

2138 1477 2258 1546 Dei,
2291 1479 2674 1534 verumetiam
2707 1479 3020 1551 praedicare
3051 1479 3326 1533 deitatem
3358 1474 3792 1547 ipsius,s'cribe-

2139 1567 2238 1622 bat
2267 1583 2279 1622 :
2309 1570 2372 1624 In
2401 1569 2554 1625 nullo
2611 1569 2750 1623 mihi
2778 1569 2916 1624 mali
2968 1568 3215 1622 conscius
3244 1571 3365 1620 sum
3386 1565 3453 1618 “.
3498 1565 3583 1620 lta
3621 1565 3794 1632 juxta

2140 1661 2393 1713 vestram
2425 1657 2850 1712 confessionem
2883 1657 3057 1711 etiam
3083 1671 3188 1710 nos
3217 1657 3792 1726 optamus,tenentes

2139 1745 2517 1819 apostolicam
2551 1746 2946 1813 traditionem,
2979 1745 3166 1800 vivere
3203 1746 3374 1815 juxta
3405 1743 3611 1797 divinae
3644 1741 3793 1814 legis

2141 1837 2440 1906 mandata,
2475 1841 2539 1891 ut
2565 1836 2863 1908 possimus
2906 1833 3208 1890 vobiscum
3244 1831 3489 1888 inveniri
3522 1831 3580 1886 in
3612 1830 3791 1886 choro

2140 1925 2260 1992 illo,
2293 1926 2350 1980 in
2384 1942 2501 1998 quo
2532 1940 2688 1980 nunc
2729 1923 3026 1980 exsultant
3073 1920 3438 1995 patriarchas,
3469 1920 3788 1992 prophetis,

2143 2015 2389 2089 apostoli
2423 2031 2488 2070 ac
2533 2019 2837 2084 martyres.
2900 2013 3054 2069 Licet
3085 2012 3265 2084 igitur
3316 2011 3526 2065 Ariana
3556 2008 3793 2065 insania

2144 2122 2278 2161 cum
2310 2110 2582 2160 extranea
2615 2103 2872 2175 potentia
2903 2103 2984 2158 ita
3015 2118 3076 2157 se
3109 2101 3470 2166 movebat,ut
3500 2115 3612 2154 non
3647 2097 3790 2153 lice-

2147 2197 2231 2250 ret
2261 2210 2366 2249 nec
2397 2194 2920 2265 fratres,quantum
2949 2191 3030 2247 illi
3054 2187 3573 2259 smviebantJibere
3599 2203 3792 2242 aerem

2144 2283 2338 2339 videre
2363 2302 2376 2350 ;
2410 2289 2604 2338 tamen
2633 2283 2797 2354 juxta
2826 2280 3120 2336 orationes
3149 2284 3280 2335 tuas
3311 2279 3425 2334 Deo
3455 2278 3793 2340 favente,et-

2145 2373 2194 2428 si
2228 2389 2361 2428 cum
2395 2372 2593 2427 labore
2621 2376 2678 2427 et
2708 2369 2964 2442 periculo
2994 2369 3170 2424 videri
3207 2367 3367 2440 potui
3401 2367 3662 2436 Matrem,
3696 2365 3796 2437 qui

2147 2461 2297 2518 solet
2314 2466 2432 2517 tam
2462 2460 2791 2516 necessaria
2815 2475 2992 2532 quam
3019 2456 3300 2530 epistolas
3323 2462 3443 2512 tam
3468 2453 3796 2512 sanctitatis

2148 2556 2259 2606 tua:
2281 2567 2455 2622 quam
2479 2550 2727 2606 aliorum
2759 2549 3428 2618 destinare.Accepimus
3449 2543 3648 2614 itaque
3675 2542 3798 2614 epi-

2148 2639 2331 2696 stolas
2379 2644 2436 2695 et
2487 2637 2668 2695 libros
2727 2636 3178 2710 religiosissime:
3221 2652 3287 2691 ac
3342 2633 3796 2706 sapientissime

2147 2730 2356 2785 animis
2390 2737 2520 2797 tuaa,
2555 2727 2612 2783 in
2642 2728 2855 2800 quibus
2887 2726 3286 2798 perspeximus
3307 2723 3626 2795 imaginem
3659 2737 3794 2793 apo-

2149 2818 2437 2884 stolicam,
2471 2817 2747 2873 fiduciam
2779 2811 3622 2889 propheticam,magisterium
3656 2809 3798 2867 veri-

2147 2908 2306 2980 tatis,
2338 2909 2665 2964 doctrinam
2714 2922 2858 2962 veraa
2908 2905 3064 2972 ﬁdei,
3097 2903 3249 2960 viam
3295 2901 3609 2968 ccelestem,
3642 2916 3795 2955 mar-

2149 3000 2283 3073 tyrii
2297 2995 2906 3071 gioriam,triumphos
2922 2995 3202 3050 adversus
3215 2991 3484 3048 haeresim
3501 2991 3792 3056 Arianam,

2147 3090 2521 3146 traditionem
2553 3087 2841 3157 integram
2873 3085 3113 3140 Patrum
3145 3087 3502 3150 nostrorum,-
3533 3078 3796 3152 regulam

2151 3185 2366 3234 rectam
2422 3174 2800 3233 ecclesiastici
2851 3173 3095 3229 ordinis.
3130 3171 3175 3227 Ο
3225 3187 3357 3226 vere
3410 3169 3634 3224 Lucifer
3662 3169 3800 3240 (12),

2152 3267 2250 3340 qui
2274 3269 2444 3337 juxta
2493 3281 2729 3328 nomen,
2764 3263 2963 3318 lumen
3015 3260 3276 3317 veritatis
3331 3261 3521 3315 ferens
3551 3258 3799 3330 posuisti

2153 3372 2330 3429 super
2356 3354 2793 3419 candelabrum,
2829 3357 2891 3407 ut
2920 3351 3110 3406 luceat
3130 3350 3407 3406 omnibus
3434 3351 3445 3403 i
3484 3349 3627 3403 171
3659 3348 3800 3411 Quis

2151 3446 2330 3512 enim,
2353 3443 2610 3516 exceptis
2633 3441 3007 3509 Arianis,non
3039 3439 3297 3512 pervidet
3319 3453 3387 3494 ex
3409 3442 3510 3493 tua
3534 3435 3802 3493 doctrina

2152 3547 2346 3590 veram
2380 3534 2616 3605 quidem
2673 3532 2876 3597 ﬁnem,
2900 3527 3193 3584 maculam
3215 3531 3411 3584 autem
3425 3526 3798 3582 Arianorum.

2154 3622 2334 3680 Valde
2363 3629 2422 3678 et
2451 3620 2898 3684 admirabiliter,
2933 3624 2997 3673 ut
3025 3621 3115 3673 est
3142 3616 3339 3672 lumen
3373 3633 3408 3671 a
3435 3613 3804 3682 tenebris,ita

2153 3712 2439 3786 separasti
2470 3710 2769 3767 veritatem
2803 3726 2833 3763 a
2865 3706 3185 3764 calliditate
3213 3709 3272 3761 et
3299 3703 3590 3778 hypocrisi
3615 3703 3802 3759 haere-

2153 3801 2425 3873 ticorum,
2458 3797 2769 3854 defendisti
2799 3796 3158 3853 Catholicam
3193 3793 3512 3850 Ecclesium
3545 3793 3801 3866 probasti

2155 3889 2302 3946 nihil
2319 3888 2576 3955 esse,sed
2595 3890 2823 3943 tantum
2843 3883 3591 3958 phantasiam,Arianorum
3607 3882 3802 3949 verba,

2155 3979 2404 4035 docuisti
2434 3976 2744 4034 calcandos
2776 3991 2905 4030 esse
2935 3974 3235 4030 frendorcs
3255 3971 3598 4028 diabolicos.
3620 3973 3804 4038 Quam

2155 4070 2308 4125 bona
2339 4072 2396 4124 et
2439 4065 2703 4138 jucunda
2751 4065 3122 4120 hortamenta
3149 4067 3251 4118 tua
3307 4062 3378 4116 ad
3413 4059 3761 4133 martyrium
3791 4059 3803 4113 !

2157 4174 2334 4231 quam
2353 4154 2914 4212 desideratissimam
2937 4150 3246 4208 ostendisti
3273 4155 3518 4206 mortem
3550 4165 3680 4205 esse
3704 4164 3806 4221 pro

2157 4248 2384 4304 Christo
2417 4245 2558 4301 Filio
2615 4245 2709 4299 Dei
2745 4242 2891 4311 (13)!
2924 4258 3100 4314 quam
3133 4241 3312 4296 futuri
3363 4238 3558 4295 saeculi
3592 4244 3649 4294 et
3679 4238 3806 4292 vite

2155 4335 2410 4393 cmlestis
2439 4349 2696 4390 amorem
2719 4330 3107 4387 manifestasti
3133 4327 3147 4384 Ι
3179 4328 3411 4384 Videris
3441 4343 3571 4384 esse
3604 4343 3803 4382 verum

2156 4422 2440 4495 templum
2461 4419 2904 4490 Salvatoris,qui
2937 4418 2994 4473 in
3021 4425 3075 4475 te
3095 4418 3368 4473 habitans
3399 4417 3521 4472 haec
3553 4416 3684 4488 ipsa
3709 4431 3810 4486 per

2159 4521 2214 4571 te
2243 4512 2466 4585 loquitu
2478 4514 2653 4584 r,ipse
2674 4510 2773 4582 qui
2796 4513 3016 4565 tantam
3041 4506 3287 4580 gratiam
3313 4505 3559 4578 praebuit
3583 4520 3806 4560 sermo-

2160 4603 2334 4660 nibus
2363 4602 2503 4668 tuis,
2537 4600 2756 4672 quippe
2777 4599 2873 4669 qui
2907 4599 3039 4653 ante
3059 4612 3190 4651 eras
3220 4595 3374 4667 apud
3406 4609 3612 4649 omnes
3643 4609 3805 4648 ama-

402 4691 508 4749 ego
541 4695 635 4734 me
663 4679 896 4755 longius
928 4687 1300 4757 abducerem,
1337 4709 1406 4747 ne
1434 4693 1609 4748 etiam
1643 4694 1742 4766 qui
1775 4711 1881 4748 nos
1912 4711 2048 4750 sus-
2076 4694 2124 4760 D
2158 4693 2314 4763 bilis,
2347 4708 2502 4746 nunc
2526 4693 2716 4744 tamen
2741 4691 2942 4742 tantus
2962 4692 3052 4742 est
3079 4701 3243 4741 amor
3263 4683 3587 4741 atiectiouis
3613 4692 3723 4738 tua:
3748 4683 3805 4737 in

402 4774 703 4866 ceperunt,
738 4775 1036 4866 negotium
1071 4779 1142 4832 ab
1173 4780 1394 4835 eisdem
1433 4789 1788 4852 paterentur.
1824 4783 1927 4839 Cui
1956 4788 2044 4839 et-

403 4864 558 4910 enim
591 4867 832 4929 parcent
860 4864 1080 4933 Ariani,
1106 4869 1207 4938 qui
1240 4884 1344 4924 nec
1375 4870 1588 4926 animis
1621 4872 1746 4928 suis
1777 4887 2048 4944 peperce-

402 4949 541 5043 runt
560 4945 832 5043 meando
854 4957 1049 5010 autem
1084 4962 1332 5028 possunt
1362 4961 1625 5016 recedere
1647 4978 1679 5015 a
1699 4961 1825 5017 suis
1843 4962 2048 5018 nefan-

403 5031 495 5131 dis
515 5036 764 5131 actibus,
789 5039 931 5096 dum
954 5052 1298 5114 permanent
1323 5049 1590 5118 negando
1612 5048 1909 5105 Christum
1937 5050 2047 5106 Do-

406 5128 632 5179 minum
663 5128 903 5186 unicum
956 5132 1166 5189 Filium
1201 5134 1346 5190 Dei?
1376 5139 1506 5192 Haec
1535 5142 1624 5194 est
1653 5139 1817 5194 radix
1845 5155 2048 5196 eorum

471 5256 518 5291 ⁸⁸
546 5259 698 5314 Psal.
733 5277 858 5329 xm,
891 5265 940 5332 1,
973 5266 1027 5322 2.
1104 5268 1150 5302 “
1180 5269 1290 5325 lsa.
1324 5286 1364 5336 ι,
1395 5271 1450 5326 3.
1525 5272 1570 5306 ⁸⁸
1604 5273 1622 5326 Ι
1654 5275 1779 5328 Cor.
1817 5291 1892 5339 xv,
1925 5272 1977 5329 4.

704 5418 898 5500 Germ.
934 5433 1309 5500 monamlas.
1346 5426 1480 5500 Reg.
1512 5434 1886 5500 monazanles.

475 5490 586 5573 (1:2)
620 5490 770 5573 Hinc.
794 5493 940 5573 forte
972 5502 1224 5573 putetur-
1243 5490 1548 5573 Latineab
1566 5499 1885 5573 Athanasio
1908 5500 2045 5556 scri-

402 5563 502 5632 pta
536 5563 652 5616 hinc
685 5563 1117 5630 epistolafcum
1153 5567 1374 5624 alludut
1405 5571 1474 5624 ad
1526 5570 1789 5627 Latinam
1823 5588 2042 5628 vocem.

476 5634 779 5709 (lli‘Beg.
832 5644 888 5692 et
945 5639 996 5692 S.
1060 5640 1252 5696 Germ.
1313 5642 1486 5709 Quam
1540 5642 2047 5700 desiderantissime

2157 4781 2371 4839 animis
2401 4779 2666 4834 omnium
2699 4775 3110 4840 collocatus,ut
3140 4773 3321 4828 Eliam
3357 4777 3413 4828 te
3438 4773 3808 4845 temperibus

2157 4870 2373 4928 nostris
2404 4868 2792 4932 nominent,et
2839 4881 2953 4920 non
2987 4863 3223 4919 mirum.
3277 4863 3336 4917 Si
3368 4861 3524 4917 enim
3557 4862 3658 4933 qui
3691 4862 3807 4916 Deo

2159 4962 2384 5035 placere
2418 4958 2710 5023 videntur,
2742 4953 2844 5009 lilii
2882 4954 2976 5009 Dei
3001 4953 3401 5035 nominantur,
3435 4955 3654 5023 quanto
3677 4963 3810 5006 ma-

2157 5032 2248 5123 gis
2305 5046 2618 5121 participes
2675 5043 3090 5117 prophetarum
3153 5032 3512 5098 confes‘sores
3570 5040 3708 5111 (14),
3754 5045 3812 5094 et

2160 5137 2416 5196 maxime
2440 5141 2496 5192 te
2523 5133 2815 5208 appellare
2847 5132 3092 5205 dignum
3122 5136 3232 5188 est.
3281 5131 3462 5188 Crede
3493 5129 3660 5196 mihi,
3693 5129 3810 5184 La-

2157 5443 2332 5500 quem
2363 5427 2685 5500 sequimur,
2719 5423 2860 5500 haec
2889 5424 3011 5500 ipsa
3035 5435 3136 5491 per
3164 5427 3212 5476 te
3269 5420 3534 5491 loquitur.
3570 5418 3722 5473 Editi
3755 5423 3816 5474 et

2156 5494 2317 5570 Reg,
2355 5494 2468 5552 haec
2497 5499 2610 5568 ipse
2636 5512 2734 5570 per
2763 5502 2812 5550 te
2842 5494 3107 5570 loquitur.

2225 5561 2337 5639 (14)
2368 5570 2461 5625 Sic
2495 5561 2651 5623 hunc
2697 5561 3002 5621 locum—ex
3033 5567 3172 5634 Reg.
3207 5567 3265 5617 et
3312 5563 3370 5639 S.
3403 5565 3596 5639 Germ.
3633 5561 3813 5616 resti-

2156 5635 2400 5697 tuimus.
2433 5640 2579 5695 Euliti
2615 5654 2941 5712 perperam,
2977 5640 3154 5712 tanta
3174 5636 3347 5704 magis
3377 5635 3654 5706 particeps
3683 5649 3814 5704 pro-

402 5704 686 5787 osgendisti
709 5704 1054 5787 moriendum
1100 5728 1214 5787 esse
1257 5704 1356 5784 pro
1395 5713 1672 5787 Christo...
1709 5716 1884 5771 Paulo
1919 5721 2048 5787 post
2153 5714 2465 5784 phetarum,
2495 5704 2883 5784 confessorem,
2915 5716 2970 5766 et
2999 5707 3260 5763 maxime.

401 5771 603 5842 iidem,
636 5793 757 5833 vere
813 5783 1075 5851 templum
1121 5771 1496 5841 Saluatoris...
1547 5785 1677 5843 Mox
1721 5789 1780 5844 S.
1823 5771 2042 5856 Gei'm.,
