4048 6414
223 449 366 511 “89
915 444 1019 508 DE
1061 440 1490 506 TRINITATE
1535 441 1634 501 ET
1681 438 1993 502 SPIRITU
2039 440 2369 502 SANCTO.
2403 475 2480 485 -
2521 443 2913 510 MONITUM.
3473 459 3631 522 “90

226 583 377 638 unde
406 581 467 637 in
499 599 683 637 unum
716 579 1101 652 epistolarum
1133 593 1345 649 corpus
1377 574 1649 632 collectas
1681 573 1866 629 fuisse
1911 571 2216 644 prOpalam
2248 590 2316 629 ex
2362 574 2744 648 inscriptione
2777 581 3034 654 epistola:
3083 586 3306 646 festalis
3355 594 3595 664 superiu

220 672 399 740 editae,
432 689 555 743 quae
586 669 885 727 tricesima
915 685 1073 725 nona
1104 669 1498 738 nuncupatur.
1532 664 1663 719 Haac
1694 668 1914 732 autem,
1947 679 2124 735 quam
2160 679 2320 719 nunc
2354 664 2611 735 primum
2653 684 2721 724 ex
2772 674 3175 747 manuscripto
3221 679 3631 752 antiquissimo

221 759 500 828 eruimus,
532 759 667 815 data
696 763 787 816 est
815 774 970 815 anno
1000 757 1127 824 356,
1159 772 1293 810 cum
1319 757 1493 825 jussu
1525 751 1870 820 Cons;antii,
1903 750 2590 810 AlexandrinaeEcclesizn
2625 762 2836 829 ereptae
2865 750 3432 832 Catholicis,Arianis
3455 775 3630 829 tradi-

219 853 286 905 tae
318 854 456 906 sunt
488 866 500 904 :
536 866 650 922 qua
683 850 752 904 de
785 865 845 904 re
875 845 1326 904 consolatoriam
1361 842 1704 914 hujusmodi
1735 839 2047 912 epistolam
2072 840 2233 895 dedit
2263 842 2642 900 Athanasius.
2677 848 2869 917 Hujus
2897 850 3224 923 fragmenta
3253 860 3479 915 tantum
3514 863 3629 919 duo

222 939 524 1012 exscripsit
555 938 852 1006 librarius,
885 936 1122 993 omissis
1151 933 1477 1006 aliis,queis
1511 931 1856 986 Arianorum
1883 929 2286 986 invadentium
2321 932 2609 990 Ecclesias
2639 941 2801 1004 gesta
2825 938 3015 994 fusius
3037 958 3103 997 ac
3119 943 3492 1014 subtilius,ut
3520 968 3628 1023 pu-

219 1030 433 1092 tamus,
469 1027 932 1100 prosequebatur
961 1023 1340 1080 Athanasius.
1374 1022 1442 1076 Et
1471 1025 1667 1076 tamen
1701 1017 2226 1090 quantulacunque
2258 1025 2398 1074 sunt
2426 1021 2630 1078 ἰεῦ]ωο
2659 1040 2693 1078 a
2721 1028 2980 1082 tenebris
3013 1033 3068 1084 et
3097 1047 3128 1086 a
3172 1017 3628 1106 temporum-in-

212 1117 366 1189 juria
397 1117 707 1182 vindicata,
744 1116 891 1170 scitu
927 1114 1166 1186 dignam
1202 1129 1320 1167 rem
1356 1110 1525 1166 nobis
1553 1107 2098 1180 aperiunt,Arianos
2128 1106 2401 1163 videlicet
2432 1109 2707 1166 ecclesias
2738 1117 3095 1174 convertisse
3128 1120 3185 1174 in
3219 1122 3425 1180 domos
3456 1143 3630 1199 nego-

220 1205 497 1275 tiationis,
530 1211 586 1260 et
616 1205 672 1260 in
710 1205 915 1259 domos
939 1202 1132 1268 veli,id
1165 1201 1336 1267 est,in
1363 1195 1722 1270 juridicialia
1753 1194 2087 1250 tribunalia.
2126 1197 2248 1261 Qua
2280 1198 2349 1252 de
2381 1199 2642 1270 reagitur
2663 1200 2721 1256 in
2761 1205 3106 1263 Onomastico
3131 1210 3199 1264 ad
3226 1228 3422 1268 vocem
3445 1194 3627 1284 Βηῗιὸς

225 1295 301 1350 De
331 1294 600 1367 epistolis
628 1299 826 1350 autem
861 1292 1172 1349 festalibus
1204 1292 1330 1346 fuse
1365 1289 1420 1342 in
1457 1287 1799 1341 Praefatione
1829 1284 2080 1356 generali
2114 1285 2245 1353 (22).

1259 1401 1343 1454 Ex
1371 1396 1552 1452 codice
1583 1393 1731 1451 Colb.
1767 1392 1923 1458 1785,
1955 1408 2229 1447 annorum
2255 1393 2446 1449 saltem
2473 1394 2597 1451 800.

772 1506 964 1545 meum
1001 1503 1248 1544 arisrou
1285 1501 1464 1540 SANCTI
1504 1497 1777 1538 manus"
1818 1496 2052 1535 EPISCOPI
2092 1498 2460 1554 ALEXANDRINI,
2501 1502 2655 1540 FILIIS
2693 1504 2801 1542 suns
2839 1489 3063 1560 (23-24).

287 1578 441 1634 Deus
463 1579 702 1650 quidem
721 1595 819 1634 vos
836 1577 1190 1642 consoletur,
1215 1574 1348 1630 novi
1372 1579 1569 1630 autem
1596 1572 1866 1644 quianon
1895 1573 1947 1636 Α
1980 1569 2084 1637 bit,
2119 1570 2488 1628 dilectissimi
2519 1573 2726 1631 fratres
2759 1594 2771 1632 :
2805 1577 2852 1632 si
2885 1579 3041 1634 enim
3092 1581 3409 1655 aliquando
3437 1589 3626 1647 eccle-

218 1667 323 1723 hoc
339 1667 532 1723 solum
553 1683 655 1722 vos
678 1666 1113 1735 contristat,sed
1139 1663 1450 1721 contristat
1469 1667 1525 1718 et
1545 1659 1869 1731 illud,quia
1979 1660 2096 1716 sias
2129 1663 2448 1719 reddiderit
2476 1663 2653 1732 Deus,
2700 1667 2997 1725 credimus
3027 1672 3182 1728 enim
3216 1674 3326 1731 hoc
3351 1693 3365 1745 ;
3400 1694 3630 1736 verum-

218 1757 492 1814 ecclesias
519 1756 751 1828 quidem
785 1755 883 1811 alii
906 1772 1008 1827 per
1038 1753 1376 1810 violentiam
1408 1755 1744 1820 tenuerunt,
1766 1765 1869 1805 vos
1977 1755 2172 1806 tamen
2203 1755 2300 1806 ne“
2343 1756 2509 1809 tanta
2537 1753 2920 1812 ecclesiarum
2973 1760 3358 1821 redditionem
3408 1769 3628 1826 sufﬁcit

219 1850 410 1902 autem
454 1847 688 1901 interim
745 1845 883 1900 foris
930 1844 1072 1900 estis
1104 1843 1348 1910 alocie;
1397 1841 1480 1896 illi
1530 1841 1688 1896 enim
1717 1839 1864 1904 loca,

217 1953 318 1995 vos
345 1953 478 1991 vero
491 1935 722 1990 habetis
744 1932 1126 2005 apostolicam
1151 1932 1348 1987 ﬁdem.
1367 1930 1451 1985 Illi
1475 1931 1531 1984 in
1557 1929 1700 1983 locis
1723 1927 1867 1982 exsi-

219 2028 458 2090 stentes,
494 2043 526 2080 a
554 2041 690 2079 vera
709 2023 819 2079 ﬁde
852 2027 989 2078 sunt
1021 2022 1193 2078 foris:
1221 2037 1322 2075 vos
1345 2035 1476 2074 vero
1507 2036 1541 2074 a
1569 2017 1712 2073 locis
1735 2017 1863 2087 qui-

218 2114 349 2168 dem
381 2112 522 2168 foris
549 2113 712 2180 estis,
737 2113 881 2167 ﬁdes
931 2128 1063 2166 vero
1098 2111 1275 2164 intus.
1305 2108 1698 2164 Discutiamus
1725 2105 1864 2176 quid

217 2204 296 2260 sit
328 2204 544 2273 majus,
578 2202 742 2258 locus
779 2219 851 2256 an
898 2203 1040 2256 ﬁdes
1074 2217 1086 2254 :
1122 2199 1299 2254 claret
1333 2199 1534 2269 utique
1566 2196 1705 2269 quia
1735 2211 1866 2250 vera

217 2292 381 2347 ﬁdes.
415 2293 554 2356 Quis
586 2308 722 2363 ergo
755 2289 1010 2360 amplius
1045 2289 1318 2360 perdidit,
1342 2286 1580 2358 velquis
1611 2284 1866 2356 amplius

215 2380 413 2450 habet,
445 2380 542 2451 qui
575 2379 768 2435 locum
804 2383 981 2442 tenet,
1016 2395 1089 2432 an
1132 2377 1230 2448 qui
1267 2376 1484 2431 ﬁdem?
1515 2376 1708 2429 Bonus
1737 2373 1861 2444 qui-

217 2471 349 2526 dem
384 2470 545 2526 locus
577 2474 686 2535 est,
723 2469 956 2539 quando
981 2466 1100 2522 illic
1132 2465 1452 2537 apostolica
1484 2465 1628 2520 ﬁ'des
1658 2462 1863 2536 praedi-

217 2564 383 2615 catur
415 2577 430 2613 :
463 2565 703 2614 sanctus
734 2561 844 2620 est,
879 2557 927 2612 si
963 2557 1039 2610 ibi
1074 2555 1302 2610 habitat
1334 2559 1594 2610 sanctus.

815 2646 880 2700 Et
901 2647 1019 2716 post
1049 2660 1224 2713 pauca
1254 2661 1272 2696 :

285 2736 403 2792 Vos
449 2739 645 2791 autem
695 2734 868 2801 beati,
901 2734 1001 2804 qui
1053 2732 1166 2787 ﬁde
1195 2731 1253 2786 in
1304 2731 1560 2786 Ecclesia
1609 2731 1774 2800 estis,
1808 2731 1866 2785 in

215 2824 353 2882 ﬁdei
385 2823 782 2880 fundamentis
834 2821 1136 2889 habitatis,
1171 2826 1226 2875 et
1273 2821 1661 2877 sufﬁcientem
1693 2820 1867 2874 satis-

217 2915 531 2971 factionem
567 2913 817 2978 habetis,
852 2911 984 2966 ﬁdei
1009 2910 1440 2974 summitatem,
1468 2925 1592 2980 quae
1624 2908 1681 2962 in
1706 2909 1868 2964 vobis

213 3008 522 3077 permanet
539 3002 893 3058 inconcussa
913 3019 926 3069 ;
949 3017 1017 3056 ex
1035 2998 1353 3072 apostolica
1373 2999 1530 3053 enim
1555 2997 1866 3054 traditione

212 3093 475 3166 pervenit
505 3092 576 3148 ad
611 3108 729 3158 vos,
760 3096 818 3148 et
865 3090 1199 3162 frequenter
1229 3104 1358 3143 eam
1391 3087 1746 3142 exsecranda
1777 3087 1864 3142 in-

214 3181 372 3238 vidia
401 3180 585 3236 voluit
631 3195 1017 3247 commovere,
1052 3193 1157 3233 nec
1186 3176 1372 3233 valuit
1403 3193 1416 3232 :
1452 3177 1640 3248 magis
1670 3179 1867 3232 autem

213 3286 320 3344 per
346 3286 414 3325 ea
463 3286 590 3341 qua:
635 3271 1076 3325 commoverunt
1125 3270 1262 3322 sunt
1311 3265 1579 3321 abscissi.
1632 3265 1751 3321 Hoc
1781 3270 1870 3321 est

213 3359 374 3416 enim
423 3359 578 3430 quod
626 3357 910 3428 scriptum
962 3360 1053 3412 est
1093 3373 1106 3411 :
1163 3357 1237 3411 Tu
1283 3371 1339 3411 es
1383 3355 1552 3410 Filius
1600 3355 1699 3410 Dei
1732 3354 1866 3425 vivi,

212 3449 386 3504 Petro
408 3464 510 3519 per
530 3445 944 3503 revelationem
968 3445 1156 3501 Patri
1187 3444 1455 3500 confesso
1478 3447 1536 3499 et
1558 3444 1864 3499 audiente:

216 3540 425 3593 Beatus
453 3551 530 3606 es,
560 3537 757 3592 Simon
808 3535 1067 3605 Barjona,
1100 3535 1233 3605 quia
1274 3548 1400 3588 caro
1429 3537 1481 3588 et
1509 3534 1736 3603 sanguis
1759 3548 1870 3588 non

215 3628 480 3684 reuelauit
511 3627 630 3693 tibi,
661 3625 752 3682 sed
803 3627 971 3680 Pater
1017 3641 1172 3679 meus
1204 3625 1302 3695 qui
1340 3625 1400 3678 in
1446 3624 1594 3679 caelis
1622 3624 1784 3689 est“,
1815 3627 1873 3679 et

217 3720 445 3773 caetera.
476 3716 656 3771 Nemo
690 3716 868 3787 igitur
900 3730 1160 3786 unquam
1193 3718 1394 3768 vestrae
1426 3713 1562 3768 ﬁdei
1593 3712 1872 3784 praevale-

292 3814 337 3849 ⁸⁸
369 3813 574 3870 Matth.
606 3830 721 3880 xv},
756 3814 842 3867 17.

294 3911 407 3983 (22)
435 3911 517 3967 Cf.
551 3910 703 3965 infra
747 3909 1146 3983 Praefationem
1199 3907 1539 3983 card.__Maii
1594 3908 1671 3983 in
1702 3925 1872 3983 suam

215 3979 536 4039 editionem
550 3982 889 4037 earumdem
906 3980 1348 4052 epistolarum.«
1364 3979 1478 4033 Nec
1499 3981 1756 4051 vero,inq
1769 3981 1871 4046 uit,

214 4055 495 4111 Latinum
513 4053 657 4110 illud
682 4051 1096 4125 fragmen’tium
1124 4052 1517 4123 (subsequens
1534 4051 1794 4124 scilicet),
1813 4054 1874 4123 ﬁ-

1977 1839 2147 1928 nobis
2178 1840 2344 1896 ﬁdes.
2365 1841 2433 1896 Et
2462 1859 2532 1898 ne
2560 1843 2704 1899 forte
2737 1845 2863 1902 sine
2893 1848 3202 1920 scripturis
3224 1851 3487 1928 loquens,
3506 1858 3622 1915 vio-

1974 1926 2155 1983 lentia
2186 1929 2398 1997 dicam,
2425 1932 2642 1988 bonum
2675 1940 2764 1989 est
2785 1952 2884 1990 vos
2907 1938 2978 1992 ad
3003 1940 3436 2012 Scripturarum
3460 1926 3624 2002 testi-

1977 2017 2174 2107 monia
2187 2019 3000 2081 trahere.tlommemoramini
3013 2029 3170 2084 enim
3186 2032 3323 2102 quia
3337 2035 3622 2107 templum

1976 2106 2212 2176 quidem
2245 2114 2369 2163 erat
2395 2109 2717 2166 Jerusalem
2749 2129 2761 2166 :
2795 2114 3081 2186 templum
3116 2135 3228 2173 non
3261 2128 3386 2176 erat
3417 2106 3473 2178 in
3507 2141 3625 2185 ere.

1977 2212 2092 2263 mo,
2118 2196 2454 2269 alienigene
2478 2199 2928 2257 invaserant.Ex
2947 2221 3059 2275 quo
3092 2212 3147 2261 et
3177 2211 3464 2281 templum
3489 2231 3624 2270 vero

1975 2284 2300 2340 Jerusalem
2333 2304 2346 2354 ;
2382 2286 2466 2340 illi
2497 2289 2664 2358 ejecti
2702 2289 3018 2364 Babylonia
3051 2295 3502 2370 descenderunt,
3529 2303 3624 2372 ju-

1977 2373 2126 2429 dicio
2158 2375 2484 2447 probantis,
2518 2378 2639 2433 sive
2673 2379 2846 2435 etiam
2882 2382 3231 2454 corrigentis
3260 2386 3356 2443 Dei
3385 2407 3398 2456 ;
3434 2392 3626 2446 mani-

1977 2463 2244 2519 festantis
2289 2481 2420 2520 vero
2473 2465 2847 2523 inimicorum
2895 2474 3246 2544 sanguinem
3296 2480 3625 2536 vorantium

1977 2569 2178 2624 poenas
2208 2553 2451 2626 ignaris.
2497 2555 2565 2610 Et
2603 2555 2796 2612 locum
2829 2559 3067 2629 quidem
3098 2562 3394 2622 habebant
3423 2567 3628 2625 alieni-

1977 2657 2176 2714 genae;
2209 2641 2319 2698 loci
2364 2661 2497 2700 vero
2550 2646 2860 2702 Dominum
2911 2651 3264 2708 nesciebant.
3301 2657 3364 2710 In
3394 2662 3624 2714 tantum

1978 2747 2131 2797 vero,
2155 2732 2293 2802 quia
2323 2749 2429 2788 nec
2451 2751 2730 2806 responsa
2761 2736 2960 2806 dabat,
2985 2755 3090 2794 nec
3120 2740 3494 2814 loquebatur,
3521 2749 3623 2804 sed

1978 2836 2012 2875 a
2041 2821 2282 2876 veritate
2313 2821 2558 2877 desolati
2592 2824 2848 2879 fuerunt.
2870 2825 3014 2888 Quid
3036 2826 3220 2900 igitur
3237 2832 3521 2902 eosjuvat
3540 2834 3624 2890 lo-

1978 2909 2121 2964 cus?
2151 2909 2294 2964 Ecce
2323 2912 2478 2966 enim
2513 2911 2705 2966 locum
2739 2912 3023 2970 habentes
3054 2926 3407 2976 accusantur
3436 2939 3470 2977 a
3495 2923 3624 2978 dili-

1977 2999 2254 3070 gentibus
2275 2999 2628 3072 Deum,quia
2648 3018 2781 3057 eum
2807 3003 3068 3060 fecerunt
3089 3008 3431 3079 speluncam
3456 3013 3628 3070 latro-

1978 3105 2142 3153 num,
2166 3091 2222 3143 et
2239 3088 2477 3144 domum
2503 3090 2942 3164 negotiationis,
2965 3097 3278 3153 etdomnm
3302 3099 3410 3156 veli
3433 3101 3625 3159 locum

1978 3181 2245 3233 sanctum
2261 3178 2526 3234 fecerunt
2547 3185 2810 3238 amentes
2829 3182 3113 3254 sibi,quos
3137 3186 3255 3244 illic
3277 3205 3394 3244 non
3416 3189 3631 3248 licebat

1977 3266 2218 3322 intrare.
2244 3267 2590 3325 Audivimus
2620 3269 2796 3334 enim,
2821 3271 3208 3342 dilectissimi,
3233 3277 3526 3336 discentes
3555 3280 3628 3336 ab

1976 3354 2072 3410 his
2103 3355 2199 3424 qui
2230 3354 2367 3411 inde
2395 3360 2680 3412 venerunt
2710 3355 2829 3412 haec
2860 3363 2916 3414 et
2945 3360 3235 3420 deteriora
3264 3364 3378 3420 his.
3400 3367 3628 3432 Quanto

1978 3442 2158 3514 igitur
2177 3442 2371 3499 labore
2387 3443 2655 3501 videntur
2670 3446 2990 3504 Ecclesiam
3012 3453 3228 3519 tenere,
3253 3457 3416 3511 tanto
3439 3455 3629 3529 magis

1980 3531 2145 3601 ejecti
2170 3537 2328 3588 sunt.
2353 3532 2418 3588 Et
2434 3537 2713 3605 putantur
2729 3536 3027 3594 esseintra
3053 3540 3379 3613 veritatem,
3402 3543 3629 3617 expulsi

1981 3624 2121 3676 sunt
2149 3625 2347 3676 autem
2369 3627 2426 3677 et
2441 3623 2690 3693 capti,et
2721 3624 2947 3681 nullum
2969 3625 3195 3686 lucrum
3227 3631 3352 3688 sola
3371 3632 3630 3690 Ecclesia

1983 3709 2121 3780 quia
2149 3727 2348 3766 rarum
2380 3710 2620 3785 [rerum]
2654 3714 2868 3770 veritas
2890 3717 3214 3786 judicatur.

1984 3909 2077 3963 lii:
2097 3907 2222 3986 suis
2251 3904 2623 3986 inscriptiim,
2649 3921 2742 3986 ap.
2775 3905 2976 3986 Mpntf.
3001 3911 3140 3986 edit.
3163 3891 3390 3980 Venet.,
3417 3919 3557 3972 tom.
3588 3918 3630 3986 Ι,

1987 3982 2131 4050 part.
2166 3995 2228 4042 ιι,
2265 3994 2393 4050 pag.
2411 3977 2542 4050 772,
2567 3978 2982 4034 heortasticum
3018 3998 3080 4036 se
3111 3977 3492 4041 demonstrat.
3526 4009 3554 4038 ››

2055 4047 2280 4119 (23·24Ῐ
2303 4047 2531 4120 Scripta
2561 4065 2714 4104 anno
2745 4051 2870 4105 356.

659 4242 816 4295 718
863 4235 939 4294 IN
986 4233 1285 4295 LIBRUM
1333 4235 1433 4293 DE
1477 4234 1902 4296 TRINITATE
1948 4235 2048 4295 ET
2094 4232 2408 4295 SPlRITU
2453 4231 2756 4293 SANC'I‘O
2801 4233 3193 4297 MONITUM.

291 4463 320 4492 (ι
351 4442 589 4498 Jamdiu
623 4441 776 4496 inter
806 4439 1011 4512 spuria
1041 4438 1214 4494 latuit
1242 4437 1351 4494 hoc
1381 4437 1736 4510 Opusculum
1769 4455 1784 4493 :
1818 4441 1876 4494 et
1905 4439 2144 4510 quidem
2179 4437 2238 4492 in
2265 4436 2542 4492 omnibus
2572 4437 2884 4492 Athanasii
2930 4438 3104 4494 editis
3126 4447 3474 4513 praepostere
3521 4462 3639 4502 una

215 4530 606 4602 inscriptione
636 4530 1020 4600 conjunctum
1052 4544 1184 4583 cum
1213 4526 1314 4582 illa
1341 4527 1713 4584 Confessione
1745 4528 1877 4583 ﬁdei
1911 4545 2039 4600 qua:
2062 4534 2221 4583 tomo
2240 4529 2281 4582 ΙΙ
2304 4525 2420 4596 [IV]
2445 4530 2578 4597 post
2608 4526 2789 4582 libros
2813 4527 2884 4581 De
2907 4529 3170 4585 Trinitate
3192 4547 3400 4603 agmen
3416 4532 3635 4590 claudit

219 4618 296 4673 Et
326 4619 504 4687 probe
535 4634 677 4674 sane
708 4616 1122 4672 animadvertit
1147 4615 1493 4682 Chil‘ﬂetius,
1527 4615 1740 4687 duplex
1769 4615 2122 4688 opusculum
2151 4631 2372 4684 esse,ac
2405 4622 2723 4686 utrumque
2756 4633 2862 4671 suo
2893 4615 3064 4672 titulo
3097 4619 3363 4675 distinxit
3390 4622 3447 4677 in
3479 4623 3634 4678 edito

213 4704 424 4776 Vigilii
454 4706 792 4778 Tapsensis.
827 4705 1006 4761 Miror
1034 4709 1232 4760 autem
1266 4721 1378 4759 non
1411 4704 1836 4760 subodoratum
1859 4710 2145 4776 quantum
2181 4709 2334 4759 esset
2363 4704 2515 4758 inter
2544 4704 2654 4758 ista
2683 4704 3031 4768 dicriminis,
3057 4722 3236 4777 quam
3269 4709 3634 4778 disparatum

218 4795 505 4865 loquendi
539 4794 904 4867 genus.Nam
939 4793 1133 4864 priora
1162 4792 1398 4864 quidem
1431 4793 1650 4864 scripta
1680 4794 1750 4848 de
1780 4793 2062 4848 Trinitate
2095 4810 2128 4848 a
2160 4793 2360 4848 Latino
2383 4792 2667 4864 scriptore
2697 4794 2982 4847 adornata
3012 4795 3192 4850 fuisse
3223 4798 3634 4868 conspicuum,

222 4882 650 4956 primigenium
683 4883 836 4938 enim
874 4880 1207 4937 Latinitatis
1243 4879 1457 4953 stylum
1482 4882 1722 4953 sapiunt
1754 4900 1766 4937 :
1803 4881 1894 4937 hic
1925 4890 2118 4936 autem
2151 4881 2319 4946 liber,
2355 4885 2419 4937 ut
2448 4880 2638 4953 primo
2669 4886 2907 4952 aspectu
2942 4897 3112 4937 nemo
3139 4899 3254 4938 non
3299 4885 3634 4956 aestimabit,

220 4977 319 5029 est
345 4971 644 5044 inelegans
679 4972 948 5042 quadam
981 4979 1037 5026 et
1067 4969 1269 5026 minus
1329 4975 1602 5026 accurata
1629 4971 1820 5027 versio
1851 4969 1983 5026 libri
2043 4987 2217 5043 quem
2279 4987 2383 5026 nos
2442 4971 2850 5025 incunctanter
2888 4971 3207 5026 Athanasio
3259 4972 3632 5030 ascribimus.

219 5061 374 5117 Nam
411 5069 794 5133 praeterquam
829 5060 981 5131 quod
1012 5076 1103 5114 res
1135 5063 1224 5115 est
1253 5064 1552 5132 explorata
1582 5065 1639 5115 et
1671 5060 1846 5131 plana
1903 5061 2088 5116 fuisse
2118 5077 2187 5116 ex
2218 5060 2414 5116 Graeco
2475 5059 2849 5126 translatum,
2881 5066 2935 5114 et
2993 5077 3026 5114 a
3056 5060 3260 5115 multis
3318 5067 3472 5118 retro
3530 5082 3635 5119 sae-

207 5149 375 5206 culis
410 5150 609 5204 Latine
641 5150 938 5204 redditum
966 5169 979 5214 ς
1017 5154 1244 5204 tantum
1280 5149 1433 5205 inest
1458 5149 1765 5205 afﬁnitatis
1796 5150 1948 5206 inter
1977 5167 2110 5205 eum
2145 5153 2201 5205 et
2230 5149 2345 5206 alia
2375 5151 2427 5204 S.
2468 5149 2722 5204 Doctoris
2770 5165 2945 5220 opera
3002 5165 3129 5219 quae
3157 5149 3214 5203 in
3273 5167 3406 5205 vera
3437 5152 3548 5207 ﬁde
3569 5169 3637 5208 ex

209 5237 482 5297 collectis
515 5239 828 5309 Scripturae
858 5237 1000 5293 locis
1031 5238 1468 5310 comprobanda
1495 5244 1824 5307 versantur,
1861 5245 1924 5294 ut
1957 5256 2110 5310 sepe
2140 5240 2312 5295 etiam
2350 5238 2582 5309 prolixae
2614 5238 2833 5309 periodi
2865 5239 2934 5292 ad
2968 5241 3206 5293 verbum
3238 5256 3382 5311 pene
3414 5242 3530 5296 sint
3553 5242 3636 5296 in-

206 5333 318 5385 ter
347 5343 410 5382 se
442 5326 778 5382 simillimae.
805 5330 970 5382 Certe
1003 5330 1144 5382 sunt
1174 5328 1490 5382 admodum
1523 5327 1660 5382 huic
1692 5328 1898 5383 afﬁnes
1928 5328 2189 5400 Epistolatp
2216 5329 2290 5383 ad
2320 5327 2853 5399 Serapionem,liber
2883 5332 2961 5383 De
2991 5332 3392 5385 Iucarnalione
3422 5336 3478 5386 et
3499 5331 3639 5387 Con-

205 5427 320 5475 tra
353 5417 609 5473 Arianae.
634 5420 893 5484 Quorum
931 5416 1056 5472 loca
1086 5432 1200 5471 non
1234 5415 1416 5472 semel
1447 5418 1683 5489 quando
1715 5417 2164 5473 similitudinem
2197 5418 2455 5472 referunt
2486 5418 2837 5471 adnotamus
2869 5417 2938 5471 ad
2976 5418 3320 5489 marginem.
3353 5425 3436 5475 Ex
3466 5421 3637 5476 modo

204 5507 368 5564 item
409 5505 672 5561 ordiendi
705 5509 1120 5579 argumentum
1153 5521 1254 5577 pro
1286 5505 1606 5561 Athanasio
1638 5506 1867 5562 eruitur
1900 5523 1910 5559 :
1946 5505 2180 5577 quando
2213 5504 2502 5577 signiﬁcat
2536 5509 2736 5560 contra
2767 5521 2865 5560 eos
2898 5523 3017 5560 rem
3042 5506 3152 5561 sici
3187 5524 3315 5562 esse
3337 5507 3437 5579 qui
3459 5507 3640 5580 Spiri-

204 5600 353 5652 tum
387 5598 658 5649 sanctum
692 5593 952 5650 dicerent
983 5609 1112 5650 esse
1145 5609 1263 5648 rem
1299 5598 1551 5649 creatam
1587 5609 1600 5650 :
1628 5598 1684 5649 et
1713 5593 2000 5666 sagaciter
2030 5594 2109 5648 ait
2139 5594 2209 5648 iis
2241 5594 2338 5663 qui
2375 5593 2579 5649 dicunt
2612 5594 2822 5651 Filium
2858 5610 2985 5648 esse
3035 5599 3385 5663 creaturam,
3437 5613 3643 5668 super-

203 5697 550 5743 vacaneum
603 5700 733 5738 esse
759 5683 1014 5755 Spiritus
1044 5681 1230 5738 sancti
1263 5681 1539 5738 deitatem
1589 5687 2071 5739 commonstrare.
2105 5682 2278 5746 Qucis
2301 5682 2520 5739 indicat
2547 5684 2798 5742 hznrescs
2833 5683 3177 5738 Arianorum
3211 5690 3265 5740 et
3301 5686 3644 5742 Pneumato-

211 5770 602 5830 machorum.
638 5773 800 5828 Unde
831 5771 1228 5843 conscriptum
1254 5773 1534 5843 putamus
1561 5769 1778 5829 librum
1810 5776 1944 5842 post
1971 5769 2186 5828 Juliani
2221 5776 2492 5846 mortem,
2529 5793 2683 5837 anno
2706 5772 2932 5828 circiter
2961 5772 3085 5840 365,
3118 5789 3232 5845 quo
3263 5776 3642 5846 grassabatur

213 5862 484 5932 utraque
512 5859 775 5922 haresis.
