4048 6368
413 439 564 502 1191

955 437 1020 498 S.
1065 434 1490 498 ATHANASII
1536 438 1708 498 OPP.
1754 433 1956 499 PARS
2000 437 2046 497 Ι.
2081 470 2158 482 -
2198 435 2606 500 HISTORICA
2658 439 2757 500 ET
2803 436 3280 503 DOGMATICA.

3669 444 3818 506 H92

1304 777 1905 902 SANGTI
2002 779 2944 906 ATHANASII

859 1068 1182 1154 LIBEli
1257 1066 1399 1150 DE
1476 1065 2068 1149 ΤἐεΙΝΙΤΑῚῈ
2151 1066 2294 1149 ΕΤ
2365 1065 2815 1154 SPIHITU
2899 1068 3379 1156 SANCTO.

497 1548 544 1601 1.
579 1545 680 1600 His
712 1545 809 1618 qui
848 1544 1054 1600 Filium
1092 1543 1190 1598 Dei
1223 1548 1485 1599 creatum
1527 1558 1656 1599 esse
1699 1542 2070 1613 proﬁtentur,
2101 1544 2151 1609 Α
2183 1541 2373 1595 omnia
2423 1549 2477 1596 et
2525 1557 2622 1596 nos
2661 1558 2760 1613 per
2807 1546 2986 1614 ipsum
3005 1545 3067 1600 ⁷⁸.
3120 1545 3229 1600 Sed
3285 1547 3564 1618 quoniam
3597 1564 3712 1603 non
3745 1555 3832 1605 est

425 1651 797 1706 nequaquam
825 1634 896 1687 de
917 1633 1140 1705 Spiritu
1165 1638 1366 1686 sancto
1397 1632 1672 1686 dabimus
1694 1645 2065 1701 responsum.

424 1724 496 1780 Ut
524 1725 678 1780 enim
712 1721 942 1786 Filium,
975 1723 1076 1792 qui
1106 1721 1176 1776 de
1202 1720 1531 1776 substantia
1563 1720 1657 1776 Dei
1687 1718 2068 1790 impassibili-

2181 1629 2602 1692 universitatis,
2637 1632 2737 1686 sed
2770 1633 3073 1688 Trinitatis
3103 1633 3357 1705 Spiritus
3405 1642 3669 1702 sanctus,
3699 1653 3828 1692 om-

2181 1717 2277 1771 nia
2300 1734 2427 1788 quae
2463 1723 2593 1790 post
2623 1719 2970 1776 Trinitatem
3003 1727 3160 1791 sunt,
3181 1739 3284 1794 per
3320 1723 3521 1780 Filium
3544 1724 3644 1780 Dei
3678 1741 3829 1782 crea-

425 1818 512 1866 ter
542 1813 618 1867 sit
642 1813 894 1882 genitus,
927 1816 1184 1864 creatum
1231 1811 1354 1864 ausi
1389 1815 1529 1864 sunt
1559 1808 1769 1872 dicere,
1805 1808 1884 1862 ita
1912 1811 1970 1863 et
1998 1806 2070 1859 de
2181 1811 2241 1860 ta
2268 1823 2398 1862 esse
2426 1807 2571 1862 dixit
2601 1809 2856 1880 Spiritus
2887 1816 3148 1866 sanctus.

424 1901 640 1972 Spiritu
676 1907 874 1954 sancto
895 1899 1102 1952 dicunt
1135 1899 1335 1968 utique
1364 1896 1618 1963 similia;
1671 1895 2069 1968 pmnitentiam

425 2008 558 2044 vero
597 1989 836 2052 acturis,
869 1988 966 2042 sed
1001 1987 1071 2042 de
1121 1985 1259 2041 Filio
1292 1986 1524 2041 interim
1558 1985 1948 2042 sentientibus
1981 2001 2070 2038 re-

427 2086 537 2143 cte,
574 2078 1060 2148 respondebimus
1090 2076 1160 2130 de
1191 2075 1412 2146 Spiritu
1445 2080 1674 2130 sancto.
1718 2074 1942 2128 Etenim
1975 2073 2071 2128 de.

429 2169 787 2241 sperandum
821 2171 930 2230 est,
962 2182 1061 2220 eos
1093 2165 1191 2236 qui
1226 2163 1407 2219 semel
1438 2165 1508 2218 de
1541 2162 1971 2233 irreligiositate
2001 2162 2070 2217 ad

428 2258 764 2327 religionem
813 2254 1067 2310 converti
1117 2259 1438 2324 coeperunt,
1472 2253 1543 2306 ad
1577 2253 1896 2322 perfectum
1927 2249 2075 2305 lucri

427 2345 705 2401 converti.
732 2345 809 2398 Ex
839 2343 1149 2414 Scripturis
1204 2359 1343 2397 sane
1375 2341 1604 2406 divinis,
1636 2347 1827 2397 etnon
1880 2356 1950 2395 ex
1973 2338 2076 2393 hu-

433 2435 624 2491 manis
655 2433 1057 2502 intelligentiis
1080 2431 1190 2486 hoc
1216 2436 1324 2486 est.
1349 2429 1684 2486 Istiusmodi
1707 2429 1888 2500 igitur
1909 2428 2078 2484 ratio-

435 2540 566 2579 nem
600 2529 872 2594 prastare
914 2537 1151 2592 operam
1183 2519 1373 2575 daturi
1405 2535 1634 2576 sumus.
1669 2518 1855 2574 Dicite
1884 2517 2076 2586 nobis,

434 2611 834 2680 admirabiles,
869 2611 966 2664 ubi
1017 2611 1076 2664 in
1125 2609 1467 2663 auctoritate
1517 2607 1764 2679 legistis,
1815 2610 2074 2662 creatum

435 2717 567 2758 esse
595 2700 876 2773 Spiritum
907 2704 1175 2754 sanctum
1199 2701 1220 2752 Ρ
1246 2698 1556 2759 Joannem,
1589 2697 1886 2768 inquiunt,
1909 2694 2078 2750 audi-

437 2792 630 2845 vimus
664 2789 720 2843 in
748 2788 1056 2860 Evangelio
1088 2787 1376 2843 dicentem
1402 2802 1414 2841 :
1445 2785 1640 2841 Omnia
1667 2801 1770 2855 per
1792 2786 1973 2850 ipsum
1992 2785 2079 2854 fa-

436 2885 521 2935 cta
563 2885 710 2944 sunt,
739 2884 791 2931 et
820 2879 940 2932 sine
989 2878 1101 2946 ipso
1127 2880 1338 2947 factum
1366 2881 1447 2930 est
1477 2875 1704 2930 nihil“.
1739 2874 1964 2937 Quibus
1993 2872 2078 2927 di-

440 2971 632 3024 cimus
663 2984 675 3022 :
713 2967 770 3022 Si
803 2982 940 3036 ergo
988 2964 1293 3019 audieritis
1337 2970 1393 3019 et
1426 2964 1594 3018 David
1630 2963 1693 3018 in
1718 2978 1888 3018 cxvm
1923 2959 2080 3032 psal-

441 3075 533 3114 mo
565 3059 623 3112 in
653 3056 872 3128 Spiritu
904 3063 1103 3110 sancto
1135 3054 1423 3109 dicentem
1457 3052 1572 3108 Deo
1606 3069 1619 3106 :
1653 3053 1795 3120 Quia
1823 3052 2087 3107 universa

437 3150 685 3203 serviunt
715 3145 882 3201 tibi70
914 3163 927 3199 :
964 3160 1197 3198 servum
1244 3143 1446 3213 utique
1492 3156 1622 3198 esse
1671 3141 1877 3198 dicetis
1905 3141 2086 3197 etiam

443 3236 725 3308 Spiritum
759 3233 1170 3304 sanctum,qui
1207 3248 1319 3286 non
1352 3235 1440 3286 est
1460 3246 1681 3297 servus,
1715 3230 1814 3286 sed
1846 3229 2010 3296 liber,
2031 3233 2090 3284 et

445 3324 776 3382 liberaverit
821 3327 1170 3384 creaturam,
1211 3326 1268 3375 et
1311 3320 1368 3374 in
1417 3318 1788 3391 adoptionem
1833 3318 2090 3374 ﬁliorum

444 3430 573 3471 eam
596 3412 948 3484 promoverit
965 3412 1036 3466 ad
1061 3409 1266 3466 Deum.
1287 3411 1403 3466 Aut
1431 3425 1546 3465 non
1578 3407 1826 3464 audistis
1842 3405 2088 3463 Paulum

445 3503 521 3558 ad
553 3503 848 3558 Romanos
897 3499 1252 3554 scribentem
1286 3516 1298 3553 :
1333 3500 1456 3553 Non
1485 3498 1779 3567 accepistis
1823 3496 2092 3563 spiritum

443 3592 721 3647 servitutis
745 3592 948 3645 iterum
964 3590 1025 3642 in
1040 3587 1258 3652 timore,
1281 3587 1370 3641 sed
1391 3588 1670 3657 accepistis
1687 3589 1949 3657 spiritum
1967 3583 2090 3641 ado-

443 3681 646 3751 ptionis
673 3679 936 3749 ﬁliorum,
959 3679 1019 3731 in
1047 3692 1153 3747 quo
1169 3675 1480 3731 clamamus
1509 3692 1527 3728 :
1559 3675 1731 3739 Abba,
1764 3676 1948 3730 Pater.
1976 3674 2092 3745 Ipse

445 3770 678 3840 spiritus
727 3770 1058 3823 contestatus
1105 3768 1185 3820 est
1231 3767 1465 3836 spiritui
1484 3773 1690 3828 nostro,
1721 3765 1853 3835 quia
1901 3779 2090 3818 sumus

447 3859 578 3914 Filii
609 3858 790 3913 Dei“.
819 3856 914 3909 'Et
962 3855 1172 3908 iterum
1211 3871 1223 3908 :
1257 3855 1369 3908 Lex
1416 3855 1565 3909 enim
1609 3854 1840 3924 spiritus
1873 3855 1999 3907 vitae
2030 3852 2090 3905 in

447 3947 662 4002 Christo
691 3946 821 4001 Jesu
854 3943 1110 3998 liberavit
1153 3959 1238 3997 me
1284 3959 1317 3995 a
1348 3942 1466 4009 lege
1492 3944 1699 4012 peccati
1723 3946 1778 3996 et
1805 3945 2006 3995 mortis
2024 3941 2088 3995 τ’.

445 4037 504 4091 Si
533 4051 668 4090 vero
700 4049 813 4088 non
846 4039 935 4087 est
964 4047 1164 4086 servus
1197 4029 1450 4100 Spiritus
1480 4037 1740 4096 sanctus,
1774 4029 1928 4084 sicut
1958 4043 2092 4100 pro-

448 4127 731 4180 baverunt
781 4122 1115 4192 Scriptura,
1145 4121 1278 4190 quia
1307 4121 1496 4173 omnia
1545 4122 1792 4174 serviunt
1827 4120 1903 4182 ei,
1935 4117 2090 4189 quod

447 4214 646 4270 omnia
676 4229 778 4284 per
809 4209 1018 4266 Filium
1075 4211 1225 4264 facta
1255 4213 1414 4272 sunt,
1457 4212 1515 4262 et
1541 4207 1668 4263 sine
1715 4207 1841 4279 ipso
1874 4208 2090 4262 factum

2249 1895 2304 1948 2.
2336 1896 2528 1951 Testis
2572 1902 2768 1953 autem
2801 1904 2889 1954 est
2919 1899 3063 1954 mihi
3094 1901 3488 1969 ibeatissimus
3522 1901 3737 1959 Paulus
3769 1903 3825 1958 in

2179 1984 2399 2055 Spiritu
2434 1991 2656 2053 sancto,
2693 1987 2820 2054 hoc,
2849 1991 3000 2058 quod
3055 1989 3252 2044 omnia
3305 2007 3405 2060 per
3436 1991 3647 2046 Filium
3679 1993 3828 2047 facta

2184 2072 2321 2138 sint,
2343 2073 2698 2144 prophetans
2724 2076 2781 2129 in
2805 2077 3062 2146 Epistola
3085 2077 3154 2131 ad
3179 2077 3556 2134 Colossenses
3577 2081 3828 2151 scripta:

2186 2160 2325 2227 Quia
2357 2163 2413 2216 in
2446 2164 2561 2232 ipso
2593 2163 2733 2219 Filio
2761 2174 2943 2219 creata
2972 2175 3098 2221 sunt
3128 2170 3314 2220 omnia
3343 2184 3462 2238 quae
3485 2171 3543 2222 in
3583 2171 3754 2234 caelis,
3783 2181 3831 2223 et

2183 2264 2312 2319 quae
2340 2253 2396 2305 in
2430 2254 2612 2320 terris,
2643 2254 2755 2306 sive
2789 2255 3032 2309 visibilia
3062 2265 3114 2310 et
3145 2256 3472 2322 invisibilia,
3494 2258 3606 2313 sive
3628 2259 3830 2324 throni,

2185 2341 2299 2394 sive
2327 2338 2747 2410 dominationes,
2795 2345 2910 2398 sive
2954 2345 3324 2415 principatus,
3355 2350 3468 2400 sive
3495 2351 3787 2418 potestates
3812 2366 3829 2401 :

2186 2431 2372 2482 omnia
2402 2445 2499 2499 per
2527 2432 2731 2499 ipsum,
2762 2437 2814 2486 et
2839 2434 2898 2486 in
2917 2435 3032 2503 ipso
3055 2436 3202 2503 facta
3218 2444 3370 2500 sunt,
3394 2445 3447 2490 et
3471 2439 3587 2508 ipse
3605 2445 3684 2492 est
3712 2449 3832 2492 ante

2185 2520 2369 2572 omnia
2390 2518 2453 2572 ⁷⁷.
2480 2518 2603 2572 Non
2627 2519 2792 2590 dixit,
2817 2521 2936 2576 sive
2957 2522 3209 2592 Spiritus
3234 2529 3496 2578 sanctus.
3524 2525 3832 2580 Psalmista

2190 2622 2321 2661 vero
2335 2606 2513 2660 David
2539 2609 2595 2662 in
2617 2623 2824 2664 cxnvm
2839 2610 3063 2680 psalmo
3080 2612 3136 2664 in
3162 2610 3384 2682 Spiritu
3403 2613 3611 2669 iterum
3637 2620 3833 2670 sancto

2187 2696 2264 2750 im
2276 2711 2484 2766 perans
2500 2696 2780 2752 universa;
2795 2703 2986 2752 creatu
2997 2714 3073 2753 rm
3085 2698 3574 2756 laudareDominu
3586 2704 3706 2769 m,d
3718 2703 3833 2758 icit:

2190 2783 2440 2838 Laudate
2465 2785 2761 2840 Dominum
2795 2786 2860 2840 de
2886 2788 3056 2852 caelis,
3090 2788 3313 2843 laudate
3343 2806 3466 2844 eum
3496 2793 3555 2844 in
3585 2792 3836 2847 excelsis.

2191 2872 2431 2928 Laudate
2458 2889 2605 2938 eum,
2637 2889 2822 2930 omnes
2851 2875 3042 2944 angeli
3061 2879 3196 2948 ejus,
3225 2877 3456 2934 laudate
3483 2896 3629 2946 eum,
3656 2897 3840 2937 omnes

2191 2964 2418 3017 virtutes
2445 2967 2582 3033 ejus.
2617 2963 2858 3019 Laudate
2882 2981 3026 3031 eum,
3054 2969 3131 3020 sot
3151 2977 3203 3021 et
3238 2965 3376 3022 luna
3402 2987 3421 3033 ,-
3453 2969 3674 3025 laudate
3693 2986 3839 3037 eum,

2193 3067 2376 3105 omnes
2399 3053 2576 3108 stellae
2603 3057 2654 3107 et
2703 3053 2908 3108 lumen.
2953 3055 3191 3110 Laudate
3218 3073 3363 3121 eum,
3394 3060 3514 3112 cati
3558 3060 3843 3124 castorum,

2193 3143 2244 3195 et
2271 3156 2434 3212 aquae
2462 3156 2585 3211 qua
2614 3157 2778 3212 super
2817 3143 2972 3198 ozlos
3019 3150 3168 3211 sunt,
3207 3143 3396 3200 laudet
3425 3163 3624 3203 nomen
3657 3150 3846 3204 Domi-

2196 3233 2256 3283 ni
2275 3229 2340 3295 7’,
2373 3233 2482 3284 etc.
2521 3229 2831 3300 Indignum
2871 3231 3038 3286 duxit
3085 3249 3261 3304 super
3293 3234 3384 3290 his
3418 3252 3846 3292 connumerare

2197 3317 2479 3388 Spiritum
2510 3327 2804 3385 sanctum,
2827 3325 2884 3374 et
2913 3321 3104 3376 dicere
3134 3336 3147 3376 :
3188 3321 3408 3377 Laudet
3436 3340 3569 3379 eum
3595 3325 3850 3397 Spiritus

2197 3411 2437 3460 sanctus
2458 3423 2472 3471 ;
2493 3407 3104 3478 quialaudandorum,
3127 3415 3322 3466 etnon
3346 3410 3716 3470 laudantium
3740 3422 3848 3482 est,

2199 3497 2696 3565 quemadmodum
2717 3496 2889 3568 paulo
2903 3499 3096 3569 postia
3113 3499 3340 3571 Scriptu
3351 3501 3429 3556 ris
3444 3503 3846 3574 probabimus;

2198 3589 2256 3639 et
2285 3584 2724 3650 viviticantium,
2757 3591 2814 3640 et
2845 3601 2960 3641 non
3005 3586 3420 3644 viviﬁcantium
3454 3591 3847 3658 [viviﬁcando-

2200 3675 2356 3742 rum]
2385 3678 2496 3740 est,
2532 3674 2650 3728 vita
2678 3690 2810 3728 cum
2844 3678 2945 3741 sit,
2977 3677 3130 3732 sicut
3159 3677 3377 3734 Paulus
3405 3680 3463 3734 in
3496 3683 3758 3736 secunda
3778 3685 3846 3738 ad

2199 3761 2530 3816 Corinthios
2561 3761 2836 3831 Epistola,
2871 3763 2950 3817 ait
2985 3780 2996 3817 :
3029 3763 3133 3819 Sed
3180 3766 3517 3836 sufﬁcientia
3560 3773 3757 3825 nostra
3785 3787 3851 3825 ea:

2201 3851 2304 3905 Deo
2334 3855 2434 3917 est,
2466 3852 2562 3921 qui
2587 3856 2636 3906 et
2685 3851 2905 3906 idoneos
2952 3869 3049 3908 nos
3076 3855 3207 3922 fecit
3257 3857 3545 3912 ministros
3595 3859 3734 3914 Novi
3765 3861 3850 3914 Te-

2197 3942 2476 4002 stamenti,
2505 3955 2616 3994 non
2659 3941 2863 4006 littera,
2895 3941 2986 3996 sed
3034 3943 3258 4013 spiritu.
3294 3944 3499 4000 Littera
3539 3951 3693 4002 enim
3719 3951 3854 4003 occi-

2199 4027 2305 4091 dit,
2334 4029 2560 4097 spiritus
2604 4036 2786 4082 autem
2836 4030 3075 4099 viviﬁcat
3097 4031 3161 4086 7’.
3215 4032 3293 4086 Ad
3349 4032 3646 4092 Romanos
3677 4053 3810 4092 vero
3841 4053 3857 4092 :

2201 4116 2404 4186 Corpus
2433 4117 2650 4188 quidem
2678 4123 2960 4172 mortuum
2988 4122 3066 4174 est
3095 4131 3326 4190 propter
3348 4128 3654 4192 peccatum,
3687 4127 3857 4193 spiri-

2202 4214 2290 4260 tus
2319 4209 2501 4260 autem
2551 4207 2684 4260 vivit
2726 4210 2950 4277 propter
2987 4208 3270 4278 justitiam
3291 4209 3356 4265 ⁸ο.
3407 4217 3471 4266 Et
3503 4213 3720 4269 iterum
3753 4232 3766 4270 :
3804 4213 3865 4268 Si

447 4309 538 4358 est
569 4282 712 4356 nihil
735 4301 779 4336 ⁷⁸
813 4317 825 4354 :
857 4315 1008 4354 unus
1058 4312 1313 4368 namque
1342 4301 1465 4351 erat
1513 4313 1713 4351 eorum
1764 4296 1863 4367 qui
1897 4295 2090 4351 audie-
2123 4282 2166 4348 C
2202 4301 2395 4348 autem
2425 4294 2667 4365 Spiritus
2697 4297 2844 4366 iejus,
2891 4297 2990 4368 qui
3031 4300 3315 4353 suscitavit
3361 4301 3547 4356 Iesum
3582 4301 3862 4358 Christum

451 4397 589 4446 runt
619 4389 977 4445 Salvatorem
1011 4387 1299 4442 dicentem
1334 4402 1346 4439 :
1378 4386 1498 4442 Non
1530 4387 1679 4440 enim
1707 4400 1796 4440 vos
1825 4387 1978 4453 estis,
2000 4386 2098 4456 qui

449 4480 764 4551 loquimini,
795 4477 888 4532 sed
933 4477 1173 4547 Spiritus
1217 4476 1397 4530 Patris
1445 4475 1630 4541 vestri,
1664 4476 1762 4545 qui
1788 4474 2007 4529 habitat
2036 4474 2096 4530 in

449 4569 597 4625 vobis
615 4567 678 4622 ⁸⁸.
711 4566 871 4621 Sicut
914 4571 972 4620 et
1020 4563 1226 4618 Petrus
1273 4564 1558 4628 scribens,
1611 4563 1737 4619 ait:
1781 4564 1908 4630 Quae
1949 4578 2097 4617 nunc

448 4658 707 4712 nuntiata
741 4662 869 4709 sunt
895 4654 1067 4722 vobis,
1089 4650 1510 4723 euangelizante
1529 4654 1586 4707 in
1615 4667 1705 4708 vos
1728 4651 1948 4724 Spiritu
1964 4668 2094 4706 san-

451 4753 542 4801 cto
572 4746 734 4800 misso
764 4760 793 4798 e
819 4725 965 4798 ctvtis
986 4741 1049 4795 "'5.
1089 4744 1283 4810 Itaque
1331 4740 1380 4795 si
1411 4739 1664 4811 Spiritus
1715 4745 1956 4796 sanctus
1986 4745 2094 4808 est,

453 4835 554 4907 qui
581 4835 725 4889 dicit
757 4849 768 4888 :
806 4833 1004 4888 Omnia
1030 4846 1131 4901 per
1165 4829 1376 4884 Filium
1403 4830 1552 4899 facta
1579 4833 1728 4898 sunt,
1759 4834 1810 4884 et
1837 4831 1956 4884 sine
1984 4832 2098 4901 ipso

449 4927 664 4996 factum
686 4921 1280 4992 estnihil,oportuerat
1301 4917 1538 4989 quidem
1561 4918 1834 4989 ipsum,si
1857 4919 2095 4990 quidem

454 5020 686 5068 creatus
719 5016 891 5078 esset,
926 5011 1116 5064 dicere
1151 5023 1163 5061 :
1198 5006 1394 5061 Omnia
1419 5022 1520 5076 per
1562 5006 1743 5078 ipsum
1771 5012 1924 5076 facta
1949 5011 2098 5071 sunt,

455 5107 510 5154 et
540 5115 645 5172 ego
679 5115 781 5170 per
810 5113 944 5152 eum
995 5097 1186 5150 factus
1216 5109 1371 5159 sum,
1404 5097 1460 5148 et
1508 5093 1635 5148 sine
1665 5110 1731 5148 eo
1768 5097 1984 5150 factum
2013 5098 2104 5150 est

456 5187 624 5254 nihil,
645 5187 938 5259 quomodo
961 5183 1323 5240 consuetudo
1347 5182 1694 5237 Sanctorum
1717 5187 1825 5238 est.
1850 5183 1935 5238 lta
1951 5183 2097 5240 Pau-

458 5278 551 5332 lus
583 5293 723 5333 sane
753 5277 823 5330 de
854 5291 936 5344 se,
968 5279 1026 5328 et
1050 5273 1118 5330 de
1147 5271 1425 5326 omnibus
1455 5270 1675 5326 sanctis
1704 5271 2098 5328 observantis-

459 5369 610 5423 sime
641 5365 846 5422 scribit
879 5382 892 5419 :
925 5362 1086 5418 Nobis
1117 5365 1296 5416 autem
1327 5374 1470 5414 unus
1503 5363 1648 5414 Deus
1676 5361 1871 5430 Pater,
1901 5376 1976 5416 ea:
2001 5376 2103 5432 quo

460 5459 672 5524 omnia,
701 5460 756 5510 et
799 5469 946 5508 unus
996 5452 1258 5507 Dominus
1303 5450 1457 5505 Iesus
1507 5449 1772 5519 Christus,
1798 5467 1899 5522 per
1944 5467 2104 5522 quem

2205 4401 2240 4438 a
2266 4385 2519 4449 mortuis,
2551 4383 2766 4439 habitat
2793 4386 2853 4439 in
2884 4385 3054 4451 vobis,
3087 4386 3396 4455 viviﬁcabit
3423 4399 3609 4444 autem
3637 4396 3694 4445 et
3724 4407 3866 4447 mor-

2203 4472 2344 4526 talia
2373 4487 2603 4542 corpora
2632 4482 2808 4528 vestra
2841 4489 2942 4546 per
2974 4475 3381 4531 inhabitantem
3403 4477 3674 4548 Spiritum
3702 4496 3869 4535 suum

2206 4561 2268 4614 in
2298 4560 2534 4615 vobis“.
2569 4561 2710 4616 Tres
2741 4577 2979 4633 quoque
3012 4565 3200 4618 sancti
3235 4571 3544 4636 martyres,
3576 4569 3868 4633 Ananiae,

2203 4648 2438 4705 Azarias
2469 4655 2527 4704 et
2571 4649 2769 4705 Misael
2823 4651 2880 4706 in
2915 4652 3150 4708 fornace
3202 4653 3357 4726 ignis
3388 4656 3561 4726 positi
3619 4657 3680 4712 in
3714 4663 3870 4714 terra

2205 4739 2634 4804 Chaldaeorum,
2657 4754 2789 4794 cum
2811 4741 3238 4797 admirabiliter
3253 4742 3408 4800 Deus
3429 4743 3687 4801 calorem
3713 4747 3871 4819 ignis

2207 4829 2275 4883 ad
2300 4832 2690 4899 temperatum
2713 4829 3080 4900 refrigerium
3099 4833 3502 4898 convertisset,
3522 4849 3865 4891 universam

2206 4921 2535 4973 creaturam
2557 4916 2938 4972 adhortantes
2961 4935 3158 4975 secum
3180 4921 3418 4978 laudare
3438 4922 3645 4990 Deum,
3672 4927 3756 4981 sic
3779 4927 3866 4980 in-

2207 5005 2472 5078 cipiunt:
2509 5007 2842 5077 Benedicile,
2875 5011 3061 5065 omnia
3109 5026 3273 5082 opera
3322 5013 3564 5085 Domini,
3602 5017 3869 5076 Domino:

2211 5094 2434 5150 laudate
2464 5100 2516 5150 et
2549 5097 2960 5166 superexaltate
3012 5114 3137 5154 eum
3167 5101 3228 5155 in
3271 5103 3491 5158 secula.
3524 5107 3865 5175 Benedicite,

2210 5186 2356 5254 casti,
2380 5187 2712 5248 Dominum;
2745 5186 3015 5258 hymnum
3037 5187 3223 5253 dicite,
3244 5194 3298 5245 et
3323 5196 3727 5263 superemltate
3747 5214 3872 5252 eum

2212 5275 2270 5329 in
2292 5277 2513 5330 saecula.
2539 5275 2866 5345 Benedicite,
2889 5277 3101 5346 angeli,
3125 5279 3459 5349 Dominum;
3487 5284 3756 5354 hymnum
3781 5289 3870 5341 di-

2210 5367 2334 5434 cite,
2356 5373 2408 5419 et
2427 5366 2836 5436 superexaltate
2850 5382 2978 5422 eum
2999 5369 3059 5423 in
3078 5367 3305 5426 saecula.
3327 5373 3660 5445 Benedicite,
3685 5392 3865 5448 aquae,

2214 5468 2339 5524 qua
2368 5469 2533 5526 super
2559 5455 2716 5511 caelos
2747 5460 2896 5528 sunt,
2940 5457 3278 5526 Dominum;
3307 5459 3572 5532 hymnum
3601 5465 3793 5538 dicite,
3823 5470 3878 5522 et

531 5700 578 5734 ⁸⁸
608 5697 778 5751 Joan.
813 5709 854 5760 ι,
882 5692 940 5748 3.
1090 5685 1242 5774 Ps3}.
1296 5701 1497 5774 cxvm’,‘
1521 5685 1639 5774 9i;
1673 5685 1730 5774 1'
1751 5756 1763 5774 ‘
1786 5685 1954 5742 Rom.
2003 5697 2106 5774 viti

2198 5687 2394 5774 ante;
2465 5687 2511 5774 ξ’
2537 5687 2684 5745 ibid.
2718 5689 2773 5746 2.
2833 5690 2916 5774 _"_
2942 5694 3265 5774 Joan:_1,‘3.
3345 5696 3391 5730 τι
3447 5699 3654 5774 Matth.
3687 5719 3745 5774 ξ,
3784 5704 3870 5762 10.

461 5771 506 5806 π
538 5732 940 5827 ἴὸἑὶῖ-ῗίξᾍέῖ
1021 5761 1064 5796 τι
1090 5732 1279 5814 ΐὸὁὶ.
1299 5732 1639 5824 ἶῆἰίῗόῖέτ
1670 5732 1963 5828 αυιὸἑέῗί,
1999 5732 2106 5814 ie":

2198 5732 2246 5755 ν’
2259 5732 2320 5795 ⁸⁸⁸·
2337 5732 2506 5816 Psal.

465 5857 586 5910 vm,
616 5840 704 5894 40.
779 5837 821 5870 ³⁸
853 5833 994 5888 ibid.
1024 5831 1111 5886 1-1.

2555 5777 2780 5832 εηνιη,
2825 5762 2940 5817 1-5.
3019 5764 3064 5799 ’¹⁹
3093 5765 3143 5820 ll
3172 5769 3296 5822 Cor.
3350 5783 3435 5846 in,
3477 5771 3542 5843 5.‘
3603 5765 3658 5808 “3°
3705 5762 3878 5854 ligni.
