4048 6436
274 437 420 499 1197

1249 434 1350 499 DE
1393 435 1822 500 TRINITATE
1867 429 1965 494 ΕΤ
2011 432 2321 499 SPlttlTU
2369 432 2693 500 SANCTO.

3520 444 3676 508 1198

271 570 434 642 lium,
467 575 527 626 et
556 576 783 628 Patrem
811 588 824 627 :
861 571 1150 627 mundum
1178 588 1314 628 vero
1348 566 1914 635 miserabilem,quia
1941 565 1996 632 Α
2027 569 2085 620 ta
2115 572 2276 634 sunt,
2307 571 2632 625 secundum
2682 570 2932 626 Paulum
2980 572 3268 629 dicentem
3297 593 3310 630 :
3355 577 3518 632 Nobis
3546 595 3674 636 vero

267 677 373 716 non
410 669 780 728 cog-noverunt
831 665 1078 730 Patrem,
1128 677 1300 733 neque
1330 677 1415 716 me
1444 663 1510 715 ”.
1544 661 1612 714 Et
1660 659 1915 713 iterum:

267 751 608 805 Paracletum
637 749 904 822 Spiritum
934 752 1201 818 veritatis,
1232 767 1390 822 quem
1419 749 1656 805 mundus
1683 763 1794 801 non
1816 760 1912 816 po-

265 843 363 895 test
420 842 684 910 accipere,
731 841 862 909 quia
917 855 1028 896 non
1081 839 1245 906 videt,
1286 855 1389 894 nec
1441 839 1711 908 coqnoscit
1767 850 1911 889 eum.

267 928 672 1000 Signiﬁcanter
692 943 826 983 vero
840 927 1194 983 Dominuset
1210 928 1391 983 alium
1409 925 1769 1000 paracletum
1788 938 1916 977 esse

267 1017 406 1072 dixit
432 1017 716 1088 Spiritum
751 1022 1022 1071 sanctum
1050 1034 1061 1071 :
1102 1017 1381 1088 quoniam
1415 1017 1539 1087 ipse
1583 1012 1914 1086 paracletus

266 1113 370 1174 est,
405 1107 557 1162 sicut
585 1106 841 1161 Joannes
889 1107 948 1160 in
998 1106 1262 1178 Epistola
1307 1123 1415 1161 sua
1445 1107 1562 1160 ait:
1612 1105 1740 1160 Haec
1767 1103 1914 1157 vobis

265 1195 479 1264 scripsi,
512 1198 574 1247 ut
601 1210 716 1247 non
745 1195 1010 1264 peccetis:
1043 1195 1187 1264 quod
1214 1195 1265 1248 si
1287 1195 1713 1264 peccaverimus,
1744 1192 1916 1244 Para-

266 1283 465 1338 ctetum
495 1282 751 1336 habemus
780 1281 850 1336 ad
906 1282 1126 1336 Patrem
1167 1284 1345 1338 Jesum
1392 1281 1690 1348 Christum,
1721 1283 1775 1335 et
1803 1281 1916 1350 ipse

261 1373 581 1442 propttiatio
613 1378 688 1426 est
714 1386 816 1441 pro
862 1373 1098 1442 peccatis
1125 1373 1325 1426 nostris
1344 1372 1424 1425 ²³ε
1461 1375 1523 1426 ut
1568 1371 1915 1425 doceremur

264 1460 512 1531 Spiritus
568 1476 700 1514 cum
735 1459 878 1514 Filio
937 1459 1348 1530 aequalitatem.
1395 1462 1582 1525 Quare
1630 1464 1764 1514 vero
1797 1473 1913 1512 non

263 1553 439 1604 terret
468 1565 568 1604 eos
602 1549 906 1618 Dominus,
931 1549 1030 1619 qui
1055 1548 1187 1603 ﬁdei
1220 1551 1654 1605 sacramentum
1686 1549 1914 1619 aposto-

261 1638 332 1693 lis
363 1638 624 1707 tradens,
657 1637 801 1692 dicit
830 1654 842 1690 :
877 1639 1088 1693 Euntes
1112 1653 1262 1694 nunc
1291 1638 1466 1694 docete
1497 1654 1683 1692 omnes
1701 1644 1910 1705 gentes,

262 1727 602 1796 baptizantes
643 1741 732 1783 eos
781 1727 840 1780 in
870 1728 1097 1781 nomine
1148 1729 1356 1793 Patris,
1387 1731 1436 1782 et
1466 1727 1619 1795 Filii,
1650 1730 1704 1780 et
1731 1725 1909 1797 Spiri-

259 1820 344 1871 tus
370 1817 550 1870 sancti
574 1815 638 1867 3“.
682 1814 916 1870 Necnon
966 1819 1023 1870 et
1076 1815 1177 1870 illa
1222 1832 1433 1886 magna
1464 1821 1520 1869 et
1571 1816 1741 1870 beata
1771 1831 1909 1868 con-

260 1904 430 1960 fessio
463 1903 744 1970 ﬁdei,imo
774 1904 905 1975 ipsa
935 1904 1078 1958 ﬁdes
1110 1908 1470 1970 sanctorum,
1502 1909 1560 1959 et
1589 1908 1907 1959 testamen-

257 1997 404 2058 tum,
440 1993 594 2064 quod
645 1993 1047 2063 disposuimus
1076 1995 1146 2046 ad
1202 1997 1455 2059 Patrem,
1488 1997 1544 2048 et
1587 1992 1816 2058 Filium,
1849 1997 1907 2047 et

260 2081 542 2152 Spiritum
574 2086 868 2143 sanctum,
900 2083 970 2135 ad
1004 2098 1237 2137 sacrum
1273 2082 1566 2137 lavacrum
1602 2097 1908 2153 regenera-

260 2171 440 2226 tionis
472 2171 794 2235 venientes,
851 2171 1102 2226 confessi
1159 2173 1276 2225 sic:
1317 2195 1343 2220 «
1405 2172 1583 2226 Credo
1631 2171 1688 2225 in
1721 2171 1904 2226 Deum

261 2260 488 2314 Patrem
509 2258 1055 2332 omnipotentem,et
1075 2259 1134 2313 in
1151 2259 1355 2314 Jesum
1377 2259 1672 2314 Christum
1694 2258 1906 2314 Filium

259 2349 384 2419 ejus
418 2348 812 2419 unigenitum,
844 2356 898 2402 et
938 2348 1219 2418 Spiritum
1268 2353 1558 2402 sanctum.
1594 2369 1622 2395 »
1678 2351 1745 2402 Et
1776 2347 1909 2403 licet

263 2437 544 2492 Dominus
597 2436 842 2490 dixerit:
897 2436 1114 2491 Credite
1144 2437 1200 2490 in
1259 2438 1447 2504 Deum,
1479 2444 1530 2492 et
1570 2439 1630 2491 in
1676 2451 1764 2491 me
1787 2451 1905 2491 cre-

257 2526 370 2580 dite
394 2525 460 2590 ‘3‘,
492 2530 548 2579 et
577 2541 692 2580 non
725 2524 907 2580 dixit:
941 2524 1166 2579 Credite
1189 2525 1245 2578 in
1277 2526 1558 2597 Spiritum
1593 2528 1862 2580 sanctum
1889 2542 1902 2592 ;

258 2618 454 2668 tamen
486 2612 731 2684 apostoli
759 2613 1084 2668 docuerunt
1108 2613 1389 2668 Ecclesias
1412 2615 1570 2669 orbis
1593 2614 1823 2670 credere
1845 2613 1903 2667 in

261 2707 517 2767 Patrem,
552 2706 609 2755 et
639 2699 868 2769 Filium,
901 2706 958 2756 et
988 2701 1270 2771 Spiritum
1294 2708 1583 2756 sanctum.

325 2793 377 2845 8.
415 2791 562 2861 Ergo
594 2789 790 2844 dicant
821 2789 869 2844 si
921 2789 1082 2844 salus
1132 2796 1220 2845 est
1273 2790 1384 2858 his,
1422 2791 1520 2862 qui
1567 2791 1814 2846 credunt
1843 2789 1903 2844 in

255 2885 509 2948 Patrem,
543 2886 598 2933 et
654 2877 886 2944 Filium,
929 2884 985 2933 et
1033 2896 1144 2933 non
1205 2881 1452 2934 credunt
1507 2879 1565 2934 in
1624 2879 1905 2951 Spiritum

258 2974 526 3025 sanctum
555 2993 568 3032 ;
596 2968 698 3022 sed
732 2967 885 3021 absit
913 2967 924 3021 ι
952 2984 1139 3038 neque
1159 2968 1314 3022 enim
1348 2969 1404 3022 in
1435 2973 1614 3022 Deum
1635 2969 1902 3034 credunt,

259 3058 362 3129 qui
383 3074 496 3112 non
531 3057 779 3110 credunt
810 3056 865 3109 in
880 3056 1160 3127 Spiritum
1195 3061 1498 3122 sanctum;
1526 3058 1668 3112 adeo
1689 3061 1752 3111 ut
1767 3057 1906 3112 Pau-

263 3145 639 3210 lus,inventis
662 3144 1016 3215 quibusdam
1041 3144 1343 3216 discipulis
1365 3150 1422 3199 et
1443 3146 1831 3217 interrogatis,
1855 3144 1904 3200 si

255 3235 542 3306 Spiritum
591 3239 859 3288 sanctum
906 3234 1272 3304 accepissent
1315 3235 1638 3303 credentes,
1668 3234 1906 3305 illisque

2023 671 2165 711 unus
2206 659 2340 712 Deus
2387 663 2578 725 Pater,
2629 676 2700 714 ea:
2735 676 2837 730 quo
2869 663 3073 728 omnia,
3120 670 3174 716 et
3219 679 3366 719 unus
3412 668 3675 724 Dominus

2023 750 2204 801 noster
2230 748 2385 803 Jesus
2443 748 2707 819 Christus,
2738 767 2834 820 per
2888 766 3046 820 quem
3105 754 3309 823 omnia,
3359 759 3414 810 et
3458 773 3556 811 nos
3577 774 3674 828 per

2023 835 2207 906 ipsum
2230 836 2293 891 ²⁷.
2329 837 2430 891 Hic
2482 838 2638 893 enim
2691 837 2835 892 nihil
2887 839 2958 894 de
3005 839 3223 911 Spiritu
3274 849 3476 898 sancto
3506 846 3670 902 dixit.

2023 923 2246 987 Quibus
2290 926 2580 983 dicimus:
2633 935 2845 982 Sancta
2895 929 3044 982 776
3075 945 3178 1000 per
3224 929 3437 986 Filium
3464 941 3672 1002 ,creata

2023 1019 2114 1068 est
2145 1019 2432 1081 creatura,
2465 1021 2565 1070 aut
2597 1033 2712 1070 non
2743 1023 2944 1072 sancta
2974 1034 2985 1070 :
3020 1025 3075 1072 et
3106 1019 3343 1089 quidem
3376 1038 3491 1076 non
3533 1040 3668 1078 san-

2024 1106 2177 1157 ctam
2203 1103 2316 1158 dici
2349 1121 2382 1158 a
2413 1104 2657 1159 Domino
2679 1110 2954 1174 creatam,
2987 1105 3259 1162 illicitum
3292 1116 3382 1164 est
3409 1128 3423 1178 ;
3457 1111 3504 1166 si
3537 1129 3669 1167 vero

2024 1197 2289 1247 sanctam
2321 1195 2537 1247 creavit
2579 1193 2761 1249 Filius
2807 1211 2962 1249 nunc
3019 1196 3394 1253 sanctiﬁcans
3449 1216 3576 1255 eam
3608 1201 3669 1256 in

2021 1279 2265 1350 Spiritu,
2299 1281 2596 1351 superflua
2625 1286 2780 1337 esset
2812 1298 2941 1353 quae
2971 1283 3143 1338 datur
3170 1284 3220 1339 ei
3256 1302 3356 1356 per
3383 1286 3668 1358 Spiritum

2023 1369 2430 1434 sanctiﬁcatio,
2462 1379 2516 1424 et
2545 1368 2710 1426 valde
2734 1370 2968 1426 inﬁrma
2999 1379 3172 1443 atque
3201 1373 3432 1431 inanis:
3463 1375 3666 1448 veluti,

2023 1473 2156 1513 cum
2187 1458 2306 1514 sole
2341 1459 2532 1514 medio
2563 1476 2740 1515 cursu
2769 1460 2882 1515 diei
2933 1460 3303 1517 illuminante
3333 1465 3534 1520 orbem
3566 1466 3667 1538 qui

2024 1549 2136 1601 sub
2167 1547 2307 1603 cmlo
2338 1553 2447 1615 est,
2479 1549 2815 1620 superfluus
2838 1554 2894 1604 et
2923 1551 3218 1621 inﬁrmus,
3247 1551 3559 1625 inanisque
3580 1553 3666 1610 lu-

2021 1651 2205 1692 cernae
2236 1637 2314 1691 sit
2342 1637 2638 1708 splendor.
2691 1638 2800 1693 Sed
2834 1638 3109 1707 quoniam
3162 1657 3276 1695 non
3310 1643 3665 1714 merebatur,

2018 1725 2315 1796 inquiunt,
2349 1732 2616 1781 creatura
2645 1743 2747 1797 per
2774 1727 2984 1782 Filium
3009 1729 3516 1797 sanctiﬁcariﬁdeo
3549 1733 3665 1788 mi-

2019 1813 2328 1869 nisterium
2348 1815 2601 1885 Spiritus
2626 1815 2855 1876 induxit
2877 1819 3120 1882 Deus,ut
3142 1834 3242 1888 per
3261 1817 3430 1874 illum
3452 1823 3665 1876 sancti-

2019 1902 2312 1957 ﬁcaretur.
2347 1904 2493 1974 Ergo
2525 1903 2708 1959 creari
2758 1903 2996 1974 quidem
3037 1922 3134 1976 per
3180 1905 3392 1961 Filium
3427 1896 3660 1973 meruit,

2018 1991 2371 2046 sanctiﬁcari
2402 2007 2534 2046 vero
2569 2007 2682 2048 non
2715 1993 2965 2061 meruit;
2989 1994 3129 2064 quid
3151 1995 3308 2049 enim
3332 1997 3526 2066 majus
3549 2003 3660 2068 est,

2016 2082 2218 2148 creari,
2250 2098 2323 2135 an
2355 2081 2755 2136 sanctiﬁcari?
2803 2086 3048 2137 Pensate
3091 2082 3287 2154 itaque
3332 2084 3392 2140 in
3443 2091 3662 2143 statera

2016 2170 2232 2224 mentis
2262 2170 2939 2240 vestrw,conspicientes,
2975 2175 3037 2225 ut
3064 2170 3151 2225 vel
3172 2171 3256 2226 sic
3285 2175 3659 2230 considerare

2016 2257 2280 2328 possitis,
2313 2258 2464 2328 quod
2487 2260 2662 2313 etiam
2684 2257 2797 2330 ipsi
2827 2274 2929 2314 vos
2957 2259 3122 2313 inviti
3152 2261 3508 2317 conﬁtemini
3532 2262 3659 2334 Spi-

2016 2345 2163 2400 ritus
2177 2346 2698 2418 dignitatem.Ergo
2719 2347 2902 2401 creari
2927 2347 3162 2418 quidem
3179 2354 3444 2404 creatura
3460 2367 3563 2421 per
3579 2351 3660 2405 Fi-

2013 2433 2158 2487 lium
2193 2434 2896 2499 merebatur,sanctiﬁcari
2919 2451 3050 2491 vero
3077 2451 3178 2507 per
3197 2438 3499 2508 Spiritum,
3523 2439 3662 2510 quia

2016 2522 2259 2578 minime
2279 2521 2521 2594 indigna
2541 2539 2649 2578 sua
2670 2524 3131 2580 sanctiﬁcatione
3161 2526 3438 2582 creaverit
3459 2527 3654 2583 Filius.

2084 2617 2138 2665 ε).
2171 2612 2279 2666 Sed
2312 2611 2638 2683 oportebat,
2670 2610 2969 2682 inquiunt,
3003 2629 3106 2684 per
3134 2613 3416 2684 Spiritum
3451 2618 3664 2672 sancti-

2016 2700 2176 2755 ﬁcari
2207 2717 2336 2755 eam
2369 2700 2552 2771 prius,
2588 2704 2653 2754 ut
2681 2701 2765 2756 sic
2795 2708 3112 2757 mereretur
3161 2704 3421 2775 accipere
3456 2703 3580 2759 Filii
3607 2710 3665 2761 et

2016 2789 2206 2844 Patris
2232 2789 3015 2855 sanctiﬁcationem.Quibus
3046 2789 3299 2846 dicimus
3327 2809 3338 2846 :
3366 2794 3512 2864 Ergo
3545 2811 3662 2849 non

2017 2885 2219 2934 sancta
2249 2893 2479 2932 creasse
2510 2877 2721 2932 Filium
2755 2878 2949 2933 dicitis
2971 2879 2999 2933 ?
3030 2879 3233 2934 Absitl
3277 2880 3473 2952 Neque
3504 2883 3660 2937 enim

2016 2968 2141 3022 sine
2172 2965 2311 3020 Filio
2335 2965 2588 3036 Spiritus
2609 2966 3068 3032 sanctiﬁcat,nec
3095 2968 3270 3022 Filius
3291 2969 3418 3023 sine
3439 2969 3660 3040 Spiritu

2013 3055 2100 3108 vel
2135 3054 2322 3118 Patre,
2356 3053 2527 3108 sicuti
2559 3056 2615 3106 et
2644 3069 2746 3106 vos
2775 3052 3028 3119 dixistis,
3059 3059 3116 3107 et
3153 3059 3243 3108 est
3270 3071 3472 3110 verum
3505 3056 3661 3126 quod

2016 3142 2232 3198 Paulus
2253 3144 2324 3198 ad
2347 3141 2900 3197 Thessalonicenses
2923 3143 3297 3206 scribenl,ait
3320 3145 3456 3214 :Ipse
3476 3153 3661 3200 autem

2016 3234 2231 3302 Deus,et
2250 3235 2417 3287 Pater
2444 3234 2646 3297 noster,
2671 3239 2719 3285 et
2735 3231 2996 3286 Dominus
3015 3236 3172 3288 Iesus
3191 3234 3441 3289 Christus
3467 3236 3665 3289 sancti-

255 3297 769 3393 respondentibus,
804 3338 908 3377 nec
937 3323 986 3377 si
1030 3297 1185 3378 esset
1226 3323 1474 3394 Spiritus
1506 3297 1768 3393 sanctus,
1801 3297 1901 3377 au-
1937 3297 1978 3362 C
2016 3297 2633 3393 ﬁcetcosadperfectum
2655 3320 2698 3354 2‘
2716 3320 2812 3381 ,‘ad
2832 3320 3165 3376 Corinthios
3181 3337 3315 3376 vero
3335 3323 3392 3377 in
3408 3322 3663 3394 Epistola

257 3413 436 3478 disse,
471 3411 649 3466 dixit:
684 3413 745 3466 In
774 3427 877 3484 quo
906 3428 1037 3479 ergo
1070 3412 1334 3482 baptizati
1363 3416 1485 3467 estis
1505 3413 1549 3448 ²⁶
1572 3415 1597 3467 't
1630 3415 1905 3484 probans,

255 3502 358 3572 qui
392 3517 507 3554 non
539 3507 678 3554 sunt
707 3501 984 3571 baptizati
1024 3500 1083 3555 in
1135 3502 1372 3556 nomine
1419 3503 1664 3572 Spiritus
1694 3503 1905 3566 sancti,

254 3605 363 3645 nec
395 3589 454 3643 in
489 3589 697 3658 Patris,
731 3595 789 3644 et
821 3588 946 3643 Filii
997 3589 1232 3644 nomine
1263 3606 1390 3644 esse
1444 3592 1788 3661 baptizatos.
1822 3589 1906 3645 Ita

253 3678 429 3751 plane
459 3683 514 3732 et
540 3682 857 3733 creatorem
889 3677 1167 3746 Spiritum
1200 3685 1470 3734 sanctum
1503 3678 1901 3750 agnoscimus.

252 3767 527 3838 Alioquin
559 3768 607 3821 si
639 3772 864 3822 creator
895 3783 1009 3820 non
1042 3772 1197 3822 esset
1226 3774 1284 3822 et
1315 3768 1441 3822 sine
1473 3768 1600 3838 ipso
1635 3770 1706 3822 ab
1738 3767 1903 3823 initio

247 3857 428 3912 creati
455 3857 987 3926 sumus,quomodo
1011 3857 1067 3911 in
1093 3857 1530 3928 regeneratione
1553 3860 1677 3912 sine
1698 3874 1764 3912 eo
1787 3873 1902 3912 non

246 3962 666 4017 regeneramur
688 3948 840 4000 PAut
857 3945 905 3999 si
927 3945 1169 4000 forsitan
1190 3946 1259 4000 ad
1279 3945 1438 4000 illam
1467 3947 1900 4017 antiquitatem,

247 4051 378 4106 qua:
413 4034 600 4088 fuerat
625 4036 759 4088 ante
782 4033 1311 4104 praevaricationem
1333 4037 1488 4101 Adae,
1519 4035 1775 4091 restituit
1798 4051 1904 4089 nos

247 4121 712 4194 regenerationis
743 4121 1063 4188 lavacrum,
1096 4124 1181 4177 vel
1228 4124 1470 4179 minoris
1503 4125 1738 4180 iacturae
1769 4125 1903 4179 Adae

249 4212 615 4281 regeneratio
645 4216 880 4265 nostra:
928 4212 1205 4281 quoniam
1237 4218 1371 4267 ante
1420 4213 1655 4283 quidem
1688 4214 1903 4282 dicitis,

249 4301 382 4356 sine
412 4298 628 4369 Spiritu
662 4303 865 4354 sancto
889 4300 1066 4354 creati
1089 4303 1619 4372 sumus,quomodo
1650 4318 1784 4357 vero
1809 4302 1905 4357 hic

247 4393 598 4459 assumptus
629 4393 719 4443 est
775 4387 902 4442 sine
951 4404 1129 4443 causa
1158 4388 1217 4443 in
1272 4391 1768 4460 regenerationem
1804 4407 1905 4445 no-

248 4483 438 4534 stram
467 4479 493 4530 ‘t
523 4476 742 4532 Verum
775 4476 885 4532 hoc
915 4477 1106 4532 dicere
1154 4477 1548 4550 irreligiosum
1592 4484 1681 4534 est
1708 4495 1721 4533 :
1756 4495 1908 4535 anne

253 4567 446 4636 major
475 4573 532 4621 et
554 4566 781 4621 cautior
801 4569 1083 4637 tanquam
1112 4566 1238 4622 sine
1260 4582 1326 4622 eo
1357 4571 1588 4623 creatus
1611 4568 1688 4622 sit
1710 4567 1905 4637 homo,

2017 3413 2208 3484 prima
2233 3430 2244 3467 :
2268 3411 2370 3468 Sed
2389 3411 2567 3466 abluti
2586 3412 2730 3476 estis,
2760 3409 2853 3465 sed
2871 3411 3206 3480 sanctiﬁcati
3222 3411 3468 3478 estis,sed
3488 3413 3663 3483 justi-

2015 3501 2165 3571 ﬁcati
2192 3502 2322 3556 estis
2343 3502 2403 3554 in
2431 3501 2654 3554 nomine
2679 3501 2904 3555 Domini
2930 3502 3106 3555 nostri
3129 3502 3252 3556 Jesu
3287 3500 3575 3569 Christi,et
3604 3501 3660 3556 in

2014 3591 2252 3662 Spiritus
2283 3591 2378 3644 Dei
2396 3590 2579 3644 nostri
2598 3588 2660 3642 ³9.
2692 3588 2991 3644 Videtisne
3018 3590 3296 3644 unitatem
3331 3589 3661 3646 sanctiﬁca-

2014 3678 2512 3749 tionis,quomodo
2537 3678 2718 3744 Pater,
2739 3681 2796 3732 et
2829 3677 3027 3746 Filius,
3061 3683 3117 3733 et
3137 3679 3391 3750 Spiritus
3422 3684 3663 3736 sanctus

2014 3769 2340 3824 sanctiﬁcat
2361 3771 2688 3821 creaturam
2712 3766 2733 3819 Ρ
2755 3765 2812 3820 Si
2840 3765 3022 3837 igitur
3042 3773 3246 3822 sancta
3267 3769 3481 3823 creatio
3503 3785 3662 3823 crea-

2012 3859 2071 3909 ta
2101 3859 2209 3922 est,
2242 3853 2369 3908 sine
2399 3851 2616 3922 Spiritu
2649 3855 2841 3906 autem
2875 3858 3074 3908 sancto
3114 3870 3230 3909 non
3280 3861 3369 3909 est
3398 3855 3662 3909 sanctiﬁ-

2012 3949 2161 4009 cata,
2194 3946 2250 3997 et
2278 3941 2561 4012 Spiritum
2593 3947 2863 3995 sanctum
2895 3948 3210 3997 creatorem
3256 3959 3384 3998 esse
3423 3959 3662 3998 necesse

2011 4039 2100 4090 est
2125 4049 2329 4088 omnes
2360 4030 2643 4087 conﬁteri.
2687 4030 2959 4102 Alioquin
3009 4048 3058 4087 SI
3089 4031 3198 4088 hoc
3246 4033 3512 4089 conﬁteri
3541 4050 3657 4089 non

2010 4123 2212 4186 vultis,
2246 4121 2388 4192 quid
2421 4120 2621 4190 utique
2652 4119 2859 4174 facturi
2891 4119 3052 4186 estis,
3085 4120 3343 4175 dicentes
3372 4137 3488 4176 non
3519 4138 3656 4176 san-

2013 4217 2165 4268 ctam
2196 4217 2449 4266 creatam
2473 4227 2600 4266 esse
2630 4210 3221 4280 creationem,deinde
3253 4227 3353 4281 per
3371 4211 3657 4283 Spiritum

2014 4298 2490 4358 sanctiﬁcatam‘?
2537 4299 2648 4354 Sed
2689 4299 2909 4353 timetis
2963 4297 3408 4368 irreligiosilatis
3439 4305 3656 4367 notam,

2014 4396 2277 4445 sanctam
2303 4404 2433 4443 vero
2455 4386 2846 4442 conditionem
2869 4392 3149 4442 creaturae
3171 4389 3498 4444 omnimodo
3521 4405 3662 4445 con-

2016 4478 2272 4543 ﬁtentes,
2294 4491 2408 4530 non
2429 4478 2625 4530 tamen
2647 4474 2774 4529 sine
2795 4474 3008 4544 Spiritu
3028 4477 3476 4548 sanctiﬁcatum,
3508 4493 3665 4533 crea-

2015 4571 2203 4622 torem
2235 4565 2474 4619 omnino
2505 4563 2864 4618 conﬁtemini
2885 4565 3062 4619 etiam
3094 4566 3452 4636 Spiritum,si
3477 4567 3662 4636 scitis,

251 4658 313 4710 et
342 4654 642 4722 exciderit,
675 4654 803 4710 ideo
843 4660 1187 4726 assumptus
1218 4656 1471 4727 Spiritus
1517 4655 1576 4711 in
1607 4672 1909 4728 regenera-
1942 4663 1987 4727 ο
2021 4655 2271 4711 Verbum
2311 4651 2404 4708 Dei
2462 4651 2670 4707 Filium
2717 4651 2906 4721 ipsius
2961 4669 3110 4708 esse.
3154 4655 3363 4709 Audite
3419 4656 3477 4709 in
3510 4671 3666 4709 xxxii

247 4744 414 4799 tione
448 4752 648 4798 nostra
679 4745 749 4800 ad
783 4744 1029 4800 tutelam
1079 4745 1382 4800 certiorem
1411 4745 1438 4799 ?
1468 4746 1571 4800 Sed
1606 4749 1663 4800 et
1711 4747 1905 4816 ipsum

247 4832 421 4888 valde
449 4831 718 4903 impium,
754 4832 840 4886 vel
875 4833 932 4886 in
983 4849 1223 4888 sensum
1256 4832 1507 4904 alicujus
1541 4834 1761 4890 subire.
1817 4834 1906 4888 Di-

250 4926 391 4977 cant
424 4921 624 4992 igitur,
660 4922 955 4991 quomodo
1015 4921 1270 4992 Spiritus
1327 4928 1669 4993 assumptus
1717 4927 1807 4978 est
1835 4924 1908 4978 ad

255 5009 761 5082 regenerationem
815 5014 1097 5080 nostram,
1153 5011 1251 5082 qui
1286 5028 1398 5066 non
1457 5011 1672 5067 creavit
1701 5029 1806 5067 nos
1836 5012 1908 5067 ab

253 5099 428 5154 initio
455 5114 468 5151 ε
497 5097 788 5169 siquidem
813 5113 927 5152 non
949 5099 1413 5165 creavit;dicetis
1435 5101 1673 5169 [οι-ιο,Πὶ
1694 5103 1910 5156 sancti-

255 5189 396 5243 ﬁcet
444 5187 788 5242 accedentes
835 5187 909 5249 ad
963 5185 1257 5242 lavacrum
1302 5191 1780 5261 regenerationis.
1813 5190 1914 5244 Est

256 5276 420 5332 enim
460 5275 714 5347 Spiritus
769 5280 1032 5343 sanctus,
1091 5277 1466 5334 sanctiﬁcans
1512 5285 1765 5350 sanctos,
1797 5296 1913 5335 non

257 5375 459 5422 tamen
492 5367 734 5420 creator.
757 5363 968 5420 Omnia
986 5365 1141 5420 enim
1164 5383 1232 5421 ex
1265 5373 1376 5422 Deo
1398 5385 1499 5440 per
1522 5369 1730 5424 Filium
1754 5385 1914 5425 crea-

341 5687 389 5722 ”
417 5687 735 5763 Joan.xv1,
765 5690 817 5748 3.
895 5693 942 5728 ³³
977 5693 998 5748 Ι
1027 5692 1196 5748 Joan.
1231 5707 1292 5759 ιι,
1326 5691 1382 5761 1,
1439 5694 1495 5747 2.
1573 5691 1619 5728 ²⁶
1648 5693 1847 5751 Matth.

2021 5707 2108 5763 ιιι,
2141 5693 2225 5748 19.
2304 5685 2350 5763 9F
2377 5689 2549 5746 Joan.
2608 5703 2725 5753 xw,
2742 5683 2810 5763 Α
2887 5679 2932 5717 ²⁶
2961 5686 3086 5739 Act.
3117 5699 3232 5750 xxx,
3291 5681 3344 5736 3.

2019 4744 2246 4816 psalmo
2278 4742 2564 4796 dicentem
2592 4757 2605 4794 :
2653 4740 2814 4795 Verbo
2859 4741 3078 4796 Domini
3124 4744 3249 4798 caeli
3276 4743 3488 4812 ﬁrmati
3513 4747 3663 4809 sunt,

2014 4838 2065 4889 et
2093 4833 2295 4903 spiritu
2325 4831 2438 4886 oris
2465 4831 2582 4899 ejus
2611 4831 2791 4884 omnis
2836 4831 3013 4884 virtus
3041 4846 3230 4886 eorum
3247 4832 3293 4866 ³ο
3318 4849 3332 4899 ;
3365 4836 3424 4886 et
3454 4833 3665 4887 docen-

2016 4925 2134 4978 tem
2167 4936 2274 4976 nos
2305 4934 2420 4974 non
2453 4918 2578 4974 sine
2604 4917 2829 4989 Spiritu
2861 4925 3084 4989 sancto,
3115 4936 3291 4991 quem
3324 4938 3358 4974 a
3405 4935 3664 4991 corpore,

2018 5027 2124 5067 suo
2156 5026 2254 5065 ore
2283 5009 2537 5063 Verbum
2569 5007 2627 5060 in
2653 5007 2858 5062 faciem
2883 5008 3278 5077 apostolorum
3311 5010 3555 5080 spiravit
3579 5007 3666 5063 di-

2021 5116 2157 5155 cens
2183 5116 2194 5154 :
2225 5098 2466 5169 Accipite
2496 5096 2757 5167 Spiritum
2791 5100 3044 5150 sanctum
3065 5098 3130 5165 ³³,
3162 5103 3487 5152 creaturam
3537 5113 3666 5154 esse

2021 5192 2274 5244 creatam
2300 5204 2312 5241 :
2348 5202 2534 5257 neque
2565 5185 2722 5240 enim
2753 5201 2817 5238 os
2854 5184 3105 5240 habebat
3135 5202 3266 5241 cum
3299 5186 3371 5242 sit
3401 5187 3669 5257 incorpo-

2024 5277 2143 5334 rale
2173 5278 2430 5333 Verbum
2463 5273 2550 5330 vel
2582 5274 2756 5344 hujus
2787 5279 2977 5330 Pater.
3005 5275 3281 5346 Alioquin
3315 5278 3362 5331 si
3395 5278 3467 5332 ab
3504 5276 3670 5331 initio

2025 5368 2152 5424 sine
2171 5366 2386 5438 Spiritu
2419 5366 2622 5420 sancto
2651 5362 2830 5417 creati
2862 5365 3392 5440 sumus,quomodo
3425 5381 3526 5438 per
3541 5379 3673 5420 eum

3425 5679 3468 5715 ²⁷
3502 5679 3524 5736 Ι
3549 5683 3676 5736 Cor.

257 5774 392 5830 VIII,
421 5761 476 5816 6.
554 5762 599 5798 ³⁸
629 5768 653 5817 1
682 5756 887 5820 Thess.
919 5781 974 5832 v,
1005 5765 1096 5821 23.
1175 5764 1220 5799 ²⁹
1245 5756 1419 5820 ΙῸΟΤ.
1451 5781 1528 5832 v1,
1566 5766 1650 5820 11.
1727 5766 1772 5802 ⁸ο
1799 5766 1953 5822 Psal.
1987 5756 2161 5836 xxxii,
2191 5765 2244 5818 6.
2322 5762 2364 5812 3'
2399 5764 2571 5822 Joan.
2602 5777 2699 5832 xx,
2739 5756 2830 5812 ‘32.
