4048 6382
262 430 413 490 1209

1244 430 1344 491 DE
1386 429 1812 490 TRINITATE
1856 427 1955 489 ET
1995 426 2308 491 SPIRITU
2352 431 2682 491 SANC'I‘O.

3505 432 3664 494 1210

256 559 468 629 lorum,
500 561 573 618 de
600 561 696 618 his
726 563 823 634 qui
856 562 918 618 in
946 561 1213 635 Samaria
1244 558 1642 627 crediderunt,
1674 562 1731 614 et
1758 558 1897 630 bap-
1927 559 1980 625 Α
2009 559 2248 616 nomine
2273 560 2431 617 enim
2463 560 2696 618 Domini
2728 565 2868 618 Jesu
2890 561 3101 619 Christi
3137 565 3196 619 et
3222 561 3476 635 Spiritus
3524 580 3664 620 san-

253 650 410 706 tizati
442 652 584 707 sunt
621 667 656 705 a
688 650 976 723 Philippo,
1007 634 1226 706 tantum
1248 650 1513 722 baptizati
1539 650 1700 705 erant
1730 649 1789 704 in
1805 662 1902 703 no-

250 741 400 794 mine
432 738 655 795 Domini
680 741 804 796 Jssu
837 739 1045 796 Christi
1075 739 1143 796 ³⁵.

319 826 407 883 l7.
445 828 520 884 De
551 826 645 883 his
693 845 826 884 vero
872 828 970 899 qui
1019 827 1232 899 Ephesi
1294 844 1327 883 a
1384 827 1566 882 Paulo
1624 824 1901 899 baptizati

249 920 420 972 sunt:
454 918 503 972 Ii
530 933 656 972 cum
683 933 803 973 cnm
830 916 1131 983 audissent,
1148 918 1417 988 baptizati
1442 918 1657 981 sunt,in
1673 915 1900 971 nomine

251 1005 473 1060 Domini
498 1005 939 1063 1ωαο1ινίδιὶ’⁶.
1007 1005 1215 1061 Petrus
1269 1005 1426 1061 enim
1483 1005 1716 1060 Judaaos
1758 1002 1900 1059 allo-

248 1110 473 1166 quens:
508 1095 921 1161 Paenitentiam,
955 1093 1171 1166 inquit,
1203 1094 1425 1166 «agite,
1473 1098 1529 1150 et
1576 1092 1902 1165 baptizetur

248 1182 655 1255 unusquisque
686 1188 941 1239 vestrum
975 1182 1034 1237 in
1069 1182 1306 1239 nomine
1335 1183 1474 1239 Jesu
1494 1181 1778 1238 Christiin
1811 1197 1897 1236 re-

244 1272 587 1328 missionem
621 1277 993 1345 peccatorum
1011 1273 1420 1328 vestrorumJi
1445 1288 1575 1328 cum
1594 1271 1900 1327 audissent

241 1364 296 1416 et
324 1361 811 1433 comprobassent
836 1376 1137 1417 sermones
1172 1362 1325 1432 ejus,
1362 1360 1644 1433 baptizati
1677 1363 1901 1426 sunt,et

241 1450 455 1506 additas
482 1453 623 1505 sunt
652 1449 711 1505 in
736 1449 944 1506 dieillo
976 1450 1189 1506 animce
1220 1449 1393 1522 quasi
1433 1448 1547 1506 tria
1571 1448 1759 1504 millia
1780 1449 1843 1503 ετ.
1868 1469 1897 1499 ››

244 1538 535 1610 Numquid
567 1539 1038 1611 praevaricatores
1068 1539 1333 1595 mandati
1362 1537 1679 1595 Salvatoris
1709 1537 1898 1595 effecti

241 1626 484 1683 sunt?et
495 1626 1094 1685 contratraditionem
1116 1626 1437 1683 Salvatoris
1457 1626 1898 1699 baptizaverunt

240 1719 465 1771 tantam
500 1715 942 1773 multitudinem
956 1715 984 1771 ?
998 1717 1123 1773 Non
1139 1716 1296 1772 enim
1311 1716 1599 1788 scriptum
1612 1720 1704 1772 est
1727 1732 1739 1772 :
1757 1715 1896 1789 quia

248 1804 691 1878 baptizaverunt
719 1805 779 1861 in
811 1805 1048 1862 nomine
1073 1805 1262 1862 Patris
1288 1810 1345 1862 et
1376 1805 1527 1872 Filii,
1560 1808 1615 1861 et
1643 1804 1895 1877 Spiritus

242 1894 450 1958 sancti,
485 1894 584 1950 sed
620 1898 877 1964 tantum,
909 1895 971 1950 in
1000 1896 1222 1951 nomine
1245 1894 1465 1950 Domini
1498 1896 1628 1951 Jesu
1670 1893 1889 1950 Christi.
1927 1931 1975 1997 Β

237 1983 344 2038 Sed
378 1999 493 2039 non
526 1987 667 2039 sunt
687 1983 1075 2057 praevaricari:
1102 1980 1295 2040 absit!
1328 1983 1472 2039 Nam
1496 1982 1895 2040 licetFiliino-

247 2088 379 2128 men
411 2074 823 2128 tantummodo
853 2072 1108 2139 dicatur,
1141 2072 1319 2128 habet
1351 2077 1546 2128 tamen
1580 2075 1810 2128 Patrem
1841 2075 1899 2127 et

244 2161 529 2235 Spiritum
543 2161 1112 2234 secundum[secum,
1133 2166 1297 2230 mss.]
1313 2160 1778 2235 pronuntiatum,
1812 2160 1897 2218 si.-

244 2254 342 2309 out
357 2251 419 2306 in
431 2250 749 2324 Scripturis
763 2251 987 2307 sanctis
1006 2251 1411 2324 probabimus.
1430 2252 1630 2323 Itaque
1641 2254 1699 2307 et
1719 2251 1897 2324 Spiri-

244 2344 339 2399 tus
370 2344 614 2397 sanctus
627 2339 914 2396 Dominus
935 2340 1188 2397 Sabaoth
1204 2340 1441 2407 dicitur,
1458 2344 1515 2396 et
1530 2345 1765 2396 estcum
1783 2343 1895 2395 Deo

243 2433 299 2486 et
327 2445 460 2485 cum
498 2429 639 2486 Filio
671 2446 706 2485 a
725 2429 1022 2503 seraphim
1040 2429 1586 2502 adoratus.Propter
1605 2429 1760 2502 quod
1775 2426 1894 2484 haec

242 2523 330 2574 ter
358 2518 590 2574 dicunt:
626 2518 881 2584 Sanctus,
915 2518 1174 2584 Sanctus,
1222 2518 1483 2588 Sanctus,
1526 2523 1591 2575 ut
1646 2517 1894 2574 Trinita-

243 2614 357 2665 tem
377 2608 849 2680 pronuntiarent.
876 2608 1039 2664 Unde
1051 2613 1107 2664 et
1137 2607 1355 2665 Paulus
1367 2608 1684 2665 Dominum
1701 2607 1893 2664 vocari

242 2697 527 2770 Spiritum
559 2714 675 2753 non
711 2702 903 2770 negat,
935 2697 1137 2755 dicens
1165 2698 1235 2753 ad
1266 2698 1658 2770 {Corinthiosz
1705 2697 1893 2753 Domi-

241 2802 344 2842 nus
372 2801 496 2842 vero
523 2786 771 2858 Spiritus
799 2796 902 2855 est,
932 2791 986 2843 et
1016 2788 1113 2843 ubi
1144 2787 1390 2859 Spiritus
1420 2788 1664 2859 Domini,
1696 2795 1777 2844 est
1816 2785 1897 2842 ibi

246 2874 558 2932 libertas”.
594 2877 661 2932 Et
691 2877 763 2931 ad
796 2880 1090 2933 Romanos
1121 2877 1238 2932 ait:
1276 2877 1387 2933 Lex
1415 2880 1600 2932 autem
1644 2877 1895 2948 Spiritus

241 2967 368 3021 vita:
399 2965 657 3022 liberavit
686 2981 773 3021 me
800 2983 839 3021 α
872 2966 991 3037 lege
1018 2968 1228 3038 peccati
1285 2970 1337 3023 et
1390 2967 1592 3022 mortis
1613 2966 1677 3021 ".
1739 2967 1895 3033 Quo-

242 3055 416 3110 modo
446 3070 584 3127 ergo
618 3055 747 3111 ausi
777 3054 919 3111 estis
947 3054 1228 3126 Spiritum
1243 3059 1511 3111 sanctum
1545 3071 1777 3112 servum
1809 3054 1896 3111 di-

240 3158 392 3209 cere,
423 3144 523 3215 qui
584 3147 914 3200 creaturam
971 3142 1278 3200 liberavit?
1336 3144 1394 3200 Si
1450 3143 1630 3213 enim,
1682 3144 1894 3218 inquit,

1980 644 1981 647 “
2012 647 2110 718 eti,
2143 665 2303 721 quem
2331 651 2513 706 mittet
2533 652 2686 707 vobis
2715 653 2881 706 Pater
2912 652 2972 707 in
3003 652 3230 707 nomine
3260 664 3398 721 meo,
3433 652 3533 708 ille
3571 669 3664 709 vos

2009 734 2220 792 docebit
2240 739 2305 793 ³⁸.
2337 738 2557 794 Tamen
2591 754 2801 795 nomen
2822 739 3024 807 Patris,
3049 743 3107 796 et
3137 738 3283 810 Filii,
3318 744 3376 796 et
3406 740 3664 813 Spiritus

2011 826 2220 891 sancti,
2255 832 2312 881 et
2338 828 2395 882 in
2430 828 2666 899 propria
2694 828 2810 883 vita
2841 832 2899 883 et
2928 828 3260 884 substantia
3292 845 3662 900 permanens,

2010 930 2141 968 cum
2178 916 2302 987 ipso
2333 916 2412 971 sit
2440 916 2576 972 vita.
2609 916 2836 989 Alioqui
2881 917 3022 990 quid
3076 918 3218 973 estis
3279 918 3507 981 facturi.
3555 936 3660 974 au-

2009 1003 2236 1060 dientes
2267 1005 2323 1060 in
2356 1006 2589 1060 Cantico
2622 1005 2985 1061 canticorum
3035 1004 3407 1063 Salomonem
3464 1008 3660 1064 dicen-

2008 1095 2159 1148 tem:
2198 1094 2546 1163 Unguentum
2593 1095 2828 1167 e/fusum
2885 1111 3083 1152 nomen
3141 1104 3315 1166 tuum,
3371 1099 3662 1169 propterea

2006 1179 2349 1236 adolescentu
2359 1181 2433 1240 tae
2450 1182 2766 1239 dilexerunt
2795 1190 2845 1238 te
2858 1182 2942 1238 35?
2964 1182 3147 1239 Isaias
3163 1199 3296 1238 vero
3315 1201 3328 1240 :
3355 1202 3385 1234 «
3400 1184 3469 1239 Et
3491 1184 3665 1241 faciet

2010 1269 2290 1326 Dominus
2317 1251 2569 1326 Sabaoth
2601 1271 2897 1345 gentibus,
2921 1270 2981 1327 in
3010 1273 3121 1329 isto
3155 1276 3350 1328 monte
3372 1272 3574 1329 bibent
3602 1273 3661 1329 in

2009 1357 2292 1424 laetitia,et
2321 1358 2523 1415 bibent
2539 1360 2764 1426 vinum,
2782 1365 3414 1433 unguentoungentur,
3430 1362 3664 1418 tradent

2007 1446 2127 1502 haec
2158 1447 2357 1503 omnia
2385 1449 2740 1521 gentibus“.
2779 1449 2984 1506 Nonne
3030 1450 3312 1523 Spiritum
3364 1454 3658 1520 sanctum,
3752 1486 3757 1489 λ

2006 1552 2121 1608 quo
2155 1536 2315 1591 uncti
2346 1554 2576 1607 sumus,
2627 1543 2997 1611 unguentum
3058 1538 3281 1595 vocavit
3330 1538 3660 1612 propheta?

2005 1627 2186 1692 Quem
2209 1630 2265 1681 et
2292 1625 2467 1682 David
2500 1626 2693 1684 oleum
2726 1626 3103 1684 exultationis
3125 1627 3180 1683 in
3239 1645 3370 1685 xuv
3429 1628 3658 1702 psalmo

2003 1714 2240 1785 dicit,in
2262 1717 2705 1773 conversatione
2748 1717 3009 1774 humana
3028 1718 3342 1774 Salvatoris
3370 1736 3383 1775 :
3430 1724 3661 1791 Propter

2000 1820 2063 1859 ea
2088 1806 2256 1860 unxit
2279 1807 2332 1860 te
2368 1805 2528 1873 Deus,
2564 1808 2870 1876 Deustnus,
2934 1807 3048 1862 oleo
3104 1808 3491 1864 exsultationis
3543 1825 3659 1880 prce

2002 1893 2352 1948 consortibus
2382 1896 2495 1963 tuis
2515 1895 2583 1950 ⁸⁷.
2617 1895 2781 1959 Quod
2813 1900 2869 1951 et
2922 1912 3233 1952 assumens
3285 1897 3487 1954 Petrus
3536 1898 3653 1954 ait:

2005 1983 2184 2038 Iesum
2215 1982 2512 2048 Christum,
2566 1985 2663 2055 qui
2716 1991 2795 2040 est
2849 2001 2885 2039 a
2938 1986 3236 2053 Namreth,
3297 1988 3460 2043 unxit
3515 1987 3656 2043 Deus

2004 2086 2130 2127 eum
2159 2073 2219 2126 in
2251 2070 2466 2142 Spiritu
2495 2076 2686 2129 sancto
2716 2081 2766 2130 et
2797 2075 2998 2130 virtute
3016 2074 3083 2129 ³⁸.
3140 2074 3397 2148 Spiritus
3453 2075 3655 2150 itaque

2006 2165 2248 2217 sanctus
2278 2178 2412 2216 cum
2443 2165 2502 2217 et
2522 2161 2738 2229 oleum,
2769 2166 2828 2219 et
2850 2167 3219 2237 unguentum
3250 2165 3486 2231 dicitur,
3545 2183 3654 2222 no-

2006 2266 2139 2305 men
2170 2254 2257 2306 est
2288 2250 2390 2306 Dei
2419 2255 2477 2306 et
2506 2250 2657 2323 Filii,
2691 2252 2749 2306 in
2782 2253 3012 2325 proprie
3045 2253 3166 2310 vita
3208 2257 3265 2310 et
3320 2254 3655 2311 substantia

2005 2354 2396 2411 permanens:
2426 2355 2560 2395 cum
2593 2340 2671 2395 sit
2699 2340 2918 2412 ipse,ut
2946 2358 3128 2414 supra
3154 2342 3656 2411 diximus,secun-

2003 2427 2145 2483 dum
2181 2428 2551 2501 prophetam,
2583 2435 2930 2498 unguentum
2959 2432 3194 2504 eﬂusum
3222 2448 3424 2490 nomen
3477 2437 3652 2490 tuum.

2002 2518 2377 2574 Manifestum
2410 2522 2500 2574 est
2534 2524 2755 2589 autem,
2782 2520 2921 2591 quia
2948 2521 3232 2593 Spiritum
3265 2525 3536 2579 sanctum
3568 2523 3651 2579 ef-

2003 2605 2156 2662 fudit
2186 2606 2470 2663 Dominus
2500 2608 2871 2663 abundanter
2901 2626 3080 2682 super
3109 2626 3228 2680 eos,
3263 2609 3361 2683 qui
3402 2627 3470 2666 ex
3510 2627 3649 2684 gen«

2001 2696 2160 2751 tibus
2184 2695 2580 2764 crediderunt,
2604 2697 2758 2752 sicut
2790 2698 3003 2755 Paulus
3024 2698 3228 2754 scribit
3253 2716 3265 2755 :
3300 2702 3365 2756 Et
3391 2715 3515 2756 cum
3547 2717 3654 2757 un-

2002 2786 2232 2840 ctionem
2259 2791 2309 2840 et
2352 2785 2702 2853 signaculum
2758 2786 3052 2841 habeamus
3072 2802 3093 2848 ,ο
3132 2790 3192 2841 et
3229 2803 3436 2842 rursus
3495 2787 3649 2844 idem

2004 2872 2222 2930 Paulus
2254 2873 2313 2928 in
2346 2875 2605 2931 secunda
2634 2873 2892 2946 Epistola
2917 2876 2988 2930 ad
3020 2876 3350 2933 Corinthios
3408 2876 3650 2934 scribit:

2007 2964 2113 3032 Qui
2139 2971 2327 3019 autem
2350 2964 2546 3035 ﬁrmat
2574 2978 2671 3018 nos
2696 2964 2969 3019 vobiscum
3004 2966 3062 3019 in
3095 2964 3330 3037 Christo,
3379 2975 3433 3022 et
3489 2967 3653 3021 unxit

2004 3069 2100 3109 nos
2131 3053 2285 3123 Deus,
2320 3054 2418 3124 qui
2445 3056 2497 3108 et
2524 3054 2763 3124 signavit
2794 3069 2915 3121 nos,
2972 3055 3070 3126 qui
3125 3059 3177 3110 et
3233 3055 3380 3111 dedit
3422 3047 3655 3110 arrham

2006 3141 2273 3215 Spiritum
2294 3144 2350 3199 in
2380 3141 2634 3198 cordibus
2662 3144 2864 3198 nostris
2892 3142 2975 3212 3°;
3008 3147 3067 3200 et
3105 3143 3317 3199 iterum
3351 3143 3424 3200 ad
3471 3142 3656 3216 Ephe-

240 3231 441 3288 omnia
469 3247 574 3305 per
601 3232 796 3305 ipsum
815 3233 969 3289 facta
991 3238 1150 3303 sunt,
1177 3233 1738 3290 ostenditecreatum
1769 3250 1897 3290 esse
1936 3299 1968 3305 _
2007 3231 2127 3288 sios
2152 3232 2234 3287 ait
2257 3248 2270 3287 :
2292 3232 2351 3287 In
2382 3247 2488 3304 quo
2515 3231 2790 3288 credentes
2816 3233 3028 3304 signati
3063 3235 3193 3289 estis
3245 3234 3466 3303 Spiritu
3518 3249 3653 3305 pro-

238 3299 519 3392 Spiritum
552 3299 847 3377 sanctum.
879 3322 1089 3394 Utique
1118 3322 1295 3379 etiam
1317 3322 1399 3393 id,
1428 3323 1587 3396 quod
1623 3323 1681 3379 in
1726 3340 1894 3381 cxvm
1927 3299 1970 3367 θ
2006 3323 2294 3379 missionis
2320 3325 2526 3388 sancto,
2555 3322 2653 3392 qui
2672 3330 2754 3376 est
2782 3321 2959 3377 arrha
2990 3321 3331 3379 hereditatis
3357 3324 3556 3378 nostra:
3576 3323 3654 3388 ‘0,-

238 3409 469 3483 psalmo
501 3412 785 3484 scriptum
818 3416 928 3483 est,
975 3413 1120 3483 Quia
1169 3414 1361 3469 omnia
1416 3415 1665 3470 serviunt
1708 3415 1893 3482 tibi”,

238 3514 475 3556 servum
506 3516 635 3557 esse
665 3501 925 3558 ostendit
949 3501 1235 3572 Spiritum
1259 3506 1551 3560 sanctum.
1570 3503 1681 3559 Sed
1706 3518 1897 3576 neque

240 3587 298 3644 id
334 3589 490 3661 quod
524 3589 780 3646 dicitur:
816 3591 1027 3646 Omnia
1055 3607 1157 3663 per
1187 3590 1396 3646 Filium
1431 3591 1586 3648 facta
1609 3596 1769 3659 sunt,
1800 3609 1894 3650 as-

238 3678 440 3750 signat
467 3679 751 3752 Spiritum
782 3684 1090 3736 sanctum:
1115 3681 1242 3753 ipse
1273 3681 1431 3737 enim
1448 3685 1557 3749 est,
1581 3681 1680 3753 qui
1714 3681 1893 3751 dixit;

237 3783 430 3840 neque
461 3767 542 3837 id,
581 3768 737 3840 quod
769 3769 971 3825 omnia
999 3769 1264 3826 serviunt
1313 3770 1435 3838 tibi,
1484 3786 1718 3826 servum
1764 3786 1895 3828 esse

237 3858 499 3913 ostendit
528 3874 685 3914 eum.
719 3857 1068 3931 Alioquinet
1091 3857 1303 3915 Paulus
1326 3859 1620 3931 quomodo
1650 3859 1894 3918 audien-

237 3947 351 4004 dus
371 3946 724 4014 est,dicens:
752 3971 779 3998 ‹‹
796 3948 921 4004 Non
955 3948 1111 4004 enim
1140 3948 1448 4021 accepistis
1478 3948 1750 4021 spiritum
1772 3966 1894 4007 ser-

237 4034 680 4091 vitutisiterum
711 4035 771 4091 in
802 4035 1034 4107 timore,
1090 4037 1193 4093 sed
1248 4037 1558 4110 accepistis
1606 4038 1892 4111 Spiritum

237 4123 576 4195 adoptionis
607 4123 886 4195 filiorum,
918 4123 979 4181 in
1013 4142 1129 4198 quo
1172 4125 1521 4198 clamamus,
1557 4127 1741 4196 Abba,
1792 4132 1894 4185 Pa-

234 4216 326 4268 ter
343 4212 386 4247 ³¹
409 4211 437 4267 ‘t
459 4233 488 4263 »
514 4213 716 4285 Itaque
749 4227 855 4269 nec
886 4229 1087 4270 servus
1102 4230 1206 4270 nec
1229 4214 1446 4271 creatio
1474 4215 1726 4288 Spiritus
1756 4233 1893 4272 san-

236 4304 370 4358 ctus
399 4317 530 4358 esse
560 4301 913 4357 ostenditur.
937 4302 1048 4358 Sed
1078 4318 1180 4360 vos
1200 4307 1258 4359 et
1285 4320 1543 4375 carnem,
1572 4308 1629 4361 et
1658 4322 1891 4362 servum

234 4406 367 4449 esse
396 4405 531 4447 eum
564 4390 886 4460 infamatis,
917 4391 1018 4464 qui
1042 4408 1158 4449 non
1188 4391 1381 4449 solum
1440 4409 1554 4449 non
1594 4394 1673 4451 sit
1723 4393 1888 4467 liber,

236 4481 338 4536 sed
370 4484 427 4536 et
454 4486 733 4537 creaturae
769 4480 1095 4538 libertatem
1127 4481 1398 4555 largitur,
1431 4482 1588 4540 sicut
1615 4485 1891 4556 superius

2004 3426 2220 3483 magna
2249 3426 2575 3483 nossupere
2605 3410 2794 3467 sancti
2826 3413 3156 3484 praeparant
3182 3412 3253 3467 de
3269 3410 3525 3483 Spiritus
3548 3429 3649 3467 an-

2003 3504 2114 3555 cto.
2148 3499 2293 3555 Nam
2326 3499 2505 3555 David
2562 3499 2739 3555 dicit:
2807 3501 3072 3557 Dominus
3125 3517 3256 3573 pars
3314 3500 3655 3558 haereditatis

2000 3603 2162 3657 meae,
2193 3591 2247 3644 et
2271 3589 2463 3645 callcis
2490 3591 2606 3645 mei
2622 3589 2686 3644 ⁴¹.
2719 3590 2786 3646 Et
2832 3594 3021 3647 Moses
3079 3590 3313 3646 scribit:
3373 3592 3490 3647 Non
3542 3592 3654 3647 erit

1999 3677 2199 3748 portio,
2227 3691 2402 3749 neque
2430 3678 2716 3734 hereditas
2746 3679 2944 3735 Levitis
2958 3680 3016 3734 in
3047 3688 3215 3747 terra,
3251 3679 3516 3736 Dominus
3538 3681 3653 3751 ipse

1998 3769 2172 3839 portio
2204 3782 2395 3824 eorum
2424 3775 2501 3822 est
2522 3768 2587 3821 ‘3.
2622 3769 2693 3823 Et
2720 3769 3006 3824 Jeremias
3036 3768 3285 3824 clamat:
3340 3770 3479 3838 Quia
3532 3773 3648 3842 for-

2001 3858 2177 3912 movit
2203 3858 2391 3913 omnia
2425 3858 2538 3928 ipse
2584 3857 2875 3913 haereditas
2924 3858 3091 3928 huius
3140 3859 3327 3928 Iacob,
3388 3860 3647 3914 Dominus

2000 3962 2197 4005 nomen
2223 3950 2301 4002 est
2332 3948 2384 4002 ei
2401 3947 2465 4001 ιδ.

2075 4036 2159 4091 18.
2192 4036 2263 4092 Et
2293 4053 2425 4092 cum
2475 4035 2788 4092 Dominum
2846 4035 3243 4093 hereditatem
3303 4041 3644 4094 sanctorum

2000 4125 2287 4199 Spiritum
2310 4131 2582 4182 sanctum
2613 4141 2742 4183 esse
2772 4124 2952 4182 dixit:
2988 4125 3048 4181 In
3087 4141 3213 4199 quo,
3263 4125 3479 4198 inquit,
3534 4143 3656 4183 cre-

1998 4215 2187 4272 dentes
2215 4217 2426 4287 signati
2447 4217 2577 4272 estis
2597 4217 2822 4287 Spiritu
2851 4216 3245 4284 promissionis
3292 4218 3500 4286 sancto,
3559 4217 3663 4287 qui

1999 4312 2078 4361 est
2105 4304 2282 4361 arrha
2312 4304 2656 4362 hereditatis
2685 4314 2912 4375 nostrae,
2937 4304 3155 4361 docens
3210 4303 3545 4361 hareditari
3604 4310 3661 4362 et

1998 4411 2116 4457 non
2135 4394 2481 4451 bereditare
2496 4394 2890 4466 professiones
2913 4397 3253 4450 sanctorum
3276 4393 3654 4450 consideran-

2002 4488 2113 4540 tes.
2144 4483 2239 4538 Ait
2266 4482 2424 4539 enim
2459 4482 2639 4539 Isaias
2661 4483 2731 4539 ad
2756 4499 2855 4539 eos
2879 4482 2977 4555 qui
3012 4499 3127 4539 non
3157 4483 3441 4539 haberent
3470 4483 3653 4556 Spiri-

235 4566 631 4641 probavimus.
661 4570 732 4626 Et
764 4587 1000 4627 rursum
1037 4569 1254 4628 Paulus
1297 4571 1538 4628 scribit:
1580 4573 1891 4631 Divisiones
2005 4591 2128 4643 tum
2167 4578 2460 4642 sanetum,
2503 4582 2559 4630 et
2608 4578 2915 4647 propterea
2970 4573 3309 4647 ignorantes
3365 4590 3494 4631 esse
3540 4574 3655 4630 has-

235 4660 427 4712 autem
446 4657 711 4715 denorum
754 4665 908 4728 sunt,
942 4660 1088 4717 idem
1133 4677 1261 4717 vero
1319 4660 1581 4733 Spiritus,
1641 4661 1899 4720 dividens
1927 4668 1973 4734 1)
2006 4664 2311 4721 reditatem
2353 4665 2577 4721 sanctis
2634 4666 2767 4737 post
2822 4662 3003 4733 hujus
3043 4663 3239 4720 saeculi
3284 4658 3505 4719 exitum
3563 4664 3650 4719 in-

236 4746 541 4817 unicuique
570 4750 716 4804 sicut
742 4750 858 4804 vult
877 4750 945 4806 ⁸³.
980 4753 1047 4805 Et
1099 4750 1276 4807 Jesus
1335 4750 1448 4805 ait:
1511 4750 1755 4823 Spiritus
1803 4753 1899 4809 ubi
2007 4757 2244 4810 struens
2278 4753 2581 4826 patienter,
2616 4757 2673 4809 et
2701 4752 3060 4809 dicenszEst
3117 4752 3414 4810 haereditas
3471 4751 3654 4808 colen-

233 4835 355 4891 vutt
382 4835 644 4905 spirat”.
680 4837 787 4903 Qui
811 4842 1007 4895 autem
1057 4838 1197 4897 facit
1253 4840 1409 4911 quod
1477 4839 1601 4895 vult
1637 4856 1752 4896 non
1807 4846 1897 4898 est
2002 4844 2149 4899 tibus
2178 4844 2366 4910 Deum,
2397 4848 2451 4898 et
2467 4859 2559 4899 vos
2588 4844 2744 4899 eritis
2774 4843 2925 4913 iusti,
2956 4841 3092 4898 dicit
3115 4843 3418 4897 Dominus:
3445 4841 3552 4909 Qui
3574 4842 3655 4896 si-

235 4938 469 4991 servus,
502 4925 605 4980 sed
634 4924 782 4981 liber
806 4931 918 4983 est.
941 4927 1012 4983 Et
1035 4927 1271 5000 qualem
1302 4932 1551 4985 mortem
1583 4930 1892 4987 merebun-
2001 4934 2221 5013 titis,ite
2248 4932 2321 4989 ad
2349 4934 2547 5006 aqzt'am
2561 4933 2627 4988 “.
2652 4931 2937 5004 Spiritum
2960 4934 3231 4986 sanctum
3262 4945 3476 5001 aquam
3504 4930 3647 4985 781

232 5019 335 5071 tur
363 5017 462 5087 qui
492 5014 808 5072 Dominum
831 5014 1085 5074 cmlestis
1110 5017 1328 5075 militiae
1343 5034 1578 5076 servum
1608 5034 1736 5076 esse
1758 5037 1893 5093 pro-

233 5104 523 5162 ﬁtentur?
564 5102 850 5160 Dominus
900 5104 1056 5160 enim
1115 5108 1397 5163 virtutum
1451 5107 1890 5181 interpretatur,

232 5192 526 5251 Dominus
554 5193 828 5264 Sabaoth,
863 5198 921 5250 et
946 5210 1062 5250 non
1096 5195 1299 5268 utique
1328 5196 1658 5254 libertatem
1710 5196 1891 5271 largi-

230 5286 400 5340 retur
427 5287 727 5352 creaturaa,
762 5282 879 5339 nisi
908 5287 1066 5341 esset
1107 5285 1422 5343 creationis
1460 5286 1744 5344 Dominus
1780 5302 1794 5344 :
1829 5288 1888 5344 in

2001 5020 2326 5094 appellans,
2355 5023 2511 5078 sicut
2540 5020 2918 5094 postmodum
2968 5017 3467 5075 monstrabimus:
3519 5035 3654 5075 cum

1999 5110 2078 5166 sit
2107 5110 2277 5166 arrha
2299 5116 2636 5166 sanctorum
2688 5105 3096 5165 hereditatis:
3152 5105 3310 5161 hunc
3367 5105 3652 5176 Spiritum

1999 5204 2271 5257 sanctum
2294 5204 2352 5256 et
2380 5198 2562 5255 David
2596 5194 3361 5271 signaculum-hereditatis
3379 5210 3514 5251 cum
3548 5195 3653 5251 ha-

2000 5289 2247 5347 buisset.
2281 5288 2393 5346 Sed
2421 5287 2529 5345 hos
2557 5288 2797 5360 quidem
2830 5285 2931 5356 qui
2964 5301 3078 5341 non
3110 5285 3356 5341 credunt
3403 5283 3654 5341 haeredi-

307 5552 355 5586 ’⁵
384 5554 507 5607 Act.
542 5569 665 5617 vm,
690 5551 777 5606 16.
838 5551 1051 5624 _?°7Act.
1086 5567 1202 5618 xIx,
1234 5552 1289 5607 5.
1365 5553 1409 5587 ²⁷
1438 5554 1562 5608 Act.
1596 5570 1659 5619 ιι,
1681 5554 1863 5610 3841.

2019 5557 2070 5612 II
2101 5558 2226 5613 Cor.
2256 5572 2339 5624 ιιι,
2371 5556 2460 5611 47.
2540 5555 2589 5591 ³ο
2614 5554 2919 5624 Rom.vm,
2945 5553 3001 5609 2.
3076 5549 3287 5609 “Psal.
3320 5565 3513 5620 cxvm,
3551 5547 3642 5624 9i.

231 5625 279 5699 ξξ
313 5629 477 5699 50m.
511 5639 633 5693 vm,
667 5623 755 5699 15.
833 5622 879 5699 ff
913 5623 933 5676 Ι
962 5621 1094 5699 Cor.
1124 5640 1238 5699 χιιι
1260 5623 1433 5699 4,11.
1512 5625 1559 5699 ⁵ξέ
1587 5625 1754 5699 δραι),
1785 5643 1869 5699 ιιι,

2032 5629 2275 5685 "Joan.
2325 5621 2451 5697 xxv,
2480 5628 2571 5684 26.
2649 5621 3046 5699 “Gant.'_1,2.
3114 5624 3168 5699 ξι
3214 5628 3340 5699 _Isa_.
3399 5638 3528 5689 xxv,
3587 5622 3641 5699 (j.

229 5688 279 5730 ³⁷
312 5694 468 5752 Psal.
500 5688 646 5765 xuv,
664 5695 721 5751 9.
832 5694 876 5729 ³⁸
908 5698 1032 5751 Act.
1062 5712 1119 5763 x,
1166 5688 1258 5763 37,
1298 5688 1408 5751 '38.

1519 5696 1564 5732 "
1611 5696 1662 5753 II
1721 5696 1862 5772 Cor;
1911 5715 1950 5771 ι,
1988 5700 2100 5772 21,
2145 5699 2236 5757 22.

234 5766 284 5803 ⁸³
313 5767 489 5824 Num.
521 5782 681 5839 xvm,
712 5766 802 5822 20.
879 5765 924 5801 ⁴³
950 5765 1069 5825 Jer.
1103 5782 1159 5839 x,
1194 5767 1279 5824 16.
1356 5768 1402 5804 ⁴⁴
1422 5770 1538 5826 Isa.
1571 5784 1681 5837 LIV,
1714 5770 1780 5825 17
1808 5787 1824 5841 ;
1855 5765 1946 5846 LV,
1972 5770 2027 5829 1.

2351 5699 2395 5736 to
2438 5692 2600 5776 Eph,
2660 5716 2702 5768 ι,
2761 5696 2849 5765 13,
2910 5697 2996 5753 14.
3106 5697 3149 5732 ⁸⁸
3210 5692 3362 5753 Psal.
3410 5711 3501 5763 xv,
3585 5693 3641 5765 5,
