4048 6408
413 506 559 566 1211

962 507 1024 564 S.
1076 505 1496 564 ATHANASII
1543 505 1716 566 OPP.
1768 507 1962 566 PARS
2007 508 2055 567 l.
2091 539 2167 552 —-
2198 507 2614 570 HISTORICA
2660 510 2762 570 ET
2807 510 3286 570 DOGMATICA.

3669 512 3804 571 l2l2

419 641 596 694 tatem
629 655 757 695 esse
776 637 1016 706 sanctis,
1048 650 1177 708 post
1200 636 1378 708 hujus
1402 636 1534 692 vita:
1563 639 1781 693 exitum
1816 639 2062 696 miseros
2093 643 2146 708 Α
2177 640 2232 695 in
2269 641 2457 698 muris
2485 659 2716 715 quoque
2746 643 2999 698 civitatis
3029 644 3393 700 confidenter
3441 643 3548 698 ait:
3609 642 3803 706 Quanti

416 743 546 783 esse
595 728 777 802 dicit..
817 728 896 782 De
944 743 1005 781 se
1057 741 1191 781 vero
1235 735 1289 780 et
1350 726 1646 782 similibus
1705 728 2066 784 conﬁdenter

417 833 632 890 agens:
694 818 859 873 Multi
915 815 1143 870 dicunt:
1204 817 1326 886 quis
1382 816 1614 871 ostendit
1667 817 1824 872 nobis
1871 818 2066 874 bona?

414 907 703 977 Signatum
733 909 809 960 est
839 921 1000 975 super
1030 921 1124 960 nos
1149 905 1332 960 lumen
1377 906 1561 961 vultus
1601 909 1703 968 tui,
1750 906 2060 962 Domine“.

413 1003 808 1074 Signationem
828 1018 959 1058 esse
989 1002 1190 1057 dicens
1223 1002 1618 1074 signaculum,
1651 1004 1803 1075 quod
1868 1005 2060 1061 lumen

415 1091 610 1146 vultus
637 1092 744 1158 tui,
782 1092 1044 1159 Domine,
1077 1108 1206 1146 esse
1238 1091 1312 1146 sit
1342 1094 1661 1163 professus.
1695 1094 1892 1164 Itaque
1939 1112 2059 1150 cre-

415 1179 552 1233 dent
602 1177 781 1233 Paulo
826 1178 1067 1245 dicenti,
1125 1179 1340 1251 Spiritu
1405 1181 1813 1252 promissionis
1859 1187 2061 1237 sancto

411 1267 675 1339 signatos
705 1284 833 1324 esse
867 1269 1205 1336 credentes;
1239 1274 1295 1324 et
1327 1269 1464 1325 huic
1498 1270 1672 1325 David
1696 1273 1792 1342 qui
1821 1272 2065 1329 haberet

411 1359 680 1412 eumdem
715 1357 986 1428 spiritum
1022 1357 1176 1427 ﬁdei,
1211 1357 1481 1430 psallenti
1510 1378 1522 1413 :
1555 1360 1800 1427 Credidi,
1845 1370 2064 1432 propter

411 1445 550 1516 quod
581 1446 790 1500 locutus
819 1462 942 1499 sum
965 1447 1026 1500 ⁸⁸.
1058 1445 1258 1501 Sciant
1289 1448 1438 1519 quod
1467 1453 1523 1502 et
1580 1439 1800 1504 vultus.
1827 1449 2059 1505 Domini

410 1549 538 1589 esse
561 1534 701 1588 dicit
729 1533 1123 1606 signaculum,
1149 1537 1301 1606 quod
1337 1537 1644 1608 accepit,id
1669 1544 1755 1594 est
1788 1540 2062 1611 Spiritum

413 1628 706 1685 sanctum,
741 1623 884 1678 adeo
911 1628 972 1677 ut
1002 1629 1059 1679 et
1119 1624 1328 1680 Filium
1379 1625 1480 1680 Dei
1540 1626 1735 1683 lumen
1791 1628 1889 1684 Dei
1935 1645 2064 1684 esse

412 1713 606 1768 sciens
639 1712 915 1784 psalleret
941 1717 1056 1769 Deo
1107 1714 1162 1768 in
1217 1731 1364 1769 xxxv
1396 1715 1646 1788 psalmo,
1706 1717 1941 1775 dicens:
2001 1719 2064 1774 In

411 1803 622 1857 lumine
649 1805 743 1857 tuo
774 1801 1078 1858 videbimus
1113 1802 1303 1859 lumen
1328 1806 1390 1872 ⁸⁷,
1426 1804 1482 1858 id
1517 1811 1625 1874 est,
1669 1806 1724 1860 in
1777 1805 1920 1862 Filio
1964 1812 2064 1862 tuo

408 1891 739 1948 videbimus
770 1891 1049 1964 Spiritum
1082 1894 1551 1949 sanctum.Sicet
1583 1895 1759 1949 Isaias
1781 1895 2061 1967 Spiritum

409 1980 507 2052 qui
559 1980 907 2050 sanctiﬁcat,
964 1998 1076 2058 non
1131 1981 1322 2037 solum
1375 1982 1595 2048 lumen,
1645 2001 1844 2038 verum
1885 1985 2058 2039 etiam

409 2078 603 2151 ignem
637 2079 747 2135 scit
777 2079 1087 2150 appellare,
1123 2080 1355 2136 dicens:
1393 2085 1459 2136 Et
1493 2084 1599 2136 erit
1654 2082 1837 2138 lumen
1895 2082 2062 2154 hujus

409 2165 596 2233 Israel,
630 2169 680 2221 et
726 2167 1096 2236 sanctiﬁcabit
1137 2184 1262 2222 cum
1314 2170 1438 2240 igne
1468 2170 1773 2224 ardenti“.
1812 2169 1878 2224 Et
1929 2185 2060 2224 ecce

409 2253 734 2325 inlumine,
769 2256 920 2326 quod
955 2260 1045 2311 est
1079 2257 1254 2328 ignis,
1315 2257 1641 2314 sanctificat
1696 2264 1848 2315 Deus
1901 2258 2059 2314 hunc

407 2342 605 2410 Israel,
640 2348 695 2398 et
726 2343 878 2400 Deus
910 2349 1108 2401 noster
1138 2346 1290 2418 ignis
1335 2363 1690 2404 consumens
1737 2353 1846 2419 est,
1907 2348 2058 2404 sicut

408 2435 633 2504 Moyses
659 2433 742 2488 ait
767 2450 780 2487 :
805 2435 943 2489 Deus
973 2444 1156 2491 noster
1187 2437 1333 2505 ignis
1363 2453 1689 2493 consumens
1717 2443 1799 2492 est
1818 2440 1879 2492 ⁴⁹.
1945 2437 2054 2492 Sed

406 2525 465 2577 et
496 2521 708 2576 Paulus
741 2522 918 2578 dicit:
954 2525 1016 2580 Ut
1048 2526 1146 2594 ﬁat
1199 2526 1400 2581 oblatio
1450 2527 1697 2597 gentium
1752 2528 2054 2600 acceptabi-

407 2610 500 2677 tis,
527 2612 868 2682 sanctiﬁcata
899 2614 956 2667 in
1015 2613 1225 2684 Spiritu
1255 2615 1528 2671 sancto“.
1593 2617 1659 2672 Et
1715 2634 1830 2671 non
1890 2615 2057 2672 aliter

405 2712 631 2781 gentes,
669 2709 836 2766 aliter
891 2711 1068 2767 Israel
1113 2713 1553 2769 sanctiﬁcantur
1598 2732 1631 2770 a
1690 2716 1822 2783 Deo,
1875 2733 2053 2789 quam

404 2797 620 2869 Spiritu
655 2803 857 2855 sancto
889 2798 1112 2856 lumine
1143 2807 1199 2856 et
1229 2801 1363 2874 igne
1399 2804 1700 2860 existente.
1746 2805 1893 2861 Dicit
1948 2823 2053 2861 au-

405 2890 525 2941 tem
577 2890 632 2941 et
687 2887 978 2959 sapientia
1030 2890 1362 2947 Salomonis
1415 2893 1472 2948 in
1528 2893 1883 2950 Proverbiis:
1935 2898 2054 2951 Lua:

405 2976 630 3031 Domini
646 2979 885 3048 spz'ratio
914 2981 990 3033 est
1023 2979 1332 3047 hominum,
1365 2983 1460 3054 qui
1488 2989 1770 3039 scrutatur
1825 2986 2053 3043 interna

403 3067 606 3120 ventris
628 3066 693 3120 δι.
727 3066 797 3121 Et
829 3067 1207 3124 manifestum
1240 3072 1506 3142 est,quia
1549 3073 1800 3144 Spiritus
1856 3075 2054 3131 omnia

403 3157 722 3224 scrutatur,
751 3157 1254 3226 quemadmodum
1286 3160 1492 3216 scribit
1522 3161 1757 3231 Paulus,
1809 3168 1865 3220 et
1895 3164 2050 3235 quod

404 3268 438 3306 a
468 3251 750 3324 principio
774 3255 1021 3311 formato
1050 3258 1258 3325 Adam,
1294 3259 1351 3314 in
1395 3260 1599 3316 faciem
1630 3262 1759 3332 ejus
1808 3263 2053 3334 spiravit

403 3338 559 3394 Deus
589 3340 870 3411 Spiritum
903 3351 1196 3416 sanctum,
1226 3345 1379 3402 sicut
1410 3347 1600 3405 Moses
1630 3351 1746 3406 ait:
1806 3353 1880 3406 Et
1935 3354 2049 3424 spi-

403 3431 547 3484 ravit
578 3429 718 3485 Deus
751 3433 806 3485 in
837 3434 1045 3501 faciem
1073 3435 1201 3490 Adae
1232 3438 1648 3508 inspirationem
1667 3442 1819 3507 vitae,
1862 3445 1913 3496 et
1969 3443 2052 3512 [a-

401 3520 517 3570 ctus
546 3521 621 3572 est
645 3517 806 3575 homo
839 3523 898 3576 in
925 3526 1170 3578 animam
1201 3527 1470 3582 viventem
1489 3528 1556 3581 ⁵².
1589 3528 1784 3601 Neque
1815 3531 1870 3585 id
1897 3531 2051 3602 quod

403 3613 695 3686 spiratum
725 3623 817 3674 est
844 3637 878 3675 a
913 3621 1514 3696 Domino,animaest,
1537 3627 1860 3683 secundum
1885 3629 2055 3684 tabu-

402 3703 619 3760 latores
655 3707 892 3764 Judaaos
918 3727 930 3776 ;
956 3709 1215 3782 alioquin
1247 3715 1541 3784 quomodo
1573 3715 1863 3788 hoe,quod
1917 3735 1951 3772 a
1992 3734 2054 3773 se

402 3793 690 3864 spiratum
715 3804 829 3867 est,
863 3805 1013 3856 Ueus
1063 3803 1186 3871 igni
1237 3810 1451 3859 esterno
1505 3806 1904 3861 condemnat?
1951 3807 2052 3862 sed

403 3882 702 3941 viviﬁcans
733 3887 991 3959 Spiritus
1010 3897 1120 3957 est,
1154 3891 1226 3946 de
1257 3909 1368 3962 quo
1400 3899 1457 3948 et
1491 3894 1705 3950 Paulus
1726 3896 1841 3952 ait:
1878 3896 2055 3968 Spiri-

399 3980 488 4026 tus
519 3989 642 4028 vero
664 3977 906 4046 viviﬁcat
927 3978 991 4032 ⁸³.
1027 3982 1124 4034 Et:
1160 3980 1408 4050 Spiravit
1439 3983 1584 4038 Deus
1618 3985 1675 4038 in
1706 3986 1911 4054 faciem
1939 3986 2053 4056 ejus

401 4071 761 4139 spirationem
791 4075 938 4143 vitae,
977 4084 1027 4131 et
1047 4081 1225 4146 factus
1253 4085 1331 4133 est
1361 4079 1518 4135 homo
1568 4084 1624 4136 in
1679 4085 1925 4138 animam
1981 4083 2057 4138 vi-

401 4166 635 4214 ventem.
671 4159 872 4232 Itaque
904 4163 1156 4234 Spiritus
1185 4173 1423 4222 sanctus
1453 4175 1544 4224 est
1571 4171 1812 4242 spiritus
1841 4172 1987 4238 vitae,
2023 4189 2057 4228 a

401 4262 517 4317 quo
562 4248 897 4306 excidentes
944 4253 1235 4321 nonnulli,
1299 4256 1557 4313 viventes
1609 4260 1823 4314 mortui
1891 4264 2054 4329 sunt,

399 4342 553 4398 sicut
581 4345 801 4400 Paulus
825 4348 1057 4403 scribit:
1085 4350 1225 4405 Nam
1255 4367 1381 4422 quae
1421 4355 1478 4407 in
1531 4354 1744 4411 deliciis
1785 4359 1921 4424 agit,
1970 4360 2053 4413 vi-

399 4447 535 4486 vens
565 4437 781 4488 mortus
810 4444 888 4490 est
909 4437 971 4490 “.
998 4437 1268 4509 Alioquin
1302 4444 1594 4511 quomodo
1617 4446 1947 4502 audiendus
1967 4450 2057 4502 est

403 4527 703 4599 Salomon,
745 4531 979 4588 dicens:
1028 4537 1144 4590 Lua:
1202 4538 1425 4595 Domini
1477 4545 1714 4613 spiratio
1771 4552 1849 4600 est
1884 4545 2056 4602 homi-

402 4633 559 4687 num,
591 4621 688 4690 qui
714 4625 996 4677 scrutatur
1025 4627 1245 4681 interna
1274 4632 1500 4697 ventris,
1534 4633 1582 4686 si
1609 4633 1839 4689 animas
1865 4633 2054 4689 homi-

2175 731 2456 804 temporis
2487 733 2752 789 obtinent
2781 733 3096 805 prudentes
3128 750 3241 788 non
3276 733 3586 789 stultitiam
3619 737 3674 788 et
3693 749 3804 788 eru-

2174 821 2454 877 bescent?
2487 823 2891 895 Imprudentes
2923 827 3115 878 autem
3151 822 3516 877 contumeliae
3539 839 3670 878 cum
3701 823 3806 878 sint

2174 911 2392 980 cupidi,
2427 911 2589 984 impii
2622 913 2805 968 eli‘ecti
2839 912 2969 967 odio
3000 912 3332 968 habuerunt
3362 928 3623 981 sensum,
3650 919 3697 966 et
3719 912 3804 966 ob-

2175 1000 2327 1054 noxii
2352 1000 2482 1055 facti
2515 1006 2652 1056 sunt
2685 1001 3201 1074 increpationibus.
3224 1006 3364 1056 Ecce
3395 1002 3680 1074 proferam
3710 1017 3801 1056 vo-

2173 1088 2262 1144 bis
2313 1106 2451 1144 mea:
2500 1091 2875 1162 aspirationis
2924 1091 3367 1162 professionem,
3447 1091 3664 1145 docebo
3716 1106 3807 1144 vos

2174 1194 2369 1232 meum
2403 1195 2732 1234 sermonem
2757 1180 2820 1234 ⁸⁷.
2849 1202 2874 1227 ››
2896 1181 2961 1234 Et
2983 1179 3161 1235 Isaias
3183 1179 3437 1250 Spiritus
3469 1179 3651 1233 sancti
3686 1194 3805 1250 pro-

2175 1267 2511 1322 missionem
2538 1268 2864 1339 prcedicans
2895 1267 2976 1322 sic
2995 1269 3102 1323 ait:
3131 1267 3333 1322 «Dixit
3367 1267 3665 1334 Dominus,
3711 1266 3803 1338 qui

2173 1355 2383 1411 coelum
2418 1357 2548 1411 fecit
2580 1362 2634 1411 et
2665 1357 2848 1411 afﬁxit
2879 1355 3044 1425 illud,
3078 1357 3175 1428 qui
3198 1356 3468 1412 solidavit
3497 1362 3724 1422 terram,
3757 1360 3807 1411 et

2174 1460 2299 1514 qua:
2335 1445 2391 1500 in
2424 1461 2492 1500 ea
2523 1448 2700 1514 sunt;
2729 1445 2829 1517 qui
2862 1445 2960 1500 dat
2991 1445 3372 1514 spirationem
3417 1445 3656 1516 populo,
3711 1445 3805 1516 qui

2170 1539 2261 1589 est
2288 1550 2465 1606 super
2487 1539 2700 1601 eam,et
2731 1534 3003 1606 spiritum
3039 1533 3404 1590 calcantibus
3435 1551 3560 1589 eam
3584 1534 3647 1589 ⁸³.
3674 1557 3698 1582 ››
3723 1533 3808 1588 Di-

2172 1623 2284 1677 cite
2342 1623 2440 1694 qui
2499 1637 2582 1679 est
2645 1624 2900 1696 populus
2945 1622 3044 1694 qui
3102 1622 3325 1694 accepit
3383 1623 3809 1693 spirationem?

2173 1710 2467 1783 Numquid
2492 1717 2548 1768 et
2568 1712 2663 1766 hic
2693 1711 3072 1784 spirationem
3105 1712 3364 1766 animam
3413 1727 3541 1766 esse
3571 1711 3805 1766 dicitis?

2172 1803 2287 1856 Aut
2317 1801 2534 1857 dabitis
2550 1801 2678 1857 sine
2701 1802 2899 1856 anima
2918 1801 3392 1874 populumsuper
3412 1805 3625 1855 terram
3642 1817 3805 1856 cons-

2172 1888 2412 1946 titisse?
2441 1891 2552 1945 Sed
2585 1908 2699 1946 non
2722 1895 2834 1956 est,
2867 1890 3287 1963 professionem
3303 1889 3810 1962 namqueSpiritus

2175 1980 2363 2035 sancti
2397 1980 2718 2052 prmdicans
2751 1980 3037 2053 propheta
3067 1981 3188 2035 haec
3215 1979 3314 2035 ait.
3349 1979 3611 2050 Denique
3658 1995 3809 2034 com-

2173 2069 2389 2141 pletam
2426 2069 2849 2141 professionem
2883 2084 3062 2141 super
3091 2068 3312 2136 ﬁdeles,
3348 2068 3446 2140 qui
3473 2066 3807 2124 fuerantillo

2168 2163 2451 2231 tempore,
2485 2159 2722 2231 scripsit
2755 2158 2976 2214 Lucas:
3019 2180 3047 2208 «
3069 2162 3135 2212 Et
3191 2174 3320 2213 cum
3383 2156 3810 2228 complerentur

2167 2247 2292 2303 dies
2315 2247 2843 2320 quinquagesimae,
2864 2252 3030 2302 erant
3062 2245 3569 2318 pariteromnesin
3604 2263 3804 2300 unum.

2166 2340 2233 2392 Et
2262 2337 2449 2392 factus
2479 2342 2568 2392 est
2599 2337 2793 2393 subito
2817 2353 2995 2392 sonus
3026 2337 3096 2391 de
3123 2335 3289 2403 cmlo,
3319 2339 3601 2407 tanquam
3633 2335 3808 2405 Spiri-

2163 2430 2260 2482 tus
2291 2426 2603 2481 vehemens
2636 2427 2902 2492 ferretur,
2927 2424 3179 2496 implens
3216 2428 3399 2480 totam
3431 2425 3673 2478 domum
3712 2422 3806 2478 ubi

2163 2520 2331 2572 erant
2397 2515 2685 2571 sedentes.
2754 2518 2825 2569 Et
2887 2515 3022 2570 visae
3091 2519 3228 2569 sunt
3299 2513 3384 2569 eis
3441 2514 3641 2568 divisa
3705 2512 3809 2566 Iin-

2162 2620 2288 2677 guae
2318 2608 2601 2676 tanquam
2633 2603 2809 2675 ignis,
2850 2607 2906 2659 et
2935 2604 3087 2659 sedit
3119 2619 3296 2675 super
3330 2615 3808 2673 unumquemque

2163 2709 2386 2763 eorum,
2419 2700 2472 2749 et
2498 2692 2973 2766 cmperuntloqui
3003 2692 3179 2747 variis
3209 2691 3449 2764 linguis,
3485 2695 3655 2763 prout
3684 2688 3809 2762 Spi-

2163 2785 2313 2839 ritus
2336 2787 2579 2838 sanctus
2607 2783 2783 2838 dabat
2813 2781 3006 2854 eloqui
3041 2781 3158 2836 illis
3179 2783 3241 2834 ⁵⁰.
3272 2804 3292 2828 ι

2238 2870 2323 2924 19.
2358 2869 2550 2927 Simili
2583 2871 2756 2925 modo
2776 2870 3139 2942 magnusille
3155 2870 3266 2925 Job
3283 2869 3565 2924 adversus
3586 2868 3804 2923 amicos

2161 2977 2477 3025 suos,cum
2511 2964 2709 3015 essent
2735 2959 2955 3032 Spiritu
3000 2964 3201 3014 sancto
3259 2958 3487 3030 privati,
3549 2962 3607 3012 et
3665 2955 3806 3011 nihil

2158 3065 2361 3105 verum
2395 3050 2678 3116 dicerent,
2711 3065 2901 3121 neque
2931 3049 3313 3121 opinarentur
3352 3063 3412 3102 se
3448 3051 3583 3102 ante
3626 3046 3808 3102 Deum

2161 3139 2343 3210 loqui,
2390 3139 2617 3194 aiebat:
2681 3139 2870 3194 Nonne
2911 3142 3038 3194 ante
3067 3139 3232 3194 Deum
3283 3135 3575 3208 loquimini
3601 3135 3702 3189 ‘°?
3745 3139 3811 3190 Et

2161 3244 2396 3283 rursum
2425 3245 2436 3281 :
2474 3228 2583 3284 Cui
2611 3228 2986 3282 anauntiastis
3015 3229 3218 3281 verba?
3247 3225 3485 3297 Spiratio
3517 3241 3640 3281 vero
3656 3226 3811 3296 cujus

2160 3322 2262 3386 est,
2283 3331 2407 3387 quae
2432 3315 2676 3387 procedit
2704 3333 2736 3370 a
2765 3318 2816 3369 te
2836 3316 2878 3350 ⁶¹
2913 3314 2942 3368 ?
2974 3317 3054 3369 Ex
3111 3313 3328 3386 quibus
3388 3330 3542 3368 unus
3598 3328 3813 3384 magna

2081 3384 2124 3452 (ἶ
2161 3384 2409 3477 loquens
2432 3384 2703 3460 dicebat:
2739 3405 2980 3476 Spiritus
2999 3407 3095 3471 est,
3129 3384 3234 3475 qui
3262 3403 3587 3458 mortalibus
3635 3404 3815 3456 inter-

2161 3496 2326 3560 cedit,
2353 3495 2591 3566 spiratio
2620 3511 2744 3550 vero
2774 3495 3188 3566 omnipotentiae
3216 3497 3446 3564 est,qu.'e
3467 3508 3554 3547 me
3582 3492 3730 3548 docet
3747 3493 3813 3546 ⁵³.

2163 3585 2548 3657 Omnipotens
2579 3589 2772 3639 autem
2833 3583 3012 3638 Filius
3071 3582 3193 3651 Dei,
3239 3585 3308 3637 de
3352 3598 3468 3653 quo
3505 3581 3818 3636 Zacharias

2163 3675 2276 3730 ait:
2322 3675 2613 3745 Pr0pterea
2641 3675 2722 3728 sic
2775 3675 2907 3728 dicit
2958 3674 3218 3727 Dominus
3263 3673 3622 3743 omnipotens.
3690 3676 3820 3726 Post

2163 3764 2401 3833 gloriam
2431 3764 2582 3817 misit
2616 3778 2701 3818 me
2745 3778 2911 3834 super
2956 3766 3142 3830 gentes
3166 3761 3230 3814 ⁸³.
3267 3761 3453 3832 Igitur
3507 3759 3819 3816 Salomone

2163 3853 2391 3908 dicente
2418 3868 2429 3905 :
2467 3853 2585 3906 Lux
2614 3853 2840 3907 Domini
2868 3853 3103 3923 spiratio
3133 3857 3210 3906 est
3241 3851 3528 3905 hominum
3554 3850 3636 3916 “;
3685 3855 3745 3905 et
3785 3866 3819 3904 a

2166 3941 2323 3996 Mose
2355 3940 2661 3995 instructi:
2714 3941 2954 4012 Spiravit
3005 3940 3268 3996 Dominus
3327 3940 3384 3992 in
3433 3938 3630 4009 faciem
3691 3939 3819 3993 Adae

2165 4031 2522 4103 spirationem
2564 4032 2713 4099 vitm,
2764 4035 2814 4085 ct
2842 4032 3026 4101 factus
3072 4037 3152 4084 est
3203 4031 3262 4083 in
3319 4029 3571 4083 animam
3628 4029 3816 4083 viven-

2162 4125 2276 4174 tem
2296 4121 2376 4186 ‘5;
2425 4118 2730 4174 audientes
2767 4135 2901 4174 vero
2959 4122 3016 4173 et
3055 4116 3411 4172 Salvatorem
3472 4117 3767 4171 dicentem
3805 4133 3818 4170 :

2163 4209 2269 4280 Ego
2298 4225 2421 4263 sum
2440 4210 2564 4263 vita
2583 4209 2667 4276 ⁶⁶;
2701 4212 2758 4263 et
2789 4206 3036 4262 Paulum
3069 4207 3423 4262 scribentem
3462 4224 3474 4260 :
3511 4207 3620 4261 Lex
3663 4207 3824 4261 enim

2162 4298 2394 4370 spiritus
2423 4297 2652 4364 vitm";
2712 4301 2768 4352 et
2817 4311 3092 4351 rursum:
3146 4295 3290 4350 Misit
3346 4296 3487 4350 Deus
3546 4295 3826 4366 Spiritum

2165 4387 2302 4442 Filii
2320 4387 2410 4441 sui
2439 4389 2495 4442 in
2530 4386 2688 4442 corda
2732 4394 2920 4442 nostra
2939 4386 3020 4453 63;
3071 4384 3333 4440 videntes
3383 4388 3579 4440 autem
3632 4384 3820 4439 etiam

2165 4475 2547 4548 Unigenitum
2579 4476 2976 4530 insulﬂantem
3011 4473 3069 4530 in
3095 4473 3300 4530 faciem
3327 4473 3732 4546 apostolorum
3767 4478 3828 4528 et

2165 4566 2489 4620 dicentem:
2524 4565 2762 4636 Accipite
2817 4564 3086 4633 Spiritum
3143 4570 3395 4618 sanctum
3415 4563 3479 4629 θ’,
3542 4562 3828 4634 spiratio-

2169 4671 2302 4709 nem
2329 4653 2456 4708 Filii
2492 4653 2547 4708 in
2595 4653 2828 4725 propria
2875 4653 2996 4707 vita
3042 4656 3098 4706 et
3150 4650 3484 4706 substantia
3543 4659 3830 4706 manente

404 4706 780 4819 EFEJU'T‘?"
817 4711 912 4819 De:
944 4729 1076 4819 “'3‘:
1105 4715 1766 4819 ἀίίξξξίειξηξείθδρίιςίίυξη
1783 4728 2051 4819 “nullm
2087 4754 2128 4819 D
2162 4743 2445 4815 Spiritum
2476 4706 2612 4797 esse.
2637 4706 2970 4811 do‘ceamur,
3004 4746 3061 4796 et
3090 4757 3279 4812 neque
3311 4741 3578 4812 genitum
3622 4757 3829 4812 neque

403 4795 596 4852 lumen
640 4797 737 4853 Dei
762 4802 1014 4856 confessi
1051 4803 1324 4860 fueritis?
1369 4808 1473 4862 Sed
1526 4810 1908 4881 spirationem
1959 4811 2047 4866 lu-

402 4903 534 4942 men
568 4888 669 4944 Dei
701 4907 828 4947 esse
857 4893 1129 4962 credatis,
1166 4896 1394 4954 dicente
1427 4902 1616 4956 Mose:
1645 4904 1892 4972 Spiravit
1911 4905 2050 4959 Deus

402 4985 460 5038 in
486 4988 685 5055 [aciem
710 4988 835 5043 Adae
863 4991 1214 5062 spiraculum
1243 4996 1387 5050 vitae.
1421 4997 1489 5051 Et
1520 4997 1700 5054 Filius
1739 5000 1838 5056 Dei
1865 5018 1878 5057 :
1940 5003 2051 5068 Ego

399 5089 523 5128 sum
551 5076 664 5130 vita
685 5076 748 5131 ⁵⁸.
801 5079 909 5134 Sed
953 5085 1010 5133 et
1066 5081 1353 5153 sapientia
1407 5085 1735 5144 Salomonis
1782 5091 2054 5145 introdu-

402 5167 624 5220 centem
659 5166 1016 5224 Salvatorem
1048 5170 1226 5226 dicit:
1263 5173 1392 5229 Ecce
1417 5181 1696 5246 proferam
1725 5181 1872 5234 vobis
1922 5195 2053 5234 mea

400 5253 763 5324 aspirationis
786 5260 1181 5329 professionem
1201 5262 1275 5315 “z
1313 5263 1397 5317 sic
1429 5265 1586 5319 enim
1635 5266 1690 5321 in
1724 5267 2054 5324 Proverbiis

402 5350 519 5406 ait:
547 5374 568 5400 ι
587 5352 890 5425 Sapientia
917 5356 974 5410 in
1009 5359 1163 5413 exitu
1179 5361 1508 5429 canetur,in
1534 5362 2051 5434 plateisverotidu-

400 5439 628 5497 cialiter
647 5443 804 5516 agit:
841 5445 899 5500 in
933 5447 1118 5519 portis
1161 5452 1353 5504 autem
1408 5451 1733 5522 potentium
1787 5454 2049 5512 assistit:

2159 4835 2421 4888 creatum
2453 4846 2582 4887 esse
2613 4847 2646 4887 a
2678 4831 2821 4886 Filio
2853 4831 3174 4902 sapiamus,
3209 4846 3581 4902 nequaquam
3615 4830 3832 4902 unige-

2162 4921 2355 4976 nitum
2389 4919 2601 4976 Filium
2637 4921 2946 4976 credamus
2993 4935 3123 4975 esse
3180 4919 3488 4992 Spiritum,
3541 4923 3600 4974 et
3660 4921 3827 4991 quod

2164 5010 2441 5065 Dominus
2473 5010 2550 5064 sit
2582 5010 2833 5064 Verbum
2880 5008 3030 5079 Filii,
3088 5009 3350 5081 genitum
3413 5025 3547 5064 vero
3605 5026 3643 5063 a
3705 5009 3830 5064 Deo

2160 5099 2416 5154 Verbum
2441 5115 2614 5154 suum
2648 5099 2704 5154 in
2739 5098 2975 5171 propria
3003 5098 3122 5154 vita
3151 5103 3209 5152 et
3238 5098 3568 5153 substantia
3583 5115 3828 5170 pet-ma-

2164 5203 2327 5253 nens,
2355 5204 2488 5243 cum
2522 5188 2598 5244 sit
2627 5188 2743 5243 vita
2775 5186 2958 5243 Filius
2992 5187 3109 5242 Dei.
3163 5186 3471 5259 Propterea
3519 5203 3655 5243 vero
3702 5204 3830 5242 non

2163 5282 2251 5332 est
2278 5277 2514 5350 genitus
2546 5278 2618 5332 ab
2651 5293 2717 5333 eo
2749 5275 3026 5349 Spiritus,
3061 5275 3199 5348 quia
3231 5292 3341 5330 non
3407 5281 3498 5331 est
3553 5275 3834 5330 Verbum

2161 5368 2312 5438 eius.
2344 5367 2616 5423 Creatum
2640 5383 2773 5422 vero
2806 5367 3001 5421 dicere
3021 5365 3498 5437 Spiritum,absit
3530 5365 3542 5418 !
3577 5367 3837 5420 Verum-

2164 5461 2345 5513 tatem
2382 5456 2763 5529 spirationem
2797 5455 2920 5510 Filii
2954 5455 3054 5510 Dei
3075 5471 3208 5510 cum
3264 5471 3333 5510 ex
3383 5453 3603 5511 sanctis
3661 5453 3837 5509 Scri-

469 5565 514 5600 “
539 5569 780 5648 Psa.ﬁxv,
813 5569 927 5623 6-7.
1002 5572 1063 5648 fi
1083 5571 1238 5648 Psal.
1266 5588 1392 5642 cxv,
1423 5575 1508 5630 10.
1589 5577 1632 5612 ⁴⁷
1666 5577 1815 5634 Psal.
1860 5596 2028 5648 xxxx,

2248 5581 2291 5615 ⁴⁸
2350 5580 2460 5635 Isa.
2512 5598 2564 5646 x,
2601 5579 2686 5635 17.
2766 5581 2810 5616 ⁴⁹
2870 5580 3035 5634 Deut.
3089 5595 3164 5647 1v,
3215 5579 3304 5633 24.
3384 5579 3429 5613 ⁵ο
3487 5578 3656 5633 Rom.
3725 5595 3834 5643 xv,

566 5638 838 5713 “muProv.
871 5659 963 5708 xx,
995 5644 1082 5698 27.
1197 5645 1242 5679 ⁸³
1272 5635 1412 5702 Gen.
1448 5663 1508 5713 ιι,
1539 5648 1594 5704 7.

397 5707 429 5740 ε)

395 5779 448 5832 4.
525 5780 569 5813 ⁸³
592 5781 764 5837 Zach.
797 5801 858 5853 ιι,
881 5787 934 5840 8.

395 5850 449 5906 6.
526 5851 572 5885 ⁸⁸
591 5851 758 5909 Joan.
789 5858 988 5928 3,22.

403 5649 486 5690 10.
600 5649 640 5674 δι
676 5649 838 5695 Prov.
871 5659 963 5708 xx,
995 5649 1082 5698 27.
1197 5649 1242 5679 ⁸³
1272 5649 1412 5702 Gen.
1448 5663 1508 5713 ιι,
1539 5649 1594 5704 7.
1743 5649 1789 5684 ⁵³
1821 5652 1866 5706 II
1899 5651 2027 5708 Cor.

397 5707 486 5792 23.
526 5709 778 5792 M‘Libid.
811 5715 1049 5792 20:23.__
1081 5716 1122 5750 ⁵⁸
1155 5721 1267 5773 Isa.
1302 5735 1522 5792 χιλίην.
1601 5722 1645 5755 ⁸9
1687 5723 1808 5778 Act.
1863 5740 1925 5778 ιι.
1980 5723 2056 5779 4οέ

2171 5653 2225 5706 6.
2339 5652 2382 5685 ⁵⁸
2415 5651 2435 5706 I
2466 5652 2616 5708 Tim.
2648 5669 2668 5706 ς

2173 5724 2218 5759 ⁶⁰
2272 5723 2382 5778 Job
2432 5740 2557 5792 xm,
2615 5726 2668 5778 7.

437 5819 448 5832 .
592 5781 764 5868 Lach.
797 5801 858 5853 ιι,
881 5787 968 5868 ξξή
1011 5788 1056 5821 ⁸⁸
1086 5791 1252 5846 Prov.
1301 5807 1392 5856 xx,
1427 5780 1533 5846 '27.
1611 5793 1655 5828 ⁸⁵
1707 5795 1826 5849 Gen
1885 5812 1945 5866 ιι,
1978 5796 2032 5851 7.

2213 5795 2384 5854 Joan.
2451 5780 2565 5868 xxv,
2625 5797 2680 5852 6.

2339 5652 2382 5685 ⁵⁸
2415 5651 2435 5706 I
2466 5652 2616 5708 Tim.
2648 5669 2704 5720 v,
2734 5653 2788 5706 6.
2902 5651 2945 5684 “
2975 5651 3139 5706 Joan.
3172 5668 3286 5718 xw,
3327 5652 3380 5704 6.
3495 5651 3538 5685 ⁵⁵
3569 5649 3752 5705 Prov.
3792 5668 3834 5717 ι,

2745 5725 2789 5760 ⁶¹
2850 5723 2962 5779 Job
3011 5738 3160 5787 xxv1,
3210 5725 3264 5777 4.
3340 5723 3385 5756 ⁶²
3443 5721 3552 5777 Job
3604 5739 3833 5790 χχχιιι,

2772 5796 2815 5830 ⁵⁷
2865 5798 3029 5852 Rom.
3080 5810 3203 5865 VIII,
3254 5797 3306 5849 2.
3381 5795 3426 5830 ⁸⁸
3477 5791 3670 5851 Galat.
3746 5811 3832 5850 ιν.
