4048 6406
1329 42 1768 54 ..η-ε-..μ--κ-..ς-ηι--τ-
1777 40 1836 44 --ν-

260 451 409 512 1217

1234 446 1334 506 DE
1377 443 1803 508 TRINITATE
1847 444 1944 505 ΕΤ
1987 445 2298 508 SPIRI'I‘U
2343 447 2666 506 SANCTO.

3510 448 3664 507 1218

255 583 422 656 piens
453 583 724 655 spiritum
753 582 906 649 vitae,
938 585 996 636 et
1025 581 1216 637 factus
1235 585 1326 636 est
1344 580 1519 638 homo
1551 581 1611 636 in
1644 578 1903 635 animam
1933 580 1988 646 Α
2018 595 2148 650 quae
2178 596 2415 636 necesse
2445 584 2626 650 est,ut
2652 579 2996 636 abstineatis
3016 597 3117 636 vos
3140 581 3210 637 ab
3242 580 3666 656 idolothytis,et

258 674 564 741 viventem,
594 678 652 728 et
672 671 896 728 habens
928 671 1215 743 Spiritum
1247 676 1543 742 sanctum,
1577 667 1904 742 spiritualis

257 767 398 831 erat,
432 763 576 819 adeo
598 767 664 817 ut
692 766 749 817 et
778 761 1172 833 prophetaret,
1207 761 1362 832 quod
1393 760 1574 831 hujus
1606 759 1687 815 rei
1719 757 1910 830 gratia

258 851 681 922 derelinqueret
711 851 886 907 homo
904 853 1126 921 patrem
1153 867 1328 906 suum
1360 855 1416 905 et
1446 854 1693 905 matrem
1717 863 1905 917 suam,

257 947 314 998 et
341 941 662 997 adhaereret
693 940 858 996 uxori
891 944 1304 1007 sua,etessent
1333 940 1450 994 duo
1483 940 1542 994 in
1567 953 1739 993 carne
1759 953 1905 992 una:

258 1047 481 1088 necnon
511 1029 753 1086 ctillam
804 1045 932 1100 quae
980 1035 1221 1101 sumpta
1275 1033 1364 1084 est
1394 1030 1465 1084 de
1507 1045 1568 1084 se
1601 1027 1907 1082 mulierem

256 1124 484 1176 vocaret
510 1120 709 1190 Evam,
742 1116 1081 1189 prophetica
1127 1118 1327 1173 dicens
1350 1116 1400 1172 ei
1436 1135 1448 1173 :
1479 1119 1598 1172 Haec
1628 1124 1706 1172 est
1736 1123 1912 1170 mater

256 1211 506 1265 omnium
523 1211 828 1264 viventium
857 1208 922 1262 ⁸⁸.
951 1206 1138 1263 Simili
1169 1206 1342 1262 modo
1374 1211 1432 1261 et
1461 1221 1667 1262 omnes
1698 1203 1907 1272 sancti,

259 1299 314 1353 in
348 1298 582 1354 nomine
613 1296 825 1364 Patris,
858 1300 914 1352 et
946 1295 1100 1366 Filii,
1151 1301 1208 1350 et
1265 1295 1516 1366 Spiritus
1549 1293 1755 1362 sancti,
1806 1308 1910 1365 per

261 1388 693 1459 impositionem
712 1403 992 1441 manuum
1012 1384 1334 1441 sacerdotis
1347 1384 1447 1439 Dei
1467 1383 1756 1454 Spiritum
1780 1399 1910 1437 san-

261 1482 417 1532 ctum
446 1475 766 1544 consecuti,
801 1475 871 1530 ad
904 1473 1216 1546 antiquum
1252 1472 1666 1542 restituuntur,
1701 1471 1759 1524 in
1792 1486 1908 1541 quo

259 1569 426 1622 erant
456 1569 589 1620 ante
618 1563 1155 1636 praevaricationem
1184 1563 1390 1618 Adam.
1453 1563 1522 1617 Et
1552 1561 1659 1617 hoc
1687 1560 1908 1632 Spiritu

259 1652 446 1725 legem
476 1653 653 1708 dante
683 1652 743 1708 in
775 1652 1051 1708 Ecclesiis
1084 1652 1368 1723 gentium,
1404 1667 1512 1706 nos
1560 1666 1749 1720 neque
1777 1665 1907 1704 car-

263 1758 394 1798 nem
427 1740 929 1810 circumcidimus,
958 1757 1143 1813 neque
1169 1739 1484 1796 carnaliter
1504 1739 1692 1811 legem
1724 1739 1910 1810 Moysi

261 1829 649 1887 custodimus.
673 1830 822 1885 Nam
845 1847 978 1886 cum
1011 1830 1251 1898 Paulus,
1285 1833 1344 1885 et
1371 1829 1470 1902 qui
1497 1845 1630 1884 cum
1661 1845 1727 1883 eo
1761 1843 1904 1899 prae-

261 1920 537 1977 dicabant
565 1921 840 1991 gentibus
869 1919 1130 1974 Verbum
1186 1918 1440 1987 Domini,
1470 1922 1526 1972 et
1581 1917 1680 1989 qui
1705 1916 1907 1972 ﬁdeles

261 2011 493 2066 fuerant
549 2009 620 2064 de
679 2008 1125 2064 circumcisione
1177 2007 1474 2063 dicentes:
1508 2008 1656 2073 Quia
1685 2011 1911 2077 oportet

262 2098 681 2155 circumcidere
713 2114 832 2166 eos,
858 2103 914 2152 et
944 2097 1258 2170 praecipere
1287 2097 1372 2152 eis
1395 2095 1688 2152 custodire
1719 2094 1905 2167 legem

263 2188 464 2260 Moysi,
490 2188 676 2259 jussit
703 2187 958 2260 Spiritus
1015 2191 1255 2242 sanctus
1306 2203 1422 2241 non
1453 2184 1794 2242 circumcidi
1843 2200 1910 2240 ex

265 2278 540 2350 gentibus
573 2277 903 2344 credentes,
936 2292 1126 2346 neque
1149 2274 1461 2331 carnaliter
1510 2273 1688 2329 ritum
1719 2273 1910 2344 sequi,

266 2382 440 2438 quem
471 2371 695 2438 Moyses
724 2366 944 2422 Judzsis
977 2364 1256 2421 tradidit:
1280 2363 1646 2436 scripserunt
1665 2361 1912 2434 apostoli

263 2455 335 2510 iis
367 2455 547 2526 quiex
576 2455 850 2528 gentibus
873 2454 1220 2523 erant,hiec:
1254 2475 1282 2502 ‹‹
1309 2451 1571 2524 Apostoli
1590 2457 1647 2507 et
1669 2452 1912 2524 presby-

262 2544 370 2599 teri
397 2545 627 2610 fratres,
659 2543 736 2600 iis
793 2545 893 2615 qui
923 2542 1268 2608 Antiochiae,
1299 2546 1358 2596 et
1389 2541 1586 2614 Syriae,
1610 2545 1666 2596 et
1703 2540 1912 2595 Ciliciae

263 2633 568 2699 fratribus,
601 2633 702 2704 qui
725 2638 866 2688 sunt
895 2650 964 2688 ex
993 2632 1287 2704 gentibus,
1314 2630 1588 2687 salutem.
1623 2629 1913 2697 Quoniam

263 2721 616 2788 audivimus,
649 2724 800 2793 quod
824 2739 892 2777 ex
924 2720 1095 2777 nobis
1123 2721 1364 2793 quidam
1395 2720 1780 2776 turbaverunt
1809 2735 1914 2774 vos

261 2812 455 2868 verbis
485 2828 743 2884 quaenon
772 2811 1189 2867 constituimus
1213 2827 1225 2866 :
1251 2810 1446 2865 visum
1465 2814 1550 2866 est
1576 2809 1746 2864 nobis
1776 2824 1915 2863 con-

262 2902 516 2973 gregatis
539 2901 598 2956 in
627 2901 887 2973 idipsum
912 2900 1140 2956 mittere
1173 2900 1245 2956 ad
1260 2916 1360 2955 vos
1381 2916 1517 2955 cum
1547 2897 1916 2955 charissimis

265 2990 483 3047 nostris
515 2991 696 3047 Paulo
751 2995 809 3046 et
835 2991 1127 3056 Barnaba,
1161 2989 1504 3046 hominibus
1535 2991 1636 3062 qui
1668 2989 1919 3044 tradide-

266 3086 401 3137 runt
430 3079 660 3136 animas
688 3097 825 3136 suas
855 3097 959 3152 pro
992 3079 1228 3135 nomine
1283 3079 1514 3135 Domini
1566 3077 1750 3136 nostri
1777 3079 1915 3134 .Iesu

261 3170 496 3238 Christi,
529 3169 744 3225 Judam
771 3173 828 3225 et
855 3168 1292 3241 Silam,etipsos
1307 3185 1408 3241 per
1437 3169 1678 3224 verbum
1694 3183 1919 3223 annun-

264 3258 479 3314 tiantes
537 3259 759 3313 eadem.
795 3257 1004 3314 Visum
1051 3262 1144 3313 est
1174 3257 1330 3313 enim
1357 3257 1602 3329 Spiritui
1625 3261 1829 3313 sancto
1860 3259 1920 3311 et

2017 669 2305 742 sanguine
2335 668 2640 739 suﬂ'ocato,
2667 685 2700 723 a
2729 668 2944 740 quibus
2975 669 3370 728 custodientes
3395 688 3498 728 vos
3519 672 3664 727 bene

2018 757 2428 830 agetis.Valete
2455 759 2519 814 ⁵⁸.
2549 783 2570 808 υ
2597 759 2666 814 Et
2690 774 2824 814 cum
2847 757 3101 830 Spiritus
3133 764 3376 817 sanctus
3399 760 3666 833 promul-

2018 852 2233 920 gasset,
2256 865 2460 904 omnes
2485 847 2752 904 Ecclesia
2783 847 2998 904 Christi
3013 849 3354 904 custodiunt
3383 850 3668 922 haec,quia

2019 937 2242 993 nemini
2273 955 2341 993 ex
2368 937 2484 1005 his,
2519 953 2644 1008 quae
2677 942 2873 992 creata
2902 945 3062 1007 sunt,
3094 935 3281 1010 legem
3329 938 3454 993 orbi
3489 947 3667 994 terra-

2018 1042 2150 1081 rum
2182 1027 2321 1082 dare
2350 1043 2695 1083 concessum
2727 1031 2836 1082 est.
2868 1026 3070 1097 Itaque
3098 1025 3358 1083 videntes
3381 1027 3668 1100 Spiritum

2017 1120 2287 1171 sanctum
2318 1115 2507 1186 legem
2539 1116 2775 1171 dantem
2796 1132 2910 1170 non
2938 1113 3353 1187 blasphement
3381 1116 3664 1186 dicentes,

2015 1220 2150 1259 eum
2200 1219 2328 1260 esse
2359 1205 2656 1259 creatum:
2704 1205 2984 1275 quoniam
3034 1205 3327 1277 praecipue
3380 1207 3665 1262 Dominus

2016 1297 2217 1348 contra
2246 1309 2346 1348 eos
2377 1293 2478 1363 qui
2510 1291 2925 1364 blasphemant
2952 1293 3012 1347 in
3054 1310 3187 1349 eum
3219 1293 3395 1351 dicit:
3430 1317 3458 1346 ‹‹
3479 1295 3663 1351 Omne

2016 1386 2318 1454 peccatum
2349 1387 2405 1436 et
2436 1381 2803 1454 blasphemia
2834 1383 3160 1438 remittetur
3185 1383 3666 1456 hominibus,qui

2016 1477 2212 1528 autem
2242 1471 2735 1544 blasphemaverit
2765 1472 2824 1526 in
2857 1473 3078 1544 Spiritu
3112 1479 3458 1544 sancto,non
3473 1475 3668 1530 remit-

2016 1565 2174 1616 tetur
2203 1561 2277 1632 ei,
2310 1577 2499 1633 neque
2528 1562 2588 1616 in
2619 1561 2729 1617 hoc
2759 1561 2994 1630 seculo,
3019 1579 3206 1634 neque
3239 1564 3297 1618 in
3322 1563 3517 1620 futuro
3551 1586 3580 1613 »
3601 1565 3666 1620 6⁷.

2015 1653 2143 1706 Νοιι
2175 1655 2375 1707 autem
2405 1650 2546 1708 talia
2575 1651 2646 1707 de
2676 1667 2742 1707 eo
2769 1650 2988 1706 diceret
3009 1651 3370 1722 Dominus,si
3401 1659 3670 1712 creatura

2017 1743 2195 1796 esset.

2093 1827 2308 1884 Deinde
2363 1833 2422 1884 et
2475 1828 2536 1884 in
2597 1829 2744 1884 libro
2791 1833 3126 1902 Regnorum
3184 1832 3506 1898 scribitur:
3546 1855 3575 1885 «
3606 1832 3667 1890 Si

2017 1917 2343 1989 peccaverit
2373 1917 2466 1973 vir
2487 1918 2547 1972 in
2576 1917 2790 1988 virum,
2822 1919 3013 1974 orabit
3041 1936 3145 1991 pro
3176 1936 3243 1977 eo
3273 1924 3584 1991 sacerdos;
3619 1922 3669 1979 si

2016 2005 2224 2062 veroin
2258 2007 2572 2062 Dominum
2595 2007 3076 2079 peccaverit,quis
3101 2010 3289 2065 orabit
3319 2028 3422 2082 pro
3449 2029 3515 2068 eo
3531 2013 3619 2061 ⁸⁸»
3640 2012 3669 2068 ‘I

2018 2096 2088 2151 Et
2125 2096 2218 2152 his
2249 2096 2468 2152 similia
2487 2097 2559 2152 de
2590 2095 2811 2168 Spiritu
2843 2103 3044 2153 sancto
3075 2098 3251 2155 etiam
3277 2099 3566 2156 Dominus
3587 2101 3671 2157 di-

2018 2185 2287 2251 xit,sicut
2316 2184 2590 2256 superius
2606 2185 2983 2257 probavimus
3007 2204 3020 2241 :
3054 2206 3075 2235 ι
3096 2188 3441 2260 Quicunque
3460 2189 3673 2246 dixerit

2021 2275 2264 2330 verbum
2295 2275 2355 2329 in
2370 2273 2581 2329 Filium
2599 2274 3215 2346 hominis,remittetur
3235 2277 3285 2332 ei
3308 2295 3320 2344 ;
3337 2277 3674 2351 quicunque

2022 2364 2082 2418 in
2112 2363 2396 2435 Spiritum
2423 2368 2716 2432 sanctum,
2743 2380 2931 2435 neque
2961 2364 3019 2419 in
3047 2365 3156 2420 hoc
3187 2366 3401 2423 saeculo
3415 2369 3674 2425 remitte-

2023 2457 2122 2509 tur
2136 2453 2407 2524 ei,neque
2429 2453 2721 2509 infuturo.
2756 2475 2784 2503 ››
2805 2455 2959 2509 Hanc
2990 2453 3173 2527 igitur
3188 2457 3674 2527 pertimescentes

2023 2542 2398 2612 sententiam,
2429 2546 2486 2598 et
2513 2541 2821 2598 audientes
2853 2548 3074 2614 quanta
3105 2544 3175 2599 de
3207 2544 3429 2617 Spiritu
3471 2551 3672 2604 sancto

2024 2631 2336 2703 Scriptura:
2366 2631 2636 2698 dixerint,
2671 2624 2870 2702 qualia
2919 2632 2988 2686 de
3017 2632 3185 2688 Patre
3238 2639 3295 2689 et
3335 2634 3500 2708 Filio,
3532 2636 3674 2692 talia

2024 2719 2201 2774 etiam
2233 2719 2305 2774 de
2355 2719 2574 2789 Spiritu
2606 2725 2808 2774 sancto
2847 2721 3170 2792 sapiamus.
3206 2723 3492 2786 Quoniam
3524 2726 3680 2781 sicut

2026 2807 2318 2864 credimus
2348 2808 2409 2863 in
2439 2808 2622 2864 Deum
2649 2809 2963 2875 Patrem,et
2993 2809 3052 2865 in
3071 2810 3282 2867 Filium
3314 2813 3442 2885 ejus
3473 2815 3676 2887 unige-

2025 2898 2240 2967 nitum,
2274 2897 2355 2954 ita
2386 2897 2685 2953 credimus
2715 2902 2774 2952 et
2805 2898 2865 2953 in
2895 2899 3179 2970 Spiritum
3205 2907 3497 2959 sanctum.
3530 2905 3598 2960 Et
3625 2905 3678 2961 si

2027 2988 2304 3060 baptizati
2337 3005 2546 3043 sumus
2577 2987 2636 3043 in
2668 2988 2905 3044 nomine
2960 2990 3171 3061 Patris,
3201 2997 3259 3047 et
3279 2992 3426 3064 Filii,
3458 2997 3516 3048 et
3544 2994 3674 3066 Spi-

2027 3077 2178 3132 ritus
2209 3075 2419 3144 sancti,
2453 3077 2609 3148 quod
2657 3077 2812 3132 sicut
2842 3077 3158 3152 credimus,
3185 3084 3244 3135 et
3272 3080 3543 3153 baptizati
3575 3101 3675 3140 su-

2028 3183 2184 3235 mus,
2208 3166 2290 3221 ita
2317 3166 2639 3222 sentientes
2661 3167 2732 3222 de
2762 3167 3050 3224 Trinitate
3089 3174 3146 3226 et
3196 3170 3498 3230 imitantes
3530 3175 3678 3232 ado-

2027 3256 2314 3312 rationem
2337 3255 2656 3328 seraphim,
2688 3256 2947 3314 haeredes
2991 3260 3155 3332 regni
3212 3261 3492 3320 caelorum
3522 3265 3674 3321 efﬁci

267 3347 456 3418 nobis,
490 3347 636 3402 nihil
657 3346 914 3420 amplius
946 3347 1170 3419 imponi
1200 3345 1364 3403 vobis
1394 3327 1825 3420 oneris,praater
1848 3361 1917 3401 ea
1945 3327 1989 3396 Ο
2028 3344 2374 3416 poterimus.

336 3502 381 3544 6⁸
410 3501 552 3557 Gen.
587 3518 669 3569 ιιι,
700 3502 791 3557 20.
825 3503 870 3538 ⁶⁶
891 3505 1021 3558 Act.
1052 3519 1144 3573 xv,
1174 3501 1367 3556 23-29.
1399 3503 1442 3537 ‘7
1474 3501 1680 3558 Matth.
1705 3519 1806 3571 xu,
1836 3501 1912 3557 31·

2060 3500 2104 3535 ⁸³
2134 3480 2326 3572 Ιᾟοε.
2361 3515 2427 3569 ιι,
2454 3500 2545 3556 25.

269 3723 720 3733 ..ω-...Μ

355 3876 422 3935 ln
454 3876 724 3936 editione
751 3877 985 3935 Veneta
1015 3875 1192 3952 (tomi
1224 3875 1245 3934 I
1280 3881 1457 3953 parte
1488 3893 1552 3946 ιι,
1586 3893 1731 3952 pag.
1765 3875 1904 3945 783,
1941 3869 2063 3932 'ed.
2123 3872 2351 3932 Bened.
2414 3879 2498 3953 ιζ
2518 3873 2588 3947 Il,

2677 3892 2738 3950 p.
2796 3873 2934 3954 981)
3017 3877 3299 3954 sequitur
3351 3879 3680 3941 Athanasii

270 3957 548 4033 Epistula
579 3957 661 4017 ad
677 3955 1120 4037 Marcellinum,
1147 3956 1222 4037 de
1252 3952 1771 4037 interpretatione
1791 3953 2210 4024 Psalmorum,
2245 3960 2378 4037 tum
2435 3952 2756 4032 Expositio
2815 3955 2876 4013 in
2917 3952 3222 4017 'Psalmos.
3273 3961 3446 4028 Haec,
3494 3959 3679 4037 juxta

268 4037 552 4177 grdinem
656 4056 694 4096 a
780 4036 961 4096 nobis
1033 4035 1415 4110 institutum,
1478 4034 1809 4112 exegeticis

291 4119 436 4177 “om

291 4119 436 4179 301T.

1920 4033 2475 4094 annumeravimus
2551 4053 2690 4112 quae
2778 4039 2986 4096 tomus
3058 4037 3139 4097 IlI
3222 4033 3676 4119 complectitur.

279 4311 3638 4333 —"Wmm

1767 4461 2190 4519 ADMONITIO.

353 4583 730 4638 7844011
761 4605 789 4630 «
823 4581 985 4646 Quod
1021 4581 1404 4653 subsequitur
1434 4580 1829 4651 fragmentum
1860 4584 2200 4653 excerptum
2227 4579 2457 4636 videtur
2486 4599 2555 4637 ex
2603 4585 2855 4653 quadam
2891 4583 3136 4640 homilia
3173 4587 3495 4644 Athanasio
3525 4589 3689 4645 attri-

275 4653 421 4728 buta
452 4670 465 4707 :
497 4671 631 4728 nam
656 4672 727 4728 an
759 4654 1066 4728 Athanasii
1082 4669 1224 4728 _vere
1249 4652 1424 4728 fuerit
1448 4653 1506 4728 id
1530 4655 1589 4707 in
1615 4653 2149 4728 incertoyersatur.
2180 4652 2330 4728 Sane
2353 4652 2738 4728 conspicuum
2762 4655 2990 4728 nullum
3019 4659 3250 4728 prafert
3278 4659 3688 4718 Athanasiants

275 4725 562 4782 orationis
592 4727 900 4782 indicium.
926 4725 1124 4782 Prodit
1147 4741 1216 4782 ex
1247 4725 1445 4782 codice
1476 4725 1617 4797 Reg.
1642 4724 1808 4790 2999,
1840 4725 1938 4780 fol.
1961 4725 2087 4793 274,
2116 4724 2210 4779 cui
2236 4724 2390 4780 inest
2419 4725 2636 4782 Catena
2665 4726 2725 4782 in
2758 4727 2939 4799 Epist.
2964 4724 3037 4784 ad
3071 4729 3366 4786 Hebraeos.

356 4905 449 4958 Διὸ
509 4904 727 4979 ἀφέντες
782 4907 872 4961 τὸν
944 4914 1042 4976 τῆς
1106 4908 1286 4983 ἀρχῆς
1361 4909 1458 4962 τοῦ
1533 4904 1766 4980 Χριστοῦ
1836 4903 2005 4993 λό-Ο

280 5015 402 5068 γον.

347 5081 507 5139 Ἀλλ’
548 5082 744 5147 ἄνωθεν
803 5083 968 5138 πάλιν
1023 5081 1229 5158 ἴδωμεν
1276 5085 1359 5147 τίς
1411 5084 1550 5139 ἐστιν
1585 5087 1620 5153 ἡ
1653 5083 1800 5158 ἀρχὴ
1831 5081 1927 5137 τοῦ

2116 4928 2144 4956 ‹‹
2179 4908 2543 4978 Quapropter
2569 4908 3027 4967 intermittentes
3057 4911 3450 4969 inchoationis
3481 4913 3694 4971 Christi

2044 5011 2374 5052 sermonem
2405 4997 2469 5051 ⁸9.
2505 5019 2534 5047 ››

2103 5085 2214 5139 Sed
2237 5100 2298 5139 re
2318 5083 2495 5140 altius
2531 5087 2775 5156 repetita
2805 5105 3042 5144 rursum
3077 5089 3404 5162 videamus,
3457 5109 3585 5165 quae
3617 5092 3696 5148 sit

277 5172 484 5247 λόγου·
540 5171 698 5234 αὐτὸς
765 5172 956 5250 ἐφεξῆς
995 5173 1174 5244 τίθησι
1220 5171 1391 5250 λέγων
1419 5193 1431 5206 ·
1477 5175 1566 5242 Μή
1619 5171 1785 5227 πάλιν
1837 5183 1912 5235 θε-

2037 5173 2336 5229 inchoatio
2367 5176 2658 5230 sermonis
2685 5193 2698 5243 ;
2722 5176 2780 5230 id
2811 5176 2938 5249 ipse
2997 5194 3236 5235 rursum
3295 5187 3498 5252 postea
3529 5199 3698 5255 expo-

280 5261 474 5335 μὲλιον
547 5257 1024 5334 καταϐαλλόμενοι
1109 5263 1429 5334 μετανοίας,
1486 5261 1574 5316 καὶ
1652 5261 1719 5315 τὰ
1785 5261 1929 5332 ἑξῆς.

2041 5263 2146 5330 nit,
2185 5262 2278 5317 his
2302 5263 2489 5319 verbis
2513 5280 2526 5320 :
2553 5264 2672 5320 Non
2727 5281 2952 5322 rursum
2981 5269 3243 5336 iacientes
3273 5271 3697 5340 fundamentum

274 5351 342 5408 Ei
376 5348 433 5405 δὲ
461 5351 624 5406 τοῦτο
655 5349 892 5426 ἆρχή,τί
925 5347 1066 5405 ἄλλο
1099 5349 1208 5405 ἐστὶ
1230 5352 1292 5406 τὸ
1316 5349 1496 5424 δόγμα
1510 5349 1912 5425 τὸὴμὲτερον,ἰ

2037 5353 2372 5423 paenitentia
2397 5353 2461 5422 7°,
2491 5357 2549 5409 et
2579 5359 2807 5410 czstera.
2845 5357 3008 5419 Quod
3045 5358 3096 5412 si
3125 5357 3267 5414 illud
3327 5361 3404 5414 sit
3432 5359 3692 5415 initium.

272 5441 338 5495 τὸ
376 5447 704 5512 μετανοῆσαι
737 5441 842 5494 ἀπὸ
874 5444 1078 5515 νεκρῶν
1126 5435 1318 5516 ἔργων,
1349 5442 1438 5494 καὶ
1491 5437 1582 5495 Sidi
1625 5445 1722 5494 τοῦ
1769 5439 1912 5494 πνεύ·

2044 5441 2184 5511 quid
2217 5440 2373 5496 aliud
2411 5443 2678 5498 doctrina
2702 5449 2906 5501 nostra
2948 5451 3057 5512 est,
3082 5464 3260 5518 quam
3292 5449 3695 5520 pcsnitentiam

281 5551 454 5603 ματος
515 5525 700 5586 λαϐεῖν
759 5531 860 5600 τὴν
905 5529 1084 5584 πίστιν
1141 5529 1216 5590 εἷς
1273 5529 1554 5584 ἀνάστασιν
1598 5533 1800 5605 νεκρῶν
1846 5550 1912 5583 κα

2044 5545 2175 5584 esse
2207 5530 2495 5602 agendam
2511 5533 2582 5588 ab
2601 5533 2876 5604 operibus
2911 5536 3256 5603 mortuis,ac
3287 5553 3390 5609 per
3418 5539 3696 5611 spiritum

275 5619 544 5694 κρίματος
573 5619 795 5675 αἶ’ωνίου
815 5618 910 5690 ;Τί
935 5616 992 5674 δὲ
1022 5617 1162 5674 ἐστιν
1197 5619 1376 5694 ἀρχή;
1404 5615 1556 5674 οὐδὲν
1591 5615 1732 5674 ἄλλο
1763 5620 1797 5690 ἢ
1819 5623 1941 5672 τοῦ-

351 5787 398 5822 “
430 5789 599 5844 Hebr.
631 5805 707 5858 v1,
738 5789 786 5843 1.
822 5789 866 5824 ’¹⁰
896 5787 1037 5843 ibid.

2049 5619 2466 5675 assumendum
2498 5638 2627 5679 esse
2659 5622 2831 5677 fidem
2851 5622 2908 5678 in
2941 5627 3425 5682 resurrectionem
3443 5633 3698 5686 mortuo-
