4002 6398
421 393 575 454 1219

957 394 1023 452 S.
1070 391 1494 452 ATHANASU
1541 388 1712 450 OPP.
1760 387 1959 450 PARS
2007 389 2042 448 I.

2151 387 2606 451 -HISTOR1CA
2651 389 2751 451 ET
2795 386 3270 452 DOGMATIGA.

3671 391 3827 454 I220

420 539 548 578 rum
577 527 636 579 et
662 523 1208 580 condemnationem
1230 526 1508 576 aeternam
1540 517 1732 586 ?Quid
1756 527 1951 576 autem
1977 535 2039 576 es

2177 538 2262 574 τυ.
2297 519 2501 594 Ἀρχὴ,
2533 519 2719 597 φησὶν,
2752 517 2878 575 ὅταν
2913 518 2990 592 μή
3027 516 3144 594 βίος
3174 515 3404 597 ἀκριϐὴς
3449 525 3622 597 παρῆ.
3647 519 3822 580 Καθά-

417 613 650 668 initium
671 612 699 669 ‘2
730 610 874 667 nihil
904 609 1062 668 aliud
1089 627 1268 682 quam
1300 609 1406 666 hoc
1436 612 1546 665 est.
1580 607 2064 680 lnitium,inquit,

417 707 526 770 est,
561 717 696 757 cum
721 717 837 757 non
867 700 1034 756 adest
1054 699 1237 771 proba
1261 699 1319 754 et
1367 701 1642 755 accurata
1687 695 1828 754 vita.
1875 695 2064 753 Sicuti

417 791 574 846 enim
605 807 738 846 eum
771 790 870 862 qui
928 787 1656 862 disciplinamlittsrarum
1710 786 2060 860 ingreditur,

417 884 644 954 oportet
677 880 933 951 primum
961 877 1250 934 elementa
1280 876 1616 934 auscultem
1671 881 1729 932 et
1755 875 2013 934 ediscere
2043 891 2058 944 ;

417 969 500 1024 ita
527 974 584 1024 et
608 968 1007 1025 Christianum
1067 968 1189 1023 haec
1245 967 1502 1040 primum
1562 969 1829 1022 accurate
1887 980 2062 1020 nosse

413 1062 660 1131 oportet,
695 1073 800 1112 nec
831 1055 1125 1114 ullatenus
1150 1056 1239 1113 bis
1267 1057 1338 1112 de
1370 1057 1546 1112 nebus
1575 1055 1864 1111 dubitem.
1895 1054 2056 1119 Quod

413 1145 462 1202 si
495 1146 759 1202 doctrina
789 1144 889 1202 ille
917 1151 1103 1218 egeat,
1163 1145 1425 1200 nondum
1475 1146 1673 1217 posuit
1712 1143 2060 1198 fundamen-

409 1236 714 1291 tum.Eum
751 1251 1008 1308 namque
1038 1235 1136 1306 qui
1170 1234 1378 1290 firmus
1408 1238 1516 1298 est,
1545 1236 1776 1304 oportet
1804 1229 2054 1287 consoli-

408 1325 606 1380 datum
639 1340 769 1381 esse
797 1339 864 1379 ao
895 1323 1235 1391 consistere,
1267 1337 1456 1394 neque
1488 1321 1782 1376 ullatenus
1812 1319 2053 1376 moveri.

406 1414 569 1480 Quod
603 1413 649 1468 si
683 1413 945 1468 futurum
978 1411 1295 1484 aliquando
1323 1415 1507 1476 est,ut
1532 1409 1632 1482 qui
1653 1410 1963 1466 institutus
1993 1409 2052 1464 in

405 1503 522 1560 fide
553 1507 611 1558 et
640 1501 967 1574 baptizatus
996 1507 1084 1557 est
1130 1505 1262 1572 post
1317 1499 1518 1556 decem
1566 1515 1753 1555 annos
1809 1499 1882 1554 de
1939 1499 2054 1554 fide

407 1607 645 1648 rursum
669 1591 1108 1662 audiat.nempe
1141 1589 1492 1644 credendam
1523 1605 1652 1644 esse
1684 1592 2049 1644 mortuorum

407 1679 916 1744 resurreclionem,
951 1680 1004 1734 is
1045 1678 1306 1734 nondum
1357 1678 1532 1733 habet
1580 1677 2049 1746 fundamentum,

405 1771 622 1842 quippe
651 1767 749 1840 qui
784 1782 1017 1821 rursum
1041 1764 1469 1820 Christianismi
1492 1764 1728 1819 initium
1758 1764 2045 1834 exquirat.

2175 627 2274 684 περ
2304 609 2404 682 γὰρ
2447 607 2538 663 τὸν
2568 607 2644 671 εἷς
2673 610 2772 678 τήν
2818 606 3052 682 μάθησιν
3099 613 3208 663 τῶν
3259 612 3600 686 γραμμάτων
3649 610 3822 686 εἰσερο

2173 696 2412 773 χύμενον
2441 699 2510 753 τά
2559 703 2808 774 στοιχεῖα
2855 695 2937 754 δεῖ
2987 701 3203 774 πρῶτον
3252 699 3502 772 ἀκοῦσαι,
3531 699 3676 757 οὕτω
3726 701 3820 758 καὶ

2171 785 2260 841 τὸν
2294 788 2612 862 Χριστιανὸν
2651 788 2819 843 ταῦτα
2865 783 3062 842 εἰδέναι
3113 783 3353 865 ἀκριϐῶς
3400 793 3616 866 πρῶτον
3677 791 3818 867 χρὴ,

2168 875 2258 931 καὶ
2292 873 2433 949 μηδὲ
2465 871 2833 953 ἀμφιϐάλλειν
2874 875 2996 952 περῖ
3037 875 3232 935 αὐτῶν.
3265 878 3328 935 Εἰ
3381 876 3439 934 δὲ
3485 877 3666 934 δέοιτο
3715 879 3820 934 πά-

2171 963 2256 1021 λιν
2305 961 2680 1038 διδασκαλίαν,
2725 961 2879 1021 οὔπω
2929 964 3022 1020 τὸν
3069 963 3325 1038 θεμέλιον
3375 962 3516 1044 ἔχει.
3563 968 3662 1024 Τὸν
3712 969 3818 1044 γὰρ

2168 1050 2382 1128 ἑδραῖον
2433 1055 2731 1130 πεπηγέναι
2774 1055 2886 1130 χρή
2934 1053 3022 1109 καὶ
3085 1052 3317 1124 έστάναι,
3366 1055 3457 1110 καὶ
3507 1057 3586 1130 μὴ
3647 1078 3815 1131 μεταο

2165 1146 2447 1216 κινεῖσθαι,
2483 1144 2544 1200 Εἴ
2593 1141 2651 1200 δὶ
2701 1142 2899 1218 μέλλοι
2945 1165 3049 1218 τις,
3097 1147 3434 1223 κατηχηθεὶς
3479 1148 3570 1202 καὶ
3623 1147 3814 1223 βαπτι-

2166 1235 2332 1299 σθεῖς,
2367 1234 2503 1308 μετᾶ
2559 1231 2652 1305 ἔτη
2711 1231 2840 1289 δέκα
2889 1235 3015 1311 περὶ
3064 1234 3299 1298 πίστεως
3353 1235 3519 1293 πάλιν
3570 1237 3809 1306 ἀκούειν,

2162 1324 2252 1379 καὶ
2298 1325 2387 1380 ὅτε
2433 1325 2713 1380 πιστεῦσαι
2768 1324 2882 1400 χρὴ
2932 1322 3010 1386 εἷς
3060 1324 3342 1380 ἀνάστασιν
3391 1331 3620 1401 νεκρῶν,
3655 1325 3810 1383 οὔπω

2161 1414 2253 1470 τὸν
2311 1411 2565 1488 θεμέλιον
2611 1411 2724 1489 ἔχει
2751 1432 2764 1446 ·
2797 1411 2964 1468 πάλιν
3031 1414 3130 1482 τήν
3175 1413 3356 1490 ἀρχὴν
3402 1420 3500 1470 τοῦ
3549 1421 3808 1492 Χριστια-

2161 1507 2358 1576 νισμοῦ
2411 1507 2582 1572 ζητεῖ.
2627 1505 2748 1560 ’Ότι
2814 1501 2916 1578 γὰρ
2973 1501 3008 1571 ἡ
3066 1502 3248 1566 πίστις
3305 1501 3583 1577 θεμέλιος,
3640 1507 3704 1560 τὸ
3751 1503 3812 1561 δὲ

2163 1591 2357 1648 λοιπὸν
2403 1589 2708 1666 οἰκοδομεῖ,
2759 1586 2921 1646 ἄκουε
2964 1590 3128 1646 αὐτοῦ
3185 1591 3466 1668 λέγοντος·
3520 1592 3660 1669 Ἐγὼ
3721 1606 3806 1658 θε-

2163 1681 2353 1754 μέλιον
2430 1680 2676 1736 τέθεικα·
2738 1677 2913 1742 ἄλλος
2984 1678 3358 1755 έποικοδομεῖ.
3417 1681 3478 1736 Τί
3531 1678 3589 1736 δέ
3642 1681 3808 1750 ἔστιν,

2157 1771 2280 1824 Ἐπὶ
2323 1770 2422 1837 τὴν
2471 1764 2788 1839 τελειότητα
2857 1769 3185 1846 φερώμεθα;
3233 1770 3374 1845 Πρὸς
3453 1771 3622 1840 αὐτὴν
3688 1791 3808 1846 χω-

404 1859 551 1915 Nam
576 1857 726 1930 quod
764 1857 908 1911 fides
929 1855 1008 1910 sit
1040 1855 1581 1924 fundamentum,ac
1603 1853 1757 1926 quod
1782 1856 2042 1924 superest

2159 1864 2340 1935 ρῶμεν
2375 1857 2593 1927 λοιπὸν,
2623 1857 2778 1935 φησὶ,
2814 1858 2913 1926 τήν
2963 1856 3191 1936 ὀροφὴν,
3219 1857 3487 1925 τουτέστι,
3525 1859 3643 1934 βίον
3693 1857 3809 1935 ἄρι-

405 1947 618 2004 deinde
650 1945 720 2000 ad
745 1944 1188 2000 aediﬁcationem
1223 1943 1504 2007 conferat,
1552 1942 1688 1997 audi
1739 1942 1932 2014 ipsum
1963 1940 2046 1997 lo-

405 2041 678 2110 quentem
707 2051 720 2089 :
758 2036 864 2102 Ego
892 2031 1325 2106 fundamentum
1349 2033 1531 2104 posui,
1560 2032 1712 2086 alius
1739 2031 2046 2102 supersedi-

403 2127 530 2197 ﬁmt
559 2125 626 2179 '".
658 2123 805 2188 Quid
837 2127 928 2177 est
956 2127 1173 2192 autem,
1212 2121 1284 2176 ad
1312 2121 1638 2192 perfectiora
1667 2123 1918 2191 feramur
1945 2120 1990 2154 ⁷³
2018 2118 2048 2176 ῗ

401 2215 490 2268 Ad
511 2217 730 2268 tectum
755 2212 973 2282 ipsum,
1015 2209 1228 2282 inquit,
1253 2210 1492 2266 demum
1527 2207 1958 2281 perveniamus,
1985 2207 2042 2263 id

401 2308 509 2368 est,
543 2302 824 2374 optimam
860 2316 1105 2372 agamus
1128 2298 1854 2362 vitam.0uemadmodum
1887 2299 2042 2353 enim

400 2394 460 2450 in
483 2391 810 2462 elementis,
843 2391 1020 2463 alpha
1074 2391 1333 2446 continet
1363 2391 1582 2456 omnia,
1639 2394 1704 2445 ut
1743 2394 1801 2446 et
1831 2388 2044 2448 funda-

401 2487 669 2539 mentum
701 2486 889 2537 totum
921 2480 1228 2535 (editicium
1263 2499 1275 2546 ;
1311 2480 1390 2535 ita
1412 2496 1647 2551 quoque
1676 2479 1805 2535 vita!
1826 2479 2044 2550 purita-

399 2574 518 2627 tem
553 2569 813 2626 continet
843 2569 1130 2623 certitndo
1160 2573 1218 2623 et
1241 2567 1490 2624 ﬁrmitas
1522 2565 1836 2631 ﬁdei,citra
1865 2583 2042 2638 quam

403 2676 578 2717 nemo
611 2662 801 2732 potest
830 2674 958 2714 esse
981 2657 1369 2724 Christianus,
1405 2661 1470 2712 ut
1515 2673 1620 2712 nec
1668 2657 1889 2728 absque
1919 2656 2047 2711 fun-

399 2748 698 2805 damentis
729 2751 922 2820 potest
970 2746 1282 2802 aedificium
1337 2746 1642 2813 exsistere,
1679 2761 1785 2800 nec
1821 2744 2045 2816 absque

399 2837 707 2896 elementis
757 2841 948 2910 potest
1008 2835 1140 2908 quis
1197 2836 1526 2891 litterarum
1582 2851 1712 2891 esse
1799 2833 2042 2908 peritus.

395 2928 504 2984 Sed
530 2926 740 2998 siquis
779 2927 935 2981 circa
990 2925 1280 2981 elementa
1334 2939 1567 2996 semper
1612 2929 1893 2989 versetur,
1943 2926 2043 2980 aut

395 3017 600 3074 itidem
625 3015 780 3072 circa
835 3015 1303 3080 fondamentum,
1362 3029 1477 3069 non
1535 3013 1584 3070 ei
1632 3012 1732 3086 qui
1782 3012 2042 3084 amplius

396 3107 526 3164 erit.
559 3109 649 3162 Ita
677 3104 833 3178 apud
862 3121 968 3159 nos
998 3109 1221 3176 agetur.
1251 3103 1310 3159 Si
1347 3118 1600 3175 namque
1629 3102 1686 3157 in
1719 3101 1851 3156 ﬁdei
1873 3101 2041 3156 initio

395 3209 628 3266 semper
650 3209 1014 3258 maneamus,
1065 3207 1365 3264 nunquam
1419 3191 1489 3246 ad
1513 3192 1644 3262 ejus
1699 3190 1875 3245 finem
1909 3205 2041 3262 per-

2155 1949 2279 2002 στὸν
2339 1945 2577 2024 ἔχωμεν.
2636 1949 2839 2022 Ὥσπερ
2894 1945 2995 2021 γάρ
3072 1946 3158 2002 έπί
3230 1951 3339 2001 τῶν
3401 1948 3688 2024 στοιχείων
3742 1951 3806 2005 τὸ

2155 2042 2258 2092 πᾶν
2315 2036 2378 2090 τὸ
2437 2034 2582 2114 ἄλφα
2640 2035 2876 2110 συνέχει,
2924 2034 3014 2089 καὶ
3072 2035 3101 2089 ὁ
3149 2034 3403 2108 θεμέλιος
3473 2037 3572 2105 τὴν
3629 2043 3805 2092 πᾶσαν

2156 2123 2483 2197 οῗκοδομήν,
2534 2124 2682 2179 οὕτω
2748 2124 2839 2179 καὶ
2891 2124 2988 2178 τοῦ
3049 2123 3171 2197 βίου
3219 2126 3318 2194 τήν
3367 2125 3710 2202 καθαρότητα
3768 2129 3803 2196 ἡ

2154 2214 2278 2290 περὶ
2335 2216 2435 2284 τὴν
2491 2213 2670 2268 πίστιν
2726 2211 3098 2290 πληροφορία·
3152 2212 3351 2284 ταύτην
3414 2210 3472 2268 δὶ
3527 2211 3650 2270 ἄνευ
3705 2214 3806 2271 οῦκ

2154 2299 2295 2358 ἔστιν
2358 2304 2490 2358 εἶναι
2552 2301 2891 2377 Χριστιανὸν,
2944 2301 3126 2375 ὥσπερ
3184 2298 3313 2357 ούδὶ
3359 2300 3630 2375 θεμελίων
3682 2304 3803 2358 ἄνευ

2155 2388 2629 2466 οἰκοδομὴν,οὐδὶ
2660 2389 2947 2466 στοιχείων
2995 2389 3172 2466 χωρὶς
3228 2388 3489 2467 ἔμπειρον
3534 2393 3799 2466 γραμμάς-

2151 2503 2259 2538 των
2314 2481 2580 2555 γενέσθαι.
2616 2477 2774 2535 Ἀλλ’
2836 2478 2922 2534 έάν
2977 2499 3059 2541 τις
3109 2479 3191 2533 ἀεὶ
3244 2479 3369 2554 περί
3423 2481 3494 2534 τά
3549 2487 3800 2556 στοιχεῖα

2155 2571 2470 2646 στρέφηται,
2498 2568 2532 2638 ἢ
2567 2565 2725 2630 εἴτις
2765 2569 2885 2644 περὶ
2939 2569 3028 2623 τὸν
3081 2567 3358 2641 θεμέλιον,
3390 2565 3603 2623 οὐδέπω
3653 2567 3800 2625 ἔσται

2155 2660 2305 2731 αὐτῷ
2331 2679 2382 2713 τι
2413 2656 2582 2714 πλέον
2609 2679 2620 2692 ·
2655 2657 2798 2712 οῧτω
2843 2655 2934 2712 καὶ
2979 2657 3058 2735 ἐφ’
3089 2659 3272 2730 ἡμῶν.
3306 2659 3405 2712 Ἀν
3458 2658 3560 2734 γὰρ
3610 2658 3690 2713 ἀεὶ
3745 2659 3799 2714 έν

2151 2751 2220 2822 τῇ
2273 2747 2422 2824 ἀρχῇ
2469 2753 2570 2817 τῆς
2617 2746 2852 2808 πίστεως
2903 2745 3173 2819 μένωμεν,
3227 2743 3484 2801 οὐδέποτε
3528 2748 3666 2821 πρὸς
3720 2752 3802 2820 τῷ

2149 2832 2295 2890 τέλει
2326 2834 2526 2904 ταύτης
2559 2828 2960 2906 ἀναϐησόμεθα.
2996 2832 3070 2887 Σὺ
3111 2829 3168 2888 δὲ
3221 2834 3296 2906 μὴ
3348 2833 3576 2907 νομίσῃς
3627 2833 3800 2904 ἠλατ-

2148 2928 2352 2987 τῶσθαι
2401 2924 2500 2992 τὴν
2558 2922 2761 2990 πίστιν,
2813 2920 2901 2977 διὰ
2953 2921 3016 2976 τὸ
3065 2927 3339 2997 στοιχεῖον
3387 2921 3682 2993 κληθῆναι.
3734 2926 3798 2982 Ἦ

2148 3013 2250 3088 γὰρ
2308 3017 2453 3067 πᾶσα
2511 3009 2738 3084 δύναμις
2805 3009 2938 3080 αὕτη
2991 3009 3155 3067 ἐστίν.
3213 3011 3376 3067 ’Ὁταν
3439 3011 3568 3085 γοῦν
3626 3010 3796 3087 λέγει·

2151 3107 2262 3164 Πᾶς
2318 3101 2418 3178 γὰρ
2469 3102 2498 3156 ὁ
2551 3100 2797 3176 μετέχων
2847 3097 3119 3175 γάλακτος
3182 3097 3403 3174 ἄπειρος
3469 3097 3642 3175 λόγου
3713 3099 3792 3156 δι-

2147 3190 2486 3261 καιοσύνης·
2548 3191 2744 3260 νήπιος
2822 3189 2928 3265 γάρ
3005 3187 3146 3244 ἐστιν
3182 3207 3195 3222 ·
3257 3188 3319 3242 οὐ
3387 3186 3530 3264 γάλα
3594 3191 3794 3261 ταύτην

401 3265 630 3338 venturi
663 3297 896 3338 sumus.
929 3281 1016 3336 'lu
1063 3296 1196 3336 vero
1257 3297 1328 3335 ne
1385 3279 1666 3335 arbitrere
1703 3278 1834 3334 ideo
1863 3279 2036 3336 iidem

2151 3279 2327 3336 καλεῖ·
2361 3277 2508 3334 ἀλλᾶ
2553 3279 2614 3334 τὸ
2663 3273 3034 3356 ἀμφιϐάλλειν
3082 3275 3157 3332 ἔτι
3201 3278 3324 3352 περί
3373 3278 3601 3346 τούτων,
3632 3279 3790 3334 τοῦτό

400 3371 686 3428 minorem
721 3370 945 3438 haberi,
991 3369 1130 3442 quia
1183 3367 1539 3425 elementum
1587 3372 1848 3424 vocatur.
1909 3367 2041 3440 Ipsa

398 3459 620 3533 quippe
651 3458 922 3514 universa
950 3458 1137 3514 virtus
1166 3462 1272 3513 est.
1332 3458 1474 3513 Cum
1524 3471 1662 3530 ergo
1701 3457 1782 3512 ait
1811 3473 1826 3512 :
1851 3457 2041 3513 Omnis

397 3549 501 3620 qui
529 3549 688 3603 lacti:
719 3551 796 3604 est
813 3548 1108 3618 particeps,
1137 3563 1333 3618 expers
1358 3550 1434 3602 est
1470 3548 1738 3603 ser-moui:
1756 3547 1991 3618 iustitia
2023 3564 2037 3603 :

393 3638 672 3709 parvulus
700 3637 851 3692 enim
873 3640 952 3692 est
975 3636 1040 3704 ⁷³,
1077 3652 1188 3692 non
1223 3635 1308 3691 Iac
1356 3636 1546 3709 ipsam
1605 3642 1810 3692 vocat:
1833 3636 1935 3691 sed
1969 3636 2038 3692 de

392 3726 465 3782 iis
496 3727 688 3782 adhuc
720 3724 1039 3795 ambigere,
1070 3723 1216 3780 illud
1249 3729 1334 3780 est
1365 3724 1609 3780 infirma:
1641 3725 1874 3791 mentis,
1908 3741 2034 3797 qua

393 3815 596 3872 multis
627 3815 1000 3872 sermonibus
1029 3818 1214 3886 egeat.
1239 3813 1370 3870 Haec
1398 3813 1555 3869 enim
1587 3814 1862 3886 dogmata
1893 3829 2036 3870 sana

392 3908 450 3961 et
471 3909 626 3962 recta
655 3908 832 3961 sunt:
869 3903 1035 3959 illum
1088 3918 1344 3976 namque
1390 3902 1708 3975 perfectum
1757 3918 2036 3959 vocamus

392 3994 494 4066 qui
527 4011 658 4050 cum
689 3993 802 4050 fide
833 3991 1075 4067 probam
1104 3993 1268 4048 ducit
1295 3993 1496 4048 vitam.
1536 3993 1696 4056 Quod
1731 3990 1778 4048 si
1809 3992 1943 4064 quis
1973 3992 2036 4046 fi-

389 4082 518 4140 dem
576 4081 801 4139 habene
860 4081 1018 4138 mala
1074 4085 1385 4154 perpetrat,
1442 4080 1562 4135 imo
1599 4081 1670 4135 de
1701 4080 1829 4152 ipsa
1857 4080 2032 4136 etiam

390 4172 504 4227 fide
528 4171 1260 4244 ambigit,doctrinamque
1290 4169 1473 4226 afﬁcit
1491 4168 1865 4237 contumelia,
1899 4184 2033 4224 eum

382 4261 522 4332 jure
556 4278 621 4316 ac
653 4261 862 4317 merito
892 4260 1174 4316 infantem
1235 4275 1516 4324 vocemus,
1559 4263 1761 4331 utpote
1811 4258 1908 4330 qui
1961 4259 2032 4314 ad

388 4349 626 4405 initium
657 4353 938 4406 recurrat.
977 4354 1178 4422 itaque
1225 4348 1454 4404 etiamsi
1508 4351 1810 4404 sexcentos
1849 4363 2038 4403 annos

388 4439 450 4494 in
474 4439 588 4494 ﬁde
613 4439 1100 4511 transegerimus,
1124 4453 1315 4510 neque
1344 4442 1541 4493 tamen
1564 4436 1716 4492 ﬁrmi
1746 4436 2034 4494 consista-

389 4542 546 4592 mus,
570 4525 826 4583 infantes
857 4527 916 4582 in
949 4527 1077 4600 ipsa
1133 4543 1363 4588 sumus,
1396 4542 1533 4582 cum
1588 4525 1766 4581 vitam
1799 4525 2032 4582 exhibe-

2146 3367 2286 3424 ἐστιν
2319 3369 2572 3430 ἀσθενοῦς
2605 3365 2866 3435 διανοίας,
2898 3369 2988 3422 καὶ
3014 3364 3198 3442 λόγων
3239 3364 3503 3440 δεομένης
3535 3365 3784 3423 πολλῶν.

2144 3458 2219 3513 Τά
2267 3458 2369 3534 γὰρ
2419 3453 2670 3532 δόγματα
2715 3455 2884 3512 ταῦτά
2928 3454 3038 3510 ἐστι
3080 3455 3148 3510 τὰ
3209 3456 3377 3530 ὑγιῆ·
3427 3455 3638 3511 τέλειον
3688 3456 3790 3532 γὰρ

2147 3547 2348 3604 ἐκεῖνον
2381 3545 2679 3617 καλοῦμεν,
2709 3546 2800 3600 τὸν
2843 3544 2976 3618 μετά
3004 3547 3101 3612 τῆς
3149 3544 3382 3606 πίστεως
3427 3544 3544 3620 βίον
3596 3543 3793 3621 ἔχοντα

2146 3635 2330 3712 ὀρθόν.
2379 3635 2502 3692 Ἐἀν
2556 3632 2612 3690 δέ
2659 3655 2742 3696 τις
2792 3634 2968 3688 πίστιν
3022 3633 3116 3707 μὲν
3167 3632 3290 3709 ἔχη,
3332 3634 3540 3709 πράττῃ
3593 3631 3652 3688 δὲ
3701 3655 3798 3690 πο-

2145 3727 2307 3801 νηρὰ,
2365 3725 2454 3781 καὶ
2511 3724 2633 3799 περὶ
2694 3722 2860 3792 αὐτῆς
2920 3720 2978 3778 δέ
3032 3721 3234 3793 ταύτης
3302 3717 3650 3800 ἀμφιϐάλλῃ,
3703 3723 3792 3777 καὶ

2147 3810 2342 3891 ὑϐρίζῃ
2413 3815 2512 3882 τήν
2587 3810 2976 3868 διδασκαλίαν·
3041 3811 3268 3873 εἰκότως
3327 3811 3488 3866 αὐτὸν
3543 3813 3789 3888 φήσομεν

2143 3906 2364 3975 νήπιον,
2389 3902 2476 3958 ἐπὶ
2519 3903 2619 3971 τήν
2659 3903 2838 3978 ἀρχὴν
2887 3897 3291 3976 ἀναδραμόντα.
3324 3902 3506 3970 Ὥστε,
3537 3897 3634 3955 κᾶν
3688 3923 3789 3973 μυ-

2146 3993 2251 4083 ρίιιλ
2284 3987 2376 4062 ἔτη
2428 3991 2481 4046 έν
2525 3993 2593 4064 τῇ
2642 3989 2817 4045 πίστει
2866 3987 3107 4066 ἔχωμεν,
3138 3989 3226 4044 καὶ
3264 3983 3588 4083 μήῌβέϐαιοι
3618 3990 3787 4083 ὦμεν,

2145 4079 2197 4136 έν
2234 4073 2382 4154 ἀὐτῇ
2424 4080 2612 4150 νήπιοί
2662 4079 2820 4151 ἐσμεν
2851 4098 2864 4114 ·
2895 4079 3017 4134 ὅταν
3073 4079 3191 4154 βίον
3245 4075 3379 4153 αὐτῇ
3423 4079 3500 4152 μὴ
3557 4073 3790 4152 συμϐαίη

2142 4191 2304 4226 νοντα
2371 4166 2821 4242 ἐπιδεικνύμεθα·
2869 4167 2996 4223 ὅταν
3070 4165 3147 4222 ἔτι
3207 4165 3461 4239 θεμέλιον
3515 4162 3788 4222 καταϐαλ-

2144 4259 2373 4332 λόμεθα.
2404 4257 2635 4320 Τούτοις
2667 4255 2725 4312 δὲ
2759 4256 2890 4329 μετά
2916 4257 3012 4312 τοῦ
3061 4255 3183 4332 βίου
3229 4255 3318 4311 καὶ
3361 4253 3501 4311 ἄλλο
3549 4253 3788 4332 έγκαλεῖ,

2143 4350 2221 4410 ὡς
2248 4345 2713 4422 παρασαλευθείσῃ
2745 4346 2835 4400 καὶ
2887 4342 3167 4419 δεομένοις
3209 4342 3463 4416 θεμέλιον
3514 4339 3788 4400 καταϐάλ-

2145 4435 2258 4494 λειν
2287 4434 2570 4510 μετανοίας
2616 4434 2722 4490 ἀπὸ
2761 4439 2965 4508 νεκρῶν
3020 4432 3212 4510 ἔργων.
3243 4434 3346 4489 Τὸν
3395 4434 3496 4508 γὰρ
3545 4429 3652 4490 ἀπὸ
3700 4454 3786 4488 τι-

2143 4547 2237 4588 νος
2287 4525 2364 4588 είς
2419 4521 2601 4599 ἕτερον
2655 4522 3093 4598 μετατιθέμενον,
3124 4523 3212 4578 καὶ
3268 4523 3332 4578 τὸ
3397 4523 3488 4595 μὲν
3542 4521 3790 4600 ἀφιέντα,

385 4631 520 4672 mus
548 4615 599 4671 ei
634 4613 877 4672 minime
906 4615 1368 4672 convenientem.
1410 4630 1661 4688 cumque
1681 4614 2034 4672 fundamen-

2151 4617 2204 4671 τὸ
2237 4612 2295 4670 δὶ
2342 4615 2688 4688 αἱρούμενον.
2743 4613 3006 4688 πρότερον
3050 4611 3214 4666 αὐτοῦ
3261 4614 3598 4687 καταγνῶναι
3649 4612 3790 4686 χρὴ,

383 4709 510 4762 tum
542 4704 737 4761 adhuc
759 4704 1166 4777 ponimus.His
1196 4709 1390 4760 autem
1416 4708 1626 4776 praeter
1653 4719 1783 4760 eam
1817 4703 1886 4760 de
1913 4703 2034 4760 vita

385 4795 614 4868 agenda
643 4793 1129 4862 admonitionem,
1160 4797 1219 4849 et.
1245 4791 1423 4850 aliam
1455 4793 1642 4862 affert,
1682 4795 2030 4852 nutaturum

381 4883 606 4940 scilicet
624 4882 958 4951 aedilicium,
989 4882 1040 4940 si
1069 4887 1282 4956 egeant
1335 4882 1787 4939 fundamentum
1817 4898 2032 4954 ponere

382 4971 736 5046 pmnitentire
767 4990 799 5027 a
830 4972 1079 5028 mortuis
1103 4971 1397 5044 operibus.
1433 4970 1712 5042 Quisquis
1769 4971 1923 5026 enim
1958 4971 2032 5026 ab

382 5060 496 5118 alio
527 5062 584 5118 in
613 5061 772 5118 aliud
803 5061 1172 5131 transfertur,
1206 5063 1265 5116 et
1300 5059 1460 5116 aliud
1495 5059 1732 5131 quidem
1763 5058 2029 5127 dimittit,

383 5149 544 5206 aliud
575 5149 774 5224 eligit;
805 5150 1066 5224 primum
1100 5149 1259 5206 aliud
1291 5149 1574 5206 damnare
1623 5148 1812 5216 debet,
1855 5153 2032 5220 atque

381 5239 456 5296 ab
486 5255 554 5296 eo
583 5257 714 5296 sese
747 5257 1016 5296 amovere
1047 5243 1168 5295 toto
1192 5239 1760 5310 atfectu,atquetunc
1772 5238 1844 5294 ad
1868 5238 2026 5294 aliud

385 5343 451 5385 se
479 5329 933 5394 conferre.Quod
958 5328 1009 5384 si
1039 5329 1232 5385 denuo
1264 5327 1442 5400 priori
1475 5327 1772 5384 adherere
1799 5327 2030 5392 debeat,

380 5433 498 5490 quo
529 5424 697 5489 pacto
727 5418 800 5474 ad
833 5417 1128 5489 posterius
1157 5417 1352 5473 denuo
1382 5417 1590 5474 1012
1611 5415 2029 5481 accedet?0uid

384 5506 495 5574 ais,
525 5506 716 5580 legem
747 5506 1210 5579 reprobavimus,
1245 5509 1307 5563 at
1331 5506 1526 5564 denuo
1575 5505 1754 5578 jubes
1798 5503 1870 5561 ad
1898 5521 2028 5562 eam

453 5721 496 5757 τί
527 5721 550 5778 ι
581 5725 708 5780 Cor.
737 5739 822 5796 ιιι,
857 5723 943 5780 10.
971 5724 1016 5760 τ’
1044 5725 1218 5782 Hebr.
1260 5741 1336 5781 vx.
1367 5725 1412 5761 ⁷⁸
1444 5724 1616 5781 Hebr.
1660 5740 1709 5796 ν,
1744 5724 1832 5780 13.

2138 4705 2229 4761 καὶ
2277 4703 2574 4772 ἀποστῆναι
2623 4706 2692 4774 τῇ
2745 4699 2999 4768 διαθέσει,
3032 4703 3120 4756 καὶ
3162 4699 3285 4756 τότε
3330 4697 3504 4754 ἐλθεῖν
3557 4699 3637 4777 ἐφ’
3668 4697 3788 4754 ἓτε-

2142 4815 2256 4870 ρον.
2290 4793 2349 4850 Ei
2382 4789 2440 4846 δέ
2469 4796 2565 4847 τοῦ
2607 4791 2874 4867 προτέρου
2926 4789 3090 4846 πάλιν
3141 4786 3360 4865 ἔχεσθαι
3414 4787 3638 4862 μέλλοις
3669 4793 3795 4852 πῶς

2138 4887 2235 4938 τοῦ
2287 4879 2539 4957 δευτέρου
2591 4881 2824 4955 ἅψεταις
2859 4879 2920 4933 Τί
2976 4877 3107 4957 φῂς,
3170 4879 3510 4955 κατέγνωμεν
3561 4875 3660 4932 τοῦ
3707 4877 3796 4933 νό-

2144 4991 2270 5043 μου,
2302 4970 2391 5024 καὶ
2423 4965 2589 5023 πάλιν
2622 4966 2703 5021 ἐπ’
2735 4965 2893 5022 αὐτὸν
2938 4967 3252 5042 ἀνατρέχειν
3303 4965 3544 5028 κελεύεις
3573 4986 3586 5036 ;
3617 4969 3796 5023 Τοῦτο

2139 5058 2244 5113 οὐκ
2267 5054 2376 5112 ἔστι
2429 5056 2709 5131 μετάθεσις
2737 5076 2748 5089 ·
2783 5057 2873 5111 καὶ
2917 5057 3018 5133 γὰρ
3065 5054 3297 5111 ἐνταῦθα
3342 5051 3544 5131 ἔχομεν
3597 5055 3792 5128 νόμον.

2139 5147 2322 5221 Νόμον
2383 5144 2498 5215 οὖν,
2559 5145 2715 5224 φησὶ,
2772 5148 3147 5222 καταργοῦμεν
3210 5142 3300 5200 διὰ
3343 5151 3445 5213 τῆς
3505 5145 3786 5212 πίστεωςς

2142 5238 2220 5312 μὴ
2252 5235 2500 5311 γένοιτοὲ
2534 5233 2682 5290 ἀλλὰ
2707 5235 2876 5309 νόμον
2911 5236 3168 5310 ἱστῶμεν.
3205 5234 3349 5311 Ἐγὼ
3399 5231 3458 5290 δὲ
3504 5235 3630 5310 περὶ
3691 5254 3790 5289 πο-

2137 5331 2321 5402 νηρῶν
2379 5327 2527 5381 εἶπον
2586 5323 2938 5402 πραγμάτων,
2986 5323 3113 5380 ἀλλ’
3167 5324 3230 5379 οὐ
3289 5321 3413 5399 περῖ
3471 5323 3675 5396 νόμου.
3737 5325 3792 5378 '0

2136 5415 2238 5492 γὰρ
2291 5413 2510 5490 μέλλων
2560 5413 2644 5471 ἐπ’
2691 5414 2887 5490 ἀρετὴν
2937 5411 3165 5484 ἐπιέναι,
3219 5413 3483 5489 πρότερον
3544 5419 3649 5483 τῆς
3703 5433 3794 5468 κα-

2136 5503 2256 5568 κίας
2305 5503 2640 5582 καταγνῶναι
2693 5501 2928 5576 ὀφείλει,
2967 5502 3058 5558 καὶ
3100 5501 3223 5558 τότε
3269 5501 3440 5572 αὐτὴν
3486 5499 3790 5576 μετελθεῖν.
