4002 6372
238 364 387 424 1221

1545 358 2026 420 FRAGMENTA
2071 359 2167 419 VA
2186 361 2341 421 llIA.

3494 357 3646 420 1222

235 493 431 557 Καλῶς
463 492 522 549 δὲ
564 498 634 568 τῇ
689 491 944 568 μετανοίᾳ
986 490 1075 548 καὶ
1118 492 1182 547 τὸ
1218 490 1497 569 βάπτισμα
1524 491 1880 567 προσέθηκεν.

2005 495 2343 550 recurrere?
2365 494 2515 551 Illud
2547 512 2920 569 nequaquam
2953 491 3260 551 translatio
3292 495 3400 561 est,
3426 508 3563 549 nam
3592 495 3649 548 et

233 584 309 640 Ού
351 585 455 660 γὰρ
508 579 696 659 ἴσχυεν
744 585 780 652 ἡ
842 581 1101 657 μετάνοια
1142 580 1411 658 καθαροὺς
1458 580 1653 643 αὐτοὺς
1695 578 1884 653 δεῖξαι.

236 674 334 730 Διᾶ
387 677 549 729 τοῦτο
599 671 796 736 εὐθέως
847 666 1200 742 ἐϐαπτίζοντο
1229 689 1242 702 °
1311 669 1384 726 ⁹ίν’
1431 669 1564 749 ὅπερ
1613 666 1889 733 ἀδυνάτως

234 763 387 839 εἶχον
421 761 743 837 ἐργάσασθαι
792 758 861 816 δι’
905 762 1130 835 ἑαυτῶν,
1178 765 1341 816 τοῦτο
1388 757 1477 816 διὰ
1504 763 1602 824 τῆς
1630 763 1727 813 τοῦ
1751 761 1886 835 Χρι-

236 855 362 906 στοῦ
392 848 607 925 γένοιτο
657 851 906 926 χάριτος.
959 846 1094 905 Οὔτε
1124 847 1214 905 οῦν
1265 847 1522 922 μετάνοια
1550 847 1704 925 ἀρκεῖ
1750 847 1887 923 πρὸς

233 940 326 996 τὸν
358 939 716 1014 καθαρισμὸν,
767 937 913 994 ἀλλὰ
957 935 1040 993 δεῖ
1084 939 1148 993 τὸ
1208 939 1486 1014 βάπτισμα
1523 932 1884 1013 παραλαὸεῖν.

233 1030 358 1086 Ἐπὶ
393 1033 522 1104 γοῦν
557 1029 619 1083 τὸ
655 1028 934 1103 βάπτισμα
965 1024 1071 1082 ἔδει
1101 1021 1376 1104 ἔρχεσθαι,
1426 1026 1687 1103 πρότερον
1719 1047 1886 1081 κατα-

232 1119 426 1194 γνόντα
503 1121 610 1172 τῶν
686 1118 1092 1191 ἡμαρτημένων
1170 1117 1340 1189 αὐτῷ·
1418 1115 1508 1171 καὶ
1585 1118 1889 1193 καταψηφι-

235 1207 491 1280 σάμενον.
540 1204 609 1263 Τί
658 1201 717 1260 δέ
755 1205 895 1260 ἐστιν
946 1207 1295 1278 Βαπτισμῶν,
1345 1201 1622 1279 διδαχῆς;
1675 1202 1782 1279 οὐχ
1810 1204 1886 1266 ὡς

233 1293 463 1352 πολλῶν
520 1290 689 1350 ὄντων
744 1299 849 1349 τῶν
913 1294 1259 1369 βαπτισμῶν,
1317 1292 1442 1349 ἀλλ’
1486 1289 1621 1356 ἑνός.
1679 1293 1746 1350 Τί
1793 1291 1884 1347 οῦν

235 1384 366 1439 αὐτὸ
419 1381 805 1453 πληθυντικῶς
857 1383 1010 1452 sine;
1061 1381 1152 1438 διὰ
1196 1382 1260 1437 τὸ
1308 1382 1517 1438 εἰπεῖν·
1570 1383 1663 1451 Μὴ
1719 1379 1883 1437 πάλιν

232 1472 488 1548 θεμέλιον
560 1467 1039 1546 καταϐαλλόμενοι
1124 1471 1429 1545 μετανοίας.
1491 1471 1556 1526 Εἰ
1615 1472 1718 1548 γὰρ
1782 1472 1884 1526 πά-

232 1560 321 1618 λιν
351 1560 548 1623 αύτοὺς
596 1555 868 1632 ἐϐάπτιζε,
916 1561 1005 1616 καὶ
1055 1557 1257 1616 ἄνωθεν
1305 1563 1611 1637 κατήχησε,
1660 1560 1751 1616 καὶ
1781 1559 1885 1615 πά-

232 1672 318 1705 Λιν
374 1649 424 1723 ἐξ
470 1649 649 1725 ἀρχῆς
709 1650 1086 1725 βαπτισθέντες
1133 1646 1478 1705 ἐδιδάσκοντο
1529 1650 1597 1704 τὰ
1626 1648 1883 1725 πρακτέα,

1996 582 2091 638 hic
2112 582 2298 656 legem
2330 584 2643 642 habemus.
2705 590 2914 658 Legem
2944 583 3167 655 itaque,
3198 583 3299 652 ait,
3341 599 3444 655 per
3472 581 3646 637 tidem

1997 672 2352 747 abrogamus
2373 674 2613 731 ‘Iabsitl
2646 673 2767 730 imo
2797 675 2987 747 legem
3043 672 3483 729 conﬁrmamus.
3528 671 3646 743 Ego

1997 779 2255 836 namque
2285 763 2356 819 de
2379 763 2549 820 malis
2578 763 2857 835 operibus
2877 762 2991 835 egi,
3050 778 3165 818 non
3226 762 3297 817 de
3353 762 3497 834 lege.
3539 759 3649 827 Qui

1996 853 2155 908 enim
2179 853 2458 908 virtutem
2482 857 2572 910 est
2600 852 3003 926 ingressurus,
3053 850 3309 923 primum
3361 848 3648 906 malitiam

1999 945 2064 996 ut
2092 942 2332 998 damnet
2362 946 2609 1014 oportet,
2642 958 2709 997 ac
2740 942 2824 998 sic
2848 942 3090 996 demum
3116 939 3276 995 illam
3306 937 3483 995 adire.
3521 937 3650 993 Pul-

1996 1030 2132 1087 chre
2165 1037 2360 1087 autem
2384 1030 2737 1103 poenitentiae
2786 1030 3082 1103 baptisma
3140 1043 3372 1100 quoque
3412 1026 3645 1099 adjecit.

1997 1119 2122 1178 Non
2155 1124 2382 1192 poterat
2425 1120 2581 1177 enim
2615 1119 2959 1193 poenitentia
3000 1117 3256 1174 mundos
3305 1116 3436 1173 illos
3493 1115 3649 1173 exhi-

1995 1208 2548 1275 bere.Quamobrem
2581 1225 2758 1281 quam
2790 1208 3050 1280 primum
3080 1206 3552 1278 baptizabantur,
3581 1208 3646 1261 ut

1995 1299 2152 1369 quod
2183 1315 2288 1371 per
2325 1315 2388 1355 se
2429 1299 2618 1355 facere
2671 1315 2787 1355 non
2844 1296 3135 1363 valebant,
3178 1295 3238 1350 id
3283 1313 3385 1367 per
3431 1294 3646 1351 Christi

1994 1388 2243 1460 gratiam
2278 1388 2852 1460 ﬁeret.Nequaquam
2875 1385 3055 1458 igitur
3069 1383 3412 1458 poenitentia
3429 1382 3648 1440 sufﬁcit

1994 1477 2065 1533 ad
2098 1477 2531 1549 purgationem,
2562 1477 2665 1533 sed
2714 1476 3086 1532 adhibendus
3136 1479 3228 1530 est
3284 1472 3644 1546 baptismus.

1993 1567 2263 1638 Oportuit
2291 1568 2511 1640 ergoad
2536 1565 2896 1639 baptismum
2926 1565 3365 1632 accedere,cum
3390 1561 3647 1634 primum

1994 1656 2126 1727 quis
2176 1660 2412 1728 peccata
2467 1673 2578 1712 sua
2633 1652 3054 1727 improbaverit
3100 1669 3168 1708 ac
3214 1652 3646 1725 proscripserit.

227 1740 319 1795 καὶ
371 1739 438 1794 τὰ
490 1740 567 1813 μή
623 1738 901 1814 πρακτέα,
956 1736 1220 1810 διηνεκῶς
1268 1736 1505 1812 ἔμελλον
1556 1736 1883 1815 ἀδιόρθωτοι

2005 1745 2143 1811 Quid
2174 1750 2373 1802 autem
2393 1745 2640 1802 estillud
2667 1746 3109 1816 :Baptismatum
3137 1742 3403 1798 doctrinm
3428 1742 3470 1776 ἠ
3489 1740 3647 1799 ?Non

234 1830 435 1904 μένειν.
511 1825 836 1891 Ἐπιθέσεως
909 1825 966 1883 δὲ
1040 1832 1269 1904 χειρῶν,
1346 1829 1510 1883 εἶπεν·
1574 1826 1716 1882 οὕτω
1782 1828 1883 1904 γὰρ

266 1920 279 1931 .
347 1922 392 1931 --
450 1919 477 1931 -
622 1915 711 1931 η,
768 1910 798 1931 ο
1010 1916 1023 1931 .
1100 1917 1147 1931 -.
1371 1916 1383 1931 .
1459 1923 1482 1931 _
1601 1918 1613 1931 .
1767 1922 1788 1931 -

2005 1835 2152 1907 quod
2186 1834 2373 1891 multa
2403 1838 2523 1891 siut
2549 1834 2951 1906 baptismate;
2984 1832 3087 1888 sed
3147 1848 3333 1887 unum
3392 1835 3644 1887 tantum.

226 1920 290 1974 τὸ
347 1919 563 1989 Πνεῦμα
619 1910 956 1990 ἐλάμϐανον,
1007 1916 1277 1980 ἐπιθέντος
1326 1916 1510 1981 αὐτοῖς
1556 1918 1652 1979 τὰς
1697 1922 1887 1993 χεῖρας

2005 1924 2146 1988 Quid
2171 1941 2308 1997 ergo
2339 1923 2485 1981 illud
2511 1923 2571 1978 in
2591 1922 2805 1995 plurali
2835 1921 3123 1994 protulit?
3154 1920 3302 1987 Quia
3330 1920 3475 1975 dixit
3499 1937 3512 1974 :
3532 1921 3648 1976 Non

227 2011 325 2062 τοῦ
384 2004 604 2061 Παύλου
634 2047 648 2074 ,
698 2003 830 2083 φησί
856 2050 868 2064 .
935 2006 1310 2068 Ἀναστάσεώς
1352 2027 1412 2062 τε
1454 2011 1685 2083 νεκρῶν·
1728 2009 1890 2062 τοῦτο

2005 2030 2224 2070 rursum
2241 2014 2509 2086 jacicnles
2530 2014 2958 2081 fundamentum
2969 2012 3306 2083 paenitentiae
3339 2010 3469 2065 '5.Si
3490 2009 3646 2065 enim

228 2098 335 2173 γὰρ
362 2094 416 2152 ἓν
445 2117 505 2152 τε
531 2100 611 2169 τῷ
645 2095 1119 2173 βαπτίσματιματι
1154 2095 1353 2172 γίνεται
1386 2098 1477 2152 καὶ
1501 2096 1558 2152 ἐΛ
1586 2101 1656 2172 τῇ
1690 2097 1893 2171 ὁμολο-

236 2186 333 2262 γίᾳ
387 2180 720 2261 βεϐαιοῦται.
788 2186 885 2240 Καὶ
942 2186 1208 2260 κρίματος
1266 2185 1527 2242 αἷωνίου.
1583 2187 1682 2242 Διὰ
1724 2188 1778 2242 τί
1834 2184 1893 2242 δὲ

236 2276 406 2331 ταῦτά
471 2294 676 2352 φησιν;
745 2271 932 2345 ἐπειδή
1004 2275 1147 2338 εἰκὸς
1205 2275 1273 2345 ἦν
1329 2275 1524 2339 αὐτοὺς
1580 2276 1617 2346 ἢ
1666 2297 1890 2353 περισα-

241 2363 530 2433 λεύεσθαι,
591 2360 699 2434 ἤδη
760 2364 1219 2433 πεπιστευκότας,
1276 2364 1314 2435 ἢ
1367 2369 1548 2428 κακῶς
1601 2367 1752 2440 βιοῦν
1801 2367 1891 2422 καὶ

243 2452 525 2530 ῥᾳθύμως.
576 2454 817 2526 Νήψατε,
871 2453 1059 2528 φησὶν,
1115 2454 1218 2508 οὐκ
1264 2449 1342 2509 ἔνι
1386 2453 1578 2510 εἲπεῖν·
1629 2456 1752 2512 Ἐὰν
1797 2455 1892 2532 ῥᾳ-

242 2540 432 2615 θύμως
467 2543 742 2615 ζήσωμεν,
791 2539 957 2597 πάλιν
1010 2543 1513 2618 βαπτισθησόμεθα,
1561 2544 1729 2600 πάλιν
1761 2565 1890 2600 κατ-

239 2629 667 2706 ηχηθησόμεθα,
728 2628 894 2685 πάλιν
955 2624 1254 2705 ληψόμεθα
1327 2636 1562 2706 Πνεῦμα.
1618 2630 1721 2688 Κᾶν
1802 2637 1893 2689 νῦν

240 2726 343 2789 τῆς
397 2718 632 2782 πίστεως
677 2718 1029 2794 ἐκπέσωμεν,
1080 2718 1245 2776 πάλιν
1299 2718 1641 2795 δυνησόμεθα
1702 2723 1894 2799 βαπτι-

243 2807 462 2881 ζόμενοι
492 2808 562 2863 τὰ
605 2809 974 2884 ἁμαρτήματα
1022 2807 1452 2881 ἀπολούσασθαι,
1505 2811 1595 2866 καὶ
1640 2816 1747 2868 τῶν
1802 2813 1895 2868 αύ-

241 2901 350 2952 τῶν
402 2903 612 2973 τυχεῖν,
671 2898 849 2975 ὧνπερ
898 2899 988 2953 καὶ
1049 2898 1336 2975 πρότερον.
1387 2899 1676 2974 Θεμέλιον,
1737 2901 1892 2979 φησὶ,

239 2981 659 3060 κατεϐαλόμεθα
705 2987 756 3041 ἐν
810 2988 891 3060 τῷ
965 2988 1347 3064 βαπτίζεσθαι,
1415 2990 1685 3046 τουτέστιν
1751 2991 1892 3047 ἀπο-

241 3077 410 3152 ταγήν
470 3080 576 3131 τῶν
632 3073 804 3152 ἔργων
861 3080 958 3132 τοῦ
1028 3083 1261 3134 Σατανᾶ.
1338 3080 1512 3152 ’Ἃπαξ
1563 3081 1666 3157 γὰρ
1728 3101 1892 3154 μετα-

241 3167 558 3236 νοήσαντες,
603 3164 685 3221 ἐπ¹
734 3165 918 3230 αὐτοῖς
967 3161 1391 3241 ἐϐαπτίσθημεν.
1440 3168 1635 3227 Οὐκέτι
1684 3167 1775 3225 οὗν
1822 3167 1890 3241 δὴ

2001 2102 2162 2175 ipsos
2193 2103 2386 2159 denuo
2417 2102 2793 2175 baptizasset,
2825 2105 2883 2156 et
2931 2101 3095 2172 prius
3154 2098 3531 2168 instituisset,
3582 2114 3649 2154 ac

2001 2209 2239 2248 rursum
2272 2193 2343 2249 ab
2375 2192 2542 2248 initio
2565 2191 2861 2263 baptizati,
2886 2205 2978 2245 res
3009 2189 3269 2261 agendas
3286 2187 3475 2243 edocti
3503 2186 3648 2243 fuis-

2002 2286 2154 2348 sent,
2177 2287 2234 2338 et
2262 2299 2378 2338 nou
2409 2281 2687 2354 agendas,
2721 2284 3001 2351 perpetuo
3025 2275 3445 2348 iudisciplinati
3465 2275 3650 2333 futuri

2002 2374 2186 2426 erant.
2218 2370 2597 2443 lmpositionis
2650 2384 2862 2440 quoque
2912 2382 3200 2432 manuum,
3232 2365 3427 2437 inquit
3455 2365 3536 2421 7°:
3568 2364 3652 2422 ita

2002 2474 2255 2531 namque
2313 2458 2570 2532 Spiritus
2602 2462 2871 2514 sanctum
2921 2458 3281 2528 acceperant,
3312 2453 3492 2511 Paulo
3524 2470 3648 2511 ma-

2003 2566 2116 2608 nus
2147 2549 2294 2622 ipsis
2323 2548 2679 2620 imponente.
2731 2548 2802 2601 Ac
2830 2546 3253 2602 resurrectionis
3282 2553 3648 2601 mortuorum.

2004 2640 2155 2697 Illud
2184 2638 2343 2695 enim
2364 2643 2422 2693 et
2466 2638 2526 2692 in
2557 2636 2851 2707 baptismo
2883 2634 3155 2702 etﬁcitur,
3190 2638 3248 2689 et
3284 2634 3652 2689 confessione

2002 2728 2310 2786 solidatur.
2344 2728 2408 2782 Et
2433 2724 2637 2795 iudicii
2679 2726 2891 2780 aeterni.
2944 2726 3131 2789 Quare
3189 2723 3308 2778 hazc
3349 2721 3652 2794 loquitur?

2003 2817 2150 2882 Quia
2179 2815 2512 2872 verosimile
2533 2820 2659 2870 erat
2708 2830 2829 2882 eos,
2879 2818 3191 2885 postquam
3241 2811 3648 2881 credidissent,

2004 2911 2107 2963 aut
2143 2903 2541 2970 vacillare,aut
2560 2902 2827 2975 improbe
2859 2906 2918 2957 et
2940 2901 3205 2972 segniter
3234 2901 3411 2956 vitam
3441 2916 3641 2972 agere.

2002 2994 2274 3067 Vigilate,
2305 2993 2514 3064 inquit,
2566 3007 2686 3047 non
2716 2990 2853 3046 licet
2909 2989 3140 3045 dicere:
3171 2987 3230 3045 Si
3264 2988 3520 3061 segniter
3564 2988 3651 3043 vi-

2002 3096 2477 3147 vamus,rursum
2509 3078 3205 3151 baptizabimur,rursum
3238 3076 3647 3133 iustituemur:

2004 3188 2242 3229 rursum
2285 3170 2569 3243 Spiritum
2602 3173 2875 3224 sanctum
2936 3166 3311 3238 accipiemus.
3344 3165 3502 3221 Licet
3527 3166 3648 3237 jam

242 3234 370 3329 [δεῖ]
401 3234 569 3310 ταῦτα
676 3255 859 3331 ἀρχῆς
909 3261 1103 3312 ποιεῖν.
1155 3234 1517 3335 Διὸηάφέντες
1552 3259 1644 3315 τὸν
1671 3267 1771 3331 τῆς
1797 3234 1890 3335 sip;

2010 3263 2126 3319 fide
2150 3234 2510 3328 excidemus,
2535 3274 2771 3315 rursum
2804 3234 3127 3329 poterimus
3156 3271 3260 3328 per
3286 3234 3650 3327 baptismum

245 3350 356 3420 χῆς
399 3348 497 3399 τοῦ
548 3346 783 3421 Χριστοῦ
843 3344 1049 3421 λόγον,
1096 3346 1160 3401 τὸ
1206 3347 1331 3418 περὶ
1385 3348 1761 3424 βαπτίσματος
1810 3347 1901 3404 λέ·-

247 3453 384 3509 γειν,
417 3433 506 3487 καὶ
556 3436 762 3510 χειρῶν
804 3432 1115 3506 ἐπιθέσεως,
1176 3433 1249 3490 δι’
1296 3437 1357 3506 ἣν
1405 3438 1469 3491 τὸ
1514 3441 1736 3512 Πνεῦμα
1777 3438 1903 3496 ἐλά-

258 3529 404 3591 Δετε,
452 3522 541 3577 καὶ
597 3526 799 3599 νεκρῶν
850 3525 1189 3588 ἀναστάσεως
1233 3526 1320 3580 καὶ
1377 3526 1623 3603 κρίσεως,
1675 3527 1761 3583 ἰπὶ
1804 3529 1903 3597 τὴν

262 3610 585 3682 τελειότητα
616 3615 916 3688 σερώμεθα.
950 3612 1027 3670 Οὐ
1057 3610 1140 3668 δεῖ
1182 3614 1286 3690 γὰρ
1331 3614 1409 3670 ἀεὶ
1459 3616 1526 3671 τὰ
1575 3616 1710 3672 αὐτὰ
1755 3616 1907 3693 λέγε-

267 3711 410 3764 σθαι.
480 3698 712 3776 Εἴρηται
759 3700 861 3777 γὰρ
913 3702 1048 3775 ἅπαξ
1098 3702 1188 3757 καὶ
1237 3701 1556 3779 γεγένηται.
1606 3704 1782 3763 Ἀλλὰ
1830 3706 1911 3763 δεῖ

265 3788 356 3843 καὶ
412 3789 479 3843 τὰ
532 3796 657 3866 παρ’
710 3791 871 3863 ἡμῶν
930 3790 1300 3869 εἰσφέρεσθαι·
1358 3793 1602 3848 τουτέστι
1658 3798 1911 3871 χρηστὴν

267 3877 574 3949 πολιτείαν,
618 3880 704 3934 καὶ
756 3885 855 3949 τῆς
901 3880 1132 3942 πίστεως
1184 3881 1354 3952 ἀξίαν.
1405 3883 1551 3954 Αὕτη
1596 3887 1699 3959 γὰρ
1749 3888 1783 3954 ἡ
1823 3907 1914 3941 τε-

270 3965 490 4036 λειότης
522 3968 584 4022 τὸ
617 3965 934 4052 ἀμφιδέξιον
968 3969 1100 4023 εἶναι
1148 3971 1246 4040 τήν
1296 3970 1514 4046 ἀρετήν·
1560 3972 1689 4028 ὡσεὶ
1739 3972 1907 4052 ἔλεγε·

265 4056 510 4130 Νήψατε·
545 4055 646 4111 οὐκ
692 4051 765 4110 ἔνι
813 4058 918 4132 γὰρ
971 4061 1127 4127 ζῆσαι
1173 4057 1454 4135 ῥᾳθύμως,
1496 4060 1586 4116 καὶ
1615 4061 1778 4119 πάλιν
1815 4051 1912 4140 βα-

261 4147 594 4214 πτισθῆναι,
643 4144 733 4200 καὶ
794 4143 865 4199 δι’
915 4145 1201 4211 ἐπιθέσεως
1261 4154 1462 4226 χειρῶν
1515 4145 1701 4206 λαϐεῖν
1752 4153 1913 4209 Πνεύ-

264 4254 434 4308 ματος
482 4233 643 4309 ἁγίου
701 4233 1067 4313 ἐπιφοίτησιν.
1121 4236 1279 4313 Τάχα
1328 4235 1386 4293 δὲ
1430 4239 1621 4313 οῦτοι,
1682 4241 1910 4299 Ἰουδαῖ-

258 4323 496 4401 κώτερον
550 4327 893 4402 φρονοῦντες,
952 4321 1041 4379 διὰ
1079 4325 1142 4380 τὸ
1192 4323 1484 4405 διαφόρους
1530 4327 1583 4383 ἐν
1624 4333 1704 4402 τῷ
1753 4330 1910 4405 νόμῳ

259 4412 395 4467 εῖναι
432 4411 795 4489 βαπτισμοὺς,
828 4408 1127 4470 ἐϐούλοντο
1157 4415 1338 4471 καὶτὸ
1382 4423 1484 4487 τῆς
1528 4419 1662 4481 Νέας
1716 4420 1909 4495 βάπτι-

260 4521 391 4573 σμα,
448 4504 509 4556 τὸ
565 4504 664 4572 τήν
725 4501 1139 4580 παλιγγενεσίας
1198 4502 1581 4579 δωρούμενον,
1635 4507 1907 4574 πολλάκις

2012 3354 2250 3423 peccata
2275 3348 2553 3416 abluere;
2597 3347 2918 3417 eademque
2961 3345 3153 3401 denuo
3195 3344 3477 3417 consequi
3530 3361 3658 3418 quae

2015 3440 2406 3514 suppetebant
2438 3443 2627 3495 antea.
2682 3435 3177 3503 Fundamentum,
3206 3434 3423 3507 inquit,
3458 3434 3658 3507 posui-

2016 3546 2172 3598 mus,
2198 3545 2332 3585 cum
2361 3526 2817 3600 baptizaremur,
2841 3524 3413 3580 abrenuntiationem
3445 3523 3664 3581 scilicet

2017 3619 2295 3692 operibus
2325 3618 2572 3673 Satanae.
2604 3613 2793 3671 Semel
2817 3614 2977 3670 enim
3008 3613 3307 3685 baptizati,
3340 3612 3435 3669 his
3462 3613 3665 3669 condi-

2018 3707 2281 3764 tionibus
2325 3703 2599 3778 baptizati
2627 3720 2859 3760 sumus.
2883 3701 3266 3774 Nequaquam
3296 3717 3433 3773 ergo
3463 3701 3666 3757 isthaec

2021 3798 2094 3854 ab
2124 3795 2290 3852 initio
2310 3793 2664 3851 resumenda
2693 3794 2852 3848 sunt.
2913 3792 3259 3862 Quapmpter
3294 3792 3667 3846 intermilten-

2018 3891 2097 3944 tes
2136 3883 2500 3941 inchoationis
2556 3882 2761 3937 Christi
2811 3895 3134 3949 sermonm,
3187 3879 3257 3935 de
3313 3878 3667 3950 baptismate

2020 3974 2337 4048 agendum,
2369 3976 2427 4028 et
2454 3972 2525 4026 de
2574 3968 2949 4042 impositione
2997 3984 3307 4034 manuum,
3350 3983 3456 4038 per
3487 3983 3664 4039 quam

2018 4063 2304 4138 Spiritum
2330 4059 2658 4134 accepistis,
2680 4063 2739 4116 et
2758 4058 2829 4114 de
2851 4062 3217 4114 mortuorum
3240 4055 3670 4112 resurrectione

2019 4171 2085 4212 ac
2109 4151 2359 4226 judicio,
2390 4150 2461 4206 ad
2485 4150 2818 4221 perfectiora
2844 4149 3117 4218 feramur.
3157 4150 3358 4216 Neque
3388 4145 3546 4201 enim
3578 4160 3669 4202 ea-

2019 4245 2151 4302 dem
2182 4257 2415 4314 semper
2443 4243 2585 4296 sunt
2615 4237 2949 4311 repetenda.
2983 4233 3175 4291 Semel
3195 4235 3415 4308 quippe
3443 4235 3663 4290 dictum

2019 4339 2077 4390 et
2106 4334 2325 4389 factum
2352 4334 2462 4386 est.
2494 4327 2604 4384 Sed
2646 4343 2796 4399 opus
2826 4330 2916 4381 est
2948 4329 3013 4381 ut
3041 4327 3244 4381 nostra
3263 4339 3496 4396 quoque
3525 4322 3663 4380 atie-

2017 4438 2220 4479 ramus
2246 4445 2261 4489 ;
2279 4418 2502 4476 scilicet
2524 4420 2903 4472 mansuetum
2923 4414 3054 4479 vita
3068 4412 3662 4481 institutum,uecnon

2018 4512 2154 4570 ﬁdei
2185 4510 2689 4582 dignitatem.Hzec
2719 4504 2876 4560 enim
2909 4509 2999 4559 est
3028 4502 3323 4575 perfectio,
3354 4502 3569 4575 inquit,
3604 4506 3670 4557 ut

252 4588 630 4664 βαπτίζεσθαι·
694 4589 784 4647 διὰ
841 4593 903 4647 τὸ
974 4592 1212 4670 ἀφέσεως
1282 4595 1560 4669 ἁμαρτιῶν
1632 4595 1895 4663 πολλάκις

2013 4600 2378 4659 ambidextra
2408 4597 2486 4652 sit
2514 4595 2722 4661 virtus,
2756 4609 2822 4647 ac
2871 4591 2920 4647 si
2975 4592 3172 4647 dicat:
3232 4589 3517 4663 Vigilate:
3548 4605 3665 4645 non

258 4675 460 4733 ἐθέλειν
495 4678 788 4752 ἀξιοῦσθαι·
818 4678 903 4738 διὸ
936 4682 1140 4760 ἐπάγει·
1164 4679 1452 4739 Ἀδύνατον
1482 4685 1584 4761 γὰρ
1615 4685 1743 4749 τοὺς
1763 4689 1900 4760 ἅπαξ

258 4768 638 4845 φωτισθέντας,
671 4791 722 4826 κ.
755 4791 804 4826 τ.
840 4770 894 4828 λ.

2011 4692 2149 4747 licet
2173 4688 2331 4745 enim
2364 4684 2624 4759 segniter
2649 4683 2840 4738 vivere
2871 4697 2937 4737 ac
2970 4696 3206 4737 rursum
3262 4678 3565 4751 baptizari,
3598 4694 3667 4733 ac

2013 4797 2117 4855 per
2144 4775 2582 4849 impositionem
2616 4787 2901 4828 manuum
2952 4769 3233 4840 Spiritum
3259 4769 3527 4822 sanctum
3561 4767 3665 4820 ad-

254 4857 580 4915 venientem
609 4861 890 4933 accipere.
924 4863 1211 4921 Fortassis
1241 4869 1439 4921 autem
1470 4865 1542 4922 iis
1572 4866 1671 4938 qui
1703 4867 2039 4928 Judaaorum
2064 4884 2227 4925 more
2266 4864 2548 4931 sentiunt,
2583 4861 2738 4934 quod
2770 4859 2912 4916 varii
2956 4858 3076 4914 sint
3105 4857 3163 4912 in
3196 4856 3321 4928 lege
3360 4855 3662 4926 baptismi,

255 4946 526 5002 volebant
559 4965 717 5003 novae
747 4965 976 5022 quoque
1009 4952 1154 5024 legis
1186 4953 1503 5026 baptismo,
1535 4955 1635 5027 qui
1686 4959 2185 5030 regenerationem
2207 4954 2436 5018 tribuit,
2459 4950 2806 5024 plerumque
2836 4945 3158 5019 baptizari:
3190 4944 3344 5015 quod
3381 4945 3665 5030 cuperent

253 5047 404 5104 saepe
435 5032 549 5089 sibi
581 5033 983 5092 remissionem
1007 5039 1245 5095 concedi
1273 5045 1675 5113 peccatorum;
1708 5029 2084 5114 quamobrem
2112 5043 2318 5099 infert:
2379 5037 2712 5111 lmpossibile
2754 5036 2907 5091 enim
2937 5041 3033 5104 est,
3064 5047 3153 5088 eos
3207 5032 3307 5103 qui
3333 5030 3500 5084 semel
3531 5029 3664 5085 illu-

253 5122 463 5177 minati
484 5126 612 5177 sunt
639 5122 707 5189 ⁷⁷,
739 5126 848 5178 etc.

322 5265 369 5299 7‘
395 5265 570 5322 Hebr.
604 5282 678 5337 v1,
709 5266 763 5321 2.
795 5266 839 5301 7"
868 5265 1013 5326 ibid.
1050 5270 1099 5326 1.
1122 5271 1168 5306 ⁷⁸
1198 5271 1339 5329 ibid.
1373 5274 1428 5328 2.
1450 5274 1493 5309 ⁷⁷
1525 5274 1669 5330 ibid.
1702 5274 1752 5328 4.
