4002 6424
358 475 383 531 1
397 474 514 534 223

890 474 954 536 S.
1001 477 1427 541 A'I‘HANASII
1472 477 1646 538 OPP.
1689 476 1890 538 PARS
1935 475 1983 537 l.
2017 508 2096 521 —
2124 475 2541 539 HISTOBICA
2585 478 2684 539 ET
2731 475 3210 540 DOGMATICA.

3611 478 3760 538 1224

436 606 586 669 Cod.
619 607 795 670 Colh.
827 609 1002 690 754097
1033 607 1338 690 Panoplia
1383 608 1703 690 Euthymii
1744 607 2084 690 Zygabeni,
2144 607 2208 668 in
2257 628 2380 689 qua
2451 609 2764 688 permulta
2819 615 3064 690 exstant
3119 627 3191 670 ex
3234 609 3562 670 Athanasii
3615 628 3763 689 ope-

353 686 527 749 ribus
553 707 744 769 supra
770 688 952 750 editis
977 686 1290 770 excerpta.
1321 691 1446 752 Nos
1474 686 1806 753 ea'solum'
1838 686 2062 751 damus
2109 706 2252 768 quis
2279 686 2614 770 nusquam
2664 694 2915 752 exstant
2970 689 3159 752 edita.
3212 690 3418 754 Dubia
3470 686 3768 755 videntur

354 785 506 830 8888.

357 925 386 954 «
409 902 1070 996 Ejusdem‘gthanasii)
1125 910 1326 990 contra
1379 905 1779 990 Yalentinum,
1805 907 1908 979 qui
1938 907 1992 996 in

2111 905 2222 963 Τοῦ
2259 903 2463 996 καρτοῦ
2534 904 2901 996 (Ἀθανασίοε)
2983 906 3120 960 κατὰ
3164 901 3559 996 -Οὐαλεντένου
3592 947 3607 974 ,
3651 907 3763 992 ’.τὰ

424 973 629 1052 multis
659 974 948 1052 consentit
998 973 1134 1034 cum
1188 977 1261 1034 iis
1320 977 1420 1051 qui
1465 995 1648 1052 supra
1691 973 2000 1036 memorati

421 1051 562 1102 sunt
591 1045 902 1104 hasreticis.
938 1069 968 1098 ››

418 1187 565 1254 Quid
597 1205 787 1246 causa
817 1193 909 1246 est
937 1189 1091 1260 quod
1124 1188 1321 1246 dicitis
1336 1190 1656 1260 Christum,
1678 1190 1996 1260 calentem,

350 1291 466 1334 non
497 1277 820 1333 humanam
849 1277 1117 1334 induise
1135 1293 1535 1350 carnem,cum
1562 1278 1877 1352 Apostolus
1908 1280 1996 1336 di-

351 1371 474 1422 cat:
501 1390 526 1416 «
554 1366 660 1433 Qui
711 1365 1040 1423 sanctificat
1067 1374 1126 1424 et
1152 1368 1256 1439 qui
1296 1368 1760 1436 sanctiﬁcantur,
1786 1385 1856 1426 ex
1879 1385 1996 1426 uno

348 1456 596 1511 omnes?
624 1455 811 1520 Quam
841 1456 916 1511 ob
947 1473 1188 1513 causam
1213 1474 1329 1514 non
1359 1459 2000 1532 erubescit,inquii,fra-

347 1549 466 1599 tres
495 1559 596 1600 eos
624 1542 940 1616 appellare,
971 1545 1173 1602 dicens
1198 1563 1212 1602 :
1245 1546 1506 1604 Narrabo
1562 1564 1780 1604 nomen
1823 1553 1992 1604 tuum

345 1632 628 1689 fratribus
657 1632 807 1690 meis
829 1634 896 1688 ⁸³⁸.
920 1637 1000 1690 Ex
1020 1651 1176 1691 uno»
1201 1641 1798 1708 autem,quonam.’ex
1813 1637 1994 1694 Adam

345 1721 635 1786 videlicet,
666 1723 874 1779 1018
895 1722 1069 1794 juxta
1099 1723 1268 1782 Luca
1301 1724 1727 1799 genealogiam.
1759 1732 1842 1783 Ac
1861 1744 1992 1783 rur-

347 1827 480 1867 sum
503 1828 516 1867 :
551 1812 690 1880 Quia
717 1811 882 1883 pueri
896 1814 1442 1870 communicaverunt
1455 1817 1624 1871 carni
1637 1824 1694 1872 et
1708 1817 1992 1888 sanguini,

343 1904 395 1957 et
423 1901 540 1968 ipse
565 1900 834 1957 similiter
848 1901 1208 1974 participaui:
1237 1902 1441 1960 eisdem
1467 1903 1532 1940 "-
1565 1905 1751 1977 Atque
1782 1910 1847 1960 ut
1874 1921 1993 1961 cm-

343 1987 508 2046 lestis
554 1989 752 2046 carnis
804 1990 1030 2046 adimat
1077 1991 1498 2064 suspicionem,
1533 1993 1815 2065 subjecit:
1857 1995 1996 2050 Nus-

344 2095 510 2150 quam
537 2080 686 2134 enim
707 2080 932 2149 angelos
950 2080 1336 2153 apprehendit,
1365 2081 1467 2138 sed
1490 2099 1670 2138 semen
1699 2085 1945 2140 Abrahae
1973 2101 1995 2137 .-

342 2166 488 2223 uudc
513 2168 704 2223 debuit
728 2184 828 2240 per
863 2171 1054 2226 omnia
1098 2171 1373 2241 fratribus
1409 2172 1663 2228 similari
1681 2173 1748 2227 ⁸ο.
1771 2172 1840 2227 Et
1869 2171 1993 2244 plu-

2182 973 2369 1054 ⁴πολλὰ
2425 973 2750 1054 ησυμφώνου
2841 973 2998 1041 ὄντος
3097 982 3215 1040 τοῖς
3317 973 3762 1052 προδηλωθεῖσιν

2181 1050 2498 1123 αἱρετικοῖς.

2177 1194 2299 1252 Πῶς
2352 1189 2537 1266 λέγετε
2583 1189 2818 1265 Χριστὸν
2881 1189 3130 1264 οὐρανίαν
3198 1190 3367 1264 σάρκα
3421 1183 3755 1264 περιϐεϐλῆ-

2107 1281 2266 1351 σθαι,
2307 1279 2400 1334 καὶ
2461 1277 2562 1334 οὐκ
2607 1277 2975 1352 ἀνθρωπίνην,
3025 1277 3202 1336 καίτοι
3255 1283 3353 1334 τοῦ
3407 1277 3757 1335 ’Δποστόλου

2105 1368 2436 1448 φάσκοντοςο
2513 1369 2577 1426 Ὁ
2657 1367 2890 1443 ἁγιάζων
2963 1369 3051 1426 καὶ
3129 1368 3182 1423 οἱ
3256 1367 3612 1444 ἁγιαζόμενοι
3703 1366 3755 1439 ἐξ

2105 1458 2221 1520 ἑνὸς
2269 1459 2504 1527 πάντεςς
2554 1458 2632 1512 Δι’
2679 1460 2744 1526 ἦν
2799 1457 2971 1513 αἰτίαν
3036 1455 3140 1512 οὐκ
3186 1456 3608 1533 ἐπαισχύνεται,
3659 1478 3760 1535 φης

2104 1547 2210 1616 σὶν,
2265 1544 2532 1624 ἀδελφοὺς
2609 1545 2804 1609 αὐτοὺς
2876 1545 3083 1619 καλεῖν,
3157 1544 3354 1624 λέγων’
3435 1551 3758 1620 ’Δπαγγελῶ

2099 1636 2164 1692 τὸ
2219 1633 2393 1710 ὄνομα
2469 1657 2566 1690 σου
2627 1640 2744 1698 τοῖς
2813 1632 3076 1714 ἀδελφοῖς
3159 1657 3287 1709 μου.
3345 1636 3434 1706 Ἐξ
3493 1635 3612 1698 ἑνὸς
3673 1633 3755 1705 δὲ,

2099 1724 2288 1793 τίνος;
2350 1729 2458 1781 Τοῦ
2520 1721 2699 1798 Ἀδὰμ
2746 1721 3030 1795 δηλονότι,
3078 1724 3215 1780 κατὰ
3259 1725 3358 1794 τήν
3407 1729 3506 1779 τοῦ
3572 1728 3756 1782 Λουκί

2102 1812 2468 1890 γενεαλογίαν·
2527 1813 2618 1869 καὶ
2689 1812 2876 1869 πάλιν·
2955 1814 3103 1869 Ἐπεὶ
3179 1813 3249 1870 τὰ
3315 1809 3508 1869 παιδία
3573 1834 3756 1869 κεκοι-
3817 1877 3825 1884 ,

2100 1904 2314 1973 νώνηκε
2387 1903 2584 1976 σαρκὸς
2658 1901 2748 1956 καὶ
2823 1901 3094 1975 αἳματος,
3157 1901 3251 1957 καὶ
3331 1900 3494 1965 αὐτὸς
3573 1921 3749 1978 παραυ

2101 1990 2352 2063 πλησῖως
2413 1989 2609 2066 ἐπέσχε
2653 1995 2761 2045 τῶν
2808 1990 3008 2047 αὐτῶν.
3059 1991 3323 2066 Ἀναιρῶν
3399 1988 3460 2046 δὲ
3505 1989 3596 2046 καὶ
3651 1992 3750 2060 τήν

2103 2081 2380 2154 ὑπόληψιν
2409 2087 2509 2149 τῆς
2560 2080 2818 2156 οὐρανίου
2878 2080 3096 2152 σαρκὸς,
3153 2078 3446 2154 ἐπήγαγενο
3507 2079 3588 2136 Οὑ
3647 2080 3752 2156 γὰρ

2103 2167 2281 2240 δήπου
2352 2167 2594 2245 ἀγγέλων
2674 2165 3128 2242 ἐπιλαμϐάνεται,
3204 2167 3354 2224 ἀλλὰ
3437 2169 3748 2246 σπέρματος

343 2255 495 2312 rima
523 2256 952 2328 ejusmodi.Sed
979 2259 1280 2330 Dominus,
1316 2259 1503 2328 aiunt,
1534 2260 1676 2316 dixit
1715 2260 1776 2316 in
1805 2261 1991 2318 Evan-

2105 2255 2373 2333 Ἀϐρααμ·
2461 2258 2580 2313 ὅθεν
2664 2253 2868 2335 ὤφειλε
2939 2257 3075 2313 κατᾶ
3146 2259 3317 2312 πάντα
3384 2263 3504 2321 τοῖς
3587 2255 3749 2314 ἀδελ-

344 2345 514 2418 geliis
538 2363 587 2402 τι
603 2347 783 2402 Nemo
800 2348 1138 2404 ascenditin
1156 2349 1510 2418 cmlum,nisi
1531 2350 1633 2422 qui
1654 2367 1723 2406 ex
1739 2349 1884 2407 cosio
1896 2352 1994 2408 de-

347 2434 766 2492 scenditFilius
798 2434 1081 2506 hominis,
1108 2440 1208 2509 qui
1227 2445 1318 2494 est
1339 2439 1554 2496 incmlo
1569 2439 1637 2494 “.
1668 2441 1742 2496 Ac
1767 2456 1997 2496 rursum

346 2525 629 2596 Apostolus
651 2523 915 2580 :Primus
937 2524 1112 2582 homo
1128 2526 1200 2581 de
1213 2532 1369 2582 terra
1380 2532 1645 2585 terrenus
1669 2529 1995 2596 ;secundus

343 2609 540 2678 homo,
562 2611 826 2667 Dominus
848 2612 1082 2681 scilicet,
1113 2613 1185 2669 de
1223 2613 1366 2670 ccnlo
1395 2613 1646 2672 cmlestis
1674 2615 1742 2671 ⁸³.
1773 2638 1802 2666 ››
1849 2616 1992 2674 Ecce

345 2700 503 2756 enim
535 2699 842 2772 utrobique
871 2699 1125 2758 catastis
1156 2701 1332 2758 homo
1379 2704 1738 2760 nominatur.
1767 2705 1992 2769 Quibus

346 2791 772 2863 respondemus
795 2807 810 2847 :
843 2793 984 2845 Cum
1009 2790 1302 2862 Christus,
1343 2793 1445 2864 qui
1477 2792 1692 2866 duplex
1711 2799 1802 2850 est
1820 2799 1992 2850 natu-

346 2879 430 2936 ris
459 2879 830 2948 suis,unicus
857 2883 1057 2935 tamen
1080 2880 1158 2935 sit
1187 2879 1511 2952 hypostasi,
1534 2898 1658 2952 quas
1683 2882 1994 2956 utriusque

346 2973 489 3026 sunt
515 2975 738 3025 naturas
767 2967 882 3025 sibi
912 2970 1148 3041 propria
1175 2967 1374 3025 efﬁcit.
1406 2973 1476 3026 Et
1525 2969 1698 3026 sicuti
1741 2976 1992 3044 Aposto-

353 3057 448 3113 lus
479 3074 612 3113 cum
644 3057 791 3114 dixit
819 3059 893 3114 de
915 3056 990 3115 iis
1019 3058 1121 3130 qui
1166 3057 1463 3114 Christum
1523 3059 1899 3115 occiderunt:
1931 3059 1994 3116 Si

350 3148 746 3216 cognmvissenl,
778 3162 1066 3219 nunquam
1100 3149 1402 3203 Dominum
1439 3148 1638 3217 gloria
1680 3149 1992 3219 cruciﬁxi:-

344 3240 466 3291 senl
493 3235 937 3308 “,nequaquam
968 3235 1262 3308 signiﬁcat
1273 3252 1509 3309 passam
1539 3253 1669 3293 esse
1687 3237 1990 3306 deitatem,

347 3339 476 3395 quas
509 3329 599 3380 est
625 3324 910 3381 Dominus
938 3323 1157 3397 glorias,
1190 3325 1292 3382 sed
1316 3342 1439 3382 rem
1469 3330 1871 3398 assumptam;
1903 3327 1990 3384 sic

345 3411 406 3467 in
439 3412 600 3469 hisce
629 3412 806 3469 dictis
834 3413 1033 3486 ipsum
1065 3413 1278 3470 Filium
1309 3419 1366 3470 et
1393 3413 1578 3470 Deum
1605 3431 1991 3487 passumesse

344 3501 583 3569 dicitur,
616 3503 689 3558 ob
723 3517 901 3558 unam
921 3502 1158 3558 deitatis
1178 3503 1542 3576 hypostasin,
1565 3519 1692 3576 qua
1721 3503 1993 3562 humana

345 3605 578 3663 quoque
602 3598 826 3648 naturae
875 3590 1210 3664 hypostasis
1249 3595 1402 3648 facta
1441 3597 1531 3649 est
1560 3609 1574 3660 ;
1605 3592 1710 3649 sed
1742 3609 1988 3665 passum

2105 2354 2229 2424 φοῖς
2260 2349 2621 2421 ὁμοιωθῆναι.
2677 2348 2770 2401 Καὶ
2825 2344 3013 2402 πολλὰ
3057 2350 3300 2403 τοιαῦτα.
3357 2345 3515 2404 Ἀλλ’
3569 2348 3599 2402 6
3647 2346 3752 2402 Κύ-

2105 2457 2220 2513 ριος
2251 2479 2265 2505 ,
2314 2435 2515 2514 φασὶν,
2574 2433 2788 2510 εἷ’ρηκεν
2839 2434 2892 2490 ἐν
2938 2441 3062 2498 τοῖς
3111 2434 3496 2511 Εὖαγγελίοις·
3550 2434 3744 2494 Οὐδεὶς

2103 2521 2430 2596 ἀναϐέϐηκεν
2491 2525 2565 2587 εἷς
2620 2525 2711 2579 τὸν
2764 2525 3036 2599 οὐρανὸν,
3077 2524 3124 2580 εἰ
3184 2527 3260 2598 μή
3311 2525 3340 2579 6
3394 2524 3454 2580 ἐκ
3499 2529 3597 2579 τοῦ
3656 2523 3749 2579 οὑ-

2103 2620 2266 2690 ρανοῦ
2313 2615 2576 2690 καταβὰς,
2623 2615 2652 2668 ό
2697 2614 2820 2675 Υἱὸς
2867 2617 2965 2668 τοῦ
3013 2612 3327 2687 ἀνθρώπου,
3375 2614 3405 2668 δ
3453 2610 3526 2667 ὤν
3579 2612 3632 2669 έν
3670 2617 3750 2686 τῷ

2101 2703 2335 2780 οὖρανῷ’
2395 2704 2486 2760 καὶ
2535 2705 2563 2758 ὁ
2621 2701 2963 2765 Ἀπόστολος
3022 2701 3219 2757 πάλιν*
3269 2703 3331 2759 Ὀ
3377 2706 3596 2775 πρῶτος
3651 2703 3750 2756 ἆν-

2101 2805 2320 2868 θρωπος
2378 2791 2439 2848 ἐκ
2493 2800 2596 2867 γῆς
2647 2792 2844 2868 χοϊκός
2875 2811 2887 2824 ·
2949 2792 2977 2846 6
3032 2788 3280 2866 δεύτερος
3342 2788 3666 2865 ἅνθρωπος,
3719 2791 3748 2845 6

2101 2882 2324 2958 Κύριος,
2385 2881 2436 2953 ἐξ
2492 2882 2725 2957 οὐρανοῦ
2782 2881 3052 2956 οὐράνιος.
3119 2877 3258 2934 Ἰδοὺ
3332 2879 3432 2954 γὰρ
3503 2878 3750 2956 ἀμφοτὲ-

2101 2973 2271 3045 ρωθεν
2347 2970 2595 3048 οὐράνιος
2663 2971 2950 3046 ἄνθρωπος
3027 2967 3373 3042 ὀνομάζεται.
3437 2968 3584 3044 Πρὸς
3655 2966 3747 3030 οὕς

2099 3059 2350 3136 ἐροῦμεν,
2400 3060 2484 3115 ὅτι
2515 3058 2627 3114 ἐπεὶ
2659 3057 2888 3121 διπλοῦς
2917 3054 2990 3112 ὤν
3023 3063 3139 3120 ταῖς
3170 3057 3385 3134 φύσεσιν
3417 3057 3446 3112 6
3487 3058 3746 3131 Χριστὸς,

2102 3146 2394 3223 μοναδικός
2447 3147 2557 3204 ἐστι
2602 3150 2704 3217 τήν
2768 3148 3096 3219 ὑπόστασιν,
3142 3143 3492 3201 ἴδιοποιεῖται
3538 3147 3607 3200 τὰ
3648 3148 3749 3210 τῆς

2099 3239 2350 3311 ἑκατέρας
2398 3237 2627 3317 φύσεως.
2681 3236 2778 3291 Καὶ
2825 3237 3066 3310 καθαπερ
3114 3236 3143 3290 6
3195 3232 3530 3296 Ἀπόστολος
3577 3233 3744 3288 εἰπών

2097 3326 2220 3402 περὶ
2251 3332 2358 3382 τῶν
2391 3325 2802 3403 Χριστοκτόνων
2848 3327 2952 3380 ὅτι.
3005 3325 3068 3382 Εἰ
3119 3322 3380 3399 ἔγνωσαν,
3434 3323 3539 3378 οὐκ
3569 3321 3629 3377 ἂν
3655 3323 3749 3378 τὸν

2097 3415 2300 3492 Κύριον
2347 3423 2450 3486 τῆς
2498 3412 2660 3486 δόξης
2709 3413 3071 3490 ἐσταύρωσαν,
3124 3412 3185 3469 οὐ
3231 3415 3331 3482 τὴν
3377 3412 3609 3483 θεότητα
3646 3432 3744 3467 πε-

2094 3506 2349 3560 πονθέναι
2377 3503 2561 3584 φησὶν,
2589 3503 2713 3574 ἥτις
2741 3502 2852 3559 ἐστὶ
2887 3502 3083 3578 Κύριος
3108 3509 3209 3572 τῆς
3240 3499 3428 3574 δόξης,
3478 3499 3628 3556 ἀλλὰ
3683 3499 3746 3555 τὸ

2095 3593 2462 3668 πρόσλημμα·
2514 3593 2658 3648 οὕτω
2705 3591 2795 3650 καὶ
2843 3590 2929 3648 ἐπὶ
2973 3595 3078 3646 τῶν
3127 3591 3307 3668 ῥητῶν
3338 3588 3548 3646 τούτων
3581 3589 3744 3651 αὐτὸς

344 3654 671 3736 secundum
693 3654 1018 3736 humanam
1039 3696 1210 3736 suam
1241 3686 1534 3750 naturam,
1551 3654 1825 3754 atqus'ex
1845 3681 1988 3740 cmlo

2105 3654 2196 3758 uti!
2266 3654 2475 3746 ὁΗίἸὸς
2532 3682 2623 3738 καὶ
2672 3682 2800 3744 Θεὸς
2849 3654 3455 3755 πεπονθέναίλέγεται,
3507 3676 3598 3734 διὰ
3642 3679 3741 3748 τὴν

341 3767 580 3842 quidem
602 3769 1000 3837 descendisse,
1052 3775 1109 3826 et
1130 3769 1517 3827 nihilominus
1559 3770 1618 3826 in
1663 3769 1807 3828 caelo
1836 3787 1985 3842 esse,

341 3857 668 3914 secundum
701 3856 1045 3930 hypostasin
1077 3858 1547 3926 deitatis,Filium
1569 3864 1768 3917 autem
1798 3859 1989 3916 homi-

341 3949 434 4006 nis
463 3965 594 4007 esse
620 3949 948 4006 secundum
973 3956 1248 4006 naturam
1271 3953 1566 4022 postremo
1597 3957 1986 4023 assumptam,

342 4044 477 4112 post
507 4040 856 4096 descensum
883 4054 952 4096 ex
981 4038 1145 4096 coelo.
1176 4041 1256 4094 Ac
1287 4055 1523 4095 rursum
1549 4057 1562 4094 :
1588 4039 1744 4096 idem
1789 4039 1986 4098 Domi-

341 4145 452 4185 nus
483 4133 718 4202 propter
743 4144 924 4184 unam
975 4127 1340 4202 bypostasin,
1393 4128 1692 4186 secundus
1749 4129 1988 4201 quidem

341 4217 519 4274 homo
561 4217 888 4275 secundum
937 4218 1167 4274 unitam
1223 4217 1687 4276 humanitatem:
1745 4234 1815 4275 ex
1845 4218 1989 4276 casio

342 4312 562 4378 autem,
593 4308 920 4364 secundum
951 4307 1338 4364 divinitatem.
1387 4306 1512 4365 Nisi
1567 4308 1724 4365 enim
1785 4323 1992 4366 unam-

343 4411 641 4468 quamque
696 4396 932 4468 proprie
988 4395 1479 4464 intellexerimus,
1502 4397 1563 4453 in
1599 4396 1991 4472 repugnantia

343 4484 682 4557 Apostolum
721 4483 1124 4555 conjiciemus.
1147 4486 1452 4550 Quomodo
1479 4486 1637 4543 enim
1663 4503 1768 4559 per
1792 4485 1992 4544 omnia

342 4571 559 4628 similis
585 4572 756 4629 nobis
772 4572 1066 4630 terrenis?
1093 4575 1397 4642 Quomodo
1452 4576 1633 4632 etiam
1688 4575 1866 4634 frater
1894 4591 1992 4633 no-

343 4666 482 4729 ster,
515 4659 618 4734 qui
648 4677 825 4718 carne
852 4661 1072 4719 ccslesti
1126 4661 1372 4720 indutus
1427 4663 1549 4720 sit?
1604 4665 1670 4720 Et
1719 4671 1994 4722 sexcenta

344 4748 462 4807 alia
483 4751 741 4808 absurda
769 4751 910 4808 hinc
933 4765 1388 4825 consequentur.

2101 3772 2228 3846 μίαν
2283 3772 2572 3828 ὑπόστασιν
2623 3777 2725 3840 τῆς
2783 3769 3063 3842 θεότητος,
3110 3767 3232 3838 ἥτις
3275 3767 3368 3823 καὶ
3410 3771 3482 3843 τῇ
3532 3769 3746 3842 ἀνθρω-

2098 3861 2224 3936 πίνῃ
2271 3860 2422 3938 φύσει
2474 3860 2694 3936 γέγονεν
2746 3858 3074 3921 ὑπόστασις·
3127 3857 3447 3922 πεπονθέναι
3499 3853 3559 3912 δὲ
3604 3857 3741 3912 κατὰ

2096 3952 2194 4020 τήν
2242 3948 2583 4023 ἀνθρωπίνην
2636 3949 2792 4026 φύσιν
2854 3948 3044 4018 αὐτοῦ,
3101 3947 3192 4002 καὶ
3245 3944 3307 4002 ἐκ
3353 3950 3451 4002 τοῦ
3510 3945 3744 4021 οὐρανοῦ

2101 4041 2196 4113 μὶν
2225 4033 2674 4112 καταϐεϐηκέναι,
2732 4038 2823 4093 καὶ
2879 4035 2932 4092 ἐν
2990 4037 3070 4110 τῷ
3126 4036 3344 4113 οὐρανῷ
3404 4035 3562 4102 εἶναι,
3610 4033 3749 4090 κατὰ

2094 4130 2192 4197 τὴν
2229 4127 2518 4183 ὑπόστασιν
2580 4133 2678 4196 τῆς
2728 4126 3003 4196 θεότητος·
3063 4125 3186 4180 Υἱὸν
3245 4121 3306 4180 δὶ
3351 4124 3641 4199 ἀνθρώπου
3673 4123 3748 4178 εῖ-

2095 4239 2183 4275 ναι
2238 4217 2374 4273 κατὰ
2425 4218 2527 4286 τήν
2585 4216 2803 4291 ὕστερον
2861 4213 3305 4292 προσληφθεῖσαν
3361 4211 3554 4291 φύσιν,
3607 4211 3747 4285 μετᾶ

2097 4308 2195 4377 τήν
2225 4306 2276 4379 ἐξ
2307 4306 2541 4382 οὐρανοῦ
2594 4302 2850 4362 κάθοδον.
2909 4303 3008 4359 Καὶ
3055 4302 3218 4360 πάλιν
3266 4303 3294 4358 6
3339 4302 3500 4364 αὐτὸς
3543 4301 3749 4378 Κύριος

2099 4393 2189 4452 διὰ
2241 4396 2344 4464 τὴν
2404 4394 2529 4469 μίαν
2586 4393 2898 4450 ὑπόιειιιεαιτιν⁸
2955 4391 3205 4467 δεύτερος
3285 4391 3382 4464 μὶν
3457 4389 3748 4467 ἄνθρωπος

2097 4485 2236 4542 κατὰ
2288 4485 2388 4554 τήν
2439 4482 2729 4556 ἡνωμένην
2783 4482 3217 4558 ἀνθρωπότητα,
3293 4479 3346 4552 ἐξ
3404 4478 3638 4556 οὐρανοῦ
3685 4476 3749 4534 δὲ

2097 4573 2233 4630 κατὰ
2253 4573 2354 4642 τήν
2385 4573 2634 4642 θεότηταο
2687 4571 2732 4626 εἰ
2781 4572 2886 4647 γὰρ
2935 4573 3011 4644 μὴ
3069 4571 3354 4644 νοήσωμεν
3401 4567 3636 4638 εκάστην
3667 4567 3749 4623 οῗ-

2098 4665 2284 4731 κείως,
2337 4660 2765 4737 ἐναντιολογίαις
2822 4655 3208 4733 ὑποϐαλοῦμεν
3262 4660 3353 4715 τὸν
3407 4656 3750 4714 ’Δπόστολον

2101 4755 2223 4814 [Ιῶς
2255 4752 2360 4827 γὰρ
2390 4751 2527 4806 κατᾶ
2551 4751 2720 4805 πάντα
2749 4749 2943 4822 ὃμόιος
2970 4751 3105 4821 ἡμῖν
3155 4753 3272 4810 τοῖς
3316 4744 3566 4824 γηΐνοιςς
3619 4751 3750 4810 Πῶς

2101 4840 2160 4898 δὲ
2189 4838 2426 4920 ἀδεηφὸς
2455 4843 2640 4914 ἡμῶν,
2672 4840 2701 4893 6
2733 4841 2902 4911 σάρκα
2934 4837 3188 4913 οὐραιιίαν
3226 4831 3708 4915 περιϐεϐλημῖνος
3735 4855 3752 4908 ;

2099 4929 2199 4986 Καὶ
2232 4927 2378 4985 ἄλλα
2407 4927 2466 4984 δὲ
2499 4926 2664 5004 μυρία
2703 4927 2876 4983 ἄτοπα
2903 4924 3112 5002 ἕψεται.

418 5121 447 5149 ‹‹
475 5100 552 5154 Ex
585 5099 884 5174 Euthymii
912 5101 1184 5158 monachi
1215 5101 1869 5174 Zygabeni,0rthodoxas
1889 5101 2025 5159 ﬂdei
2055 5097 2752 5174 dogmaticapanopliap
2771 5098 2974 5174 Graeco
3003 5097 3290 5156 translata
3318 5113 3422 5172 per
3441 5096 3679 5155 Petrum

1198 5172 1576 5231 Era—nciscum
1605 5175 1814 5232 Zinum
1835 5172 2252 5232 Veronensem.
2287 5172 2494 5228 Parisii
2519 5188 2703 5228 sanno
2736 5172 2892 5226 1556.

415 5343 443 5370 ‹‹
476 5319 670 5392 Magni
701 5317 1034 5385 Athanasii,
1067 5318 1350 5375 adversus
1375 5317 1530 5387 illos,
1562 5317 1663 5391 qui
1693 5317 1990 5375 Christum

345 5425 525 5465 unam
559 5425 690 5467 esse
717 5409 920 5466 dicunt
934 5413 1205 5463 naturam
1229 5408 1805 5480 compositam.Licet
1832 5407 1990 5466 enim

344 5503 552 5570 postea
581 5499 654 5555 ab
685 5497 945 5572 Eutyche
974 5501 1032 5553 et
1067 5497 1342 5553 Dioscoro
1399 5496 1832 5571 monophysitis
1869 5495 1992 5553 hec

347 5588 588 5644 heresis
619 5588 796 5644 fuerit
825 5593 1157 5660 prorogata,
1174 5589 1411 5642 fuerunt
1439 5591 1636 5643 tamen
1671 5592 1845 5642 antea
1865 5585 1994 5659 qui-

347 5677 506 5745 dam,
539 5677 642 5748 qui
690 5676 928 5735 nefarias
957 5676 1132 5733 istius
1161 5676 1454 5748 opinionis
1484 5676 1710 5734 semina
1734 5677 1992 5750 projece-

2099 5320 2260 5372 runt.
2290 5315 2543 5371 Sanctus
2572 5319 2770 5370 autem
2800 5313 3087 5370 Maximus
3114 5329 3248 5371 eam
3278 5312 3422 5370 dicit
3444 5311 3752 5386 Apollina-

2098 5406 2252 5461 rium
2269 5403 2713 5479 disseminasse.
2751 5425 2781 5453 »

2170 5494 2316 5558 Quid
2343 5497 2760 5564 argumentum
2792 5491 2960 5561 illud,
2993 5509 3109 5564 quo
3167 5490 3347 5548 veluti
3396 5490 3580 5548 ariete
3626 5489 3758 5548 ani-

2102 5603 2230 5642 mas
2251 5588 2457 5658 petunt
2483 5584 2792 5658 ?_partem,
2816 5582 3116 5656 inquiunt,
3174 5582 3443 5640 essentia
3505 5582 3762 5656 proprias

2101 5675 2258 5734 Deus
2319 5673 2460 5731 fecit
2513 5689 2751 5732 carnem
2807 5677 3201 5746 assumptam.
3240 5669 3316 5730 Ut
3343 5687 3410 5730 eo
3434 5675 3608 5745 pacto
3640 5687 3766 5729 una

413 5821 458 5855 ⁷⁸
481 5817 654 5876 Hebr.
687 5833 750 5888 ιι,
783 5822 870 5894 11,
902 5823 990 5878 42.
1022 5823 1068 5859 7'
1095 5821 1236 5880 ibid.
1273 5823 1358 5878 14.
1390 5823 1436 5858 ⁸ο
1467 5823 1608 5879 ibid.
1645 5823 1734 5895 16,
1766 5823 1921 5882 17.⁸¹
1950 5824 1992 5882 ,ἶι

2109 5865 2124 5881 .
2157 5839 2247 5896 ιιι,
2275 5821 2362 5878 13.
2393 5820 2441 5857 ⁸²
2470 5819 2492 5877 I
2521 5825 2650 5878 Cor.
2684 5835 2782 5888 xv,
2809 5819 2897 5876 47.
2938 5817 2985 5856 ⁸³
3019 5818 3041 5874 Ι
3070 5821 3199 5876 Cor.
3233 5818 3304 5889 Il,
3335 5817 3390 5876 8.
