4002 6416
1162 54 2081 83 ﬂ

224 443 359 503 i225

1508 434 1989 517 FRAGMENTA
2032 434 2295 497 VARIA.

3454 435 3611 496 1226

221 582 520 649 utrumque
572 571 828 629 essentia
883 554 1266 643 intelligatur,
1325 584 1451 642 quas
1507 565 1853 641 impatibilis
1887 572 1940 647 Α
1971 567 2067 622 bet
2096 583 2223 639 quas
2254 566 2725 639 patiatur?Quid
2756 566 2871 622 ista
2900 566 3200 639 impietate
3227 568 3414 638 magis
3456 569 3613 623 nefa-

223 667 306 733 sit,
338 669 626 738 quatenus
656 661 907 718 Verbum
939 664 1067 725 est;
1101 658 1357 730 patiatur
1388 662 1584 712 autem
1627 662 1852 727 partem

222 756 423 827 carnis,
454 770 581 822 quae
613 767 746 807 cum
776 749 964 805 Verbo
996 749 1067 804 ad
1096 764 1272 804 unam
1301 745 1617 802 essentiam
1658 744 1857 801 absol-

224 845 455 900 vendam
489 838 804 897 concurrit.
834 842 951 893 Hoc
982 841 1178 892 autem
1235 835 1559 891 absurdum
1620 850 1748 888 esse
1805 836 1861 887 et

226 931 461 989 maxime
482 928 928 995 exsecrandum,
954 924 1120 980 facile
1141 923 1330 996 quivis
1354 922 1661 994 intelligat.
1696 922 1857 990 Pars,

224 1021 509 1093 inquiunt,
544 1018 750 1073 divinae
781 1014 1049 1072 essentia:
1080 1029 1234 1082 caro,
1261 1016 1317 1067 et
1347 1012 1503 1082 quod
1538 1010 1726 1083 magis
1780 1009 1862 1062 ri-

227 1111 470 1167 dendum
518 1112 628 1177 est,
682 1122 818 1178 pars
868 1102 1048 1171 illius,
1083 1101 1183 1173 qui
1214 1100 1408 1156 nullas
1438 1098 1615 1155 habet
1644 1101 1860 1169 partes.

224 1198 608 1271 Compositam
640 1194 881 1259 faciunt,
915 1209 1042 1265 qua:
1074 1190 1325 1262 simplex
1354 1192 1463 1245 est.
1496 1188 1643 1242 Nam
1678 1186 1727 1242 si
1776 1185 1863 1240 he

227 1293 433 1344 mutua
481 1286 636 1341 inter
686 1300 748 1339 se
798 1286 991 1355 partes
1032 1281 1102 1335 ad
1135 1296 1319 1334 unum
1352 1276 1589 1348 aliquod
1621 1290 1865 1331 concur-

226 1381 371 1447 runt,
422 1373 813 1446 compositum
862 1371 1160 1426 diversum
1209 1366 1576 1434 ostenditur,
1629 1364 1785 1437 quod
1834 1377 1865 1419 θ

228 1465 483 1539 partibus
540 1465 770 1519 constat
826 1457 1250 1515 differentibus.
1314 1457 1592 1511 Praeterea
1618 1451 1869 1524 suscipit

228 1555 644 1609 incrementum
675 1565 742 1605 ex
769 1564 943 1603 carne
975 1546 1193 1613 addita,
1226 1561 1357 1616 quae
1391 1559 1506 1599 non
1545 1544 1601 1597 in
1656 1546 1869 1597 natura

227 1642 452 1716 propria
506 1643 822 1712 spectatur,
882 1637 985 1692 sed
1044 1652 1180 1707 pars
1222 1639 1310 1691 est
1335 1633 1600 1690 essentia
1632 1646 1868 1687 carnem

228 1733 407 1805 ipsam
434 1725 953 1801 accipientis.Quin
982 1724 1158 1781 etiam
1190 1741 1260 1780 ex
1290 1724 1382 1778 his
1410 1722 1659 1778 mutatio
1690 1722 1869 1793 patet,

200 1836 354 1878 °cum
382 1818 642 1875 Verbum
676 1814 931 1891 amplius
964 1814 1292 1871 secundum
1344 1816 1619 1868 cateruam
1670 1826 1871 1866 essen-

1968 655 2160 710 rium?
2190 656 2373 711 Unam
2405 654 2723 710 essentiam
2756 655 2966 723 dicere,
2997 660 3053 710 et
3096 656 3244 711 hanc
3302 658 3359 712 in
3420 662 3617 729 partes

1967 760 2162 800 secare
2219 744 2410 799 varias
2469 750 2526 799 et
2586 743 2943 809 differentes,
2984 749 3040 798 et
3065 760 3236 799 voces
3264 745 3452 800 dicere
3481 762 3617 800 cou-

1968 832 2330 902 tumeliosas,
2364 850 2491 905 quas
2530 831 2611 888 rei
2668 833 2975 903 propositae
3032 834 3461 890 accommodari
3522 851 3622 889 ne-

1969 923 2322 993 queant,nisi
2347 924 2609 995 perfectae
2635 926 2855 977 naturas
2879 939 3014 994 pars
3037 923 3384 994 patibilis,et
3398 942 3530 996 pars
3546 925 3623 979 sit

1971 1011 2358 1083 impatibilis;
2391 1018 2447 1067 et
2476 1028 2613 1082 pars
2644 1012 2924 1083 patiatur,
2957 1027 3090 1083 pars
3122 1016 3316 1067 autem
3350 1029 3466 1067 non
3519 1029 3623 1085 pa-

1971 1099 2188 1168 tiatur;
2238 1105 2293 1155 et
2340 1117 2477 1172 pars
2502 1099 2677 1170 vivat,
2711 1104 2768 1155 et
2798 1117 2935 1171 pars
2967 1101 3233 1157 intereat.
3266 1102 3454 1174 Magis
3486 1118 3623 1174 pro-

1973 1188 2120 1244 fecto
2148 1188 2549 1255 miserandum
2594 1188 2835 1256 animal,
2895 1189 3065 1259 cujus
3122 1190 3340 1245 mortui
3394 1192 3626 1246 dolores

1973 1293 2110 1348 pars
2167 1294 2343 1333 sensu
2376 1278 2677 1349 percipiat.
2714 1276 3016 1348 Siquidem
3051 1278 3226 1334 unius
3253 1280 3519 1335 essentiae
3551 1278 3629 1333 sit

1974 1364 2154 1420 simul
2186 1370 2243 1420 et
2270 1365 2510 1421 interire
2541 1369 2597 1420 et
2625 1364 2831 1420 vivere.
2864 1366 2972 1420 Sed
3001 1367 3297 1436 rejiciatur
3326 1367 3446 1422 haec
3496 1368 3626 1422 ina-

1976 1455 2068 1508 nis
2098 1454 2386 1509 doctrina.
2418 1455 2531 1509 Nec
2562 1457 2787 1525 partem
2819 1459 3039 1510 natum
3071 1456 3379 1528 simplicis,
3414 1462 3469 1511 et
3501 1473 3628 1527 qua:

1977 1543 2157 1598 dividi
2190 1561 2305 1599 non
2338 1548 2547 1615 potest,
2578 1544 2935 1615 accepimus.
2970 1544 3083 1599 Nec
3118 1546 3273 1615 quod
3309 1550 3398 1600 est
3443 1546 3630 1616 impa-

1978 1633 2163 1704 tibile,
2197 1639 2358 1706 parte
2390 1634 2627 1705 quidem
2662 1635 2977 1705 pati,parte
3009 1640 3206 1690 autem
3240 1652 3353 1690 non
3387 1636 3507 1707 pati
3540 1635 3630 1689 di-

1979 1722 2257 1778 dicimus.
2292 1722 2491 1795 Neque
2521 1722 2697 1778 unius
2725 1726 2945 1777 naturas
2976 1723 3377 1779 deﬁnitionem
3409 1725 3467 1780 in
3491 1726 3635 1780 dua-

1982 1812 2093 1867 bus
2124 1812 2520 1884 agnoscimus,
2554 1828 2743 1883 neque
2773 1810 3037 1880 diversae,
3069 1812 3178 1868 etsi
3210 1828 3423 1868 nomen
3456 1812 3640 1869 admi-

227 1910 362 1966 tiam
393 1910 540 1980 [non
572 1909 827 1975 maneat,
859 1904 959 1959 sed
992 1902 1153 1959 aliud
1185 1901 1467 1974 quiddam
1498 1904 1736 1972 propter
1766 1914 1870 1998 au-
1905 1932 1952 1998 Β
1983 1901 2192 1956 simus.
2224 1903 2357 1968 Qum
2388 1900 2625 1974 quidem
2659 1900 2862 1956 omnia
2890 1901 3251 1957 constituere
3307 1903 3636 1974 deprehen-

230 2001 528 2073 gmentum
562 2010 690 2053 esse
721 1993 1046 2071 contingat.
1080 1996 1259 2047 Deum
1294 1995 1564 2046 naturam
1620 1985 1875 2043 mutabi-

229 2088 359 2153 lem,
394 2084 699 2143 mutabilis
732 2085 951 2139 naturas
983 2085 1209 2153 partem
1243 2078 1579 2145 constituis,
1612 2081 1668 2133 et
1699 2092 1876 2132 unam

228 2176 398 2233 istam
424 2192 494 2231 ex
523 2181 768 2247 utraque
799 2186 1004 2227 novam
1035 2170 1521 2247 compositionem
1580 2170 1637 2222 et
1694 2170 1881 2221 muta-

232 2266 448 2322 tionem
480 2261 765 2331 ostendis,
795 2260 938 2315 adeo
972 2266 1037 2314 ut
1068 2274 1282 2330 magna
1311 2256 1630 2313 difficultas
1661 2254 1721 2310 in
1755 2253 1881 2309 ani-

232 2372 320 2411 mo
352 2354 674 2420 oboriatur,
708 2365 840 2405 cum
876 2364 980 2404 nec
1014 2347 1154 2420 quid
1185 2347 1321 2403 inde
1364 2350 1646 2418 sequatur
1700 2342 1883 2399 videri

232 2448 422 2517 queat,
469 2456 657 2513 neque
688 2438 771 2494 rei
801 2437 1110 2511 proposita:
1143 2452 1355 2493 nomen
1388 2435 1727 2508 reperiatur.
1762 2435 1883 2498 Quo

232 2533 385 2590 enim
418 2531 657 2586 nomine
687 2544 866 2584 unam
898 2543 965 2582 ex
996 2526 1263 2599 utrisque
1293 2524 1609 2582 essentiam
1680 2520 1885 2595 appel-

232 2619 464 2679 lemus?
521 2619 775 2674 Verbum
838 2615 1113 2671 tantum?
1161 2617 1234 2671 At
1287 2614 1481 2669 carnis
1513 2629 1649 2685 pars
1680 2611 1735 2666 id
1769 2626 1885 2666 non

236 2709 541 2785 permittit.
575 2711 819 2763 Carnem
852 2704 1261 2761 tantummodo
1283 2703 1310 2758 ?
1338 2706 1413 2758 At
1443 2702 1499 2757 id
1558 2701 1726 2757 Verbi
1784 2715 1886 2755 na-

234 2806 365 2857 tura
419 2814 537 2854 non
596 2794 886 2852 concedit.
946 2791 1368 2849 Christumne?
1405 2786 1889 2862 Dispensationis,

237 2906 349 2945 non
383 2891 580 2943 autem
613 2884 905 2951 assentiar,
938 2882 1093 2938 istud
1127 2886 1215 2937 est
1246 2879 1646 2936 nomen.Proh
1679 2877 1892 2950 impio-

237 2994 365 3035 rum
391 2974 701 3033 hominum
753 2970 1067 3042 insaniam,
1127 2970 1224 3045 qui
1285 2970 1424 3025 dum
1458 2965 1889 3023 immutabilem

237 3067 455 3124 audent
510 3063 824 3120 essentiam
873 3064 1146 3129 tractare,
1179 3058 1413 3133 proprio
1445 3059 1621 3113 etiam
1656 3053 1893 3111 nomine

236 3157 434 3229 ipsum
466 3151 775 3226 spoliarint
802 3150 815 3206 ι
850 3151 969 3205 Ista
999 3148 1154 3204 enim
1190 3147 1413 3204 ratione
1472 3145 1611 3201 Filio
1642 3161 1716 3201 ne
1746 3142 1891 3198 illud

236 3245 475 3318 quidem
505 3239 851 3309 servabitur,
885 3242 950 3293 ut
979 3237 1245 3309 ejusdem
1276 3252 1407 3291 cum
1448 3234 1616 3291 Patre
1668 3233 1745 3289 sit
1800 3248 1894 3288 es-

1988 1990 2231 2060 duntur,
2280 1989 2379 2061 qui
2436 1988 2694 2045 Verbum
2754 1993 2811 2045 et
2867 2006 3102 2045 carnem
3135 1990 3193 2045 in
3226 2008 3405 2047 unam
3438 2008 3637 2047 essen-

1987 2079 2129 2134 tiam
2163 2078 2503 2135 convenisse
2534 2078 2757 2133 dicunt.
2792 2080 3093 2144 Quomodo
3151 2079 3333 2151 igitur
3388 2084 3446 2135 et
3503 2096 3637 2135 caro

1990 2173 2227 2240 sumpta
2256 2172 2364 2236 est,
2398 2173 2455 2224 et
2482 2167 2583 2239 qui
2612 2166 2776 2222 illam
2809 2167 3064 2240 sumpsit
3094 2184 3209 2223 non
3242 2173 3333 2223 est
3363 2168 3639 2223 immuta-

1990 2256 2124 2312 tus?
2154 2260 2212 2312 et
2242 2257 2341 2328 qui
2368 2273 2503 2312 cum
2533 2255 2633 2311 illa
2663 2257 2973 2327 conjuncta
3007 2260 3116 2325 est,
3151 2263 3343 2312 servat
3371 2258 3640 2313 eamdem

1992 2346 2312 2401 essentiam
2341 2362 2475 2401 cum
2508 2346 2676 2401 Patre
2705 2344 2855 2400 suo?
2883 2346 3183 2412 Quomodo
3211 2362 3280 2400 ex
3313 2346 3507 2401 carnis
3555 2362 3644 2401 as-

1994 2434 2349 2506 sumptione,
2381 2438 2438 2489 et
2466 2450 2535 2489 ex
2564 2433 2637 2489 iis
2666 2449 2796 2505 quae
2827 2450 2928 2506 per
2960 2434 3171 2505 ipsam,
3206 2436 3499 2506 sapienter
3550 2451 3646 2491 su-

1994 2540 2100 2596 pra
2129 2539 2307 2594 quam
2335 2522 2451 2577 dici
2477 2526 2686 2595 potest,
2719 2530 2883 2595 gesta
2926 2527 3088 2589 sunt,
3150 2540 3265 2579 non
3326 2525 3399 2579 ad
3457 2524 3647 2579 incre-

1997 2617 2284 2679 mentum,
2318 2616 2417 2667 aut
2448 2611 2837 2667 mutationem
2870 2611 3135 2668 essentise
3166 2612 3413 2684 propria
3444 2626 3647 2685 perve-

1998 2701 2105 2772 nit,
2137 2701 2239 2758 sed
2270 2701 2340 2755 ad
2375 2700 2967 2756 communicationem
3001 2701 3290 2757 naturalis
3323 2702 3650 2775 dignitatis,

1999 2807 2176 2862 quam
2209 2805 2430 2845 arcansa
2461 2789 2895 2860 conjunctionis
2925 2791 3112 2861 gratia
3145 2790 3429 2862 perfecti?
3481 2790 3652 2845 Aliud

2000 2880 2158 2935 enim
2217 2883 2307 2934 est
2362 2878 2573 2945 dicere,
2615 2878 2762 2933 duas
2796 2882 3034 2934 naturas
3066 2880 3350 2951 perfectas
3380 2879 3440 2934 in
3474 2896 3651 2935 unam

2002 2984 2312 3041 personam
2335 2968 2697 3034 convenisse,
2733 2972 2790 3023 et
2819 2968 2977 3022 aliud
3009 2984 3077 3022 ex
3131 2968 3359 3024 duabus
3391 2969 3653 3040 partibus

2002 3074 2179 3113 unam
2241 3056 2557 3112 essentiam
2587 3072 2715 3111 esse
2747 3057 3078 3112 conﬂatam.
3112 3057 3258 3112 Nam
3292 3056 3496 3112 divina
3524 3057 3653 3129 qui-

2004 3147 2135 3203 dem
2166 3145 2436 3201 essentiae
2465 3144 2614 3200 ratio
2658 3144 2907 3216 simplex
2963 3151 3071 3216 est,
3132 3147 3402 3201 humanis
3458 3150 3655 3202 autem

2005 3235 2465 3307 dispensationis
2521 3233 2871 3290 miraculum
2920 3233 3155 3306 duplex.
3209 3235 3396 3299 Quare
3429 3251 3535 3291 nec
3565 3249 3659 3290 es-

237 3295 461 3391 :entiaa.
523 3330 631 3397 Qui
689 3328 845 3385 enim
890 3326 1160 3383 essentize
1192 3324 1437 3399 proprias
1470 3322 1891 3387 accessionem,

2007 3327 2206 3383 sentias
2238 3324 2584 3397 simplicitas
2617 3325 2677 3380 in
2708 3326 2897 3381 varias
2924 3330 3115 3397 partes
3164 3331 3413 3394 secatur,
3472 3341 3660 3396 neque

238 3428 298 3480 et
327 3420 711 3477 mutationem
744 3432 811 3473 ex
843 3415 1084 3473 alterius
1113 3413 1371 3469 admittit
1413 3411 1783 3479 admistione,
1842 3409 1894 3465 is

242 3528 377 3568 cum
409 3509 507 3565 illo
539 3508 636 3581 qui
667 3507 727 3561 in
785 3506 988 3561 eadem
1048 3506 1248 3560 manet
1302 3500 1579 3570 essentia,
1638 3517 1754 3555 non
1808 3502 1898 3553 est

243 3600 510 3675 ejusdem
543 3595 835 3653 essentia.
872 3594 1039 3649 Pater
1067 3592 1221 3647 enim
1251 3598 1461 3663 praeter
1481 3588 1727 3662 gloriam
1764 3603 1895 3661 pro-

245 3690 439 3765 priam
470 3688 527 3742 in
561 3690 773 3741 natura
805 3681 951 3737 nihil
1001 3680 1283 3753 possidet.
1340 3679 1521 3734 Filius
1580 3682 1775 3733 autem
1836 3676 1896 3730 in

248 3786 459 3836 natura
488 3790 723 3833 carnem
756 3770 1045 3843 adjungit,
1081 3774 1145 3824 ut
1174 3768 1366 3824 carnis
1396 3778 1453 3823 et
1480 3767 1647 3822 Verbi
1680 3783 1796 3821 una
1826 3766 1901 3821 sit

247 3866 525 3935 essentia,
560 3862 816 3919 multum
850 3860 1054 3916 abesse
1086 3857 1546 3933 deprehenditur
1576 3856 1647 3911 ab
1679 3872 1766 3925 eo,
1801 3854 1902 3927 qui

252 3956 478 4013 nullam
510 3950 904 4010 accessionem
929 3949 999 4003 ad
1023 3946 1290 4002 essentiae
1312 3945 1559 4017 propria:
1583 3945 1905 4000 incremen-

252 4053 381 4103 tum
415 4052 512 4101 aut
544 4039 930 4097 mutationem
956 4037 1264 4107 acceperit.
1297 4034 1543 4090 Necesse
1578 4033 1758 4105 igitur
1796 4038 1905 4100 est,

255 4140 324 4192 ut
380 4148 559 4190 unam
616 4127 933 4187 essentiam
990 4124 1163 4181 Verbi
1222 4127 1279 4178 et
1310 4122 1525 4194 carnis,
1558 4139 1673 4178 non
1706 4122 1907 4178 confu-

258 4240 390 4281 sam
422 4233 731 4293 agnoscas,
796 4218 897 4271 aut
949 4214 1007 4268 in
1058 4229 1261 4268 eorum
1318 4212 1415 4283 qui
1467 4212 1665 4267 Arium
1728 4211 1911 4267 secuti

261 4316 425 4380 sunt,
475 4322 730 4365 errorem
783 4303 1031 4371 incidas,
1080 4305 1137 4357 et
1165 4300 1401 4356 illorum
1432 4300 1697 4357 essentiae
1727 4302 1915 4357 diver-

261 4402 501 4459 sitatem
536 4393 897 4462 introducas,
929 4395 988 4447 et
1017 4389 1201 4445 sacris
1228 4388 1457 4445 Domini
1516 4389 1758 4446 vocibus
1816 4390 1917 4445 ad-

263 4488 538 4555 verseris,
569 4488 627 4540 et
657 4497 870 4556 magno
915 4496 1050 4536 cum
1108 4477 1367 4550 periculo
1426 4494 1668 4550 respuas
1724 4479 1919 4535 illud:

268 4582 381 4649 Ego
437 4585 488 4634 et
544 4576 734 4644 Pater,
765 4587 941 4627 unum
969 4584 1113 4624 unus
1139 4568 1209 4622 ⁸⁴.
1242 4566 1330 4635 Et,
1364 4567 1469 4635 Qui
1499 4568 1646 4623 vidit
1670 4583 1775 4636 me,
1810 4570 1921 4623 Pa-

2004 3416 2219 3488 duplex
2275 3414 2737 3486 dispensationis
2768 3415 2914 3470 ratio
2946 3415 3006 3469 in
3040 3432 3217 3471 unam
3250 3415 3538 3471 conﬂatur
3568 3431 3658 3469 es-

2005 3505 2282 3562 sentiam.
2312 3503 2420 3571 Qui
2452 3504 2607 3559 enim
2642 3503 2765 3559 ﬁeri
2797 3508 3011 3577 potest,
3048 3508 3111 3559 ut
3169 3506 3325 3577 quod
3377 3509 3659 3560 aeternum

2006 3599 2116 3665 est,
2176 3598 2233 3649 et
2281 3593 2435 3665 quod
2468 3598 2559 3649 est
2588 3609 2809 3660 recens,
2844 3593 2901 3647 in
2938 3610 3052 3648 una
3084 3594 3528 3649 considerentur
3557 3609 3660 3647 na-

2007 3681 2179 3739 tura?
2207 3682 2359 3737 Num
2392 3687 2449 3737 et
2479 3683 2721 3755 sanguis
2753 3686 2809 3738 et
2837 3700 2991 3755 aqua
3022 3684 3133 3738 fuit
3191 3684 3513 3740 divinitatis
3570 3701 3660 3739 es-

2010 3772 2218 3839 sentia,
2248 3788 2375 3842 quae
2402 3770 2580 3827 fontis
2612 3773 2800 3827 instar
2829 3771 3069 3827 defluxit
3097 3789 3127 3827 e
3156 3772 3335 3828 latere
3357 3773 3384 3827 ?
3413 3773 3467 3828 Si
3501 3774 3659 3843 ejus-

2011 3864 2144 3918 dem
2172 3865 2261 3916 est
2289 3866 2344 3915 et
2374 3860 2493 3932 pati
2525 3864 2581 3914 et
2611 3876 2726 3915 non
2760 3862 2900 3932 pati,
2932 3877 3167 3916 necesse
3198 3865 3287 3916 est
3342 3866 3399 3917 et
3453 3860 3659 3916 volun-

2014 3955 2163 4007 tates
2229 3965 2359 4005 esse
2415 3950 2700 4017 diversas,
2730 3954 2786 4005 et
2816 3967 2929 4004 non
2960 3951 3192 4005 easdem
3227 3951 3503 4005 actiones.
3536 3949 3661 4004 Alia

2016 4039 2173 4097 enim
2201 4037 2470 4095 convenit
2495 4039 2693 4093 formae
2726 4037 2845 4105 Dei,
2865 4042 2923 4094 et
2950 4038 3066 4094 alia
3096 4039 3289 4093 forma:
3319 4039 3467 4094 servi
3503 4056 3515 4093 :
3552 4038 3665 4094 alia

2019 4127 2323 4205 templo,et
2353 4126 2467 4183 alia
2496 4126 2846 4182 inhabitanti
2877 4127 3367 4200 Deo.Perpetuam
3402 4128 3580 4201 igitur
3609 4129 3670 4183 in

2023 4235 2203 4273 unam
2234 4216 2550 4273 essentiam
2580 4216 2965 4273 introducunt
2989 4216 3358 4285 seditionem,
3392 4218 3560 4289 cujus
3587 4234 3674 4273 es-

2026 4307 2225 4363 sentiaa
2258 4322 2392 4378 pars
2424 4322 2609 4361 unum
2642 4305 2786 4373 vult,
2812 4322 2947 4376 pars
2977 4305 3156 4361 aliud.
3190 4305 3247 4360 Si
3298 4323 3416 4361 una
3470 4322 3675 4362 essen-

2027 4396 2130 4463 tia,
2192 4412 2297 4450 cur
2351 4393 2490 4450 dicit
2525 4410 2537 4450 :
2571 4395 2688 4450 Non
2726 4396 2875 4467 quod
2905 4411 2998 4465 ego
3031 4393 3173 4461 volo,
3205 4394 3299 4449 sed
3328 4395 3477 4467 quod
3503 4399 3563 4449 tu
3592 4393 3683 4449 3‘?

2029 4484 2329 4549 Quomodo
2362 4483 2566 4539 eadem
2600 4489 2689 4538 est
2714 4499 2843 4553 quae
2875 4482 3008 4538 fecit
3037 4488 3093 4538 et
3151 4500 3280 4555 quae
3340 4484 3494 4540 facta
3552 4483 3688 4540 est?

2033 4574 2336 4641 Quomodo
2367 4572 2568 4627 eadem
2604 4576 2661 4627 et
2688 4573 2887 4628 omnia
2917 4574 3077 4628 novit
3107 4578 3421 4644 antequam
3456 4574 3684 4640 fierent,

272 4678 416 4725 (rem
444 4664 582 4721 vidit
609 4663 675 4718 “.
709 4659 1011 4726 Quomodo
1044 4672 1252 4726 unum,
1284 4654 1385 4711 ubi
1445 4660 1609 4712 tanta
1659 4656 1924 4712 diﬁ‘eren-
1958 4661 2005 4726 D
2037 4666 2096 4718 et
2126 4666 2450 4717 extremum
2483 4660 2635 4716 diem
2669 4664 2725 4717 et
2773 4661 2978 4717 horam
3047 4661 3326 4733 ignorat?
3390 4661 3689 4727 Quomodo

272 4759 361 4814 tia
414 4750 750 4825 reperitur?
807 4749 881 4805 Ut
934 4763 1090 4804 unus
1147 4745 1386 4818 quidem
1436 4746 1507 4800 ad
1539 4746 1709 4802 finem
1741 4763 1929 4817 usque

276 4842 584 4912 manserit,
618 4838 811 4912 qualis
841 4837 913 4893 ab
946 4835 1107 4893 omni
1136 4834 1459 4891 aeternitate
1488 4835 1745 4890 creditur
1788 4836 1929 4891 fuis-

279 4951 346 4993 se
378 4951 392 4988 :
425 4932 574 4988 alter
603 4933 800 4985 autem
833 4926 1026 4983 carnis
1057 4924 1480 4997 compositione
1509 4925 1806 4995 propriam
1838 4941 1931 4982 es-

280 5022 533 5081 sentiam
567 5015 892 5085 miscuerit,
920 5018 1020 5069 aut
1050 5014 1294 5082 auxerit,
1330 5019 1433 5068 aut
1477 5030 1579 5085 per
1636 5014 1936 5070 confusio-

281 5129 418 5169 nem
481 5110 539 5164 in
602 5106 758 5161 aliud
821 5102 1238 5159 commutarit?
1267 5103 1474 5158 10M
1505 5104 1805 5167 Quomodo
1837 5096 1939 5175 qui

281 5204 447 5258 hunc
474 5197 652 5263 videt,
684 5194 842 5249 videt
871 5192 1060 5260 illum,
1093 5191 1143 5247 si
1200 5192 1389 5247 Patris
1449 5192 1683 5263 quidem
1740 5210 1940 5249 essen-

284 5293 435 5349 tiam
494 5284 773 5342 divinitas
803 5282 1089 5336 duntaxat
1117 5280 1375 5348 indicat;
1414 5280 1536 5335 Filii
1571 5297 1703 5337 vero
1734 5282 1944 5336 divini-

2040 4751 2243 4807 eadem
2303 4754 2361 4806 et
2418 4753 2693 4822 peccatur
2747 4755 2805 4805 et
2834 4767 3034 4822 preces
3066 4750 3360 4822 suscipit?
3390 4750 3690 4816 Quomodo

2041 4840 2182 4896 dicit
2214 4856 2228 4898 :
2264 4841 2403 4895 Deus
2433 4855 2605 4905 meus,
2639 4843 2785 4894 Deus
2808 4855 2979 4906 meus,
3008 4856 3109 4894 cur
3136 4855 3224 4895 me
3251 4839 3592 4908 derelz’quistz
3623 4828 3696 4885 5"?

2046 4929 2186 4995 Quis
2220 4928 2373 4984 novit
2406 4928 2671 4984 eamdem
2709 4928 2960 4999 aseipsa
3014 4932 3283 4983 naturam
3343 4928 3698 5000 derelinqui,

2047 5025 2104 5076 et
2160 5018 2438 5089 seipsam,
2498 5020 2562 5071 ut
2610 5017 2786 5073 alium
2822 5018 3111 5082 invocare,
3142 5034 3267 5087 quae
3301 5017 3538 5088 quidem
3571 5033 3701 5072 om-

2052 5108 2149 5163 nia
2182 5111 2452 5162 naturam
2485 5107 2780 5178 duplicem
2814 5104 3278 5175 consequuntur?
3312 5109 3523 5161 Verum
3558 5121 3700 5177 quo-

2054 5200 2211 5254 niam
2242 5200 2298 5251 et
2328 5196 2599 5251 humanae
2634 5200 2852 5249 naturae
2913 5193 3246 5264 exemplum
3306 5212 3411 5249 nos
3470 5196 3705 5265 quidem

2057 5288 2125 5342 ad
2178 5288 2454 5358 pietatem
2508 5284 2970 5339 conﬁrmandam
3025 5283 3353 5354 attulimus,
3384 5283 3480 5339 alii
3512 5288 3708 5339 autem

285 5386 385 5438 tas
414 5385 469 5434 et
498 5372 989 5441 bumanitas,qum
1023 5385 1208 5425 unum
1241 5369 1519 5440 quiddam
1552 5376 1763 5426 natura
1783 5373 1951 5427 sunt?
2058 5380 2129 5435 ad
2162 5377 2521 5432 eversionem
2553 5376 2921 5446 detorquent,
2941 5390 3178 5430 necesse
3207 5382 3293 5430 est
3324 5378 3387 5430 ut
3416 5378 3474 5429 et
3501 5375 3572 5430 de
3602 5375 3713 5431 hoc

290 5471 364 5525 Et
394 5464 582 5523 Patris
613 5461 853 5534 quidem
884 5457 1137 5515 essentia
1175 5462 1401 5530 partem
1434 5475 1549 5517 non
1598 5460 1775 5515 habet
1822 5478 1949 5533 quae

290 5556 573 5632 patiatur.
604 5549 779 5610 Verbi
808 5552 1007 5607 autem
1036 5551 1270 5615 natura,
1314 5548 1508 5605 carnis
1566 5554 1792 5621 partem
1850 5550 1951 5609 ba-

2061 5468 2201 5523 item
2234 5466 2620 5522 disseramus.

372 5770 420 5807 ⁸⁸
445 5771 611 5827 Joan.
643 5783 701 5838 ι,
732 5763 825 5821 30.
899 5760 949 5797 ⁸⁵
971 5763 1142 5817 Joan.
1172 5775 1290 5831 11v,
1318 5760 1371 5814 9.
1450 5761 1495 5798 ⁸ο
1518 5764 1695 5841 Merc.
1727 5780 1844 5836 xiv,
1872 5765 1893 5824 Ξ

2039 5769 2083 5805 ⁸⁷
2117 5768 2269 5847 Pas).
2300 5786 2415 5839 xxx,
2450 5772 2518 5841 1;
2553 5768 2761 5837 Matth.
2792 5784 2965 5839 xxvu,
2998 5769 3087 5829 46.

625 5895 898 5955 Ρλτῆοι..
944 5887 1056 5951 Gs.
1104 5887 1324 5953 XXVI.

3329 5896 3403 5955 39
