4002 6402
394 476 549 536 1227

797 611 1060 680 Ejusdem
1097 611 1364 665 adversus
1389 612 1624 666 eosdem.

461 718 604 773 Ecce
635 717 791 772 enim
824 716 1028 772 falsam
1064 717 1304 772 alteram
1334 734 1467 772 cum
1493 719 1791 790 impietate
1818 720 2040 774 ratioci-

393 807 688 862 nationem
724 810 1092 877 pepererunt.
1151 806 1682 873 Quemadmodum,
1740 808 2037 878 inquiunt,

391 896 566 951 homo
599 911 666 950 ex
721 895 954 949 duobus
1011 896 1361 964 consistens,
1415 913 1534 951 una
1563 896 1778 951 dicitur
1809 904 2035 962 natura,

389 985 474 1040 sic
506 985 681 1039 etiam
718 983 1032 1040 Dominum
1065 984 1358 1040 Christum
1390 1002 1456 1040 ex
1509 986 1694 1041 Verbo
1752 991 1809 1041 et
1865 1002 2038 1042 carne

388 1075 790 1139 exsistentem,
850 1089 1026 1127 unam
1091 1089 1219 1128 esse
1251 1080 1475 1129 constat
1505 1075 1838 1130 essentiam.
1874 1076 2035 1140 Quod

387 1163 503 1217 duo
535 1169 763 1217 tantum
797 1161 947 1216 inter
979 1179 1039 1216 se
1065 1161 1389 1217 differentia
1408 1164 1718 1234 perfectam
1739 1181 1917 1219 unam
1937 1180 2035 1219 ne-

384 1256 606 1323 queant
633 1251 952 1306 essentiam
985 1251 1286 1316 coniicere,
1318 1256 1375 1306 et
1405 1267 1532 1322 qua:
1565 1269 1677 1307 non
1711 1253 1788 1307 sit
1839 1259 2032 1308 muta"

384 1339 542 1410 bilis,
574 1339 778 1412 paucis
811 1342 981 1394 antea
1011 1339 1478 1394 demonstratum
1510 1345 1616 1395 est.
1649 1342 1808 1406 Quod
1839 1347 2032 1396 autem

382 1428 718 1500 exemplum
751 1427 859 1483 hoc
889 1428 967 1482 rei
1002 1427 1074 1482 ab
1108 1427 1252 1500 ipsis
1283 1429 1592 1500 propositae
1625 1430 1768 1484 nihil
1829 1431 2031 1501 prosit,

384 1519 582 1575 statim
614 1519 972 1573 ostendetur.
1007 1521 1191 1572 Homo
1221 1534 1288 1572 ex
1319 1518 1515 1572 anima
1548 1525 1740 1574 mente
1771 1520 2032 1591 prasdita,

382 1612 441 1662 et
468 1622 708 1678 corpore
739 1606 1013 1661 sensibus
1043 1607 1249 1661 affecto
1281 1607 1498 1662 animal
1551 1609 1687 1678 jure
1742 1611 2030 1662 censetur.

382 1695 670 1759 Quoniam
719 1695 929 1749 horum
962 1699 1236 1749 neutrum
1270 1694 1397 1749 sine
1429 1695 1610 1750 altero
1644 1695 1806 1767 prius
1837 1695 2034 1751 consi-

381 1784 506 1854 stit,
540 1800 726 1854 neque
757 1788 979 1838 natura
1008 1783 1327 1838 terminum
1360 1790 1683 1850 conservat,
1718 1801 1850 1839 cum
1882 1786 2038 1840 exsi-

385 1873 578 1929 standi
613 1872 969 1944 principium
998 1877 1238 1927 sumant
1266 1888 1334 1927 ex
1363 1882 1545 1942 utero,
1607 1877 1783 1943 atque
1841 1872 1918 1927 ita
1974 1874 2031 1927 in

381 1963 562 2018 vitam
613 1968 842 2030 exeant,
873 1965 930 2016 et
957 1978 1112 2017 unus
1139 1961 1412 2016 animalis
1441 1962 1918 2017 constitutionem
1953 1963 2033 2017 ef-
2065 1991 2112 2056 B

385 2051 602 2105 flciant.
643 2055 712 2104 At
741 2050 1027 2106 Dominus
1056 2054 1229 2106 Jesus
1261 2067 1374 2105 non
1405 2049 1760 2120 imperfectis
1789 2067 1819 2105 e
1861 2051 2034 2106 rebus

383 2137 702 2193 exsistendi
736 2137 1091 2210 principium
1125 2138 1355 2208 accipit,
1389 2138 1488 2191 sed
1525 2143 1868 2193 naturarum
1905 2156 2031 2210 per-

384 2229 666 2282 fectarum
701 2227 757 2280 in
793 2243 852 2280 se
886 2227 1237 2298 principium
1266 2228 1738 2298 ostendit.Atque
1761 2227 1877 2280 illic
1909 2228 2035 2298 qui-

383 2316 516 2369 dem
577 2314 833 2369 hominis
891 2319 1086 2384 partes
1144 2321 1306 2380 sunt,
1339 2315 1536 2370 anima
1565 2314 1614 2369 ei
1647 2331 1859 2386 corpus
1893 2332 1903 2370 :
1941 2315 2033 2371 hic

386 2408 605 2472 autem,
635 2421 821 2475 neque
852 2420 985 2458 caro
1018 2420 1152 2475 pars
1183 2403 1351 2457 Verbi
1386 2409 1496 2469 est,
1529 2421 1717 2474 neque
1779 2406 2030 2460 Verbum

387 2510 524 2564 pars
576 2493 789 2547 carnis.
853 2493 1069 2547 Horum
1129 2492 1283 2547 enim
1319 2498 1654 2562 utrumque,
1691 2495 2030 2564 priusquam

387 2583 849 2652 conjungantur,
883 2583 1195 2652 perfectam
1231 2587 1500 2636 naturam
1534 2584 1809 2640 ostendit.
1846 2590 1906 2637 ut
1941 2584 2028 2637 ni-

386 2670 468 2725 hil
502 2671 741 2726 omnino
775 2687 963 2741 neque
995 2669 1285 2723 divinitati
1321 2671 1388 2724 ad
1427 2672 1682 2726 rationes
1713 2673 2031 2744 propriam,

384 2776 572 2830 neque
602 2759 956 2814 humanitati
988 2760 1156 2813 desit.
1189 2759 1357 2813 Aliud
1391 2760 1546 2814 enim
1581 2769 1686 2828 est,
1710 2763 1937 2816 duabus
1965 2779 2033 2816 ex

384 2848 651 2920 partibus
681 2849 998 2903 essentiam
1033 2848 1338 2916 absolvi,et
1369 2849 1715 2917 aliud,duas
1747 2851 2034 2905 essentias

384 2938 938 3008 conjungi,quarum
973 2945 1219 3009 utraque
1248 2940 1501 3009 perfecta
1532 2939 2030 3001 sit.Quamobrem

381 3032 438 3080 et
471 3026 656 3082 forma
683 3027 781 3082 Dei
817 3027 1051 3091 dicitur,
1084 3032 1139 3080 et
1188 3028 1374 3081 forma
1431 3028 1602 3081 servi.
1667 3027 1727 3082 In
1797 3028 2035 3084 homine

380 3130 515 3169 vero
578 3131 766 3186 neque
824 3117 1021 3170 anima
1077 3115 1204 3171 sola
1255 3121 1340 3171 est
1398 3116 1592 3178 homo,
1657 3133 1846 3188 neque
1877 3134 2031 3188 caro,

377 3203 524 3258 Nam
558 3204 605 3259 si
642 3204 845 3258 harum
879 3205 1063 3259 altera
1094 3205 1285 3275 reipsa
1314 3204 1564 3274 perfecta
1597 3204 1742 3258 foret
1802 3210 2032 3271 natura,

377 3292 600 3362 aliquid
656 3293 833 3346 etiam
893 3292 1019 3346 sine
1061 3291 1241 3346 altera
1273 3293 1632 3362 perfecisset.
1667 3294 1734 3347 Et
1766 3293 1872 3348 hoc
1904 3311 2030 3366 per-

930 477 992 536 S.
1042 478 1469 538 ATHANASII
1515 480 1688 539 OPP.
1737 480 1938 539 PAllS
1985 480 2034 540 Ι.
2067 515 2143 525 -
2174 482 2593 545 HISTORICA
2636 485 2734 547 ET
2776 489 3259 553 DOGMATICA.

3640 494 3771 555 1228

2065 624 2119 687 Α
2149 617 2594 673 ostenderemus
2627 625 2683 673 et
2715 625 3073 678 testaremur
3102 624 3225 679 fieri
3257 641 3431 697 posse
3463 631 3525 682 ut
3554 628 3773 683 duarum

2152 719 2345 759 rerum
2379 722 2731 777 congressus
2764 709 2859 780 sit,
2898 715 2956 766 et
2986 729 3104 768 una
3132 730 3398 784 persona.
3428 715 3571 771 Nam
3615 716 3661 772 si
3701 716 3774 772 ni-

2150 789 2229 845 hil
2291 793 2562 864 prohibet
2620 798 2943 868 quominus
3001 800 3260 858 hominis
3287 808 3498 860 natura
3527 805 3664 860 duas
3691 805 3775 861 ha-

2149 878 2282 934 beat
2315 887 2530 952 partes,
2561 885 2657 953 {ex
2716 887 2933 957 quibus
3001 906 3120 945 una
3178 894 3474 965 consurgit
3531 911 3770 966 persona,

2149 967 2323 1024 homo
2352 970 2653 1040 nimirum,
2688 975 2788 1045 qui
2824 976 2904 1031 ita
2935 983 3199 1046 constat;
3232 986 3448 1052 quanto
3483 983 3662 1056 magis
3698 983 3774 1038 di-

2149 1061 2281 1114 vina
2309 1063 2498 1132 gratia
2528 1065 2680 1120 valet
2709 1068 2938 1124 efficere
2970 1075 3033 1125 ut
3063 1072 3194 1127 duae
3252 1079 3473 1129 natura
3531 1077 3770 1147 perfectae

2146 1147 2203 1202 in
2264 1153 2735 1222 conjunctionem
2797 1158 3039 1214 minime
3087 1162 3390 1217 confusam
3425 1171 3772 1232 concurrant,

2147 1255 2251 1294 nec
2275 1245 2470 1296 tamen
2505 1260 2621 1299 una
2650 1245 2970 1318 singularis
2994 1249 3235 1306 tollatur
3263 1254 3559 1324 persona?
3589 1256 3777 1320 Quem-

2145 1328 2464 1384 admodum
2515 1338 2709 1388 autem
2777 1352 2909 1391 cum
2979 1338 3303 1396 audimus:
3337 1343 3484 1397 Unus
3539 1343 3774 1400 Dominus

2143 1416 2298 1470 Iesus
2343 1419 2614 1486 Christus,
2659 1440 2758 1493 per
2803 1442 2967 1496 quem
2997 1432 3182 1484 omnia
3206 1429 3271 1495 ⁸⁸,
3305 1446 3500 1487 rerum
3531 1433 3774 1490 omnium

2145 1508 2703 1576 procreationem,ut
2736 1529 2838 1584 par
2867 1515 3090 1581 est,eoli
3123 1517 3440 1575 tribuimus
3482 1520 3773 1592 divinitati,

2145 1593 2230 1649 sic
2260 1596 2564 1653 audientes
2600 1617 2612 1654 :
2647 1599 2808 1656 Unus
2840 1603 3100 1674 patibilis
3131 1605 3420 1679 Christus,
3471 1611 3775 1681 conjunctae

2143 1683 2338 1739 carnis
2367 1686 2730 1745 affectionem
2762 1691 3283 1763 agnoscimus.Qui
3315 1696 3468 1753 enim
3501 1699 3776 1769 possimus

2144 1772 2407 1841 ejusdem
2442 1778 2709 1832 assentire
2741 1783 2799 1834 et
2840 1779 2900 1835 in
2958 1782 3184 1851 eodem,
3247 1785 3679 1843 imbecilitatem
3730 1794 3782 1845 et

2143 1861 2418 1917 virtutem
2469 1863 2838 1939 intelligere?
2889 1871 3154 1941 Spiritus,
3214 1872 3430 1944 inquit,
3485 1881 3779 1950 promptus,

2142 1965 2269 2004 caro
2322 1957 2502 2007 autem
2551 1955 2772 2024 inﬁrma
2803 1956 2870 2023 ”,
2906 1975 3020 2014 non
3055 1965 3248 2016 autem
3281 1978 3416 2032 pars
3446 1965 3656 2035 carnis,
3688 1971 3781 2022 aut

2145 2054 2277 2108 pars
2310 2040 2553 2112 spiritus
2588 2061 2600 2098 :
2634 2054 2691 2099 et
2722 2062 2958 2102 rursum
2994 2065 3007 2103 :
3037 2048 3100 2104 Si
3125 2052 3296 2120 enim,
3353 2050 3570 2123 inquit,
3619 2057 3785 2110 cruci-

2141 2127 2288 2197 ﬁxus
2349 2136 2428 2184 est
2487 2133 2838 2202 inﬁmitate,
2867 2138 3006 2192 vivit
3033 2154 3105 2192 ex
3132 2140 3344 2194 virtute
3373 2141 3471 2196 Dei
3499 2143 3560 2197 °°.
3585 2143 3778 2201 Cernis

2145 2217 2384 2272 nomina
2409 2224 2467 2274 et
2497 2237 2608 2291 res,
2629 2222 2872 2293 spiritus
2903 2229 2958 2280 et
2986 2227 3344 2292 caro,virtus
3373 2237 3426 2283 et
3459 2230 3781 2298 infirmitas,

2143 2320 2283 2358 crux
2312 2311 2369 2360 et
2389 2306 2526 2375 vita,
2553 2311 2649 2380 qui
2677 2313 2925 2367 suscitat
2950 2319 3007 2368 et
3027 2317 3126 2386 qui
3152 2316 3490 2386 suscitatur,
3517 2321 3614 2390 qui
3636 2321 3784 2376 exal-

2142 2397 2225 2447 tat
2251 2399 2306 2448 et
2339 2395 2437 2466 qui
2465 2397 2803 2454 exsaltatur.
2831 2401 3029 2458 Cernis
3060 2408 3252 2459 autem
3290 2405 3346 2459 in
3378 2423 3496 2460 una
3526 2423 3783 2479 persona,

2144 2498 2255 2535 non
2291 2485 2546 2554 partium
2578 2488 3082 2558 compositionem,
3117 2492 3216 2547 sed
3250 2493 3636 2564 perfectarum
3688 2515 3785 2553 na-

2143 2575 2405 2626 turarum
2439 2575 2936 2648 conjunctionem,
2966 2595 3084 2650 qua
3113 2597 3227 2636 non
3286 2582 3414 2636 duae
3472 2600 3590 2638 una
3645 2586 3786 2642 fiunt

2142 2662 2417 2725 essentia,
2447 2664 2545 2717 sed
2580 2680 2698 2719 una
2727 2665 2985 2737 dignitas
3013 2672 3071 2722 et
3097 2668 3281 2740 gloria
3312 2669 3785 2731 declaratur.Non

2142 2745 2320 2817 igitur
2353 2755 2694 2807 naturarum
2730 2771 3014 2824 negamus
3049 2758 3547 2827 conjunctionem,
3581 2763 3680 2818 sed
3729 2764 3786 2819 in

2146 2853 2321 2891 unam
2355 2841 2671 2896 essentiam
2706 2843 2960 2900 dicimus
3000 2862 3154 2900 nunc
3213 2847 3584 2905 conﬂuxisse.
3651 2852 3789 2907 Fieri

2144 2941 2256 2978 non
2319 2944 2509 2997 posse,
2574 2935 2633 2984 ut
2689 2931 2815 2986 duae
2861 2949 2978 2988 una
3010 2934 3155 2990 fiant
3185 2937 3460 3003 essentia,
3489 2939 3658 2994 docet
3689 2957 3790 2996 na-

2145 3016 2284 3067 tura;
2317 3013 2427 3082 lex,
2457 3017 2621 3072 docet
2671 3025 2727 3073 et
2777 3021 3206 3091 praedicationis
3257 3025 3424 3094 ratio,
3475 3028 3685 3084 suadet
3730 3030 3787 3084 in

2143 3102 2300 3156 omni
2346 3120 2532 3160 rerum
2566 3122 2779 3176 genere
2810 3111 3204 3182 experientia;
3239 3119 3437 3184 aperte
3467 3116 3642 3172 etiam
3675 3118 3798 3190 ipse

2148 3191 2427 3247 Dominus
2458 3194 2696 3264 indicat,
2747 3199 2848 3268 qui
2902 3205 3035 3270 post
3083 3203 3576 3260 resurrectionem
3625 3223 3793 3263 suam

2146 3296 2258 3334 non
2293 3281 2663 3338 credentibus
2695 3286 2887 3341 adhuc
2913 3287 3221 3360 discipulis
3255 3307 3267 3345 :
3300 3292 3549 3364 Palpate,
3585 3295 3798 3367 inquit,

380 3359 648 3451 spicuum
682 3385 790 3444 est,
824 3397 939 3436 non
971 3381 1164 3435 solum
1195 3359 1514 3435 ent-divinis
1546 3381 1794 3447 legibus,
1829 3399 2029 3437 verum
2063 3359 2105 3423 (ἶ
2144 3383 2248 3433 ’πον
2280 3375 2332 3423 ετ
2365 3370 2698 3444 videte,un
2727 3376 2957 3445 Spiritus
2985 3394 3209 3434 carnem
3239 3389 3290 3435 et
3316 3396 3444 3436 ossa
3471 3398 3583 3437 non.
3615 3384 3796 3456 habet,

379 3468 554 3524 etiam
589 3485 658 3523 ex
685 3469 878 3523 verbis
910 3469 1207 3524 humanis.
1246 3469 1488 3536 Etenim,
1522 3470 1619 3539 qui
1684 3469 1804 3524 hszc
1861 3473 2033 3542 profi-

377 3561 595 3625 tentur,
629 3557 711 3611 sic
742 3557 1036 3613 hominem
1069 3557 1378 3624 definiunt,
1411 3573 1537 3612 esse
1561 3559 1779 3613 animal
1810 3561 2032 3614 ratione

377 3645 715 3716 praeditum,
751 3647 993 3701 mortale
1028 3663 1040 3700 :
1079 3651 1138 3700 ut
1163 3646 1382 3700 ratione
1414 3646 1719 3716 praeditum
1779 3649 1847 3702 ad
1905 3649 2031 3703 ani-

383 3750 563 3802 mam,
626 3734 868 3790 mortale
925 3740 1147 3806 spectet
1206 3736 1276 3790 ad
1325 3751 1556 3806 corpus.
1591 3737 1683 3790 Sic
1716 3741 2030 3809 utrumque

383 3822 558 3878 unius
587 3839 717 3878 esse
749 3840 1030 3895 personae,
1066 3841 1177 3878 non
1226 3828 1420 3877 autem
1480 3824 1730 3878 duarum
1788 3841 2029 3881 censue-

375 3916 531 3966 runt.
596 3913 722 3966 Pari
785 3913 1006 3966 ratione
1064 3918 1120 3966 et
1176 3913 1372 3966 divina
1401 3913 1698 3984 Scriptura
1731 3913 2023 3970 hominem

375 3999 568 4071 ipsum
602 4006 659 4056 et
688 4002 758 4056 ad
787 4002 1104 4072 imaginem
1142 4001 1235 4055 Dei
1267 4001 1581 4072 significat,
1613 4008 1846 4072 propter
1899 4003 2021 4057 ani-

375 4105 481 4142 mm
514 4089 736 4144 ratione
767 4092 1019 4161 praeditas
1050 4089 1535 4154 excellentiam,et
1566 4090 1893 4145 masculum
1927 4109 2025 4163 ap-

370 4177 548 4248 pellat
572 4183 628 4233 et
658 4180 935 4234 feminam
970 4184 1204 4250 propter
1231 4179 1424 4233 carnis
1459 4179 1866 4250 proprietatem
1895 4199 1907 4246 ;
1960 4185 2024 4236 ut

369 4267 628 4322 animam
657 4273 714 4322 et
744 4285 958 4340 corpus
986 4267 1161 4322 unius
1193 4283 1472 4339 personas,
1505 4285 1616 4322 non
1649 4273 1842 4322 autem
1875 4270 2018 4324 dua-

370 4371 522 4417 rum,
559 4361 751 4426 partes
781 4373 911 4411 esse
943 4355 1216 4411 declaret.
1251 4360 1364 4409 Cur
1395 4355 1571 4426 igitur
1618 4354 1725 4410 hoc
1775 4361 2019 4412 utuntur

366 4444 653 4515 exemplo,
711 4446 866 4516 quod
927 4445 1146 4499 nullam
1209 4445 1380 4497 habet
1437 4444 1930 4500 similitudinem?
1959 4447 2015 4500 Si

366 4531 521 4585 enim
555 4532 702 4587 duas
735 4549 1013 4602 personas
1042 4535 1326 4604 profectas
1351 4534 1722 4586 ostenderent
1754 4534 1807 4586 in
1835 4551 2008 4588 unam

363 4619 671 4675 conclusas
700 4622 1041 4684 essentiam,
1066 4628 1214 4674 recte
1247 4619 1576 4691 exemplum
1609 4622 2008 4691 protulissent.

2142 3459 2282 3511 sicut
2318 3475 2402 3512 me
2453 3461 2649 3516 videtis
2696 3463 2895 3519 habere
2937 3466 3001 3520 9'.
3045 3468 3292 3538 Palpate,
3340 3469 3556 3540 inquit,
3609 3473 3796 3543 prius,

2145 3549 2207 3598 ut
2249 3548 2583 3604 ostenderet
2627 3566 2688 3605 se
2736 3551 2985 3622 spiritus
3015 3570 3130 3609 non
3160 3572 3289 3612 esse
3318 3564 3646 3630 spectrum,
3680 3578 3794 3634 quo

2140 3640 2473 3704 spectantes
2498 3638 3034 3710 deciperentur,sed
3055 3659 3267 3716 corpus
3283 3647 3465 3702 tactui
3488 3649 3797 3708 resistens.

2138 3722 2278 3784 Quis
2313 3741 2424 3780 non
2456 3727 2647 3782 videat
2677 3734 3020 3786 naturarum
3064 3733 3474 3805 proprietates,
3507 3754 3647 3793 cum
3682 3741 3804 3811 spi-

2139 3811 2285 3867 ritus
2318 3815 2554 3884 quidem
2586 3833 2820 3873 carnem
2853 3824 2909 3874 et
2936 3837 3072 3876 ossa
3104 3839 3218 3877 non
3251 3822 3484 3894 habeat,
3518 3843 3650 3897 quas
3685 3845 3808 3885 cor-

2137 3902 2259 3971 pori
2292 3905 2543 3973 adsunt;
2578 3911 2635 3961 et
2664 3924 2876 3980 corpus
2921 3910 3160 3981 quidem
3211 3912 3497 3979 videatur,
3548 3917 3802 3988 spiritus

2135 3995 2330 4044 autem
2382 4009 2496 4047 non
2528 4001 2840 4064 cernatur;
2870 4015 3084 4070 corpus
3125 4000 3304 4055 tactui
3333 4001 3412 4057 sit
3444 4004 3798 4078 obnoxium,

2133 4078 2377 4149 spiritus
2409 4087 2604 4138 autem
2633 4085 2744 4139 sub
2786 4090 3002 4142 tactum
3054 4106 3167 4144 non
3218 4091 3432 4146 cadat?
3481 4095 3794 4159 Quomodo

2132 4164 2313 4236 igitur
2341 4171 2598 4225 essentia
2629 4188 2767 4241 una,
2799 4189 2928 4228 cum
2964 4179 3129 4232 tanta
3152 4177 3229 4232 sit
3260 4178 3639 4238 differentia?

2536 4278 2812 4347 Ejusdem,
2841 4281 3100 4338 adversus
3127 4285 3365 4341 eosdem.

2199 4363 2345 4427 Quid
2378 4364 2622 4420 dicitis?
2653 4369 2799 4432 Quid
2846 4369 3310 4429 demonstratis?
3354 4374 3490 4430 Abit
3541 4383 3795 4434 natura-

2127 4467 2255 4504 rum
2309 4453 2669 4522 differentia;
2703 4461 2758 4511 et
2784 4458 3012 4515 nullum
3045 4477 3246 4516 earum
3278 4462 3562 4520 indicium
3597 4466 3794 4522 relin-

2123 4541 2325 4610 quitur
2345 4543 2371 4596 ?
2400 4543 2700 4606 Quomodo
2732 4546 2913 4618 igitur
2941 4548 3276 4619 subjectum
3309 4553 3798 4624 appellabimus?

2120 4629 2456 4686 Verbumne
2487 4632 2726 4689 solum?
2753 4639 2950 4708 Neque
2983 4639 3138 4694 enim
3188 4641 3246 4696 id
3299 4644 3598 4716 quispiam
3648 4663 3797 4703 car-

361 4710 470 4763 Sed
499 4709 675 4764 unius
710 4727 969 4781 personae
1001 4711 1147 4763 duas
1182 4716 1373 4780 partes
1405 4709 1684 4775 dicentes,
1720 4711 1866 4765 duas
1923 4712 2008 4765 di-
2043 4727 2086 4791 D
2119 4735 2250 4772 nem
2284 4720 2511 4791 dixerit,
2543 4723 2641 4794 qui
2674 4739 2741 4778 eo
2784 4726 3019 4782 nomine
3070 4744 3132 4784 se
3182 4709 3333 4785 illud
3372 4709 3539 4803 putet
3589 4734 3795 4791 bono-

361 4802 502 4852 cunt
532 4815 985 4869 personas,cum
1019 4801 1298 4852 Dominus
1329 4799 1597 4852 Christus
1629 4799 1744 4853 duo
1773 4806 2011 4855 vocetur

356 4888 632 4958 perfecta,
666 4894 722 4943 et
747 4893 896 4943 Deus
927 4893 983 4942 et
1010 4888 1204 4954 homo,
1242 4894 1473 4958 propter
1517 4888 1821 4958 utriusque
1877 4906 2003 4960 per-

351 4976 682 5032 fectionem.
717 4978 807 5032 Sic
838 4977 992 5032 enim
1023 4975 1342 5031 Servatoris
1374 4976 1586 5030 Christi
1613 4993 1823 5031 nomen
1848 4995 2004 5035 nunc

349 5063 586 5134 quidem
619 5064 803 5121 solam
837 5065 1096 5120 ostendit
1125 5066 1513 5127 divinitatem,
1576 5070 1777 5136 utpote
1832 5068 1999 5122 abso-

347 5150 532 5207 lutam
594 5158 651 5208 et
709 5155 1049 5225 perfectam,
1111 5171 1266 5208 nunc
1320 5159 1515 5208 autem
1572 5153 1997 5213 humanitatem

2119 4823 2266 4862 rare.
2299 4814 2372 4862 At
2400 4812 2694 4880 quomodo
2728 4830 2841 4868 non
2875 4815 3070 4886 ipsum
3103 4818 3337 4875 efﬁcitis
3388 4824 3793 4889 contumelia,

2115 4912 2248 4950 cum
2284 4897 2454 4952 talem
2491 4899 2679 4970 ipsius
2710 4903 3023 4959 essentiam
3057 4907 3278 4977 putatis
3306 4926 3460 4977 esse,
3491 4917 3554 4966 ut
3604 4913 3794 4969 alteri

2113 4983 2285 5040 liccat
2313 4988 2578 5042 essentiae
2613 4997 2923 5059 procreatae
2957 4993 3016 5048 in
3046 5010 3176 5050 eam
3207 5000 3593 5054 commutari?
3608 5001 3790 5065 Quod

2113 5073 2266 5127 enim
2301 5092 2332 5130 a
2364 5077 2754 5134 deterioribus
2781 5081 2910 5153 capi
2942 5088 3133 5153 potest
3181 5101 3495 5144 commune
3547 5089 3790 5146 multo-

2111 5178 2238 5216 rum
2271 5169 2444 5234 est,et
2475 5181 2587 5220 non
2621 5168 2796 5223 unius
2829 5171 3130 5227 eximium.
3163 5173 3265 5229 Cui
3293 5180 3488 5232 autem
3526 5178 3584 5233 id
3639 5195 3790 5250 pro-

2109 5249 2302 5318 prium
2353 5256 2441 5306 est
2491 5257 2551 5307 ut
2600 5255 2671 5308 sit
2703 5255 3095 5328 inaccessum,
3128 5260 3264 5317 huic
3295 5267 3591 5335 quomodo
3627 5249 3787 5323 alte-

2107 5354 2233 5392 rum
2269 5341 2672 5413 adjungatur?
2704 5350 2777 5400 At
2826 5363 2942 5402 non
2991 5351 3164 5406 modo
3219 5352 3474 5409 Verbum
3528 5356 3788 5412 efﬁcitis

2104 5429 2476 5501 contumelia,
2511 5448 2713 5488 verum
2741 5435 2919 5491 etiam
2950 5439 3146 5494 carnis
3181 5455 3496 5511 personam
3529 5444 3787 5500 tollitis.

2101 5517 2282 5587 Cujus
2331 5519 2488 5574 enim
2555 5521 2841 5579 indicium
2908 5527 3168 5600 amplius
3236 5546 3352 5586 non
3421 5532 3789 5605 reliquitur,

2101 5604 2280 5677 hujus
2331 5607 2576 5680 gloriam
2629 5614 2918 5684 quomodo
2965 5621 3438 5690 cognoscemus?
3475 5604 3566 5680 Si,
3607 5625 3790 5682 enim

343 5239 560 5312 quippe
589 5243 760 5312 cujus
787 5242 1119 5312 perfectioni
1154 5241 1296 5295 nihil
1347 5243 1518 5294 desit.
1578 5242 1742 5298 Nunc
1799 5249 1995 5300 autem

340 5343 474 5382 cum
509 5329 637 5399 ipsa
671 5347 918 5401 persona
949 5336 1199 5402 utraque
1229 5331 1475 5384 duarum
1513 5336 1855 5386 naturarum
1891 5334 1997 5387 dif-

336 5417 638 5474 ferentiam
674 5426 728 5474 et
759 5421 1173 5490 perfectionem
1209 5436 1353 5473 nova
1373 5420 1781 5488 conjunctione
1806 5423 1993 5477 susci—

334 5506 477 5576 piat;
509 5507 590 5562 illi
623 5509 861 5580 quidem
897 5511 967 5562 ad
1002 5509 1326 5563 divinitatis
1360 5510 1687 5564 mutatione
1719 5515 1777 5564 et
1832 5528 1990 5567 ever-

331 5593 578 5666 sionem,
612 5597 1042 5655 humanitatem
1075 5598 1472 5654 adhibuerunt
1504 5613 1518 5653 :
1554 5614 1660 5655 nos
1689 5604 1992 5671 autem,ut

396 5793 441 5828 ³⁸
470 5793 492 5850 Ι
521 5795 646 5850 Cor.
678 5812 803 5869 vm,
829 5797 885 5851 6.
959 5799 1006 5833 ’θ
1037 5797 1239 5855 Matth.
1268 5799 1358 5854 41.
1437 5798 1480 5839 νο
1511 5797 1560 5854 Il
1590 5802 1717 5856 Cor.
1749 5816 1872 5871 xm,
1905 5803 1959 5860 4.

2145 5821 2254 5866 .uc.
2294 5824 2444 5878 xxxv,
2479 5810 2568 5866 39.
