4002 6416
189 527 324 589 1229

1472 524 1955 588 FRAGMENTA
1998 524 2261 588 VARIA.

3417 530 3573 594 i230

189 661 559 734 cognoscitur,
591 660 868 734 quoniam
899 664 1010 727 est,
1041 661 1252 716 merito
1292 675 1421 715 eam
1481 659 1805 716 honoratis.
1839 668 1893 734 Α
1922 659 2150 715 modum
2177 659 2420 730 vidistis,
2454 660 2512 715 id
2535 663 2623 716 est
2653 662 2845 719 carnis
2894 664 3102 720 oculis.
3158 663 3288 719 Haec
3332 663 3434 734 qui
3489 663 3572 719 ita

189 750 241 806 Si
267 768 374 807 non
405 755 513 822 est,
546 751 840 822 quomodo
870 749 1071 822 gloriae
1099 749 1317 804 fruitur
1373 747 1814 820 amplitudine?

187 839 294 895 Nisi
336 838 711 896 ostenderitis
758 839 818 894 id
884 839 1040 910 quod
1125 837 1448 906 honoratis,
1519 854 1635 894 non
1708 854 1814 908 ap-

189 928 397 1000 parebit
415 927 614 1002 glorias
645 927 1010 1000 magnitudo.
1061 926 1468 983 Necessarium
1498 925 1678 998 igitur
1725 931 1816 981 est

187 1016 457 1087 confiteri,
533 1017 785 1072 duorum
855 1015 1103 1071 minime
1183 1015 1490 1070 confusam
1566 1016 1812 1086 conjun-

187 1105 440 1170 ctionem,
495 1121 602 1160 uec
653 1105 726 1160 ad
802 1103 1145 1176 accipientis
1230 1104 1640 1172 mutationem,
1709 1120 1815 1159 nec

187 1195 249 1251 ad
277 1195 494 1266 accepti
535 1193 838 1250 interitum
891 1209 1021 1250 esse
1052 1193 1290 1257 factam,
1349 1192 1450 1248 sed
1489 1192 1560 1247 ad
1617 1191 1814 1264 glorias

186 1283 531 1348 societatem,
588 1299 716 1354 quas
794 1282 852 1336 in
911 1280 1087 1337 unius
1146 1297 1396 1353 persona
1464 1280 1811 1336 declaratur.

186 1371 444 1438 Quamvis
511 1370 669 1425 enim
727 1372 1045 1439 utrumque
1101 1367 1344 1422 verbum
1420 1365 1634 1432 solum,
1711 1370 1848 1421 na-'

185 1464 305 1514 tura
334 1458 511 1514 etiam
544 1460 930 1529 repugnante,
963 1455 1153 1510 vocari
1179 1455 1508 1526 patiamini,
1562 1471 1678 1510 non
1728 1459 1814 1510 ta-

185 1565 307 1604 men
329 1546 646 1604 discrimen
678 1545 1074 1601 abscondstis.
1106 1544 1598 1616 Quandoquidem
1629 1561 1816 1599 unum

185 1641 296 1692 erat
323 1653 356 1692 a
385 1633 961 1707 principio,a1terum
992 1638 1189 1690 autem
1224 1632 1440 1688 factum
1479 1637 1589 1688 est.
1623 1632 1815 1688 Unum

182 1726 324 1798 quod
359 1741 464 1781 nec
494 1724 651 1780 cerni
682 1739 787 1779 nec
811 1724 970 1792 tangi
999 1726 1210 1794 potest,
1239 1739 1306 1778 ex
1326 1721 1557 1777 infinito
1615 1721 1817 1776 inﬁni-

181 1819 334 1882 tum;
384 1815 588 1872 1015
633 1813 882 1868 alterum
939 1816 1133 1869 autem
1187 1827 1256 1868 cx
1313 1828 1379 1867 eo
1433 1812 1589 1882 quod
1659 1812 1816 1866 cerni

179 1904 451 1976 tangique
479 1906 694 1974 potest,
725 1901 784 1956 in
818 1901 898 1970 id,
930 1900 1084 1972 quod
1116 1916 1220 1955 nec
1251 1900 1512 1955 cernitur
1535 1915 1638 1955 nec
1692 1903 1816 1955 tan-

181 1994 346 2066 gitur,
369 1991 627 2048 transiit.
654 1995 724 2046 Et
744 2007 928 2045 unum
960 1989 1198 2060 quidem
1228 1987 1813 2056 semelimmutabile,

180 2083 418 2138 alterum
445 2086 639 2137 autem
663 2095 731 2136 ex
762 2077 1029 2134 mutabili
1059 2079 1131 2133 ad
1180 2077 1644 2150 praestantiorem
1690 2093 1814 2149 per-

175 2173 326 2228 venit
355 2171 1097 2234 conditionem.Prasterea,
1129 2167 1179 2222 si
1210 2167 1319 2223 hoc
1349 2171 1438 2222 est
1455 2165 1644 2223 solum
1676 2166 1816 2222 Ver-

177 2263 332 2325 bum,
364 2277 470 2316 cur
499 2277 614 2315 nou
652 2257 1007 2323 invenimus,
1043 2272 1176 2312 caro
1207 2257 1358 2311 facta
1387 2260 1477 2311 est
1524 2255 1813 2324 Verbum;

175 2351 291 2420 sed,
341 2351 501 2406 Verbo
557 2364 682 2404 caro
736 2349 948 2419 factum
1005 2344 1195 2402 est”?
1251 2345 1396 2408 Quis
1454 2361 1626 2416 porro
1671 2344 1814 2399 adeo

174 2439 408 2510 insanit,
441 2443 498 2494 et
519 2442 714 2493 mente
745 2442 953 2508 captus
981 2439 1091 2501 est,
1145 2439 1211 2490 ut
1251 2435 1464 2489 audeat
1500 2433 1694 2488 dicere
1731 2433 1814 2488 di-

172 2530 359 2584 vinam
392 2527 708 2584 essentiam
731 2525 1129 2596 assumpsisse
1156 2522 1330 2578 aliam
1365 2521 1688 2578 divinitatis
1727 2537 1814 2577 es-

173 2618 417 2675 sentiam
449 2633 518 2672 ex
547 2615 730 2672 altera
759 2614 1192 2687 provenientem
1225 2616 1457 2681 natura,
1482 2615 1547 2666 ut
1578 2627 1680 2682 per
1718 2617 1809 2665 ta-

171 2706 279 2762 lem
313 2705 708 2762 accessionem
731 2705 1159 2758 incrementum
1192 2700 1370 2769 illius,
1403 2700 1558 2770 quod
1601 2704 1812 2754 natura

171 2795 388 2851 nullius
418 2793 659 2866 indiget,
692 2797 751 2847 et
770 2791 1089 2862 perfectum
1124 2793 1232 2854 est,
1263 2786 1678 2859 compararet?
1723 2787 1808 2841 Ad

162 2883 299 2954 hac,
332 2883 627 2955 quomodo
680 2881 878 2936 divina
925 2879 1250 2950 Scriptura,
1302 2876 1476 2931 etiam
1537 2879 1668 2946 post
1710 2891 1810 2929 no-

161 2989 295 3028 vum
330 2972 606 3040 reditum,
640 2968 916 3041 praedicat
945 2983 1072 3038 quis
1120 2965 1315 3021 carnis
1371 2969 1512 3020 sunt
1552 2963 1804 3034 propria,

164 3077 373 3132 nempe
405 3076 642 3114 rursum
672 3061 1015 3120 venturum,
1049 3054 1373 3132 eodemque
1403 3053 1577 3107 modo
1615 3051 1806 3106 visum

160 3150 270 3205 iri?
299 3150 450 3205 Num
485 3147 709 3219 angelis
735 3147 912 3200 etiam
946 3141 1691 3215 repugnabitis,quiaperte
1720 3141 1807 3196 di—

160 3243 406 3295 xerunt:
444 3239 550 3294 Hic
575 3239 732 3294 Iesus
760 3237 857 3306 qui
881 3237 1189 3304 assumptus
1220 3241 1297 3288 est
1326 3249 1359 3286 a
1387 3231 1554 3297 vobis,
1594 3232 1673 3285 sic
1713 3246 1808 3286 ve-

161 3331 278 3383 niet
299 3325 750 3399 quemadmodum
772 3324 991 3380 vidistis
1017 3339 1142 3377 eum
1172 3321 1549 3377 ascendentem
1597 3321 1658 3374 in
1694 3336 1806 3374 ca:-

1851 2038 1899 2103 Β

1922 765 2037 803 non
2069 748 2299 820 accipit,
2323 748 2373 803 is
2403 765 2520 804 non
2554 750 2747 806 solum
2771 751 2997 822 angelis
3019 756 3328 825 repugnat,
3362 769 3565 808 verum

1922 836 2100 892 etiam
2133 837 2317 893 sacris
2345 837 2599 909 Spiritus
2647 840 2834 896 sancti
2880 841 3136 898 oraculis
3184 841 3565 897 adversatur:

1925 926 2225 991 Quomodo
2255 925 2565 982 intercedit
2584 944 2688 999 pro
2718 927 2918 985 multis
2953 929 3240 986 Dominus
3276 929 3568 999 Christus,

1927 1017 1992 1068 ut
2018 1014 2275 1069 Verbum
2305 1013 2494 1070 Solum
2521 1019 2543 1070 Ρ
2571 1020 2638 1071 Et
2668 1016 2766 1071 ubi
2800 1022 2891 1073 est
2919 1017 3164 1090 aequalis
3205 1033 3340 1073 cum
3398 1017 3569 1073 Patre

1923 1102 2205 1174 dignitas,
2237 1102 2286 1157 si
2319 1107 2598 1174 tanquam
2646 1103 2888 1161 inferior
2927 1105 3254 1172 intercedit,
3301 1122 3418 1161 non
3465 1122 3569 1162 au-

1922 1193 2040 1244 tem
2071 1206 2205 1245 cum
2235 1191 2578 1248 auctoritate
2606 1191 2876 1264 largitur,
2902 1210 3035 1248 cum
3069 1194 3148 1250 sit
3186 1194 3407 1265 pariter
3452 1210 3574 1249 om-

1926 1279 2198 1350 nipotens
2218 1280 2246 1333 ‘l
2262 1285 2466 1335 Nonne
2493 1281 2868 1354 perspicuum
2883 1282 3389 1354 est,primitiarum
3424 1299 3572 1348 esse,

1927 1382 2029 1435 pro
2053 1382 2250 1422 massa
2279 1368 2517 1439 propria
2540 1369 2920 1437 intercedere,
2953 1375 3017 1424 ut
3055 1387 3226 1425 suam
3261 1387 3400 1442 erga
3449 1387 3575 1425 car-

1927 1455 2020 1510 nis
2050 1459 2322 1510 naturam
2365 1457 2732 1513 ati‘ectionem
2773 1458 3092 1514 ostendat?
3145 1459 3327 1523 Quem
3378 1463 3575 1514 autem

1927 1560 2042 1598 non
2076 1548 2307 1599 moveat
2336 1543 2666 1600 clarissima
2696 1546 3118 1618 sapientissimi
3160 1547 3324 1602 Pauli
3363 1547 3574 1619 prsidi-

1927 1632 2112 1699 catio;
2141 1633 2262 1704 qui,
2293 1639 2464 1703 Deus,
2495 1633 2709 1706 inquit,
2741 1637 3074 1707 ignorantiae
3098 1645 3342 1708 tempora
3390 1636 3573 1708 despi-

1925 1723 2091 1789 ciens,
2143 1721 2438 1778 denuntiat
2483 1725 2737 1780 omnibus
2792 1725 3013 1796 ubique,
3074 1729 3132 1779 ut
3192 1725 3576 1796 paenitentiam

1928 1820 2124 1880 agant,
2148 1813 2408 1882 quoniam
2436 1815 2713 1869 constituit
2742 1814 2886 1869 diem
2942 1817 3003 1870 in
3048 1832 3166 1886 qua
3210 1815 3574 1887 judicaturus

1927 1903 2008 1955 est
2036 1900 2217 1955 orbem
2244 1905 2545 1969 terrarum,
2569 1905 2628 1957 in
2651 1903 2896 1974 justitia,
2929 1905 2988 1958 in
3027 1905 3166 1969 viro,
3214 1921 3324 1976 quo
3370 1903 3572 1975 deﬁni-

1926 1990 2027 2054 vit,
2049 1989 2209 2058 ﬁdem
2238 1991 2492 2045 omnibus
2519 1993 2752 2062 faciens,
2807 1994 2988 2063 ipsum
3033 2009 3069 2047 a
3123 1995 3355 2048 mortuis
3409 1993 3578 2049 susci-

1929 2085 2070 2133 lasse
2090 2079 2154 2133 9‘.
2179 2082 2383 2134 Nonne
2405 2079 2794 2136 differentiam
2833 2081 3124 2137 sustulit?
3170 2082 3373 2138 Nonne
3432 2081 3578 2136 dixit

1928 2165 2112 2221 Deum
2143 2167 2203 2221 in
2233 2168 2404 2224 viro?
2433 2167 2635 2224 Nonne
2666 2169 3087 2225 demonstravit
3109 2171 3290 2225 Deum
3323 2169 3422 2240 qui
3444 2187 3578 2226 sus-

1927 2255 2147 2323 citavit,
2196 2260 2253 2311 et
2300 2255 2598 2312 hominem
2650 2258 2751 2329 qui
2788 2260 3112 2314 suscitatus
3173 2259 3314 2315 est?
3363 2258 3579 2314 Verum

1925 2359 2265 2415 quanquam
2300 2344 2689 2401 diii‘erentiam
2723 2347 2996 2414 ostendit,
3031 2363 3148 2402 non
3192 2351 3389 2402 tamen
3442 2363 3578 2402 con-

1914 2433 2287 2504 junctionem
2319 2433 2774 2504 inseparabilem
2807 2435 3198 2507 praetermisit.
3232 2435 3356 2490 Non
3416 2435 3575 2490 enim

1924 2521 2087 2592 dixit,
2112 2522 2298 2578 Deum
2329 2539 2464 2578 cum
2496 2523 2652 2591 viro;
2697 2525 2820 2590 sed,
2868 2525 3051 2580 Deum
3111 2525 3169 2579 in
3229 2524 3372 2580 viro.
3441 2525 3574 2581 Jam

1921 2611 2216 2682 quomodo
2267 2609 2410 2665 illud
2472 2611 2910 2684 intelligemus:
2971 2613 3243 2668 Videbunt
3303 2615 3366 2668 in
3413 2629 3571 2684 quem

1921 2701 2321 2770 transﬁxerunt
2341 2700 2422 2768 9‘;
2483 2701 2597 2756 nisi
2655 2701 2847 2756 carnis
2905 2706 3134 2771 natura,
3193 2719 3319 2772 quas
3376 2701 3569 2758 clavos

1919 2788 2202 2859 suscepit,
2237 2791 2436 2859 aperte
2453 2789 2737 2844 foramina
2753 2790 3156 2845 demonstret?
3185 2795 3386 2863 Neque
3408 2792 3565 2848 enim

1919 2877 2242 2932 divinitatis
2274 2878 2548 2944 essentia,
2583 2894 2708 2948 quae
2743 2895 2849 2934 nec
2881 2879 3112 2934 videtur
3145 2896 3250 2935 nec
3281 2883 3565 2952 tangitur,

1918 2967 2162 3036 vestigia
2211 2964 2518 3021 vulnerum
2570 2965 2626 3020 in
2679 2967 3086 3022 testimonium
3145 2972 3233 3024 est
3284 2967 3566 3038 allatura;

1917 3055 2019 3110 sed
2051 3059 2264 3109 natura
2291 3070 2359 3109 ex
2391 3053 2616 3126 patibili
2661 3071 2873 3125 genere
2923 3061 3216 3127 suscepta,
3250 3057 3568 3128 impiorum

1918 3143 2110 3199 scelus
2172 3144 2503 3215 redarguet,
2581 3144 2682 3215 qui
2739 3150 3022 3216 cogentur
3077 3145 3309 3218 propria
3352 3147 3573 3218 ﬂagitia

1917 3249 2233 3304 agnoscere
2264 3233 2324 3287 in
2355 3248 2528 3287 carne
2560 3249 2737 3303 quam
2786 3231 3170 3290 vulnerarunt
3197 3251 3209 3288 :
3245 3234 3329 3290 sic
3380 3240 3437 3291 et
3462 3253 3570 3291 na-

1917 3327 2182 3376 turarum
2209 3320 2592 3393 proprietates
2625 3337 2738 3376 non
2771 3338 2900 3377 esse
2921 3321 3186 3378 sublatas
3211 3340 3225 3390 ;
3261 3328 3318 3378 et
3347 3329 3571 3380 certum

161 3416 388 3472 lum”?
437 3415 649 3471 Omnia
700 3414 771 3470 ad
814 3428 1048 3468 carnem
1114 3410 1557 3476 signiﬁcandam
1635 3409 1805 3480 plane
1838 3410 1880 3476 C
1918 3410 2190 3465 humanas
2221 3409 2411 3465 carnis
2442 3415 2758 3482 assumpta:
2782 3411 3100 3480 lucrum,et
3130 3411 3447 3482 impudens
3470 3413 3570 3468 ad-

161 3513 450 3581 spectant.
485 3506 657 3574 Illud,
691 3507 781 3561 hic
809 3505 1008 3572 veniet,
1038 3502 1191 3557 sicut
1219 3501 1278 3556 in
1330 3517 1592 3571 corpore,
1652 3515 1809 3554 nunc

157 3598 400 3670 quidem
426 3595 541 3661 hic,
575 3610 730 3650 nunc
760 3597 957 3649 autem
991 3591 1109 3646 illic
1141 3593 1483 3661 perspecto;
1539 3588 1807 3660 quemad-

1921 3499 2281 3554 versantium
2313 3503 2756 3570 argumentum,
2789 3503 2846 3554 et
2877 3500 2990 3554 vim
3036 3500 3298 3557 veritatis
3328 3501 3570 3572 inexpu-

1921 3586 2238 3658 gnabulem
2271 3588 2828 3642 demonstravimus.

231 3758 278 3793 ³³
305 3760 472 3812 Joan.
504 3771 546 3820 ι,
579 3755 665 3810 14.
743 3754 789 3793 ³³
818 3755 947 3807 Act.
977 3767 1016 3820 ι,
1052 3751 1138 3805 11.
1215 3750 1260 3784 "
1291 3753 1416 3805 Act.
1452 3765 1593 3815 xvu,
1624 3747 1712 3817 30,
1744 3747 1808 3801 31

1923 3746 1954 3780 ’⁵
1983 3745 2152 3802 Joan.
2183 3761 2299 3812 nx,
2332 3745 2420 3800 37.

1445 4079 2274 4206 MONITUM.

227 4520 442 4576 ιθιθ
472 4520 592 4575 Haec
634 4514 771 4588 ﬁdei
819 4512 1099 4584 Confessio
1146 4511 1424 4581 exscripta
1467 4509 1580 4580 fuit
1623 4524 1652 4564 e
1679 4506 1862 4564 codice
1896 4508 2153 4563 Vaticano
2199 4521 2336 4559 num
2390 4505 2548 4570 1413,
2596 4502 3027 4569 membranaceo,
3073 4503 3300 4572 optimae
3344 4505 3485 4558 notae
3525 4510 3578 4558 et

135 4612 508 4687 perantiquo,
537 4611 600 4664 in
627 4622 731 4680 quo
759 4607 971 4662 exstant
1003 4601 1181 4672 Cyrili
1208 4616 1392 4672 opera,
1427 4600 1681 4687 interque
1711 4598 1815 4653 illa
1843 4613 1967 4668 pag.
2000 4597 2068 4649 2-1
2093 4599 2368 4666 comparet
2398 4594 2700 4649 Athanasii
2729 4594 2952 4687 nomine
2978 4608 3208 4663 sequens
3235 4595 3574 4664 apusculum.

133 4681 400 4764 'Initium
415 4713 581 4771 porro
613 4696 837 4766 hujusce
867 4693 924 4748 id
952 4693 1131 4764 ipsum
1160 4693 1259 4759 est,
1293 4687 1432 4760 quod
1457 4689 1559 4742 illa
1589 4686 1723 4758 ﬁdei
1747 4685 2000 4759 formula
2033 4684 2103 4739 ad
2139 4685 2434 4740 Iovianum
2465 4683 2765 4752 Augustum
2793 4681 2977 4771 missa,
3009 4681 3369 4752 superiusque
3417 4697 3574 4736 casa.

134 4791 211 4846 In
247 4770 700 4860 subsequentibus
731 4788 917 4840 autem
947 4781 1160 4853 liquido
1190 4777 1576 4850 expenduntur
1595 4777 1841 4848 Symboli
1864 4776 2009 4846 quod
2037 4777 2261 4829 vocatur
2289 4773 2662 4843 apostolorum
2681 4770 2959 4826 articuli:
2988 4787 3100 4826 non
3125 4771 3418 4840 indignum
3446 4784 3580 4824 sane

135 4859 491 4952 opusculum
518 4884 595 4932 est
623 4873 944 4938 Athanasio,
975 4874 1152 4942 iisque
1181 4869 1536 4939 compositum
1578 4866 1796 4921 vocibus
1826 4873 1876 4920 et
1908 4865 2191 4932 clausulis,
2224 4878 2344 4932 qua:
2393 4860 2686 4916 Athanasii
2715 4875 2826 4916 δ’υο
2873 4860 3229 4914 obtinebant:
3262 4875 3436 4929 neque
3466 4859 3582 4914 leve

131 4947 233 5029 est
268 4970 662 5037 argumentum
692 4963 836 5036 quod
864 4963 1017 5019 illius
1063 4961 1240 5016 solum
1287 4960 1396 5016 aevi
1428 4959 1779 5022 Arianorum,
1825 4953 2469 5017 Pneumatomachorum,
2520 4951 3041 5021 Apollinaristarum
3082 4964 3296 5004 errores
3333 4947 3581 5004 dilucide

135 5063 250 5118 hic
283 5057 665 5130 repudientur.
700 5056 783 5108 Ex
815 5069 917 5107 usu
939 5067 1148 5123 quoque
1175 5052 1318 5104 vocis
1352 5047 1640 5105 ὑπόστασις
1669 5062 1770 5114 pro
1797 5044 2110 5100 substantia
2139 5043 2343 5106 Patris,
2375 5041 2591 5096 videtur
2613 5039 3004 5095 ascribendum
3052 5040 3373 5093 Athanasio.
3409 5042 3580 5093 Dam-

128 5126 374 5208 nantur
403 5148 553 5202 enim
580 5145 675 5215 qui
703 5151 915 5214 negant
964 5141 1167 5195 Filium
1217 5154 1330 5194 esse
1352 5154 1424 5193 ex
1467 5137 1652 5192 eadem
1700 5135 1980 5206 hypostasi
2034 5133 2118 5186 vel
2151 5129 2325 5200 οὐσίᾳ,
2369 5133 2446 5185 'ex
2490 5145 2594 5199 qua
2649 5131 2810 5183 Pater
2838 5143 2956 5196 quae
3013 5128 3154 5181 ratio
3187 5126 3442 5215 loquendi
3466 5131 3583 5198 post

128 5238 462 5298 Athanasii
483 5214 666 5291 sevum
694 5232 790 5285 vix
819 5227 1217 5299 usurpabatur.
1255 5227 1442 5281 Exstat
1479 5228 1606 5280 item
1636 5225 1755 5280 haec
1783 5221 2032 5294 Symboli
2063 5219 2450 5291 interpretatio
2481 5218 2540 5270 in
2571 5216 2686 5271 cod.
2724 5217 2850 5282 Reg.
2884 5215 3050 5277 2502,
3083 5215 3142 5267 in
3170 5214 3363 5269 charta
3407 5231 3583 5285 papy-

123 5343 327 5388 racea
355 5323 583 5398 vulgari
610 5321 881 5390 descripto
911 5332 1058 5372 anno
1089 5316 1244 5382 1562,
1277 5315 1430 5383 cuius
1460 5315 1714 5369 lectiones
1744 5312 2096 5367 adnotamus.
2127 5311 2190 5364 Et
2221 5310 2423 5378 ubique
2451 5305 2752 5361 ascribitur
2782 5303 3107 5363 Athanasio.
