4002 6398
407 505 552 564 1231

944 501 1011 563 8.
1057 497 1478 561 ATHANASII
1523 497 1696 560 OPP.
1743 495 1944 557 PARS
1990 497 2038 556 Ι.

2181 494 2592 558 HISTORIGA
2634 495 2735 557 ET
2777 493 3231 557 DOGMATICA
3244 539 3259 554 .

3652 495 3790 558 1232

656 735 1385 833 ΑΘΑΝΑΣΙΟΥ
1461 731 2503 828 ΑΡΧΙΕΠΙΣΚΟΠΟΥ
2580 731 3549 828 ΑΛΕΞΑΝΔΡΕΙΑΣ

1497 939 1850 994 EPMHNEIA
1891 937 2004 994 ΕΙΣ
2042 939 2129 994 ΤΟ
2171 935 2542 994 ΣΥΜΒΟΛΟΝ

634 1265 1058 1328 A'I‘HANASII
1101 1262 1690 1326 ARCHIEPISGOPI
1736 1261 2274 1322 ALEXANDRINI
2319 1247 2954 1326 INTERPRETATIO
2996 1264 3075 1324 1N
3121 1262 3579 1327 SYMBOLUM.

477 1610 780 1666 Credimus
810 1609 868 1664 in
893 1627 1075 1664 unum
1113 1614 1291 1664 Deum
1315 1612 1544 1665 Patrem
1567 1607 2052 1678 omnipotentem,
2083 1605 2139 1671 Α

2237 1602 2378 1671 (32⁸)
2431 1599 2764 1674 Πιστεόομεν
2816 1601 2890 1664 εἰς
2939 1597 3031 1658 ἕνα
3079 1601 3208 1658 Θεὸν
3255 1603 3465 1679 Ηατὲρα
3515 1606 3798 1680 παντοκρά-

407 1699 672 1754 omnium
703 1697 1024 1753 visibilium
1056 1704 1113 1753 et
1137 1696 1522 1753 invisibilium
1557 1696 1872 1751 factorem:
1907 1699 1965 1749 et
1989 1692 2048 1748 in

2181 1709 2314 1765 ξορα,
2389 1691 2603 1744 πάντων
2683 1691 2890 1764 ὁρατῶν
2948 1711 3006 1746 τε
3070 1691 3160 1747 καὶ
3217 1691 3461 1767 ἀοράτων
3519 1696 3750 1763 ποιητήν
3783 1711 3795 1722 ·

410 1805 591 1842 unum
622 1787 938 1842 Dominum
969 1786 1168 1843 Jesum
1203 1785 1500 1842 Christum
1535 1783 1746 1840 Filium
1798 1783 1918 1853 Dei,
1953 1797 2051 1854 ge-

409 1875 596 1931 nitum
626 1891 694 1931 ex
729 1875 912 1941 Patre,
944 1874 1126 1930 Deum
1180 1890 1248 1930 ex
1308 1873 1446 1938 Deo,
1477 1872 1678 1928 lumen
1708 1888 1775 1928 ex
1808 1871 2052 1941 lumine,

409 1964 530 2019 Deu
559 1982 593 2016 EI
630 1979 824 2019 verum
867 1979 936 2018 ex
970 1967 1081 2019 Deo
1123 1977 1282 2028 vero,
1333 1962 1600 2034 genitum
1653 1977 1768 2016 non
1811 1960 2054 2026 factum,

409 2050 972 2108 consubstantialem
998 2051 1174 2118 Patri,
1196 2067 1298 2122 per
1315 2067 1488 2122 quem
1510 2049 1710 2106 omnia
1725 2050 1878 2105 facta
1893 2051 2054 2117 sunt,

412 2158 536 2213 que:
571 2142 629 2196 in
659 2141 799 2197 cmlo
831 2145 888 2196 et
917 2157 1044 2213 quas
1067 2140 1125 2195 in
1156 2138 1602 2210 terra,visibilia
1628 2143 1686 2194 et
1712 2135 2052 2194 invisibilia.

410 2231 516 2294 Qui
551 2235 786 2301 propter
814 2246 920 2285 nos
953 2228 1222 2284 homines
1255 2233 1312 2283 et
1341 2235 1574 2300 propter
1605 2231 1862 2282 nostram
1897 2224 2054 2281 salu-

2163 1780 2252 1834 καὶ
2312 1777 2388 1841 είς
2443 1776 2534 1835 ἕνα
2591 1779 2785 1855 Κύριον
2846 1782 3054 1852 Ἰησοῦν
3113 1781 3339 1857 Χριστὸν
3400 1783 3496 1839 τὸν
3551 1783 3672 1838 Υἰὸν
3711 1787 3801 1838 τοῦ

2165 1872 2298 1925 Θεοῦ
2328 1914 2343 1937 ,
2385 1870 2704 1942 γεννηθέντα
2759 1869 2819 1924 ἐκ
2871 1874 2969 1926 τοῦ
3029 1871 3274 1946 Πατρὸς,
3332 1871 3460 1928 Θεὸν
3521 1870 3581 1928 ἐκ
3631 1876 3756 1928 Θεοῦ
3786 1916 3802 1943 ,

2166 1961 2281 2029 φῶς
2316 1954 2375 2010 ἐκ
2421 1957 2602 2031 φωτὸς
2645 1960 2789 2032 (I3),
2843 1959 2968 2014 Θεὸν
3014 1958 3276 2030 ἀληθινὸν
3329 1959 3389 2016 bc
3435 1963 3569 2017 Θεοῦ
3617 1959 3804 2030 ἀληθι-

2164 2042 2281 2113 νοῦ,
2314 2046 2656 2119 γοννηθὲντα,
2705 2047 2768 2103 οὗ
2806 2047 3123 2118 ποιηθέντα,
3157 2047 3449 2122 ὁμοούσιον
3497 2054 3577 2121 τῷ
3622 2048 3805 2125 Πατρὶ,

2167 2131 2238 2189 δι’
2294 2135 2356 2189 οὗ
2408 2136 2475 2190 τὰ
2527 2139 2702 2192 πάντα
2753 2136 2988 2211 ἐγένετο,
3041 2134 3109 2192 τά
3157 2157 3217 2193 τε
3263 2137 3316 2193 ἰν
3348 2141 3426 2210 τῷ
3472 2137 3690 2212 οὐρανῷ
3716 2138 3798 2193 καὶ

2164 2223 2232 2278 τὰ
2259 2222 2346 2278 ἐπὶ
2385 2227 2485 2289 τῆς
2530 2227 2656 2298 γῆς,
2688 2224 2854 2299 ὁρατά
2900 2246 2959 2280 τε
3003 2226 3092 2280 καὶ
3139 2225 3363 2297 ἀόραταο
3395 2226 3488 2281 τὸν
3537 2223 3610 2281 δι’
3660 2229 3798 2299 ἡμᾶς

412 2325 528 2374 tem
559 2319 880 2384 descendit,
933 2317 1273 2372 incarnatus
1304 2323 1363 2372 et
1411 2317 1586 2371 homo
1635 2317 1822 2371 factus
1857 2318 1966 2381 est,
1999 2313 2057 2368 id

2181 2311 2295 2374 τοὺς
2353 2312 2670 2387 ἀνθρώπους
2741 2314 2830 2368 καὶ
2906 2311 2995 2370 διὰ
3044 2315 3143 2383 τήν
3217 2313 3485 2389 ἡμετίραν
3542 2316 3802 2391 σωτηρίαν

416 2412 506 2464 est
565 2407 798 2478 genitus
833 2406 1084 2477 perfecte
1114 2421 1183 2460 ex
1214 2405 1397 2460 Maria
1437 2420 1671 2477 semper
1709 2403 1932 2475 virgine
1965 2419 2063 2474 per

2181 2400 2520 2472 κατελθόντα,
2570 2403 2928 2477 σαρκωθὲντα,
2981 2400 3469 2478 ἐνανθρωπήσαντα
3501 2448 3517 2474 ,
3575 2404 3807 2461 τουτέστι

413 2495 696 2568 Spiritum
729 2500 1038 2550 sanctum:
1069 2495 1166 2565 qui
1193 2510 1404 2565 corpus
1435 2499 1494 2548 et
1524 2493 1778 2548 animam
1811 2498 1867 2547 et
1899 2508 2058 2547 men-

414 2589 555 2654 tem,
587 2588 645 2638 et
670 2583 869 2637 omnia
899 2599 1025 2654 quae
1060 2587 1198 2636 sunt
1231 2581 1289 2636 in
1324 2581 1683 2648 hominibus,
1705 2587 1910 2652 prater
1933 2596 2060 2652 pec-

417 2658 609 2728 catum
643 2672 774 2744 (34),
825 2687 957 2726 vere
1005 2687 1106 2726 nec
1158 2670 1350 2740 specie
1398 2675 1625 2725 tantum
1679 2670 1918 2725 habuit:
1964 2668 2062 2740 qui

419 2777 633 2832 passus
662 2767 770 2826 est,
823 2760 877 2813 id
910 2765 1000 2815 est
1049 2760 1386 2825 cruciﬁxus,
1439 2758 1728 2830 sepultus,
1779 2763 1836 2813 et
1868 2775 2067 2813 resur-

420 2850 567 2906 rexit
595 2849 767 2904 tertia
797 2849 919 2917 'die,
953 2853 1010 2903 et
1060 2847 1323 2903 ascendit
1373 2849 1428 2902 in
1479 2849 1654 2903 cmlos
1703 2864 1836 2902 cum
1882 2846 2066 2917 gloria

2169 2489 2490 2565 γεννηθέντα
2531 2489 2758 2555 τελείως
2799 2490 2858 2546 ἐκ
2908 2491 3117 2568 Μαρίας
3177 2498 3277 2561 τῆς
3328 2493 3680 2566 ἀειπαρθὲνου
3727 2493 3810 2549 διὰ

2177 2579 2487 2650 ΙΙνεόματος
2543 2579 2719 2654 ἁγίου,
2779 2584 2938 2652 σῶμα
2993 2580 3082 2636 καὶ
3142 2583 3327 2656 ψυχὴν
3382 2583 3474 2637 καὶ
3531 2587 3677 2652 νοῦν,
3727 2582 3808 2638 καὶ

2173 2668 2346 2722 πάντα
2393 2668 2490 2722 ὅσα
2539 2668 2678 2723 ἐστὶν
2730 2669 3060 2742 ἀνθρώποις,
3093 2669 3270 2746 χωρὶς
3313 2669 3601 2744 ἁμαρτίας,
3634 2669 3816 2741 ἀληθι-

2174 2761 2282 2818 νῶς
2339 2756 2427 2811 καὶ
2486 2755 2548 2811 οὐ
2602 2754 2823 2827 δοκήσει
2883 2757 3178 2834 ἐσχηκότα·
3239 2755 3477 2822 παθόντα
3508 2803 3523 2828 ,
3579 2759 3813 2815 τουτέστι

2177 2847 2570 2920 σταυρωθέντα,
2621 2845 2855 2924 ταφέντα
2901 2846 2991 2901 καὶ
3043 2845 3340 2902 ἀναστάντα
3384 2851 3456 2920 τῇ
3503 2848 3658 2923 τρίτῃ
3686 2850 3815 2922 ἠμί-

419 2939 478 2994 in
511 2938 637 3011 ipso
668 2954 942 3010 corpore:
979 2938 1141 2993 sedet
1188 2937 1257 2991 ad
1291 2937 1587 2992 dexteram
1635 2937 1822 2992 Patris
1855 2942 2063 2992 ventu-

2181 2955 2264 3008 ρᾳ,
2296 2935 2383 2989 καὶ
2419 2933 2711 2990 ἀνελθόντα
2760 2936 2837 2997 είς
2891 2934 3153 3011 οὑρανοὺς
3202 2934 3254 2991 ἂν
3290 2935 3451 3008 ,αὖτῷ
3496 2942 3578 3010 τῷ
3615 2939 3819 3010 σώματι

422 3043 639 3098 rusque
668 3031 759 3081 est
789 3026 845 3081 in
881 3026 1006 3096 ipso
1056 3042 1297 3096 corpore
1345 3042 1478 3080 cum
1505 3024 1690 3097 gloria
1731 3025 2063 3097 judicatum

2181 3020 2425 3095 ἐνδόξωςσ
2486 3022 2779 3079 καθίσαντα
2835 3023 2886 3078 ἐν
2943 3021 3087 3095 δεξιᾷ
3137 3028 3232 3078 τοῦ
3292 3025 3542 3100 Πατρὸς,
3597 3023 3817 3101 ἐρχόμεα

421 3118 582 3173 vivos
611 3129 668 3172 et
715 3121 1000 3179 mortuos,
1032 3114 1204 3184 cujus
1263 3115 1423 3185 regni
1478 3131 1590 3168 non
1638 3114 1749 3170 erit
1796 3115 1950 3170 finis.
2004 3115 2070 3169 Et

422 3204 718 3260 credimus
766 3203 822 3257 in
875 3202 1158 3273 Spiritum
1205 3208 1497 3269 sanctum,
1543 3203 1644 3274 qui
1695 3220 1808 3257 non
1841 3202 2069 3258 alienus

423 3297 512 3349 est
538 3310 570 3348 a
599 3296 768 3347 Patre
797 3296 853 3346 et
887 3291 1050 3358 Filio,
1085 3292 1183 3346 sed
1236 3290 1762 3346 eoneubstantialis
1792 3297 1881 3345 est
1917 3291 2066 3346 Patri

423 3386 480 3436 et
511 3381 675 3446 Filio,
721 3382 1038 3442 increatus,
1091 3379 1377 3450 perfectus
1426 3380 1558 3449 (35),
1608 3378 1960 3446 Paracletus,
2011 3379 2069 3434 id

423 3475 513 3525 est
543 3469 894 3524 advocatus:
928 3468 1026 3539 qui
1059 3467 1290 3522 locutus
1330 3472 1418 3522 est
1447 3467 1506 3521 in
1540 3468 1687 3539 lege,
1721 3468 1775 3522 in
1821 3467 2069 3540 prophe-

425 3558 523 3622 tis,
554 3563 607 3612 et
641 3558 698 3612 in
753 3555 1100 3628 Evangeliis.
1153 3555 1261 3619 Qui
1305 3555 1607 3610 descendit
1638 3556 1695 3610 in
1732 3556 2069 3625 Jordanem,

426 3645 763 3718 praedicavit
795 3643 1096 3715 apostolis,
1128 3644 1228 3714 qui
1261 3643 1487 3698 habitat
1517 3643 1573 3698 in
1607 3644 1930 3699 sanctis.Et
1951 3660 2071 3700 cre-

429 3735 626 3790 dimus
659 3734 717 3788 in
753 3749 937 3788 unum
969 3731 1154 3787 solam
1182 3731 1334 3787 hanc
1364 3731 1712 3788 catholicam
1751 3738 1809 3789 et
1837 3737 2072 3797 aposto-

428 3824 600 3879 licam
647 3821 990 3886 Ecclesiam,
1033 3821 1091 3876 in
1145 3838 1328 3876 unum
1379 3821 1676 3893 baptisma
1722 3821 2073 3892 pcsnitcntia:

430 3919 488 3970 et
520 3910 884 3968 remissionis
909 3915 1300 3982 peccatorum,
1323 3911 1378 3964 in
1413 3911 1896 3966 resurrectionem
1922 3927 2074 3966 mor—

430 4008 705 4057 tuorum:
740 4001 797 4054 in
820 4000 1113 4069 judicium
1159 4004 1440 4054 aeternum
1491 3999 1822 4054 animarum
1863 4002 1921 4054 et
1950 4015 2075 4054 cor-

429 4107 660 4164 porum,
713 4090 770 4144 in
827 4103 1073 4160 regnum
1122 4087 1400 4143 caelorum
1434 4093 1491 4143 et
1537 4087 1713 4143 vitam
1773 4092 2075 4145 aeternam.

429 4182 541 4236 Eos
571 4184 767 4234 autem
801 4178 903 4247 qui
952 4178 1192 4233 dicunt:
1244 4177 1373 4231 Fuit
1425 4176 1740 4248 aliquando
1794 4194 1923 4232 cum
1960 4194 2074 4233 non

2175 3132 2265 3166 vov
2327 3110 2379 3166 ἐν
2437 3111 2584 3183 αὐτῷ
2638 3116 2719 3185 τῷ
2774 3113 2986 3185 σώματι
3036 3111 3087 3168 ἐν
3117 3110 3244 3187 δόξῃ
3292 3119 3467 3187 κρῖναι
3504 3119 3706 3184 ζῶντας
3734 3116 3812 3170 καὶ

2176 3199 2420 3276 νεκροὺς,
2462 3201 2524 3256 οὗ
2552 3207 2650 3270 τῆς
2706 3200 2986 3276 βασιλείας
3029 3201 3128 3258 οὐκ
3171 3199 3316 3258 ἔσται
3359 3201 3543 3266 τέλος.
3595 3204 3693 3258 Καὶ
3736 3225 3818 3260 πι-

2179 3289 2436 3361 στεύομεν
2484 3289 2560 3352 εἰς
2601 3290 2663 3345 τὸ
2713 3289 2935 3364 Πνεῦμα
2978 3291 3040 3347 τὸ
3091 3292 3263 3366 ἅγιον,
3293 3292 3358 3346 τὸ
3389 3291 3489 3350 οὐκ
3531 3291 3819 3365 ἀλλότριον

2181 3379 2389 3453 Πατρὸς
2421 3380 2507 3434 καὶ
2556 3380 2705 3452 ι’ἱοῦ,
2755 3377 2880 3434 ἀλλ’
2921 3379 3211 3453 ὁμοούσιον
3266 3380 3324 3435 ὃν
3357 3382 3529 3455 Πατρὶ
3573 3382 3662 3436 καὶ
3693 3383 3822 3453 Υίῷ,

2177 3468 2239 3522 τὸ
2272 3467 2542 3524 ἄκτιστον.
2593 3468 2655 3522 τὸ
2705 3466 2937 3536 τέλειον,
2969 3469 3032 3522 τὸ
3063 3467 3444 3544 Παράκλητον,
3475 3470 3539 3524 τὸ
3583 3468 3824 3540 λαλῆσαν

2181 3555 2232 3610 ἐν
2262 3556 2437 3629 νόμῳ,
2484 3555 2574 3611 καὶ
2624 3555 2677 3612 ἐν
2725 3559 3055 3635 προφήταις,
3087 3558 3177 3614 καὶ
3225 3557 3278 3613 ἐν
3329 3557 3689 3635 Εὐαγγελίοις
3721 3562 3830 3632 (36)

2179 3640 2414 3700 καταϐὰν
2472 3644 2558 3700 ἰπὶ
2613 3645 2705 3700 τὸν
2776 3643 3050 3720 Ἰορδάνην
3082 3689 3096 3702 .
3155 3646 3388 3722 κηρύξαν
3449 3647 3829 3716 ἀποστόλοις,

2184 3735 2366 3790 οἱκοῦν
2424 3733 2475 3790 ἐν
2533 3734 2747 3808 ἁγίοις.
2803 3735 2902 3790 Καὶ
2958 3733 3281 3808 πιστεύομεν
3342 3735 3421 3800 εἰς
3481 3736 3610 3808 μίαν
3662 3737 3831 3810 μόνην

2180 3824 2380 3893 ταύτην
2425 3821 2722 3892 καθολικὴν
2771 3822 2859 3877 καὶ
2914 3820 3285 3891 ἀποστολικὴν
3335 3825 3453 3897 (37)
3486 3825 3834 3896 Ἐκκλησίαν,

2186 3913 2259 3974 εἷς
2315 3909 2368 3967 ἓν
2423 3913 2702 3987 βάπτισμα
2763 3911 3064 3984 μετανοίας,
3093 3911 3182 3967 καὶ
3240 3911 3480 3990 ἀφέσεως
3529 3920 3834 3987 αμαρτιῶν,

2186 4001 2262 4063 εἷς
2294 3998 2574 4055 ἀνάστασιν
2607 4005 2834 4077 νεκρῶν,
2883 4000 2958 4063 εἷς
3015 4000 3189 4075 κρίσιν
3251 4000 3470 4056 αἰώνιον
3527 4006 3733 4078 ψυχῶν
3785 4024 3839 4058 τε

2185 4090 2274 4144 καὶ
2307 4088 2598 4162 σωμάτων,
2645 4088 2722 4151 εἰς
2775 4087 3052 4163 βασιλείαν
3255 4089 3499 4164 οὐρανῶν
3551 4093 3642 4146 καὶ
3695 4095 3838 4162 ζωὴν

2188 4177 2432 4236 αἰώνιον.
2463 4177 2604 4242 Τοὺς
2634 4175 2691 4232 δὲ
2721 4175 2998 4254 λέγοντας,
3031 4177 3113 4234 ὅτι
3146 4178 3213 4247 ἦν
3264 4199 3395 4234 ποτε
3449 4181 3540 4235 ὅτε
3586 4180 3689 4236 οὐκ
3720 4185 3788 4251 ἦν
3818 4182 3843 4234 ὁ

427 4273 584 4325 esset
616 4266 819 4336 Filius,
872 4266 1002 4321 vel:
1060 4266 1190 4321 Fuit
1237 4265 1552 4337 aliquando
1597 4283 1731 4321 cum
1778 4283 1893 4322 non
1924 4273 2063 4322 esset

2187 4268 2334 4337 Υἱὸς,
2365 4268 2425 4336 ἢ,
2456 4273 2555 4323 Ἠν
2595 4288 2727 4322 ποτε
2769 4266 2860 4322 ὅτε
2918 4268 3021 4322 οὐκ
3064 4267 3130 4336 ἦν
3181 4266 3245 4324 τὸ
3294 4269 3443 4344 ἅγιον
3502 4275 3752 4344 Πνεῦμα·
3811 4272 3843 4340 ἧ

429 4357 686 4429 Spiritus
763 4357 1004 4411 sanctus
1061 4372 1073 4410 :

430 4447 620 4502 factus
649 4449 756 4512 est,
790 4449 891 4500 aut
921 4444 1022 4515 qui
1053 4461 1121 4499 ex
1153 4444 1266 4499 alia
1317 4445 1651 4499 substantia
1680 4443 1768 4499 vel
1819 4445 2078 4500 essentia

429 4534 634 4588 dicunt
663 4547 791 4588 esse
823 4531 1032 4587 Filium
1066 4531 1164 4587 Dei
1197 4538 1298 4587 aut
1327 4533 1609 4604 Spiritum
1644 4539 2072 4598 sanctum,mu-

428 4622 665 4679 tabilem
714 4625 891 4692 atque
938 4619 1300 4689 variabilem,
1351 4638 1448 4675 eos
1501 4621 1784 4693 finquam)
1836 4623 2074 4677 anathe-

429 4716 582 4767 mate
611 4711 854 4766 damnat
885 4708 1174 4764 catholica
1205 4715 1391 4764 mater
1442 4715 1643 4765 nostra
1671 4715 1727 4765 et
1758 4710 2077 4782 apostolica

426 4802 697 4860 Ecclesia.
733 4805 799 4856 Et
828 4801 1198 4856 anathemate
1221 4801 1576 4857 damnamus
1597 4819 1802 4857 omnes
1834 4802 1933 4874 qui
1959 4819 2073 4859 non

425 4893 778 4949 confitentur
827 4890 1021 4946 carnis
1070 4890 1595 4946 resurrectionem:
1648 4907 1882 4946 omnem
1935 4893 2072 4948 item

425 4981 693 5036 haeresim
726 4979 948 5035 scilicet
997 4995 1201 5034 omnes
1251 4981 1346 5049 qui
1398 4979 1546 5034 hanc
1605 4997 1719 5034 non
1769 4984 1967 5036 tenent
2007 4982 2073 5036 fi-

425 5072 559 5127 dem
591 5074 804 5126 sanctaa
834 5073 892 5124 et
921 5068 1103 5124 solius
1133 5067 1432 5122 catholicas
1465 5068 1749 5124 Ecclesia.

495 5225 608 5294 (32)
643 5220 892 5296 Reges-ig
921 5220 983 5296 τὸ
1011 5220 1165 5294 ἅγιον
1200 5213 1501 5296 σόμϐολον.

498 5292 633 5364 (3‘2")
665 5292 894 5351 Sifnilia
925 5292 1200 5363 leguntur
1229 5293 1284 5346 in
1319 5294 1670 5366 confessione
1713 5293 1847 5366 ﬂdei
1893 5311 2073 5366 quam

423 5385 491 5423 ex
521 5367 719 5422 codice
753 5365 1008 5420 Nanians
1043 5366 1209 5419 LXIII
1243 5364 1427 5420 edidit
1480 5364 1797 5431 Mingarelli
1831 5364 2074 5421 in'libro

424 5439 518 5495 οιιί
549 5438 783 5494 titulum
848 5439 1019 5492 fecit:
1083 5438 1301 5493 Codices
1359 5437 1536 5493 Graeci
1591 5453 1703 5492 mss
1772 5437 1922 5506 apud
1955 5443 2073 5494 Na-

424 5513 546 5566 m‘os
575 5512 834 5566 nutricio:
885 5511 1099 5565 Venetos
1147 5510 1428 5564 asservati.
1481 5510 1745 5564 Bononia
1806 5510 1961 5564 1784.
2016 5511 2073 5564 in

422 5584 502 5636 4ο.
542 5579 694 5638 Vide
724 5579 1043 5652 ad_ca|cem
1076 5581 1218 5636 tomi
1247 5579 1316 5634 IV
1349 5580 1494 5652 Opp.
1529 5580 1734 5636 Athan.
1769 5580 1929 5652 Eni'r.

491 5654 608 5727 (33)_
633 5655 771 5727 ἣδε·
804 5649 862 5705 ἐκ
914 5655 1010 5706 τοῦ
1063 5651 1282 5727 ,Πατρὸς
1346 5649 1637 5723 μονογενῆ,
1693 5651 1970 5706 τουτιστιν
2006 5649 2066 5705 ἐκ

419 5722 520 5792 τῆς
552 5722 738 5786 οῦσίας
763 5727 861 5779 τοῦ
893 5722 1128 5796 Πατρός.

1150 4360 1290 4419 aut,
1370 4371 1438 4409 ex
1513 4372 1628 4410 non
1710 4356 2063 4411 exstantibus

2188 4355 2270 4412 ὅτι
2390 4331 2498 4412 ⁷οὐκ
2554 4352 2724 4411 ὄντων
2782 4354 3010 4430 ἐγένετο,
3145 4356 3196 4428 ἐξ
3253 4331 3439 4432 ἱτᾶρας
3497 4331 3849 4421 ὑποστάσεως

2185 4445 2220 4515 ἢ
2280 4445 2464 4508 οὐσίας
2520 4445 2818 4524 φάσκοντας
2881 4446 3011 4500 εἶναι
3071 4446 3162 4500 τὸν
3216 4446 3339 4501 Υἱὸν
3391 4451 3491 4501 τοῦ
3522 4452 3684 4519 Θεοῦ,
3723 4448 3849 4518 ἢτὸ

2186 4539 2405 4608 Πνεῦμα
2435 4534 2496 4589 τὸ
2524 4535 2697 4610 ἅγιον,
2729 4534 2957 4609 τρεπτὸν
3004 4535 3039 4605 ἢ
3084 4533 3415 4605 ἀλλοιωτὸν,
3446 4535 3684 4599 τούτους
3736 4540 3855 4591 ἀνα-

2184 4623 2583 4697 θεματίζομεν,
2637 4622 2720 4678 ὅτι
2779 4623 2974 4684 αὐτοὺς
3049 4623 3424 4697 ἀναθεματίζει
3477 4626 3512 4694 ἡ
3571 4625 3852 4693 καθολικὴ

2187 4715 2372 4788 μήτηρ
2427 4715 2588 4784 ἡμῶν
2630 4711 2718 4767 καὶ
2778 4709 3118 4781 ἀποστολικη
3179 4713 3498 4784 Ἐκκλησία.
3560 4716 3668 4769 Καὶ
3735 4715 3858 4769 ἀνα-

2185 4802 2546 4874 θεματίζομεν
2600 4800 2801 4863 πάντας
2858 4799 2985 4862 τοὺς
3045 4802 3120 4874 μὴ
3154 4800 3566 4879 ὁμολογοῦντας
3623 4803 3856 4858 ἀνάστα-

2184 4911 2263 4944 σιν
2298 4891 2492 4964 σαρκὸς
2525 4893 2634 4964 (39)
2685 4891 2773 4945 καὶ
2817 4895 2990 4946 πᾶσαν
3046 4889 3270 4967 α’ίρεσιν,
3311 4893 3558 4948 τουτέστι
3608 4893 3749 4956 τοὺς
3781 4893 3852 4966 μὴ

2185 4975 2342 5039 ὄντας
2393 4977 2452 5034 ἐκ
2497 4979 2700 5050 ταύτης
2748 4985 2857 5048 ,τῆς
2907 4979 3140 5042 πίστεως
3184 4986 3284 5050 τῆς
3331 4980 3482 5057 ἁγίας
3531 4983 3625 5036 καὶ
3678 4983 3855 5052 μόνης

2183 5067 2484 5138 καθολικῆς
2517 5067 2869 5139 Ἐκκλησίας.

2261 5226 2375 5294 (34)
2407 5223 2508 5278 Hie
2541 5227 2822 5278 notantur
2850 5221 3300 5294 Apollinarists.

2259 5293 2374 5362 (35)
2402 5295 2506 5350 Hie
2536 5293 3123 5352 Pneumathomachi.

2261 5299 2353 5362 (35
2402 5299 2506 5350 Hie
2536 5299 3123 5352 Pneumathomachi.

2261 5299 2374 5439 (36;
2405 5371 2541 5438 Reg.
2576 5364 2628 5419 ἐν
2658 5366 2967 5442 προφήταις
3001 5367 3094 5442 καὶ
3117 5364 3191 5442 Δἰν
3242 5364 3599 5442 ἀποστόλοις,
3656 5368 3752 5423 καὶ
3807 5364 3856 5421 ἐν

2399 5436 2518 5562 ιίεξ
2531 5436 3186 5564 ἀιῖξςέςιιξςεναι-ιιιιξι·
3206 5438 3620 5564 mw-

2357 5512 2372 5580 )
2403 5507 2500 5562 Καὶ
2531 5507 2901 5580 ἀποστολικήν
2927 5510 3092 5566 deest
3115 5511 3175 5566 in
3206 5507 3393 5569 vatio.

2403 5582 2538 5653 Reg.
2573 5579 2665 5657 ei;
2707 5579 3008 5657 βασιλείας.

2279 5653 2369 5728 39)
2401 5658 2540 5727 Reg.
2572 5653 2854 5710 ἀνάστασιν
2887 5654 3106 5728 νεκρῶν.
