4002 6378
243 419 394 482 1233
1544 426 1918 488 FRAGMEN

2005 425 2026 485 ί
2071 427 2172 488 VA
2185 425 2341 488 RIA.
3497 429 3651 487 1234

1269 756 1610 814 MONITUM
1648 757 1720 814 IN
1751 757 2246 816 FRAGMENVUM
2291 760 2620 826 SEQUENS.

1841 944 1911 955 .—

309 1079 511 1134 1017
545 1080 662 1135 Non
689 1079 806 1135 sine
832 1077 1092 1150 scrupulo
1115 1077 1564 1150 ἀποσπασμάτιον
1602 1095 1835 1151 sequens
1864 1083 1922 1136 in

2005 1083 2420 1138 'Athanasiana
2449 1083 2696 1149 edimus;
2756 1085 2879 1139 licet
2927 1085 3079 1138 enim
3137 1099 3242 1140 non
3289 1085 3364 1138 sit
3420 1084 3658 1138 Athana-

246 1170 320 1222 sio
350 1167 644 1236 indignum
667 1175 718 1222 et
746 1168 1282 1239 Apottinaristarum
1304 1171 1534 1226 heresis
1562 1171 1652 1225 hic
1706 1173 2039 1239 confutetur,
2073 1177 2139 1226 et
2187 1174 2245 1226 in
2298 1174 2466 1242 Epist.
2519 1172 2589 1227 ad
2638 1174 2966 1243 Epictetum,
3027 1181 3079 1227 et
3132 1171 3276 1228 alibi
3321 1175 3662 1244 Oppugnato-

247 1257 350 1312 olet
379 1261 567 1312 tamen
597 1256 878 1327 quidpiam
905 1259 1277 1328 peregrinum,
1320 1267 1374 1313 et
1407 1257 1619 1313 videtur
1658 1260 1900 1314 maxime
1936 1261 2034 1315 sub
2081 1261 2249 1330 ﬁnem
2308 1261 2768 1332 Eutychianorum
2817 1261 3057 1316 haresin
3113 1262 3490 1332 impugnare:
3520 1260 3667 1315 unde

245 1348 386 1415 forte
412 1345 646 1416 suspicio
676 1345 896 1400 oriatur
913 1346 1106 1416 quinto
1126 1345 1328 1402 saeculo
1359 1355 1651 1402 exaratum
1672 1348 1868 1418 fuisse.
1901 1348 2044 1416 Quia
2089 1353 2272 1403 tamen
2307 1365 2422 1402 una
2462 1364 2588 1402 cum
2603 1347 2940 1418 praecedenti
2992 1349 3329 1417 expositione
3359 1348 3489 1417 ﬁdei
3512 1348 3667 1410 nobis

248 1439 415 1490 Roma
461 1435 846 1489 transmissum
883 1435 1013 1504 fuit,
1076 1433 1166 1488 hic
1217 1434 1396 1489 locum
1441 1435 1638 1491 habeat
1669 1439 1720 1490 et
1747 1436 2085 1492 eruditorum
2113 1438 2364 1492 examini
2389 1436 2740 1507 subjiciatur.
2775 1440 2866 1492 Est
2919 1452 3085 1505 porro
3123 1438 3494 1508 fragmentum
3524 1436 3667 1492 istud

247 1523 494 1594 superius
520 1523 669 1577 inter
692 1524 1006 1594 fragmenta
1033 1523 1327 1595 Euthymii
1353 1523 1567 1580 editum
1603 1540 1676 1580 ea:
1704 1527 1953 1582 versione
1980 1527 2125 1594 Zini,
2156 1526 2249 1582 sed
2273 1525 2440 1596 plura
2468 1526 2556 1580 hic
2579 1524 2871 1593 habentur,
2902 1530 2955 1580 et
3009 1525 3268 1596 quadam
3315 1525 3516 1580 mutila
3547 1525 3663 1580 loca

248 1613 639 1668 restituuntur.

1153 1883 1405 1981 ΤΟΥ
1509 1886 1930 1985 ΑΥΤΟΥ
2034 1887 2765 1985 ΑΘΑΝΑΣΙΟΥ

870 2085 1028 2136 ΠΕΡΙ
1064 2083 1195 2135 ΤΟΥ
1225 2081 1416 2138 ΚΑΤΑ
1455 2087 1593 2141 ΤΟΝ
1635 2089 1882 2142 ΚΟῙΝΟΝ
1921 2135 1922 2142 η

2005 2088 2291 2143 [οΡΩΠΟΝ
2331 2089 2844 2143 ΥΠοΔΕιΓΜΑΤοΣ
2901 2086 3034 2158 (40).

1581 2411 1895 2468 EJUSDEM
1927 2411 2311 2468 ATHANASII

457 2592 481 2625 ι
1214 2573 1311 2627 DE
1331 2572 1663 2631 EXEMPLO
1691 2573 1777 2628 EX
1801 2572 1922 2628 ΝΑἸ

2005 2571 2064 2627 L4
2100 2571 2338 2627 ΗΟΜΙΝΙ
2341 2575 2380 2628 8
2409 2571 2580 2627 ΑιιΑ
2589 2570 2685 2627 T0.

1914 2757 1984 2768 —

321 2889 544 2960 Πολλὴν
601 2895 708 2945 τῶν
765 2889 1016 2947 ἐναντίων
1065 2894 1166 2963 τὴν
1224 2894 1347 2968 περὶ
1375 2895 1438 2949 τὸ
1483 2895 1644 2950 κακὸν
1699 2894 1892 2968 ἐπιμε-

2082 2895 2322 2953 Multam
2351 2896 2409 2951 in
2439 2895 2788 2952 adversariis
2845 2893 3167 2966 conspicati
3213 2893 3286 2947 ad
3342 2893 3653 2948 fovendum

249 2977 397 3035 λειαν
430 2981 772 3053 θεασάμενοι,
814 2979 1034 3051 πολλὴν
1081 2977 1285 3058 ἔχομεν
1329 2985 1418 3039 καὶ
1460 2987 1624 3058 ἡμεῖς
1655 2985 1893 3060 ἀνάγκην

247 3067 594 3142 Πακροτὲρας
622 3069 760 3144 πρὸς
792 3067 985 3131 αὐτοὺς
1028 3069 1447 3142 ἀντιστήσασθαι
1494 3073 1591 3135 τὰς
1640 3073 1893 3150 ἀντιῤῥήο

249 3176 381 3218 σεις.
413 3151 620 3226 Μηδεὶς
646 3152 737 3210 οῦν
765 3159 900 3230 ἡμῖν
937 3155 1239 3233 ἐγκαλείτω
1267 3162 1366 3230 τήν
1416 3161 1717 3234 ἀμνηστίαν
1736 3182 1748 3196 ο
1781 3167 1897 3226 τοῖς

248 3241 306 3299 δὶ
359 3245 458 3314 τὴν
515 3243 756 3319 ἀνάγκην
805 3244 1096 3323 ἐπάγουσιν
1143 3246 1484 3328 ἐπιγραφὲτω
1541 3249 1637 3312 τὰς
1694 3249 1893 3313 αἲτίας.

246 3330 386 3391 Ἰδοὺ
439 3333 540 3410 γὰρ
593 3335 683 3389 καὶ
736 3331 922 3410 ἓτερον
962 3335 1373 3414 παραλογισμὸν
1431 3340 1568 3395 κατὰ
1609 3343 1706 3406 τῆς
1757 3337 1894 3410 ἀλη-

250 3421 394 3488 θείας
445 3421 755 3498 ἐγέννησαν.
789 3427 1014 3500 Ὥσπερ,
1065 3427 1250 3504 φησὶν,
1281 3429 1309 3484 6
1357 3427 1660 3504 ἄνθρωπος,
1690 3427 1750 3483 ἐκ
1799 3425 1894 3483 δύο

251 3510 535 3582 συνεστὼς,
582 3512 677 3585 μία
720 3512 874 3591 φύσις
925 3513 1166 3592 λέγεται,
1217 3515 1358 3572 οὕτω
1414 3519 1502 3572 καὶ
1553 3519 1580 3573 6
1621 3518 1894 3589 Δεσπότης

249 3599 508 3675 Χριστὸς,
547 3598 608 3656 ἐκ
653 3601 831 3679 Λόγου
878 3604 966 3659 καὶ
1015 3607 1210 3680 σαρκὸς
1257 3607 1543 3678 συνεστὼς,
1589 3607 1683 3681 μία
1738 3605 1895 3662 οὐσία

247 3686 538 3746 δείκνυται.
573 3690 651 3747 Τὸ
685 3691 778 3764 μὲν
812 3690 903 3746 οῦν
937 3691 1193 3749 δύνασθαι
1221 3696 1287 3749 τὰ
1322 3700 1579 3750 τοσοῦτον
1624 3694 1889 3766 ἀλλήλων

247 3775 690 3855 παρηλλαγμένα
719 3780 804 3835 καὶ
833 3780 1017 3837 τέλεια
1059 3783 1188 3856 μίαν
1239 3783 1421 3839 οὐσίαν
1467 3783 1774 3853 ἀποτελεῖν,
1800 3786 1888 3840 καὶ

246 3869 459 3944 τροπὴν
495 3869 570 3942 μή
603 3875 803 3939 ποιεῖν,
835 3872 1118 3944 συντόμως
1149 3872 1489 3949 προείρηται⁴
1522 3874 1585 3928 τὸ
1637 3871 1694 3928 δὶ
1752 3871 1894 3948 μηδὲ

244 3957 435 4018 αὐτοῖς
467 3957 604 4012 κατᾶ
627 3958 826 4013 σκοπὸν
855 3959 1088 4032 ἀπαντᾷν
1121 3961 1181 4016 ἐκ
1207 3959 1365 4016 τοῦδε
1411 3967 1508 4017 τοῦ
1556 3960 1893 4038 ὑποδείγμα-

242 4067 338 4110 τος
398 4045 587 4100 αὐτίκα
635 4044 1005 4122 δειχθήσεται.
1047 4051 1365 4126 Ἀνθρωπος
1414 4052 1508 4125 μὲν
1548 4052 1651 4128 γὰρ
1692 4052 1751 4108 ἐκ
1797 4056 1894 4126 ψυ-

245 4141 360 4211 χῆς
405 4141 609 4204 νοητῆς
656 4136 745 4190 καὶ
791 4137 1045 4210 σώματος
1088 4138 1344 4210 αἰσθητοῦ
1394 4144 1533 4210 ζῶον
1579 4142 1892 4216 γνωρίζεται

246 4221 498 4291 εἰκότως,
533 4219 620 4276 διὸ.
648 4223 712 4277 τὸ
745 4222 1041 4298 μηδέτερον
1072 4228 1249 4302 χωρὶς
1279 4233 1376 4283 τοῦ
1407 4228 1590 4305 ὲτὲρου
1622 4229 1892 4306 προάγουο

247 4333 343 4367 σαν
376 4307 521 4389 ἔχειν
557 4312 870 4387 ὑπόστασιν,
899 4313 1040 4388 μηδὲ
1087 4317 1276 4386 σώζειν
1324 4319 1415 4373 τὸν
1465 4319 1590 4393 ὅρον
1636 4326 1735 4388 τῆς
1790 4317 1892 4397 φύ-

246 4423 404 4471 σεως,
438 4401 573 4457 κατά
629 4404 790 4458 ταυτὸ
851 4405 946 4477 μὲν
1005 4406 1183 4482 ἀρχὴν
1232 4410 1328 4462 τοῦ
1385 4407 1517 4462 εἶναι
1551 4403 1786 4463 λαϐόντα
1840 4407 1898 4464 ἐκ

246 4490 504 4566 γαστρὸς,
535 4491 626 4545 καὶ
672 4489 856 4555 οῧπως
909 4492 986 4555 εἷς
1035 4494 1126 4548 τὸν
1181 4494 1296 4569 βίον
1338 4494 1632 4572 ἐρχόμενα,
1666 4497 1781 4559 ἑνὸς
1839 4495 1897 4552 δὲ

249 4580 396 4648 ζώου
439 4579 689 4636 σύστασιν
731 4581 1088 4659 ἐργαζόμενα·
1122 4584 1150 4638 ὁ
1197 4581 1254 4638 δὲ
1301 4585 1501 4658 Κύριος
1532 4587 1739 4657 Ἰησοῦς
1799 4586 1899 4642 οὐκ

245 4665 298 4738 ἐξ
327 4665 533 4722 ἀτελῶν
569 4671 906 4747 πραγμάτων
949 4674 1012 4728 τὸ
1044 4673 1176 4728 εἶναι
1215 4670 1454 4750 δέχεται,
1485 4672 1632 4730 ἀλλὰ
1672 4675 1894 4730 τελείων

248 4755 459 4833 φύσεων
493 4756 542 4811 ἐν
596 4759 770 4833 ἑαυτῷ
818 4760 1042 4818 σύνοδον
1089 4760 1350 4818 δείκνυσι³
1403 4765 1558 4819 κάκεῖ
1609 4766 1701 4838 μὲν
1756 4766 1893 4839 μέρη

247 4845 543 4919 ἀνθρώπου
570 4850 723 4924 ψυχὴ
771 4851 858 4906 καὶ
911 4855 1094 4927 σ”.μα’
1129 4852 1354 4908 ἐνταῦθα
1403 4851 1460 4908 δὲ
1507 4851 1630 4909 οὔτε
1673 4856 1708 4924 ἡ
1769 4854 1896 4926 σὰρξ

249 4936 418 5010 μέρος
453 4939 551 4990 τοῦ
600 4937 801 5013 Λόγου,
857 4937 980 4997 οῦτε
1029 4943 1056 4996 ὁ
1093 4941 1270 5018 Λόγος
1322 4941 1485 5018 μέρος
1533 4950 1635 5012 τῆς
1679 4946 1894 5019 σαρκός·

243 5023 498 5097 ἑκάτεροι
546 5025 648 5102 γὰρ
699 5026 897 5097 αὐτῶν,
930 5030 1019 5084 καὶ
1068 5031 1174 5106 πρὸ
1228 5038 1329 5102 τῆς
1373 5030 1639 5103 ἔνώσεως,
1686 5031 1894 5088 τελείαν

249 5110 489 5168 δεικνυσι
536 5115 638 5184 τὴν
689 5115 866 5193 φύσιν,
915 5118 990 5180 ὡς
1048 5117 1215 5192 μηδὲν
1267 5119 1411 5183 ὅλως
1469 5118 1694 5194 λείπειν,
1760 5124 1899 5194 μήτε

244 5205 319 5277 τῇ
353 5200 568 5274 θεότητι
602 5203 679 5266 εἷς
708 5205 801 5260 τὸν
832 5203 970 5261 ἴδιον
1004 5205 1189 5283 λόγον,
1227 5211 1365 5282 μήτε
1391 5213 1460 5284 τῇ
1491 5210 1894 5286 ἀνθρωπότητι’

242 5288 394 5347 ἄλλο
423 5292 524 5366 γάρ
559 5291 669 5348 ἐστι
699 5294 761 5349 τὸ
804 5294 1250 5372 ἀναπληροῦσθαι
1300 5297 1480 5353 οὐσίαν
1535 5297 1592 5353 ἐκ
1651 5297 1747 5354 δύο
1803 5321 1896 5373 με·

241 5384 383 5458 ρῶν,
413 5381 504 5435 καὶ
558 5380 700 5438 ἄλλο
755 5384 816 5438 τὸ
873 5382 1118 5449 ἐνοῦσθαι
1181 5384 1276 5440 δύο
1331 5387 1534 5456 οὐσίας,
1569 5389 1642 5442 ὧν
1678 5387 1899 5464 ἑκατέρα

238 5491 306 5524 το
367 5469 577 5526 τέλειον
633 5468 770 5548 ἔχει*
807 5471 891 5528 διὸ
948 5473 1038 5528 καὶ
1101 5476 1286 5552 μορφὴ
1348 5481 1481 5531 Θεοῦ
1531 5473 1766 5554 λέγεται,
1807 5478 1897 5533 καί

244 5561 437 5634 μορφή
472 5556 695 5617 δούλου.
731 5561 856 5620 Ἐπὶ
909 5559 967 5618 δὲ
1013 5567 1111 5618 τοῦ
1159 5563 1444 5638 ἀνθρώπου
1494 5563 1618 5621 οὔτε
1664 5569 1699 5638 ἡ
1741 5569 1894 5644 ψυχὴ

316 5740 434 5814 (40)
455 5742 538 5801 Ex
565 5745 693 5802 cod.
729 5745 1009 5805 Vaticano
1041 5761 1204 5805 num.
1228 5746 1356 5821 400,
1386 5763 1729 5823 papyraceo.

2008 2986 2231 3042 malum
2262 2984 2744 3052 sollicitudinem,
2778 2999 3089 3039 necessum
3119 2986 3209 3037 est
3242 2986 3305 3036 ut
3334 2981 3653 3052 longiorem

2007 3077 2154 3148 ipsis
2184 3091 2553 3148 opponamus
2584 3073 3064 3130 confutationem.
3103 3072 3282 3127 Nemo
3321 3072 3520 3141 itaque
3551 3087 3653 3124 no-

2006 3166 2097 3221 bis
2121 3165 2262 3221 vitio
2293 3168 2499 3231 vertat,
2533 3163 2689 3235 quod
2721 3179 2838 3218 non
2875 3162 3048 3218 linem
3099 3159 3424 3215 altercandi
3468 3158 3650 3214 facia-

2005 3271 2140 3310 mus
2167 3272 2180 3323 ;
2214 3254 2314 3309 sed
2345 3253 2542 3325 potius
2572 3251 2842 3308 homines
2873 3251 2974 3322 qui
3005 3249 3066 3305 in
3097 3265 3225 3305 eam
3258 3265 3364 3302 nos
3395 3248 3651 3318 compel-

2004 3343 2136 3399 lunt
2165 3342 2572 3398 necessitatem
2605 3341 2665 3396 in
2698 3341 2919 3397 crimen
2951 3343 3132 3395 vocet.
3194 3339 3277 3393 En
3335 3336 3444 3391 tibi
3491 3337 3648 3392 enim

2004 3432 2328 3505 captiosam
2362 3431 2536 3487 aliam
2569 3447 2748 3502 quam
2782 3435 2915 3485 sunt
2951 3433 3154 3484 contra
3173 3426 3474 3482 veritatem
3489 3442 3645 3480 com-

2005 3520 2186 3578 menti
2219 3519 2748 3577 ratiocinationem.
2781 3516 3310 3584 Quemadmodum,
3335 3517 3436 3582 ait,
3470 3514 3645 3569 homo

2002 3627 2071 3668 ex
2101 3611 2334 3666 duobus
2363 3614 2660 3676 constans,
2693 3625 2811 3664 una
2832 3607 3048 3663 dicitur
3069 3610 3278 3661 natura
3305 3623 3317 3672 ;
3351 3605 3431 3658 ita
3460 3609 3516 3659 et
3542 3603 3648 3658 Do-

2003 3700 2202 3756 minus
2231 3699 2597 3765 Cbristus,ex
2609 3697 2796 3753 Verbo
2816 3702 2874 3751 et
2894 3713 3066 3751 carne
3080 3692 3651 3760 constans,unasub-

2002 3789 2218 3845 stantia
2245 3789 2683 3860 comprobatur.
2745 3789 2810 3840 At
2843 3786 2997 3840 enim
3056 3783 3208 3855 quod
3270 3782 3496 3852 possint
3557 3797 3650 3836 res

2001 3883 2230 3934 tantum
2263 3877 2415 3932 inter
2444 3893 2507 3931 se
2537 3877 2824 3946 dispares,
2857 3880 2915 3929 et
2937 3874 3201 3944 perfectae
3224 3886 3402 3925 unam
3433 3869 3648 3924 consti-

2003 3971 2165 4023 tuere
2195 3965 2588 4022 substantiam
2613 3963 2778 4019 nulla
2808 3964 2958 4018 facta
2990 3961 3332 4028 mutatione,
3355 3959 3482 4028 jam
3506 3975 3649 4028 pau-

2003 4061 2087 4112 cis
2119 4056 2392 4126 superius
2425 4054 2645 4110 dictum
2679 4058 2806 4108 est:
2844 4052 2996 4122 quod
3051 4055 3244 4105 autem
3306 4046 3649 4116 bujusmodi

2003 4144 2335 4217 exemplum
2370 4143 2518 4198 nihil
2542 4143 2613 4198 ad
2647 4158 2766 4196 rem
2805 4147 2862 4196 et
2920 4137 3281 4211 propositum
3331 4152 3528 4191 eorum
3565 4135 3650 4190 fa-

2004 4235 2140 4303 ciat,
2201 4250 2336 4287 mox
2382 4230 2960 4286 commonstrabitur.
3013 4227 3317 4280 Enimvero
3376 4224 3552 4278 homo
3583 4241 3652 4279 ex

2007 4323 2206 4380 anima
2236 4321 2600 4392 intelligente
2632 4328 2686 4374 et
2717 4317 2980 4374 sensibili
3012 4331 3252 4386 corpore
3281 4312 3502 4369 animal
3520 4329 3651 4368 esse

2007 4414 2186 4484 probe
2216 4409 2624 4483 cognoscitur:
2655 4409 2794 4480 quia
2824 4408 2950 4462 sine
2981 4405 3161 4460 altero
3195 4409 3464 4459 neutrum
3486 4402 3651 4473 prius

2005 4503 2380 4558 exsistentem
2412 4498 2588 4554 habet
2621 4495 3178 4570 l1ypostasin,neque
3209 4499 3428 4548 naturai
3460 4493 3654 4548 termi-

2007 4608 2151 4647 num
2179 4605 2277 4661 per
2306 4605 2367 4646 se
2391 4593 2582 4660 potest
2611 4603 2860 4643 servare.
2890 4585 3214 4655 Utrumque
3245 4584 3401 4637 enim
3437 4581 3656 4653 pariter

2006 4697 2073 4736 ex
2109 4684 2272 4734 utero
2303 4677 2620 4734 exsistendi
2652 4675 3148 4747 accepitinitium,
3173 4677 3343 4742 atque
3366 4671 3447 4725 ita
3475 4669 3650 4724 vitam

2005 4769 2268 4841 ingressa
2333 4771 2474 4822 sunt
2504 4766 2697 4830 ambo,
2733 4763 3026 4833 uniusque
3065 4759 3340 4816 animalis
3361 4759 3655 4813 constitu-

2004 4859 2221 4914 tionem
2253 4856 2534 4912 efficiunt.
2571 4855 2854 4909 Dominus
2883 4855 3076 4906 autem
3104 4849 3278 4905 Jesus
3317 4864 3432 4902 non
3464 4845 3652 4900 exim-

2008 4947 2282 5019 perfectis
2311 4946 2488 5000 rebus
2519 4941 2923 5000 exsistentiam
2957 4938 3188 5009 accipit,
3238 4937 3336 4991 sed
3380 4934 3655 5005 periecta-

2008 5054 2139 5092 rum
2173 5037 2229 5090 in
2255 5051 2316 5091 se
2348 5043 2688 5090 naturarum
2751 5027 3228 5101 conjunctionem
3285 5024 3518 5079 exhibet
3551 5039 3565 5077 :
3597 5027 3654 5077 et

2005 5125 2128 5181 illic
2159 5125 2398 5196 quidem
2417 5139 2552 5194 pars
2574 5115 3210 5183 hominissunt,anima
3238 5118 3295 5168 et
3323 5109 3656 5184 curpus;hic

2006 5233 2138 5270 vero
2168 5231 2355 5285 neque
2387 5228 2521 5267 caro
2556 5227 2688 5282 pars
2735 5207 2930 5272 Verbi,
2964 5220 3155 5276 neque
3210 5201 3467 5256 Verbum
3524 5217 3657 5271 pars

2009 5304 2238 5360 carnis:
2273 5319 2406 5357 nam
2439 5304 2778 5369 utrumque,
2802 5295 2977 5350 etiam
3010 5297 3144 5348 ante
3161 5288 3654 5362 conjunctionem,

2009 5391 2322 5464 perfectam
2369 5388 2603 5444 exhibet
2636 5391 2932 5448 naturam,
2964 5387 3028 5437 ut
3083 5378 3227 5435 nihil
3260 5377 3492 5450 penitus
3513 5375 3654 5430 deﬁ-

2010 5480 2146 5549 ciat,
2177 5479 2261 5534 vel
2297 5477 2587 5531 divinitati
2623 5475 2776 5546 quod
2813 5473 2884 5528 ad
2917 5470 3006 5527 sui
3043 5469 3323 5525 rationem
3349 5464 3654 5538 pertineat,

2009 5570 2095 5626 vel
2130 5565 2483 5624 humanitati
2512 5584 2524 5621 :
2558 5563 2715 5621 aliud
2749 5562 2968 5635 quippe
3004 5563 3096 5616 est
3124 5555 3404 5629 compleri
3427 5553 3658 5610 duabus
