4002 6370
409 397 563 459 1235
942 396 1008 456 S.
1055 392 1480 456 ATHANASII
1525 390 1699 453 OPP.
1744 388 1946 450 PARS
1991 388 2039 447 Ι.
2073 419 2153 431 -
2180 386 2599 450 HISTORICA
2640 387 2741 449 ET
2782 384 3266 448 DOGMATICA.
3665 384 3827 448 1336

408 528 678 601 partibus
707 524 1294 593 substantiam;aliud
1309 522 1587 595 conjungi
1604 522 1754 577 duas
1775 522 2050 576 substan-

2168 515 2310 591 μόνη
2370 518 2656 593 ἄνθρωπος
2717 513 2840 573 οὔτε
2894 516 2931 587 ἡ
2980 517 3130 601 σάρξ.
3161 515 3230 573 Εἰ
3281 516 3386 591 γὰρ
3424 514 3491 585 ἦν
3516 536 3575 570 τι
3606 513 3822 570 τούτων

408 600 543 685 tias,
571 632 823 689 quarum
855 628 1104 686 utraque
1136 630 1304 669 suam
1348 612 1561 668 haheat
1602 608 2010 683 perfectionem
2037 624 2051 663 :

2164 604 2346 662 τελεία
2394 606 2552 685 φύσις
2599 605 2677 671 εἷς
2723 605 3015 683 ἐνέργειαν,
3046 600 3267 680 ἔπραξεν
3326 604 3387 659 ἄν
3431 626 3484 660 τι
3533 603 3624 660 καὶ
3685 601 3824 681 δίχα

412 706 792 778 quamobrem
832 708 890 760 et
919 704 1106 760 forma
1134 703 1237 758 Dei
1270 702 1487 758 dicitur
1532 707 1591 757 et
1646 701 1834 755 forma
1881 697 2054 754 servi.

2164 699 2261 750 τοῦ
2293 693 2490 752 ἄλλου.
2522 696 2686 753 ’Όταν
2721 691 2779 750 δέ
2805 716 2860 750 τι
2888 693 3095 749 τούτων
3130 715 3236 768 μνη
3249 697 3505 768 μονευθῇ,
3533 690 3704 764 δηλοῖ
3753 694 3821 749 τὸ

410 792 573 857 Quod
604 790 903 847 hominem
948 806 1082 845 vero
1132 792 1377 861 spectat,
1430 802 1619 860 neque
1679 787 1878 843 anima
1932 785 2054 841 sola

2164 789 2270 839 πᾶν
2300 784 2406 839 ἀπὸ
2439 785 2654 861 μέρους·
2698 784 2760 839 ού
2806 782 3015 839 τελείαν
3075 782 3229 860 φύσιν
3284 782 3363 845 εἰς
3420 780 3692 857 ἐνέργειαν
3752 782 3820 837 τὸ

414 880 614 947 homo,
646 894 837 951 neque
869 895 1024 933 caro.
1048 878 1195 933 Nam
1224 878 1274 933 si
1308 874 1519 933 horum
1550 876 1771 948 aliquid
1804 875 2054 948 perfecta

2170 873 2355 949 μέρος.
2390 873 2491 931 Καὶ
2518 878 2679 928 τοῦτο
2711 874 2995 948 ἅνθρωπος
3025 871 3088 927 οὗ
3120 871 3283 945 μόνον
3315 872 3462 947 παρὰ
3486 876 3606 933 τοῖς
3645 870 3818 933 θείοις

411 973 566 1025 esset
587 972 824 1033 natura,
851 967 903 1021 vi
933 967 1171 1038 praedita
1201 966 1438 1039 agendi,
1469 966 1752 1038 quiddam
1784 965 1910 1021 sine
1942 964 2055 1020 alio

412 1061 774 1129 operaretur.
806 1054 951 1111 Cum
982 1058 1175 1110 autem
1209 1054 1420 1111 horum
1456 1053 1801 1110 alterutrum
1835 1069 2057 1110 memo-

413 1149 596 1212 ratur,
628 1150 819 1201 totum
851 1161 885 1199 a
911 1149 1074 1216 parte
1105 1142 1250 1199 solet
1311 1142 1556 1199 indicari
1586 1160 1600 1198 :
1634 1157 1824 1214 neque
1858 1147 2056 1198 tamen

414 1234 730 1308 perfectam
764 1237 1033 1289 naturam
1060 1232 1267 1303 agendi
1298 1231 1353 1286 vi
1386 1231 1691 1304 proditam
1724 1231 1900 1287 habet
1939 1248 2057 1287 una

413 1323 606 1381 solum
641 1338 796 1395 pars.
831 1323 901 1377 Et
931 1322 1049 1377 hanc
1077 1321 1317 1392 quidem
1340 1320 1516 1376 homo
1544 1335 1674 1376 esse
1694 1320 1910 1375 dicitur
1941 1337 2055 1376 non

412 1412 588 1468 modo
618 1412 678 1466 in
711 1410 908 1484 divina
936 1409 1083 1482 lege,
1103 1410 1205 1466 sed
1238 1408 1412 1464 etiam
1441 1408 1501 1465 in
1527 1409 1833 1465 hominum
1866 1408 2055 1465 libris.

414 1502 712 1556 Deﬁniunt
740 1500 940 1571 itaque
973 1498 1273 1555 hominem
1333 1499 1434 1570 qui
1463 1503 1605 1554 sunt
1642 1497 1852 1553 harum
1886 1497 2055 1570 periti

412 1605 634 1655 rerum,
666 1587 886 1645 animal
918 1586 1201 1643 rationale
1236 1586 1684 1658 mortale,atque
1715 1586 1930 1642 itarem
1968 1603 2057 1643 ex-

415 1678 656 1751 plicant,
688 1687 755 1733 ut
784 1675 1067 1734 rationale
1096 1693 1165 1732 ex
1214 1676 1412 1732 anima
1442 1680 1666 1749 petant,
1716 1674 1961 1732 mortale
1990 1691 2059 1732 ex

415 1782 656 1839 corpore
684 1766 986 1825 deﬁniant.
1013 1765 1227 1822 Eodem
1257 1765 1430 1821 modo
1475 1770 1786 1837 utramque
1832 1768 2057 1836 partem

2166 962 2380 1035 νόμοις,
2413 961 2558 1018 ἀλλὰ
2588 960 2655 1031 δὴ
2685 964 2774 1018 καὶ
2827 961 2973 1038 παρὰ
3019 966 3135 1023 τοῖς
3183 961 3547 1036 ἀνθρωπίνοις
3593 957 3811 1034 λόγοις.

2162 1052 2463 1126 Ὁρίζονται
2490 1056 2618 1128 γοῦν
2646 1052 2739 1107 τὸν
2798 1048 3080 1129 ἄνθρωπον
3140 1050 3193 1105 οἱ
3247 1051 3376 1124 περὶ
3417 1054 3587 1105 ταῦτα
3643 1047 3816 1104 δεινοὶ

2170 1146 2307 1210 ζῶον
2336 1139 2560 1216 λογικὸν
2589 1142 2807 1212 θνητὸν,
2830 1141 2895 1196 τὸ
2928 1142 3022 1214 μὶν
3070 1138 3290 1217 λογικὸν
3348 1138 3410 1194 ἐκ
3461 1145 3562 1209 τῆς
3623 1142 3818 1214 ψυχῆς

2168 1228 2581 1305 ἑρμηνεύοντες,
2607 1231 2673 1285 τὸ
2713 1228 2771 1286 δὲ
2801 1231 2990 1301 θνητὸν
3025 1228 3087 1285 ἐκ
3139 1233 3237 1284 τοῦ
3284 1229 3537 1301 σώματος
3583 1227 3819 1306 ἀποφαί-

2165 1339 2362 1381 νοντες.
2404 1319 2588 1381 Οὕτως
2644 1319 2926 1395 ἀμφότερα
2984 1319 3121 1394 μέρη
3182 1317 3300 1381 ένὸς
3353 1316 3675 1392 προσώπου,
3726 1316 3816 1371 καὶ

2168 1407 2230 1463 οὐ
2282 1405 2377 1462 δύο
2433 1406 2785 1482 ἐνόμισεγτὸν
2818 1405 2935 1462 ἴσον
2978 1408 3184 1481 τρόπον
3237 1406 3325 1461 καὶ
3361 1407 3397 1475 ἡ
3431 1406 3548 1460 θεία
3601 1407 3815 1480 Γραφή·

2164 1495 2259 1550 τὸν
2290 1497 2393 1570 γὰρ
2423 1497 2584 1552 αὐτὸν
2617 1494 2899 1570 ἄνθρωπον
2942 1497 3079 1551 κατὰ
3133 1495 3313 1551 εἰκόνα
3367 1498 3502 1550 Θεοῦ
3552 1492 3817 1566 μηνύεται

2168 1584 2302 1640 κατᾶ
2327 1586 2391 1639 τὸ
2421 1584 2687 1660 ἰξαίρετον
2715 1588 2814 1641 τοῦ
2842 1583 3158 1661 προσώπουο
3190 1585 3281 1640 καὶ
3332 1582 3491 1656 ἄρσεν
3528 1582 3620 1638 καὶ
3672 1580 3819 1652 θῆλυ

2165 1673 2628 1751 προσαγορεύεται
2657 1675 2795 1729 κατὰ
2820 1674 2883 1729 τὸ
2915 1671 3118 1747 ἰδίωμα
3143 1680 3244 1744 τῆς
3274 1672 3490 1747 σαρκὸς.
3516 1669 3609 1725 ἵνα
3665 1666 3814 1745 δείξῃ

2164 1762 2267 1831 τὴν
2324 1764 2513 1839 ψυχὴν
2568 1763 2658 1817 καὶ
2713 1764 2777 1818 τὸ
2834 1767 2997 1836 σῶμα
3054 1763 3192 1836 μέρη
3250 1761 3371 1824 ἑνὸς
3398 1761 3722 1835 προσώπου,
3747 1759 3813 1815 ού

417 1856 596 1912 unius
625 1872 753 1911 esse
783 1871 1064 1927 personas,
1096 1871 1211 1910 non
1263 1858 1459 1910 autem
1499 1854 1773 1921 duarum,
1806 1853 2054 1910 aestimat

2169 1849 2287 1910 δύο.
2320 1857 2447 1915 Πῶς
2479 1850 2571 1908 οὗν
2591 1854 2891 1928 κέχρηνται
2920 1848 3062 1925 τῷδε
3090 1856 3172 1924 τῷ
3223 1848 3611 1944 ὑποδείγματι,
3642 1845 3811 1922 μηδὲν

414 1943 614 2002 divina
637 1943 971 2012 Scriptura:
1003 1942 1299 1999 enimvero
1328 1945 1598 1999 eumdem
1641 1942 1940 1999 hominem
1962 1959 2053 1998 se-

409 2034 672 2090 cundum
704 2030 1104 2088 excellentiam
1153 2048 1415 2102 persona
1443 2032 1701 2087 afﬁrmat
1730 2031 1802 2087 ad
1842 2031 2054 2101 imagi-

409 2138 545 2179 nem
578 2121 677 2178 Dei
707 2137 853 2190 esse,
882 2121 1208 2177 secundum
1238 2137 1374 2176 vero
1406 2121 1600 2176 carnis
1631 2121 2049 2193 proprietatem

408 2209 740 2267 masculum
771 2214 829 2266 et
856 2210 1136 2266 feminam
1172 2214 1615 2282 nuncupat,quo
1637 2210 1910 2266 ostendat
1925 2209 2050 2264 ani-

407 2316 566 2356 mam
600 2303 657 2354 et
685 2314 898 2371 corpus
930 2302 1125 2371 partes
1156 2297 1335 2353 unius
1392 2303 1450 2353 et
1477 2297 1745 2369 ejusdem
1790 2313 2049 2369 personae

404 2404 557 2457 esse,
590 2403 705 2443 non
737 2392 932 2442 autem
964 2388 1115 2443 duas
1148 2403 1453 2458 personas.
1485 2386 1632 2452 Quid
1663 2386 2053 2460 causaigitur

402 2482 494 2533 est
523 2476 679 2549 quod
710 2476 818 2531 hoc
836 2480 1079 2531 utantur
1091 2474 1478 2548 exemplo,cui
1500 2474 1693 2530 simile
1710 2474 2051 2531 nihilinest?

409 2565 470 2622 Si
499 2565 649 2621 duas
680 2564 969 2637 perfectas
1027 2578 1308 2633 personas
1339 2564 1545 2620 ποτε
1584 2563 1643 2619 in
1699 2581 1875 2620 unam
1908 2565 2049 2621 sub-

408 2653 693 2710 stantiam
725 2652 1081 2723 compositas
1110 2652 1509 2721 ostenderent,
1543 2653 1719 2725 probe
1766 2654 1821 2707 id
1855 2669 2049 2709 exem-

403 2741 567 2815 plum
611 2746 1162 2814 usurparentzcum
1194 2746 1393 2797 autem
1441 2743 1590 2797 duas
1647 2746 1843 2814 partes
1872 2743 2050 2801 unius

409 2847 675 2904 persona
706 2835 1055 2895 memorant,
1078 2846 1447 2901 nequaquam
1479 2830 1628 2886 duas
1661 2845 1941 2902 personas
1957 2833 2049 2886 di-

407 2924 567 2976 cunt.
604 2919 1112 2986 Quemadmodum
1132 2920 1331 2974 anima
1359 2924 1417 2975 et
1431 2936 1643 2991 corpus
1674 2936 2046 2992 nequaquam

407 3010 525 3065 duo
556 3013 696 3065 sunt
727 3008 982 3081 perfecta
1010 3007 1326 3063 animalia:
1362 3012 1421 3064 at
1448 3009 1604 3064 enim
1636 3008 1903 3065 Christus
1931 3010 2047 3065 duo

404 3098 622 3155 dicitur
650 3113 799 3163 esse,
831 3098 1067 3153 divinus
1097 3096 1366 3153 videlicet
1411 3103 1589 3170 atque
1647 3098 1944 3154 humanus
1972 3098 2047 3154 ob

405 3186 717 3258 utriusque
749 3190 971 3242 natura
1004 3186 1440 3257 perfectionem.
1471 3187 1565 3242 Sic
1610 3186 1804 3257 itaque
1848 3187 2046 3243 Salva-

409 3237 560 3331 ῐεᾶὲὲἕ
570 3237 1415 3340 Ειῖτῖεἷῖὲᾉὶςῐδῗιῐῖιίὶζξιῖιῖιζῖ
1429 3237 1627 3331 έεῖιζηὲ
1639 3237 2050 3332 "saeuas
2079 3237 2123 3305 α

410 3362 574 3419 nullo
595 3362 958 3435 indigentem
990 3366 1049 3419 et
1104 3364 1418 3434 perfectam
1484 3364 1673 3431 (modo
1718 3366 2052 3422 humanita-

403 3452 569 3523 tem),
596 3468 750 3507 nunc
782 3456 1121 3523 utrumque,
1154 3458 1215 3507 ut
1236 3452 1429 3524 palam
1447 3452 1551 3510 ﬁat
1578 3454 1829 3509 duarum
1852 3454 2055 3510 discri-

407 3555 543 3596 men
576 3545 634 3596 et
656 3539 933 3613 perfectio
966 3545 1335 3609 naturarum,
1366 3546 1543 3613 atque
1562 3540 1723 3597 illius
1752 3544 2053 3615 stupenda

407 3628 842 3700 conjunctionis
873 3645 1185 3702 personam
1224 3630 1534 3687 indivisam
1564 3647 1727 3688 esse:
1758 3633 1928 3702 Unus,
1959 3632 2053 3688 in-

410 3717 560 3790 quit,
590 3718 853 3773 Dominus
901 3719 1053 3774 Iesus
1114 3719 1388 3786 Christus,
1445 3737 1545 3791 per
1570 3736 1728 3795 quem
1755 3724 1946 3778 omnia
1973 3722 2050 3778 κε

409 3805 752 3878 hujusmodi
784 3806 1139 3880 signiﬁcatio
1196 3809 1264 3863 ad
1300 3809 1574 3865 deitatem
1616 3811 1904 3881 pertinet:
1940 3827 2053 3867 non

408 3894 565 3951 enim
588 3910 722 3950 cum
754 3911 929 3951 carne
960 3901 1084 3951 erat
1134 3913 1268 3952 cum
1300 3897 1499 3953 omnia
1530 3904 1769 3954 crearet.
1808 3904 2051 3964 Rursus.

408 3983 457 4041 si
490 3983 749 4055 patibilis
781 3983 1049 4040 Christus
1080 3985 1345 4053 dicatur;
1381 3985 1462 4042 ita
1486 4004 1699 4060 nempe
1748 3989 2057 4056 dicitur,ut

409 4073 682 4129 humanm
714 4090 840 4146 quae
867 4091 1041 4146 passa
1058 4079 1380 4131 estnaturas
1401 4078 1674 4148 perfectio
1687 4079 2051 4135 ostendatur.

407 4162 532 4218 Non
565 4161 720 4219 enim
753 4163 835 4219 ait
867 4163 1166 4235 patibilem
1198 4180 1328 4220 esse
1352 4166 1819 4237 partem,utnovi
1842 4167 2056 4223 istido-

408 4252 843 4325 gmatistze.Nec
874 4252 1025 4307 enim
1048 4252 1129 4307 ait
1160 4271 1172 4307 :
1210 4254 1450 4310 Patihile
1471 4260 1562 4310 est
1592 4256 1847 4310 Verbum
1861 4274 2055 4312 carne.

408 4341 761 4411 Hujusmodi
794 4358 936 4397 sane
968 4358 1104 4397 voce
1135 4348 1455 4415 utrumque
1483 4342 1935 4411 declaratur,uti
1958 4364 2057 4402 su-

411 4447 516 4501 pra
544 4429 769 4485 dictum
801 4436 925 4486 est:
959 4433 1118 4487 Iesus
1152 4431 1399 4488 Christus
1448 4432 1572 4488 heri
1626 4438 1678 4488 et
1731 4433 1913 4502 hodie,
1944 4436 2061 4507 ipse

2165 1940 2361 2015 ὅμοιον
2393 1941 2617 2019 ἔχοντις
2650 1941 2713 1997 Εἰ
2764 1939 2859 1996 δύο
2915 1942 3184 2017 πρόσωπα
3235 1937 3421 1996 τέλεια
3477 1935 3809 2008 ύποδείξειαν

2160 2030 2238 2095 εἰς
2268 2031 2392 2104 μίαν
2424 2031 2864 2108 μεθαρμοσθέντα
2911 2029 3118 2102 οὐσίαν,
3149 2026 3335 2092 καλῶς
3391 2028 3695 2105 προέφερον
3743 2028 3807 2082 τὸ

2161 2118 2487 2196 ὑπόδειγμα’
2521 2117 2618 2175 δύο
2648 2117 2706 2174 δὲ
2738 2119 2877 2194 μέρη
2922 2120 3037 2181 ἑνὸς
3084 2119 3385 2195 προσώπου
3433 2116 3710 2192 λέγοντες,
3740 2116 3800 2171 οὗ

2160 2207 2261 2264 δύο
2287 2209 2554 2284 πρόσωπα
2583 2206 2855 2283 λέγουσιν.
2885 2210 3088 2283 Ὥσπερ
3119 2205 3246 2263 ούδὶ
3291 2207 3447 2282 ψυχή
3502 2205 3594 2260 καὶ
3643 2209 3802 2278 σῶμα

2160 2296 2256 2354 δύο
2284 2298 2467 2354 τέλεια
2495 2304 2625 2369 ζῶα·
2653 2302 2750 2352 τοῦ
2781 2295 3046 2354 δεσπότου
3076 2299 3313 2372 Χριστυῦ
3354 2298 3423 2351 τὰ
3466 2292 3562 2350 δύο
3601 2293 3802 2350 καλου-

2163 2389 2349 2461 μένου,
2379 2388 2470 2443 καί
2511 2386 2657 2445 θείου
2685 2388 2774 2442 καὶ
2803 2386 3169 2462 ἀνθρωπίνου,
3205 2383 3295 2441 διὰ
3328 2382 3392 2441 τὸ
3438 2382 3649 2440 τέλειον
3699 2382 3803 2457 ἀμ-

2159 2478 2423 2553 φοτέρων.
2455 2475 2614 2535 Οὕτω
2642 2481 2771 2553 γοῦν
2802 2479 2838 2546 ἠ
2882 2482 3143 2552 Σωτῆρος
3192 2479 3291 2531 τοῦ
3350 2471 3583 2551 Χριστοῦ
3640 2492 3803 2549 προσ-

2157 2568 2362 2642 ηγορία
2389 2571 2479 2621 νῦν
2512 2566 2608 2640 μὲν
2639 2563 2807 2637 δηλοῖ
2833 2565 3004 2639 μόνην
3034 2565 3135 2634 τὴν
3183 2566 3415 2635 θεότητα
3456 2564 3531 2625 ὡς
3576 2559 3798 2631 ἀνενδεῆ

2156 2655 2246 2711 καὶ
2275 2653 2511 2723 τελείαν,
2541 2659 2633 2709 νῦν
2666 2652 2724 2710 δὲ
2764 2655 2826 2709 τὸ
2874 2653 3301 2731 συναμφότερον,
3327 2651 3423 2707 ’ίνα
3470 2650 3668 2728 δειχθῇ
3713 2649 3801 2705 καὶ

2156 2750 2262 2801 τῶν
2297 2742 2393 2800 δύο
2424 2743 2632 2822 φύσεων
2662 2744 2725 2798 τὸ
2757 2740 3014 2821 διάφορόν
3053 2763 3112 2798 τε
3157 2742 3249 2797 καὶ
3297 2739 3529 2811 τέλειον,
3559 2740 3651 2795 καὶ
3704 2746 3804 2802 τῆς

2157 2835 2311 2906 ξένης
2367 2834 2612 2896 ὶνώσεως
2665 2831 2729 2887 τὸ
2783 2832 3075 2907 πρόσωπον
3135 2832 3377 2905 ἄτμητον
3408 2850 3422 2864 ⁸
3474 2833 3588 2898 Εἷς,
3646 2830 3800 2907 φησὶ,

2157 2923 2354 2998 Κύριος
2422 2923 2631 2992 Ἰησοῦς
2694 2922 2947 2998 Χριστὸς,
3016 2918 3084 2976 δι’
3152 2921 3214 2975 οὗ
3272 2920 3341 2976 τὰ
3395 2919 3610 2975 πάντα·
3661 2920 3800 2987 αὐτή

2157 3011 2400 3083 δήλωσις
2445 3019 2544 3081 τῆς
2594 3010 2868 3082 θεότητος·
2902 3010 2965 3065 οὐ
3016 3010 3121 3086 γὰρ
3173 3011 3307 3083 μετὰ
3349 3009 3546 3084 σαρκὸς
3601 3005 3677 3063 ὢν
3738 2999 3802 3063 τὰ

2155 3101 2328 3158 πάντα
2378 3099 2802 3177 ἐδημιούργησε.
2836 3098 3031 3167 Πάλιν,
3091 3098 3137 3154 εἰ
3190 3097 3434 3170 παθητὸς
3483 3100 3511 3154 6
3549 3098 3800 3172 Χριστὸς,

2156 3189 2250 3247 ’ίνα
2279 3189 2476 3267 δειχθῆ
2522 3191 2585 3244 τὸ
2631 3196 2729 3259 τῆς
2775 3190 3053 3259 παθούσης
3100 3187 3521 3265 ἀνθρωπότητος
3567 3187 3800 3243 τέλειον.

2162 3280 2234 3335 Ού
2290 3282 2392 3357 γὰρ
2441 3280 2556 3335 εἶπε
2602 3278 2846 3347 παθητὸν
2892 3277 2955 3332 τὸ
2991 3278 3179 3353 μέρος,
3208 3278 3282 3339 ὡς
3316 3278 3369 3331 οἱ
3408 3277 3518 3331 νέοι
3551 3273 3805 3352 δογματι-

2163 3370 2304 3426 σταί·
2337 3366 2462 3425 ούδὶ
2506 3367 2606 3444 γὰρ
2648 3369 2762 3422 εἶπε
2810 3366 3059 3436 ΙΙαθητὸς
3092 3367 3120 3421 6
3161 3366 3342 3441 Λόγος
3381 3369 3451 3440 τῇ
3503 3364 3681 3440 σαρκί.
3705 3374 3806 3433 Δη-

2164 3458 2355 3515 λοῦται
2384 3454 2453 3526 δὴ
2482 3460 2551 3531 τῇ
2580 3455 2807 3532 τοιαύτῃ
2847 3455 3189 3532 προσηγορίᾳ
3216 3454 3307 3510 καὶ
3353 3454 3416 3509 τὸ
3464 3455 3805 3533 συναμφότεο

2165 3567 2281 3621 ρον,
2327 3547 2401 3611 ὡς
2446 3547 2791 3620 προείρηται⁹
2836 3545 3046 3615 Ἰησοῦς
3095 3544 3325 3616 Χριστὸς
3371 3544 3525 3619 χθὲς,
3563 3544 3657 3597 καὶ
3710 3544 3805 3613 σή-

2167 3657 2353 3713 μερον,
2400 3637 2429 3690 6
2473 3634 2630 3697 αὐτὸς
2676 3635 2768 3690 καὶ
2815 3633 2890 3696 εἷς
2935 3632 3063 3696 τοὺς
3107 3631 3327 3697 αἰῶνας.
3371 3631 3450 3690 Οὐ
3501 3633 3665 3707 μέρος
3714 3633 3804 3705 μὶν

2164 3726 2347 3788 οὐσίας
2378 3726 2529 3801 χθὲς,
2559 3723 2649 3779 καὶ
2681 3725 2944 3800 σήμερον,
2981 3723 3144 3797 μέρος
3190 3719 3247 3777 δὲ
3290 3721 3370 3784 εἰς
3414 3720 3544 3784 τοὺς
3586 3721 3805 3783 αἰῶνας

2163 3814 2309 3871 ἀλλὰ
2355 3816 2384 3870 6
2432 3814 2593 3875 αὐτὸς
2640 3813 2791 3889 χθὶς,
2841 3811 2929 3867 καὶ
2983 3814 3223 3887 σήμερον
3273 3812 3411 3867 κατὰ
3458 3812 3559 3881 τήν
3599 3810 3805 3867 τελείαν

2164 3904 2598 3978 ἀνθρωπότητα·
2658 3903 2747 3957 καὶ
2802 3901 2878 3964 εἰς
2924 3901 3052 3964 τοὺς
3114 3900 3330 3971 αἰῶνας,
3386 3902 3522 3955 κατᾶ
3578 3902 3681 3970 τήν
3721 3921 3807 3955 τε-

2165 3992 2314 4049 λείαν
2362 3992 2626 4064 θεότητα·
2672 3991 2865 4048 λοιπὸν
2909 3988 2967 4046 δὲ
3008 3991 3096 4045 καὶ
3138 3997 3255 4055 καθ’
3301 3990 3556 4065 ἑκατέραν
3605 3990 3809 4044 τούτων

2166 4083 2404 4144 αἰώνιος⁵
2438 4083 2511 4144 ὡς
2560 4082 2650 4137 καὶ
2698 4088 2799 4151 τῆς
2856 4081 3052 4156 σαρκὸς
3102 4075 3381 4151 λαϐούσης
3431 4083 3500 4154 τῇ
3551 4080 3690 4155 πρὸς
3720 4081 3810 4135 τὸν

2165 4169 2341 4226 ἀίδιον
2386 4172 2658 4249 συναφείῃ,
2690 4171 2752 4225 τὸ
2797 4169 2997 4235 ἀπαθές
3043 4189 3101 4225 τε
3147 4168 3237 4224 καὶ
3268 4167 3654 4239 ἀτελεύτητον.
3689 4169 3809 4226 Ἐπὶ

2164 4261 2380 4323 τούτοις
2440 4259 2634 4316 ἐκεῖνοι
2699 4260 2793 4333 μὲν
2854 4258 2931 4321 εἷς
2989 4259 3197 4332 τροπήν
3257 4258 3537 4329 θεότητος,
3592 4258 3684 4314 καί
3741 4258 3812 4318 εἰς

2168 4350 2476 4425 ἀνατροπὴν
2529 4353 2636 4404 τῶν
2697 4343 2964 4404 συνόντων
3004 4353 3122 4411 ταῖς
3185 4348 3394 4427 φύσεσι,
3425 4348 3516 4402 καὶ
3542 4347 3621 4409 εἴς
3649 4347 3811 4422 ἄναρ-

2170 4438 2403 4511 μόστους
2432 4438 2697 4516 φλυαρίας
2728 4435 3036 4513 ἐχρήσαντο
3085 4439 3154 4511 τῇ
3206 4436 3342 4492 κατὰ
3385 4435 3478 4491 τὸν
3530 4433 3809 4511 ἄνθρωπον

411 4523 466 4574 et
498 4519 558 4572 in
578 4519 780 4573 saecula
809 4519 871 4573 ⁸⁷.
914 4519 1295 4591 Nequaquam
1354 4538 1490 4594 pars
1548 4522 1656 4578 fuit
1709 4524 2054 4581 substantias

2170 4529 2389 4603 θεωρίᾳ*
2419 4527 2577 4601 ὑμεῖς
2635 4525 2693 4583 δὶ
2749 4526 2825 4589 εἰς
2886 4523 3159 4599 ἀπόδειξιν
3215 4526 3305 4581 καὶ
3360 4523 3657 4601 μαρτυρίαν
3718 4529 3813 4580 τοῦ

415 4605 539 4661 heri
572 4610 629 4662 et
657 4606 851 4674 hodie,
885 4624 1139 4680 parsque
1167 4609 1305 4664 item
1368 4610 1427 4665 in
1487 4611 1701 4666 saecula
1735 4628 1747 4667 :
1777 4614 1878 4669 sed
1938 4613 2054 4687 ipse

2171 4613 2393 4671 δυνατὸν
2424 4617 2554 4671 εἶναι
2585 4617 2672 4671 καὶ
2706 4612 2801 4670 δύο
2843 4619 3005 4670 τινῶν
3056 4611 3276 4671 σύνοδον
3323 4620 3583 4682 νοεῖσθαι,
3613 4614 3707 4669 καὶ
3762 4612 3812 4670 ἰν

413 4695 541 4752 heri
572 4699 628 4751 et
660 4695 832 4751 hodie
864 4697 1189 4753 secundum
1228 4699 1542 4768 perfectam
1585 4700 2006 4757 humanitatem
2039 4721 2058 4758 .·

413 4789 471 4840 et
500 4783 557 4839 in
590 4783 826 4855 sucula,
862 4786 1186 4841 secundum
1213 4787 1527 4859 perfectam
1553 4788 1826 4846 deitatem
1850 4807 1861 4845 :
1887 4796 2062 4864 atque

413 4873 652 4929 demum
685 4876 1012 4929 secundum
1047 4877 1727 4949 utramqueimmortalis
1751 4880 2059 4945 :quiacaro

412 4977 481 5018 ex
509 4964 923 5034 conjunctione
940 4981 1073 5019 cum
1108 4964 1426 5022 immortali
1458 4967 1949 5039 impatibilitatem
1966 4987 2059 5027 ac-

409 5051 563 5121 cepit
593 5056 767 5123 atque
800 5052 1432 5109 interminabilitatem.
1472 5056 1555 5109 lta
1600 5055 1682 5111 illi
1717 5057 1953 5128 quidem
1986 5059 2057 5114 ad

406 5140 839 5196 conversionem
874 5141 1195 5209 deitatis,et
1224 5146 1293 5198 ad
1326 5144 1686 5200 eversionem
1707 5160 1907 5201 eorum
1931 5164 2058 5219 qus:

407 5229 643 5285 naturis
668 5235 1029 5302 competunt,
1064 5237 1121 5286 et
1171 5233 1242 5287 ad
1278 5249 1470 5305 nugas
1530 5235 2060 5309 absurditatesque,

407 5316 664 5375 hominis
695 5320 962 5391 exemplo
993 5337 1060 5376 ac
1092 5321 1492 5394 speculatione
1526 5329 1667 5380 sunt
1700 5325 2057 5382 usi.Nosau-

404 5411 518 5461 tem
548 5407 619 5463 ad
655 5412 1067 5480 argumentum
1128 5416 1184 5465 et
1241 5411 1669 5480 testimonium,
1726 5414 1881 5485 quod
1934 5416 2055 5471 ﬁeri

405 5495 591 5566 possit
625 5499 692 5551 ut
719 5497 973 5552 duorum
1005 5498 1345 5569 conjunctio
1405 5500 1792 5575 intelligatur,
1855 5520 1921 5560 ac
1959 5521 2061 5578 per

480 5707 569 5764 ⁹⁶Ι
600 5709 729 5765 Cor.
761 5724 882 5782 vni,
912 5711 966 5766 6.
999 5711 1044 5748 ’τ
1072 5711 1251 5773 Hebr.
1287 5713 1495 5788 1111,28.

2169 4705 2460 4782 πρόσωπον
2513 4703 2588 4760 δι’
2612 4703 2936 4783 ἀμφοτέρων
2981 4705 3227 4779 ὁρᾶσθαι.
3262 4703 3324 4759 Εἰ
3369 4703 3469 4779 γὰρ
3526 4703 3815 4778 ἀνθρώπου

2170 4794 2327 4873 φύσις
2360 4796 2463 4849 ούκ
2491 4792 2739 4865 ἐκωλύθη
2774 4791 2869 4849 δύο
2904 4794 2998 4867 μὶν
3028 4791 3174 4869 ἔχειν
3215 4793 3282 4848 τὰ
3332 4794 3495 4869 μέρη,
3525 4791 3578 4864 ἐξ
3627 4791 3705 4847 ὧν
3754 4794 3814 4847 τὸ

2170 4885 2483 4960 πρόσωπον,
2512 4884 2566 4939 ’ἐν
2594 4880 2653 4939 δὲ
2682 4881 2952 4939 δεικνύναι
2983 4878 3276 4959 πρόσωπον
3321 4883 3411 4938 τὸν
3462 4881 3635 4944 οὕτως
3689 4903 3813 4937 συν-

2170 4977 2374 5028 εστῶτα
2422 4972 2720 5045 ἄνθρωπον*
2773 4971 2931 5044 πόσῳ
2984 4971 3198 5045 μᾶλλον
3228 4973 3263 5041 ἡ
3295 4973 3409 5025 θεία
3460 4972 3624 5047 χάρις
3653 4972 3809 5038 ἱκανὴ

2170 5057 2336 5133 δεῖξαι
2396 5058 2614 5115 δυνατὸν
2659 5060 2748 5115 καὶ
2806 5058 3107 5115 ἀκόλουθον
3149 5060 3213 5115 τὸ
3260 5059 3349 5114 καὶ
3382 5056 3479 5114 δύο
3511 5060 3698 5138 φύσεις
3726 5081 3811 5114 τε·

2169 5147 2320 5212 λείας
2353 5149 2427 5211 εἷς
2453 5146 2641 5206 ἕνωσιν
2676 5148 2983 5225 ἀσύγχυτον
3017 5145 3362 5225 συνδραμεῖν,
3395 5148 3608 5204 καὶτοῦ
3653 5169 3811 5226 προσο

2169 5239 2323 5293 ώπου
2351 5240 2414 5294 τὸ
2448 5237 2736 5311 μοναδικὸν
2773 5235 3047 5312 μηδαμῶς
3092 5236 3355 5311 ἀμελεῖν;
3383 5238 3539 5313 ψυχή
3576 5239 3674 5311 μὲν
3714 5239 3809 5313 γὰρ

2167 5328 2257 5382 καὶ
2291 5332 2446 5400 σῶμα
2476 5327 2914 5402 συναρμοσθέντα
2949 5327 3003 5382 ’ἐν
3040 5332 3178 5397 ζῶον
3233 5326 3571 5402 ἐργάζονται·
3607 5325 3706 5382 δύο
3760 5324 3814 5382 δέ

2168 5416 2353 5494 φύσεις
2405 5416 2734 5491 ἑτεροούσιοι
2793 5418 3139 5492 συναφθεῖσαι
3200 5416 3321 5489 μίαν
3381 5415 3612 5486 υἰότητα
3663 5416 3812 5491 ἀτρέ-

2167 5526 2315 5568 πτως
2360 5504 2422 5561 ού
2471 5502 2867 5581 σχεδιάζουσιν.
2914 5509 3119 5581 Ὥσπερ
3163 5506 3267 5582 γὰρ
3318 5505 3671 5572 ἀκούσαντες·
3726 5507 3813 5569 Εἰς
