4002 6366
248 416 404 476 1937

245 546 442 623 Κύριος
521 549 731 619 Ἰησοῦς
808 550 1058 625 Χριστὸς,

250 635 464 706 θεότητι
523 636 659 713 μόνῃ
710 639 774 692 τὸ
831 643 1104 702 ποιεῖσθαι
1152 639 1219 692 τὰ
1267 637 1440 693 πάντα
1486 639 1711 693 κατὰτὸ
1752 637 1892 700 εἰκὸς

249 724 636 803 ἔπιγράφομεψ
706 725 878 789 οὕτως
951 727 1273 789 ἀκούσαντες
1333 727 1419 793 τό,
1493 728 1799 798 Ἀπάθητος
1866 729 1894 782 ὁ

247 815 499 890 Χριστὸς,
548 820 648 884 τῆς
705 816 999 889 ἡνωμένης
1057 817 1252 891 σαρκὸς
1294 817 1357 870 τὸ
1408 817 1580 880 πάθος
1629 817 1892 890 γινώσκο-

251 923 368 976 μεν.
405 903 554 958 Ἐπεὶ
606 909 725 966 πῶς
779 906 1048 977 νοήσομεν
1088 911 1190 974 τῆς
1238 905 1405 974 αὐτῆς
1449 905 1632 968 οὐσίας
1659 905 1749 959 καὶ
1794 907 1890 974 τήν

247 992 518 1047 ἀσθένειαν
577 993 628 1047 ἐν
687 998 866 1066 ταυτῷ
912 992 1003 1048 καὶ
1051 995 1149 1062 τήν
1203 991 1427 1066 δύναμιν
1464 1040 1478 1063 ,
1544 994 1614 1048 Τὸ
1681 997 1894 1067 πνεῦμα

244 1081 550 1158 πρόθυμον,
604 1084 638 1151 ὴ
710 1081 838 1157 σὰρξ
900 1083 1145 1152 ἀσθενής.
1209 1083 1270 1137 οὐ
1333 1084 1496 1157 μέρος
1562 1082 1891 1155 πνεύματος,

246 1169 373 1226 οὐδὲ
419 1173 585 1247 μέρος
636 1171 850 1246 σαρκός·
907 1172 996 1226 καὶ
1045 1170 1246 1227 πάλιν·
1424 1173 1526 1246 γὰρ
1581 1171 1889 1247 ἐσταυρώθη

245 1259 296 1330 ἐξ
351 1258 647 1326 ἀσθενείας,
726 1257 873 1315 ἀλλά
944 1264 1008 1334 ζῇ
1089 1260 1149 1315 ἐκ
1225 1258 1521 1334 δυνάμεως.
1591 1260 1770 1316 Ἀλλὰ
1827 1261 1894 1315 τὰ

245 1347 506 1422 ὀνόματα,
557 1347 703 1404 ἅλλα
741 1351 808 1404 τὰ
851 1349 1162 1426 πράγματα·
1217 1354 1432 1422 πνεῦμα
1475 1349 1562 1404 καὶ
1595 1350 1744 1425 σὰρξ,
1799 1347 1890 1404 δύ-

237 1459 399 1511 ναμις
431 1438 518 1492 καὶ
554 1437 820 1508 ἀσθένεια,
865 1440 1092 1510 σταυρὸς
1143 1438 1234 1492 καὶ
1288 1439 1424 1510 ζωὴ,
1474 1439 1537 1493 τὸ
1586 1438 1788 1513 ἐγεῖρον
1829 1439 1892 1494 τὸ

240 1526 607 1602 ἐγειρόμενον,
669 1525 730 1581 16
805 1529 1113 1601 ὑπεροψοῦν
1161 1528 1222 1582 τὸ
1289 1529 1753 1602 ὑπερυψούμενον.
1805 1530 1891 1585 Ἐν

243 1614 317 1670 ἐνὶ
352 1613 409 1670 δὲ
439 1615 742 1692 προσώπῳ,
777 1617 837 1670 οὐ
871 1618 1011 1671 κατὰ
1039 1618 1280 1672 σύνθεσιν
1320 1621 1516 1692 μερῶν,
1567 1616 1712 1672 ἀλλὰ
1756 1619 1892 1672 κατὰ

239 1699 430 1759 ἕνωσιν
485 1703 708 1760 τελειων
769 1707 978 1784 φύσεων
1011 1750 1022 1761 .
1076 1707 1156 1762 Οὐ
1219 1706 1343 1778 μίαν
1403 1705 1586 1760 οὐσίαν
1645 1707 1738 1767 τὰς
1795 1703 1890 1761 δύο

240 1793 522 1856 ποιούσαςο
551 1791 696 1849 ἀλλᾶ
747 1793 873 1868 μίαν
940 1795 1088 1868 ἀξίαν
1139 1795 1226 1850 καὶ
1269 1793 1422 1866 δόξαν
1457 1793 1752 1863 δηλοῦσαν.
1787 1795 1889 1851 Οὕ-

237 1903 346 1944 τως
375 1883 479 1937 οὐκ
517 1881 822 1959 ἀρνούμεθα
853 1885 951 1954 τὴν
983 1881 1197 1953 ἕνωσιν,
1230 1884 1638 1961 παραιτούμεθα
1681 1882 1738 1939 δὲ
1787 1884 1884 1952 τήν

239 1971 512 2027 ούσίωσιν.
545 1973 663 2026 Ὅτι
695 1974 794 2048 γὰρ
829 1970 1088 2028 ἀδύνατον
1118 1973 1213 2036 τὰς
1273 1971 1368 2029 δύο
1417 1973 1602 2036 οὐσίας
1653 1974 1887 2050 γενέσθαι

244 2061 392 2134 μίαν,
421 2057 661 2116 διδάσκει
715 2062 812 2135 μὶν
859 2063 887 2116 ὁ
933 2069 1032 2132 τῆς
1080 2063 1290 2141 φύσεως
1333 2062 1526 2136 νόμος,
1561 2061 1798 2118 διδάσκει
1833 2061 1892 2118 δὲ

238 2150 267 2204 ὁ
298 2154 393 2204 106
418 2150 770 2226 κηρύγματος
820 2150 1003 2227 λόγος,
1052 2151 1222 2216 πείθει
1263 2149 1320 2207 δὲ
1351 2149 1441 2207 διὰ
1470 2153 1671 2209 παντὸς
1702 2151 1892 2227 γένους

238 2242 274 2309 ἡ
323 2243 503 2314 πεῖρα,
555 2239 791 2309 θεσπίζει
853 2237 908 2294 δὲ
970 2238 1272 2316 προδήλως
1337 2242 1365 2295 ὁ
1415 2242 1634 2315 Κύριος.
1679 2242 1888 2311 Μηκέτι

243 2331 372 2402 γοῦν
422 2329 522 2397 τὴν
569 2327 849 2383 ἀνάστασιν
901 2329 1270 2384 ἀπιστούντων
1317 2326 1393 2384 ἔτι
1440 2334 1548 2384 τῶν
1610 2335 1889 2403 μαθητῶν,

247 2416 616 2496 Ψηλαφήσατέ
691 2439 796 2490 με,
875 2418 1048 2496 φησὶ,
1121 2419 1210 2474 καὶ
1283 2416 1443 2486 ἴδετε,
1520 2419 1601 2474 ὅτι
1680 2424 1893 2493 πνεῦμα

245 2508 418 2582 σάρκα
490 2506 580 2561 καὶ
670 2506 831 2562 ἆστὲα
910 2507 1009 2562 οὐκ
1088 2503 1226 2584 ἔχει,
1302 2510 1482 2572 καθὼς
1537 2507 1634 2581 ἐμὲ
1692 2509 1894 2585 ἑωρᾶτε

245 2593 464 2672 ἔχοντα.
516 2593 896 2672 Ψηλαφήσατε
942 2595 1229 2671 πρότερον,
1274 2595 1366 2652 ’ίνα
1415 2595 1606 2673 δειχθῇ
1662 2599 1726 2652 ού
1759 2619 1892 2676 φαν-

242 2684 399 2740 τασία
473 2683 783 2758 πνεύματος
852 2685 1112 2741 ἀπατῶσα
1169 2685 1298 2749 τοὺς
1365 2687 1689 2760 θεωμένους,
1748 2685 1893 2741 ἀλλά

243 2772 527 2828 ἀντιτυπία
565 2773 819 2846 σώματος
865 2773 1304 2853 πληροφοροῢσα
1350 2774 1476 2838 τοὺς
1526 2777 1888 2848 ἁπτομένους.

239 2862 330 2941 Τίς
363 2860 453 2916 οὖν
489 2861 598 2937 ούχ
648 2863 748 2937 ὁρᾷ
794 2864 862 2918 τὰ
908 2868 1018 2918 τῶν
1059 2864 1270 2942 φύσεων
1328 2863 1458 2919 ἴδια·
1493 2866 1575 2918 ὅτι
1605 2869 1700 2920 106
1730 2865 1890 2919 πνεύ-

244 2973 412 3026 ματος
446 2955 585 3024 μήτε
615 2953 677 3006 τὸ
730 2946 825 3024 μὲν
868 2947 1013 3028 ἔχειν
1059 2954 1250 3030 σάρκα,
1305 2956 1444 3027 μήτε
1476 2956 1626 3023 ὀστᾶ,
1657 2959 1754 3009 106
1785 2956 1889 3008 σώ-

246 3062 414 3115 ματος
450 3039 507 3096 δὲ
536 3042 597 3095 τὸ
629 3039 797 3116 ἔχειν·
831 3042 922 3096 καὶ
950 3047 1048 3097 106
1083 3043 1176 3116 μὶν
1209 3043 1270 3098 τὸ
1319 3045 1658 3120 θεωρεῖσθαι,
1706 3048 1803 3098 106
1834 3041 1892 3098 δὲ

240 3132 303 3185 τὸ
338 3130 414 3204 μὴ
448 3131 690 3206 ὁρᾶσθαι·
719 3131 916 3186 τούτου
946 3133 1008 3186 τὸ
1055 3133 1165 3210 ἀφῇ
1217 3128 1644 3201 ὑποϐάλλεσθαι,
1689 3132 1891 3188 ἐκείνου

240 3221 302 3273 τὸ
333 3220 472 3297 ἁφὴν
511 3221 586 3291 μὴ
621 3218 956 3295 προσίεσθαι.
996 3224 1120 3284 Πῶς
1148 3221 1240 3276 οὗν
1275 3221 1369 3294 μία
1417 3221 1592 3293 οὐσία,
1631 3221 1890 3292 τοιαύτης

1556 417 2034 480 FRAGMENTA
2085 417 2353 478 VABIA.

3504 420 3665 481 1238

1143 547 1213 604 δι’
1289 550 1349 604 οὗ
1423 547 1489 604 τά
1557 551 1752 617 πάντα,
1823 552 1889 623 τῇ

2012 553 2325 623 utrumque
2358 567 2476 606 una
2519 568 2772 622 persona
2828 551 3247 623 conspiciatur.
3286 551 3340 607 Si
3401 567 3661 626 namque

2006 639 2268 696 hominis
2304 644 2574 696 naturam
2610 640 2753 695 nihil
2816 641 3117 712 prohibuit
3149 641 3468 712 quominus
3509 645 3656 699 duas

2007 729 2248 784 haberet
2279 734 2471 800 parte
2503 729 2720 800 quibus
2751 746 3000 800 persona
3043 731 3445 798 constituitur,
3480 737 3656 804 atque

2006 835 2124 874 una
2154 819 2344 874 solum
2381 835 2630 890 persona
2662 824 2838 887 esset,
2873 820 3047 874 homo
3080 819 3302 874 scilicet
3331 820 3412 875 ita
3443 823 3654 877 consti-

2004 910 2168 963 tutus
2195 926 2206 973 ;
2239 912 2459 977 quanto
2492 908 2680 980 magis
2713 909 2911 963 divina
2931 908 3120 980 gratia
3136 909 3516 980 comprobare
3547 927 3648 981 p0-

2002 1000 2139 1067 test,
2173 1013 2344 1068 posse
2375 997 2497 1051 fieri
2533 1001 2921 1069 congruenter
2943 1002 3006 1052 ut
3035 997 3160 1052 dua:
3191 999 3456 1069 perfectas
3489 1003 3655 1054 natu-

2002 1102 2078 1140 ras
2112 1087 2167 1140 in
2203 1087 2674 1156 conjunctionem
2737 1086 2882 1140 nihil
2929 1087 3232 1142 confusam
3280 1095 3656 1159 concurrant,

2003 1174 2149 1228 nihil
2185 1173 2320 1229 laesa
2352 1192 2610 1246 personae
2646 1175 2870 1230 unitate
2898 1176 3148 1230 PAnima
3163 1193 3417 1246 namque
3449 1182 3506 1232 et
3527 1193 3653 1232 cor-

2002 1280 2113 1334 pus
2137 1266 2453 1334 conjuncta
2474 1263 2677 1331 simul,
2710 1264 2928 1319 animal
2965 1281 3149 1319 unum
3182 1266 3488 1334 efficiunt;
3525 1268 3652 1321 dum

2003 1357 2197 1408 autem
2230 1363 2451 1408 natura:
2497 1353 2735 1408 diversa:
2794 1353 3135 1408 substantiae
3193 1371 3311 1409 una
3345 1355 3650 1426 cepulatae,
3683 1347 3691 1350 ’

2004 1457 2178 1496 unam
2211 1440 2550 1496 {iliationem
2582 1458 2694 1495 non
2715 1439 3100 1496 tumultuario
3123 1457 3296 1512 opere
3317 1442 3444 1498 sine
3458 1446 3652 1498 muta-

2001 1531 2159 1585 tione
2189 1530 2979 1596 efﬁciunt.Quemadmodum
2997 1530 3154 1586 enim
3186 1546 3320 1585 cum
3351 1530 3648 1588 audimus:

2004 1621 2149 1675 Unus
2203 1621 2464 1674 Dominus
2521 1622 2676 1675 Jecur
2736 1620 3005 1690 Christus,
3061 1636 3161 1690 per
3218 1636 3380 1691 quem
3425 1622 3651 1683 omnia;

1999 1707 2107 1764 soli
2142 1708 2739 1778 divinitati,etmerito
2772 1708 3358 1779 quidem,tribuimus
3379 1708 3646 1764 omnium

1999 1797 2294 1869 cpilicium
2322 1815 2336 1865 ;
2370 1798 2450 1852 ita
2480 1813 2703 1868 quoque
2735 1813 2869 1852 cum
2929 1797 3262 1867 audiamus,
3298 1797 3650 1869 Impatibilis

1998 1885 2286 1956 Christus,
2349 1887 2524 1942 unita:
2556 1885 2748 1942 carnis
2783 1885 3115 1958 passionem
3167 1902 3297 1941 esse
3349 1888 3649 1958 cognosci-

2001 1991 2154 2030 mus.
2190 1976 2497 2030 Enimvero
2519 1992 2634 2046 qua
2666 1975 2888 2029 ratione
2919 1974 3182 2044 ejusdem
3217 1978 3438 2030 natura:
3469 1974 3527 2029 in
3560 1991 3652 2030 ea-

1999 2064 2133 2118 dem
2165 2063 2295 2135 ipsa
2328 2080 2384 2119 re
2415 2063 2819 2118 infirmitatem
2856 2080 2973 2118 una
3002 2067 3060 2117 et
3086 2063 3402 2134 potentiam
3437 2080 3648 2135 cogno-

2001 2155 2276 2210 scemus‘?
2307 2154 2547 2225 Spiritus
2578 2161 2858 2224 promptus
2878 2156 2977 2220 est,
3009 2169 3135 2208 caro
3181 2154 3407 2222 inﬁrma
3436 2153 3500 2220 ⁵⁸,
3533 2170 3648 2208 non

2003 2260 2139 2314 pars
2171 2243 2434 2314 spiritus,
2470 2259 2659 2312 neque
2689 2259 2824 2314 pars
2883 2241 3097 2297 carnis.
3157 2243 3226 2296 Et
3283 2258 3557 2298 rursum:
3591 2243 3653 2298 Si

2000 2335 2150 2389 enim
2177 2334 2480 2403 cruciﬁxus
2509 2336 2591 2387 est
2619 2348 2688 2387 ex
2717 2331 3080 2403 inﬁrmitate,
3141 2331 3232 2386 sed
3265 2333 3400 2386 vivit
3445 2347 3514 2386 ea:
3543 2334 3654 2386 vir-

2001 2427 2114 2478 tute
2143 2424 2206 2477 9°.
2238 2421 2368 2476 Alia
2399 2421 2662 2487 nomina,
2694 2419 2808 2476 alia
2829 2437 3036 2492 opera;
3097 2419 3343 2492 spiritus
3397 2424 3453 2474 et
3497 2437 3650 2486 caro,

2000 2513 2184 2567 virtus
2215 2518 2268 2567 et
2300 2510 2634 2577 inﬁrmitas,
2669 2516 2807 2565 crux’
2839 2515 2897 2564 et
2933 2509 3070 2575 vita,
3131 2509 3285 2580 quod
3347 2510 3562 2563 excitat
3591 2513 3648 2564 et

2002 2602 2155 2672 quod
2187 2601 2494 2664 excitatur,
2547 2599 2701 2670 quod
2737 2597 3134 2671 superexaltat
3165 2603 3223 2652 et
3248 2597 3401 2669 quod
3435 2614 3644 2668 super-

2001 2691 2309 2746 exaltatur.
2336 2689 2465 2744 Haec
2491 2694 2685 2744 autem
2718 2688 2779 2742 in
2810 2705 2929 2742 una
2960 2704 3209 2760 persona
3238 2696 3523 2753 sunl,non
3558 2704 3646 2742 se-

2001 2779 2261 2834 cundum
2293 2777 2776 2849 compositionem
2808 2777 3088 2848 partium,
3157 2776 3258 2830 sed
3319 2776 3645 2830 secundum

2001 2866 2474 2938 conjunctionem
2508 2866 2894 2937 perfectarum
2924 2871 3291 2920 naturarum.
3319 2864 3444 2918 Non
3470 2880 3645 2918 unam

2001 2957 2392 3013 substantiam
2417 2972 2594 3026 quam
2619 2954 3020 3010 dumefﬁciant
3045 2971 3058 3020 ;
3080 2954 3180 3009 sed
3208 2970 3335 3025 quae
3365 2969 3541 3007 unam
3565 2953 3651 3006 di-

2000 3046 2280 3116 gnitatem
2305 3049 2361 3099 et
2392 3061 2570 3099 unam
2598 3043 2843 3115 gloriam
2878 3042 3201 3114 significet;
3237 3041 3318 3096 ita
3340 3058 3453 3096 non
3473 3057 3648 3112 nega-

2001 3151 2134 3190 mus
2162 3135 2458 3200 unionem,
2519 3134 2618 3188 sed
2681 3147 2963 3202 negamus
3021 3130 3486 3185 substantiarum
3523 3129 3650 3184 fieri

2000 3223 2389 3278 identitatem.
2445 3222 2602 3285 Quod
2663 3221 2820 3274 enim
2851 3220 2974 3275 fieri
3016 3223 3270 3289 nequeat
3327 3219 3478 3273 duas
3509 3219 3648 3273 sub-

243 3307 408 3379 οὑσης
438 3306 798 3384 παραλλαγῆς
827 3328 840 3378 ;
875 3309 936 3366 Εἰ
969 3315 1182 3383 πνεῦμα
1208 3310 1396 3383 μόνον,
1429 3311 1590 3375 πόθεν
1626 3311 1889 3384 σαρκεύςς

2009 3312 2258 3368 stantias
2293 3328 2468 3366 unam
2502 3300 2688 3372 effici,
2709 3310 2877 3364 docet
2897 3307 3480 3373 lexnaturalis,dooet
3499 3323 3646 3377 pra;-

243 3396 289 3451 εἰ
323 3402 482 3470 σῶμα
533 3397 716 3470 μόνον,
748 3399 909 3462 πόθεν
945 3395 1108 3470 δόξα;
1143 3397 1316 3456 ’Λλλᾶ
1341 3405 1548 3474 πνεῦμα
1577 3401 1669 3473 μὲν
1724 3401 1884 3476 ἄσαρ-

2001 3400 2307 3457 dicationis
2338 3401 2608 3466 verbum,
2642 3400 2854 3454 suadet
2899 3399 3166 3453 omnium
3200 3396 3645 3468 generationum

239 3506 360 3552 κον,
389 3486 488 3554 τὴν
518 3485 671 3563 φύσιν
706 3487 855 3554 Θεὸς,
887 3492 1045 3561 σῶμα
1085 3485 1143 3542 δὲ
1199 3485 1470 3564 ἔμψυχον,
1530 3489 1741 3565 λογικῷ
1789 3490 1882 3562 μὲν

2001 3490 2371 3562 experientia,
2407 3489 2716 3543 manifeste
2774 3486 3116 3559 pronuntiat
3153 3486 3458 3540 Dominus.
3494 3489 3641 3538 Dum

239 3572 434 3630 κάλλει
465 3574 867 3648 κοσμούμενον,
900 3573 969 3631 δι’
995 3576 1194 3631 ὀστέων
1231 3574 1288 3631 δὲ
1338 3578 1427 3632 καὶ
1476 3583 1686 3649 σαρκῶν
1740 3600 1888 3652 γνω-

2001 3581 2152 3634 enim
2185 3578 2375 3634 adhuc
2402 3575 2673 3647 discipuli
2693 3574 3174 3631 resurrectionem
3191 3591 3302 3629 non
3319 3573 3642 3628 crederent:

241 3664 529 3736 οιζόμενον
558 3667 627 3738 τῇ
660 3664 791 3741 ἀφῇ.
821 3664 979 3722 Οὕτω
1010 3663 1280 3721 διικνυται
1306 3666 1370 3721 τὸ
1398 3671 1505 3722 τῶν
1553 3664 1649 3722 δύο
1680 3667 1888 3746 φύσεων

2001 3670 2226 3739 Palpate
2252 3683 2356 3733 me,
2395 3666 2606 3737 inquit,
2640 3669 2691 3720 et
2737 3664 2932 3734 videte,
2983 3665 3108 3734 quia
3163 3663 3394 3734 spiritus
3423 3677 3641 3716 carnem

241 3750 525 3830 διάφορον,
554 3754 641 3807 καὶ
674 3753 737 3808 τὸ
766 3760 865 3823 τῆς
898 3750 1142 3816 ὲδώσεως
1168 3753 1493 3830 ἀσύγχυτον,
1545 3757 1634 3811 καὶ
1676 3758 1738 3811 τὸ
1789 3764 1888 3826 τῆς

2001 3765 2048 3813 et
2072 3773 2191 3812 ossa
2219 3771 2330 3811 non
2362 3755 2540 3823 habet,
2573 3756 2714 3809 sicut
2741 3769 2828 3808 me
2873 3753 3070 3808 videtis
3101 3753 3297 3807 habere
3331 3754 3372 3804 ί.
3407 3750 3644 3821 Palpate

239 3844 663 3917 προσκυνήσεως
693 3840 1020 3918 ἀδιαίρετον.

2001 3846 2188 3917 prius,
2218 3850 2286 3899 ut
2315 3845 2725 3900 ostenderetur
2755 3857 3013 3897 essenon
3031 3841 3345 3912 phantasia
3394 3838 3639 3909 spiritus

239 3932 452 3988 fallens
473 3935 678 3988 1019
711 3951 810 3989 eos
841 3934 939 4005 qui
971 3951 1093 3990 rem
1128 3940 1432 3992 cernerent
1465 3954 1478 4003 ;
1514 3937 1612 3992 sed
1647 3937 1775 4007 ipsa
1807 3935 2067 4007 corporis
2099 3935 2306 4004 forma,
2341 3950 2466 4004 quae
2499 3949 2598 3988 eos
2629 3932 2727 4003 qui
2758 3934 3064 4002 tangerent
3093 3930 3162 3984 de
3183 3946 3252 3984 ea
3282 3946 3342 3984 re
3371 3927 3648 3983 certiores

241 4021 457 4077 faceret
477 4022 614 4091 (39).
646 4022 787 4086 Quis
817 4023 1013 4094 itaque
1043 4040 1156 4078 non
1189 4024 1344 4080 videt
1375 4042 1503 4096 quas
1536 4025 1655 4079 sint
1685 4029 2030 4080 naturarum
2062 4023 2331 4095 propria:
2359 4021 2604 4094 spiritus
2637 4019 3064 4092 quidem,quod
3099 4032 3535 4088 nequecarnem
3557 4015 3653 4069 ha-

242 4111 378 4165 beat
411 4127 601 4182 ncque
631 4128 766 4178 osa;
799 4113 1060 4183 corporis
1090 4130 1245 4183 vero,
1279 4115 1433 4186 quod
1468 4115 1712 4170 habeat:
1747 4119 1803 4168 et
1836 4114 2010 4183 hujus
2041 4113 2298 4182 quidem,
2353 4109 2505 4182 quod
2539 4109 2717 4165 videri
2752 4110 2958 4180 possit,
2992 4107 3152 4162 illius
3186 4107 3338 4178 quod
3373 4121 3488 4160 non
3516 4121 3649 4175 pos-

241 4199 320 4255 sit
353 4216 367 4254 :
403 4198 604 4269 hujus,
637 4200 788 4270 quod
818 4201 1001 4255 tactui
1024 4201 1402 4272 subjiciatur;
1436 4203 1617 4267 illius,
1650 4204 1802 4273 quod
1835 4207 2055 4258 tactum
2093 4220 2206 4256 non
2242 4200 2557 4256 admittat?
2585 4200 2707 4262 Quo
2771 4205 2935 4270 pacto
2968 4197 3143 4266 igitur
3175 4212 3292 4250 una
3322 4193 3654 4249 substantia

239 4289 578 4353 fuerit,cum
602 4294 766 4344 tanta
795 4290 873 4345 sit
904 4307 1098 4346 rerum
1131 4291 1574 4363 discrepantia?
1603 4293 1657 4345 Si
1683 4292 1926 4362 spiritus
1955 4290 2144 4347 solum
2180 4296 2289 4357 est,
2325 4291 2480 4345 unde
2511 4305 2744 4344 carnem
2779 4288 2956 4342 habet
2984 4291 3007 4341 ξ’
3037 4287 3081 4340 si
3143 4300 3355 4355 corpus
3396 4286 3651 4348 tantum,

244 4379 402 4433 unde
422 4377 652 4451 gloria?
681 4379 794 4434 Sed
823 4380 1065 4450 spiritus
1097 4381 1330 4452 quidem
1361 4381 1487 4436 sine
1507 4398 1681 4437 carne
1709 4385 2036 4450 est,natura
2069 4385 2247 4436 Deus:
2282 4395 2496 4450 corpus
2543 4383 2738 4433 autem
2772 4378 3118 4442 animatum,
3155 4371 3480 4429 rationabili
3517 4377 3650 4443 pul-

241 4466 575 4523 ohritudine
604 4472 902 4534 ornatum,
928 4485 1029 4540 per
1057 4485 1193 4526 ossa
1217 4487 1348 4526 vero
1374 4475 1432 4526 et
1453 4487 1686 4526 carnem
1710 4475 1871 4526 tactu
1896 4469 2183 4542 agnitum.
2209 4471 2295 4524 Ita
2319 4469 2650 4524 ostenditur
2679 4469 2929 4522 duarum
2952 4465 3265 4520 discrimen
3283 4466 3651 4528 naturarum,

241 4559 301 4610 et
329 4571 443 4610 non
475 4556 720 4613 confusa
747 4556 908 4624 unio,
932 4561 989 4612 et
1013 4557 1446 4614 indivisibilitas
1470 4557 1848 4614 adorationis.

722 4699 1257 4776 SEQUUNTUR
1303 4701 1502 4763 ALIA
1548 4701 1966 4766 EJUSDEM
1990 4701 2060 4762 S.
2116 4699 2592 4762 ATHANASII
2617 4695 3167 4766 FRAGMENTA.

949 4844 981 4880 Ε
1010 4843 1198 4882 VARUS
1231 4843 1534 4882 VARIORUM
1564 4842 1880 4882 AUCTORUM
1911 4843 2196 4882 OPERIBUS
2229 4843 2567 4882 DEPROMPTA
2596 4843 2630 4878 A
2661 4838 3055 4880 FELCKMANNO.

246 4937 634 5001 Theodoretur,
667 4940 891 5011 Dzatogo
919 4944 1100 5013 primo
1120 4945 1200 5013 τῷ
1229 4939 1476 5016 ἀτρέπτῳ
1495 4939 1601 4994 ἀπὸ
1625 4941 1722 4994 τοῦ
1754 4939 1887 5016 λύγο

2006 4940 2083 5016 api
2116 4943 2215 5005 τῆς
2245 4939 2479 5001 πίστεως
2524 4940 2619 4994 106
2681 4937 2950 5010 μείζονος,
3002 4938 3296 4994 Athanasii
3344 4938 3457 4994 haec
3493 4941 3653 5004 atat,

1528 5029 1654 5086 qua:
1681 5013 1895 5069 nullibi
1924 5016 1983 5069 in
2016 5015 2175 5069 editis
2207 5015 2500 5070 habentur.

320 5155 399 5213 Τὸ
427 5155 742 5232 γεγράφθαι.
776 5159 862 5214 Ἐν
896 5159 1043 5234 ἀρχῇ
1084 5160 1150 5228 ἦν
1183 5163 1211 5214 ὁ
1261 5157 1438 5237 Λόγος
1487 5166 1730 5239 φανερῶς
1791 5163 1889 5231 τὴν

2072 5163 2232 5228 Quod
2263 5163 2547 5232 scriptum
2583 5166 2692 5223 est,
2740 5162 2799 5215 In
2839 5159 3120 5229 principio
3170 5161 3292 5213 erat
3353 5157 3582 5214 Verbum
3611 5156 3654 5225 ²,

247 5243 480 5315 θεότητα
511 5242 698 5316 δηλοῖ’
730 5246 790 5300 τὸ
823 5245 900 5319 δὲ,
931 5248 992 5304 Ὀ
1023 5244 1201 5323 Λόγος
1233 5250 1358 5324 σὰρξ
1400 5249 1632 5326 ἐγένετο,
1683 5252 1775 5306 τὸν
1809 5249 1889 5304 ἄν·

2008 5257 2202 5324 aperte
2232 5250 2598 5305 divinitatem
2634 5249 2961 5319 signiﬁcat;
2997 5247 3139 5301 illud
3172 5251 3391 5312 autem,
3425 5245 3657 5300 Verbum

246 5335 464 5410 θρωπον
486 5339 583 5390 τοῦ
614 5334 814 5412 Κυρίου
841 5333 1128 5394 δείκνυσιν.

2006 5359 2136 5397 caro
2152 5342 2362 5410 factum
2391 5343 2468 5394 est
2497 5338 2537 5404 ³,
2578 5337 2807 5392 Domini
2839 5336 3270 5392 humanitatem
3305 5335 3545 5390 indicat.

313 5508 358 5543 ⁸³
387 5508 589 5564 Matth.
623 5525 776 5577 xxvr,
800 5509 890 5564 41.
923 5509 966 5543 ⁰⁹
986 5507 1034 5563 ΙΙ
1064 5512 1187 5564 Cor.
1217 5527 1339 5574 xm,
1363 5511 1416 5565 4.
1451 5511 1467 5545 ¹
1502 5515 1635 5567 Luc.
1668 5527 1821 5583 xxxv,
1854 5511 1889 5565 3

2019 5511 2251 5566 Joan.1.
2289 5511 2336 5564 1.
2372 5511 2392 5543 ³
2424 5507 2565 5563 ibid.
2602 5508 2688 5562 14.

316 5658 429 5730 (39)
461 5660 696 5730 Tangere
713 5660 862 5716 enim
890 5662 987 5715 aut
1016 5661 1310 5731 tangi,nisi
1335 5676 1550 5733 corpus,
1573 5660 1739 5718 nulla
1762 5664 1937 5735 potest
1965 5676 2070 5717 res.

744 5759 988 5817 Luam.
1019 5763 1100 5817 De
1127 5761 1243 5816 nat.
1263 5775 1373 5816 rer.
1388 5757 1538 5830 lib.1,
1569 5760 1694 5816 304.
