4002 6382
369 467 522 526 1239
903 468 967 528 S.
1014 467 1439 528 A'l‘HANASIl
1485 467 1655 529 OPP.
1703 465 1906 527 PARS
1950 467 1996 527 Ι.
2033 499 2108 510 -—
2138 463 2554 527 HISTORch
2597 466 2698 527 ET
2744 464 3220 528 DOGMATICA.
3618 467 3780 530 1240

438 600 705 668 Eiusdem
733 615 802 655 ex
831 599 1019 656 eadem
1049 602 1334 659 Oratione.
1367 600 1438 656 Et
1469 599 1612 655 illud
1649 617 1661 654 :
1696 598 1922 656 Lavabit
1951 600 2014 655 in

2201 599 2405 656 Addit:
2461 601 2576 655 Τοῦ
2631 596 2796 652 αὐτοῦ
2846 595 2906 651 ἐκ
2952 599 3050 650 τοῦ
3085 597 3253 652 αὐτοῦ
3301 593 3496 674 λόγου.
3550 598 3646 652 Καὶ
3687 600 3779 668 τὸ,

371 692 498 745 vino
527 690 727 744 stolam
759 705 917 744 suam
944 689 984 755 ‘,
1021 689 1128 744 hoc
1171 694 1281 758 est,
1332 689 1390 744 in
1451 689 1684 761 proprio
1735 689 1942 761 sangui

2201 692 2333 741 tuvs‘i
2367 687 2418 742 ἐν
2453 684 2586 758 ο⁴ἶνῳ
2615 687 2710 754 τὴν
2745 683 2946 754 στολὴν
2976 687 3165 755 αὐτοῦ,
3203 687 3473 756 τουτέστι,
3523 691 3602 759 τῷ
3651 685 3781 761 ἰδίῳ

375 796 609 850 corpus,
643 779 796 850 quod
830 784 917 834 est
949 778 1367 834 indumentum
1391 777 1733 835 divinitatis.

2132 773 2322 847 αἳματι
2350 776 2412 830 τὸ
2445 780 2624 848 σῶμα,
2655 776 2754 844 τήν
2789 771 3091 850 περιϐολὴν
3121 781 3222 845 τῆς
3255 777 3534 846 θεότητος.

447 867 706 938 Ejusdem
736 883 804 922 ex
834 866 1028 922 eadem
1079 868 1359 923 Oratione.
1385 867 1501 922 Hoc
1533 868 1713 934 enim,
1748 869 1895 935 Erat,
1930 886 2023 924 re-

2205 867 2267 920 Et
2297 865 2474 921 adhuc
2507 883 2519 921 :
2555 869 2666 919 Τοῦ
2699 864 2863 919 αὐτοῦ
2908 863 2967 918 ἐκ
3016 867 3112 918 τοῦ
3154 863 3318 919 αὐτοῦ
3349 862 3541 940 λόγου.
3572 866 3654 922 Τὸ
3678 865 3785 942 γὰρ

377 957 562 1010 fertur
589 955 659 1010 ad
693 957 824 1026 ejus
857 955 1388 1025 divinitatem,etc.,
1423 960 1489 1012 ut
1521 957 1578 1012 in
1611 956 1874 1013 Sermone
1902 975 1956 1013 m

2018 989 2022 998 ι
2134 955 2224 1022 ἦν,
2256 953 2342 1008 ἐπὶ
2370 957 2470 1023 τῆς
2497 954 2754 1023 θεότητος
2786 951 2949 1009 αὐτοῦ
2981 952 3348 1031 ἀναφαίρεται,
3380 976 3432 1010 κ.
3465 976 3516 1011 τ.
3544 953 3598 1011 λ.

373 1044 488 1113 fore
515 1045 581 1099 de
607 1043 904 1114 ﬁde,infra
934 1045 1042 1100 col.
1080 1046 1234 1100 1264.

547 1168 680 1223 Item
711 1167 1082 1235 Theodoretus,
1110 1169 1254 1224 Dial.
1279 1171 1327 1225 ιι
1354 1174 1433 1240 τῷ
1464 1167 1776 1244 ἀσυγχύτῳ,
1809 1171 2060 1297 θωηῗεηι
2091 1175 2127 1225 ll

1959 1259 2127 1298 ecerm

2020 1188 2060 1226 π
2091 1169 2221 1255 Περὶ
2263 1167 2496 1228 πίστεως
2529 1162 2689 1242 λόγον
2721 1161 2812 1220 τόν
2845 1163 3065 1238 μείζονα
3093 1168 3294 1232 citans,
3325 1168 3444 1226 hac
3473 1168 3600 1224 inde

2020 1252 2211 1298 ενυιίιί.

1959 1259 2211 1312 ecerpsu.

449 1339 584 1402 Quae
627 1342 824 1393 autem
883 1339 954 1394 de
1012 1354 1077 1393 eo
1135 1339 1483 1409 adjecimus,
1541 1339 1677 1395 Sede
1730 1358 1764 1394 a
1813 1340 2024 1396 dextris

2205 1341 2272 1393 "A
2305 1334 2362 1391 δὲ
2391 1337 2730 1410 παρεθὲμεθα
2754 1335 2877 1409 περὶ
2907 1339 3002 1389 τοῦ
3033 1333 3206 1399 Κάθου
3238 1333 3297 1389 ἐκ
3327 1331 3513 1406 δεξιῶν
3551 1356 3677 1408 μου,
3699 1336 3785 1390 ὅτι

373 1427 510 1482 meis
531 1428 574 1493 ⁸,
605 1427 676 1482 de
707 1443 948 1500 corpore
1002 1429 1299 1483 Dominioo
1358 1428 1514 1484 dicta
1563 1435 1720 1484 sunt.
1778 1430 1832 1484 Si
1865 1431 1953 1485 eni

2201 1427 2305 1488 ςτὸ
2339 1426 2599 1498 Κυριακὸν
2653 1429 2811 1496 σῶμα
2863 1423 3135 1482 λέλεκται.
3189 1422 3254 1480 Εἴ
3301 1425 3404 1500 γὰρ
3433 1425 3524 1479 τὸν
3549 1424 3781 1499 οὐρανὸν

374 1517 573 1570 calum
593 1525 642 1571 et
674 1526 882 1572 terram
909 1533 1006 1586 ego
1037 1517 1240 1587 impleo
1270 1518 1312 1583 ⁸,
1347 1517 1487 1572 dicit
1517 1519 1906 1582 Dominus,ut
1937 1521 1950 1574 i

2206 1517 2220 1568 ἰ
2254 1517 2352 1583 τήν
2387 1519 2488 1590 γῆν
2518 1513 2622 1589 ἐγὼ
2654 1512 2875 1588 πληρῶ,
2911 1512 3054 1589 λέγει
3097 1514 3312 1589 Κύριος,
3345 1513 3419 1575 ὠς
3471 1535 3632 1591 φησιν
3687 1514 3783 1572 Ἱε-

377 1605 840 1676 quitieremias:
871 1606 1185 1678 omniaque
1237 1607 1497 1661 continet
1560 1611 1732 1673 Deus,
1789 1625 1819 1662 a
1862 1608 1957 1663 nul

2209 1604 2344 1676 μίας·
2380 1605 2550 1658 πάντα
2593 1600 2650 1657 δὲ
2698 1608 2874 1678 χωρεῖ
2921 1603 2948 1657 ὁ
3001 1601 3153 1670 Θεὸς,
3208 1603 3296 1657 ὑπ’
3338 1599 3555 1664 οὐδενὸς
3585 1601 3643 1657 δὲ
3673 1623 3789 1679 χω-

377 1699 577 1748 autem
608 1695 938 1750 continetur
963 1713 976 1750 :
1003 1694 1058 1749 in
1102 1712 1360 1766 quanam
1411 1695 1547 1750 sede
1577 1695 1776 1751 sedet?
1803 1700 1948 1769 Corp

2207 1698 2332 1747 ῑται·
2369 1692 2442 1754 εἷς
2491 1698 2649 1746 ποῖον
2696 1693 2969 1760 καθέζεται
3029 1693 3258 1766 θρόνον;
3301 1691 3373 1746 Τὸ
3418 1696 3577 1765 σῶμα
3605 1693 3787 1747 τοίνυν

379 1797 517 1853 ergo
549 1788 658 1851 est,
693 1783 785 1838 cui
818 1783 959 1839 dicit
991 1800 1003 1838 :
1036 1783 1172 1840 Sede
1200 1802 1234 1839 a
1259 1784 1469 1839 dextris
1500 1785 1657 1839 meis.

2138 1782 2300 1851 ἐστὶν,
2332 1784 2378 1854 ᾧ
2411 1780 2579 1858 λέγει·
2616 1783 2791 1835 Κάθου
2823 1781 2881 1836 ἐκ
2911 1778 3094 1854 δεξιῶν
3132 1802 3257 1854 μου.

454 1876 676 1943 Corpus
706 1878 795 1926 est
824 1889 959 1944 ergo
999 1872 1092 1927 cui
1127 1873 1308 1928 dicit:
1342 1873 1476 1928 Sede
1521 1891 1554 1928 a
1604 1874 1813 1929 dextris
1869 1877 2028 1944 meis,

2213 1875 2275 1928 Ει
2330 1874 2446 1928 alia
2503 1872 2670 1930 Iuro:
2725 1871 2799 1926 Τὸ
2852 1875 3015 1942 σῶμα
3060 1869 3237 1926 τοίνυν
3295 1869 3460 1940 ἐστὶν,
3510 1873 3556 1944 ᾧ
3614 1870 3787 1945 λίγει-

380 1961 553 2030 cujus
583 1961 759 2016 etiam
793 1961 905 2016 fuit
949 1962 1228 2018 inimicus
1260 1961 1529 2018 diabolus
1563 1979 1696 2017 cum
1733 1963 1959 2036 malisp

2207 1961 2324 2024 ἱοου
2356 1959 2414 2015 ἐκ
2446 1958 2630 2031 δεξιῶν
2687 1979 2812 2032 μου·
2872 1959 2934 2014 οὗ
2981 1961 3067 2015 καὶ
3122 1962 3334 2036 γέγονεν
3381 1961 3580 2036 ἐχθρὸς
3607 1962 3636 2015 ὁ
3669 1958 3787 2016 διά.-

379 2049 717 2118 testatibus,
751 2055 808 2105 et
835 2050 1042 2120 Judaei,
1075 2055 1130 2106 et
1158 2052 1358 2107 Graeci.
1415 2055 1525 2106 Per
1585 2052 1738 2123 quod
1795 2069 1959 2124 corpu

2212 2049 2308 2104 λον
2342 2049 2434 2104 σὺν
2461 2056 2580 2112 ταῖς
2613 2054 2877 2124 πονηραῖς
2925 2047 3205 2123 δυνάμεσι,
3253 2050 3344 2104 καὶ
3372 2047 3653 2119 Ἰουδαῖοι,
3699 2050 3788 2105 καὶ

379 2139 640 2209 pontifex
672 2142 730 2193 et
759 2138 1083 2211 apostolus,
1116 2145 1172 2195 et
1206 2140 1315 2194 fuit
1367 2144 1423 2194 et
1473 2140 1663 2195 dictus
1696 2145 1808 2208 est,
1842 2158 1942 2213 per

2215 2137 2434 2208 λληνες.
2469 2140 2549 2192 Δι’
2595 2136 2658 2192 οὗ
2708 2140 2959 2210 σώματος
3007 2137 3291 2214 ἀρχιερεὺς
3345 2136 3433 2193 καί
3485 2138 3790 2201 ἀπόστολος

381 2226 536 2297 quod
572 2227 738 2281 nobis
771 2228 1015 2283 tradidit
1045 2228 1388 2300 mysterium
1413 2229 1614 2284 dicens
1639 2246 1651 2284 :
1679 2232 1878 2286 Hocest
1905 2247 1961 2287 ca

2207 2250 2326 2303 γονε
2355 2229 2443 2283 καὶ
2495 2227 2853 2304 ἐχρημάτισεν
2917 2225 2986 2282 δι’
3045 2227 3106 2283 οὗ
3163 2226 3472 2306 παρέδωκεν
3511 2229 3646 2303 ἡμῖν
3691 2251 3787 2302 μυ-

380 2330 485 2384 pus
515 2317 876 2387 meum,quod
903 2333 1007 2388 pro
1037 2319 1186 2372 vobis
1221 2318 1529 2388 frangitur,
1561 2322 1617 2372 et
1646 2322 1873 2390 sanguis
1903 2337 1960 2374 nt

2211 2318 2368 2392 ηρίου
2425 2317 2622 2392 λέγων’
2674 2320 2848 2374 Τοῦτο
2893 2316 3003 2373 ἐστί
3056 2339 3160 2391 μου
3210 2319 3271 2373 τὸ
3315 2323 3496 2391 σῶμα,
3545 2319 3607 2372 τὸ
3661 2319 3791 2394 ὑπὲρ

383 2405 720 2470 testamenti,
754 2422 868 2460 non
927 2408 1138 2461 veteris
1170 2407 1309 2478 quod
1337 2423 1439 2477 pro
1480 2407 1623 2462 vobis
1653 2408 1960 2479 eﬂunditur

2209 2410 2304 2459 ιῶν
2335 2409 2436 2477 (sic
2483 2411 2608 2479 ibi),
2654 2407 2744 2461 καὶ
2802 2407 2862 2460 τὸ
2910 2409 3048 2478 αἷμα
3089 2409 3186 2475 τῆς
3244 2412 3438 2477 Καινῆς
3491 2409 3789 2477 Διαθήκης,

388 2491 672 2548 Divinitas
704 2499 898 2548 autem
933 2511 1122 2566 neque
1151 2511 1363 2567 corpus
1395 2495 1586 2560 habet,
1639 2513 1743 2551 nec
1792 2514 1968 2569 sangu

2288 2502 2390 2564 τῆς
2459 2494 2722 2562 Παλαιᾶς,
2799 2495 2862 2550 τὸ
2939 2495 3070 2570 ὑπὲρ
3164 2494 3317 2567 ὑμῶν
3405 2495 3787 2571 ἐκχυνόμενον.

387 2596 565 2647 nem;
599 2583 700 2636 sed
735 2583 906 2638 homo
939 2600 1111 2654 quem
1166 2600 1235 2638 ex
1293 2584 1475 2638 Maria
1529 2585 1780 2655 portavit
1827 2601 1965 2639 eoru

2200 2583 2348 2655 ιόσης
2379 2582 2436 2640 δὶ
2462 2583 2586 2640 οὔτε
2648 2590 2826 2656 σῶμα,
2860 2581 2983 2639 οὔτε
3034 2587 3170 2656 αἷμα
3220 2579 3357 2659 ἔχει’
3412 2584 3537 2640 ἀλλ’
3569 2585 3626 2640 ὃν
3661 2584 3780 2663 ἐγό-

389 2686 569 2724 causa
608 2675 733 2726 est:
784 2673 855 2726 de
885 2689 1000 2742 quo
1077 2673 1351 2727 dixerunt
1381 2673 1626 2744 apostoli
1656 2691 1668 2727 :
1700 2675 1886 2729 Iesum
1917 2675 1969 2729 N4

2210 2694 2290 2728 σεν
2351 2674 2411 2728 ἐκ
2456 2677 2554 2738 τῆς
2616 2675 2821 2748 Μαρίας
2871 2671 3176 2749 ἄνθρωπον,
3227 2671 3403 2735 αἷίειος
3452 2673 3660 2728 τούτων
3711 2674 3790 2749 γέ.-

386 2774 654 2814 zarenum
685 2763 868 2815 virum
902 2779 938 2815 a
971 2763 1079 2817 Deo
1099 2771 1372 2817 ostensum
1403 2764 1461 2816 in
1495 2763 1642 2818 vobis
1661 2763 1702 2815 ⁸.

2211 2781 2284 2816 νε·
2317 2763 2439 2838 περὶ
2473 2761 2535 2817 οὗ
2580 2765 2736 2818 εἷπον
2790 2764 2840 2816 οἱ
2893 2760 3212 2817 ἀπόστολοι·
3275 2763 3486 2832 Ἰησοῦν
3534 2764 3626 2817 τὸν
3686 2763 3788 2817 ἀπὸ

385 2847 652 2923 Ναζαρὲτ,
686 2847 854 2925 ἄνδρα
880 2851 986 2904 ἀπὸ
1018 2849 1151 2905 Θεοῦ
1177 2848 1626 2926 ἀποδεδειγμένον
1662 2851 1738 2913 εἷς
1768 2850 1930 2924 ὑμᾶς.

1286 2965 1584 3034 Similiter,
1617 2965 1769 3020 Dial.
1793 2966 1938 3035 11τῷ
1968 2963 2182 3035 ἀπαθεῖ,
2210 2981 2280 3021 ex
2306 2966 2491 3022 eodem
2537 2981 2702 3038 opere
2719 2968 2876 3022 citat.

461 3071 670 3128 1020
696 3067 858 3131 Quod
893 3064 1178 3120 excitatur
1206 3080 1240 3118 a
1277 3063 1551 3131 mortuis,
1583 3062 1758 3118 homo
1787 3068 1932 3128 erat,
1967 3080 2039 3119 an

2221 3064 2296 3120 Τὸ
2330 3061 2673 3138 ἐγειρόμενον
2707 3062 2766 3117 ἐκ
2789 3067 3015 3135 νεκρῶν,
3067 3060 3352 3137 ἅνθρωπος
3401 3063 3490 3132 ἦν,
3534 3063 3570 3133 ἢ
3628 3063 3792 3133 Θεός;

390 3161 587 3217 Deus?
619 3163 731 3214 etc.
764 3154 909 3209 Vide
940 3153 998 3207 in
1034 3152 1292 3208 Sermone
1325 3153 1534 3217 maiore
1583 3151 1649 3207 de
1703 3152 1827 3223 fide,
1888 3153 2041 3208 intra
2070 3171 2112 3238 ρ
2148 3172 2202 3208 κ.
2233 3172 2284 3209 τ.
2319 3149 2374 3209 λ.

393 3249 500 3305 col.
534 3248 752 3304 1266A.

716 3344 954 3397 Rursum
988 3338 1343 3393 Theodoretus
1370 3346 1421 3392 et
1452 3335 1721 3402 Gelasim,
1756 3335 1854 3392 lib.
1895 3337 1960 3394 de
1987 3337 2152 3394 duab.
2185 3343 2301 3393 nat.
2334 3342 2524 3395 contra
2553 3340 2862 3395 Nesiorium
2890 3348 2941 3395 et
2979 3339 3282 3412 Eutychen,
3314 3340 3433 3397 hac
3459 3358 3478 3395 :
3555 3369 3558 3373 -

465 3440 590 3496 Vita
613 3455 750 3511 ergo
791 3454 906 3493 non
938 3437 1206 3501 moritur,
1237 3440 1346 3490 etc.
1381 3434 1526 3490 Vide
1549 3433 1691 3490 ibid.
1723 3433 1786 3490 C.

1773 3476 1786 3488 .
2217 3435 2276 3491 Ἦ
2311 3439 2442 3510 γοῦν
2478 3438 2590 3505 ζωὴ
2623 3434 2721 3490 οὐκ
2747 3435 3098 3506 ἀποθνήσκει,
3129 3456 3182 3491 κ.
3213 3457 3264 3493 τ.
3297 3435 3352 3492 λ.

1883 3551 1948 3606 Et
1979 3568 2200 3608 rursum
2222 3554 2539 3624 sequentia:

471 3657 579 3722 Qui
610 3655 773 3721 vivit,
808 3653 954 3709 mori
977 3668 1089 3708 non
1114 3655 1326 3723 potest,
1359 3655 1469 3707 etc.
1505 3649 1647 3706 Ibid.

2224 3655 2336 3705 Ζῶν
2364 3651 2643 3706 ἀποθανεῖν
2675 3652 2744 3706 οὐ
2777 3648 3019 3719 δύναται,
3049 3673 3102 3708 κ.
3127 3673 3180 3707 τ.
3222 3650 3275 3707 λ.

471 3748 544 3801 Et
572 3744 750 3801 adhuc
771 3762 789 3798 :
824 3739 1046 3798 Accidit
1079 3745 1144 3796 ut
1175 3740 1446 3810 Lazarus,
1479 3743 1589 3794 etc.
1623 3739 1772 3796 Ibid.

1479 3743 1589 3794 etc.
1623 3739 1772 3796 Ibid.
2225 3737 2468 3815 Ἐγένετο
2502 3742 2773 3815 Λάζαρον,
2799 3761 2851 3796 κ.
2881 3761 2931 3796 τ.
2976 3739 3029 3798 λ.

470 3865 614 3920 Idem
645 3862 1020 3929 Theodoretus,
1056 3861 1151 3915 lib.
1179 3861 1402 3934 _n_llist._
1424 3857 1831 3934 ecclesiastica,
1864 3857 2048 3934 cap.__4

2152 3859 2332 3934 eminit
2359 3859 2482 3934 περὶ
2511 3862 2618 3912 τῶν
2647 3862 3110 3934 παραμυθητικῶν
3142 3858 3278 3934 πρὸς
3307 3857 3400 3919 τὰς
3433 3857 3732 3932 παρθένους

1179 3929 1357 4005 λόγων
1387 3931 1500 4001 (40)
1530 3932 1703 3999 ipsius
1728 3928 2035 3996 Athanasii,
2049 3945 2118 3984 ea:
2145 3931 2338 4001 quibus
2369 3928 2468 3985 hoc
2494 3928 2811 4003 excerptum
2840 3932 3018 4002 aﬂert.

461 4035 848 4100 Quocirca,ne
879 4034 1013 4104 quis
1027 4037 1285 4088 vestrum
1314 4036 1617 4100 tantopere
1645 4028 2041 4097 contristetur,

2231 4027 2327 4082 Διᾶ
2369 4033 2532 4082 τοῦτο
2583 4027 2722 4101 μηδὲ
2769 4030 3004 4104 γινέσθω
3050 4050 3131 4091 τις
3183 4030 3335 4102 ὑμῶν
3382 4026 3712 4103 περίλυπος,
3757 4030 3798 4084 εἰ

393 4124 625 4182 etiamsi
657 4122 819 4178 vobis
850 4121 938 4176 vel
973 4120 1222 4192 sepultis
1255 4119 1556 4174 invideant
1583 4115 1679 4171 illi
1715 4115 1901 4187 impii,
1936 4133 1973 4171 ιι

2216 4118 2245 4169 ἰῖ
2297 4118 2636 4190 θαπτομένας
2696 4121 2808 4191 (41)
2856 4119 2984 4191 ὑμῖν
3051 4121 3338 4190 φθονοῦσιν
3389 4119 3442 4171 οἱ
3504 4113 3796 4186 δυσσεϐεῖς,

400 4215 678 4286 nimeque
709 4229 953 4285 corpora
982 4218 1176 4267 vestra
1209 4211 1510 4282 patiantur
1546 4207 1734 4264 efferri
1763 4225 1776 4272 ;
1813 4223 1949 4262 nam

2216 4205 2244 4258 ιὶ
2290 4205 2565 4262 κωλύουσι
2598 4208 2691 4268 τὰς
2739 4207 2987 4286 ἐκφοράςο
3034 4208 3125 4262 καὶ
3180 4207 3346 4284 μέχρι
3377 4208 3480 4281 γὰρ
3511 4207 3719 4262 τούτων
3765 4210 3796 4277 ἡ

397 4320 585 4375 usque
614 4302 937 4374 impietatis
971 4301 1232 4372 pervenit
1258 4299 1608 4354 Arianorum
1668 4295 1919 4351 exitialis
1949 4312 1977 4351 ο

2215 4296 2502 4370 ιταστροφή
2581 4300 2687 4350 τῶν
2768 4297 3053 4370 ’Λρειανῶν
3127 4293 3341 4374 ἔφθασε.
3395 4294 3494 4350 Καὶ
3547 4295 3644 4356 τὰς
3706 4298 3795 4368 μὶν

389 4391 714 4463 tastrophe,
748 4395 813 4445 ut
842 4391 1021 4445 etiam
1061 4394 1258 4460 portas
1289 4387 1590 4451 claudant,
1606 4384 1876 4456 circaque
1890 4402 1969 4440 mc

2215 4381 2330 4444 ἱλας
2383 4383 2644 4439 κλείουσι·
2700 4385 2824 4462 περὶ
2875 4383 2931 4440 δὲ
2989 4385 3055 4440 τὰ
3113 4388 3371 4458 μνήματα
3417 4384 3492 4448 ὡς
3541 4381 3795 4456 δαίμονες

389 4486 622 4536 tuorum
665 4479 934 4550 sepulcra
965 4479 1139 4532 veluti
1173 4479 1470 4533 damones
1520 4475 1886 4540 consideant,
1918 4491 1969 4545 pl

2215 4472 2605 4545 .BECOVTUJ,'{V¢
2639 4477 2714 4547 μή
2755 4496 2836 4537 τις
2893 4479 3001 4530 τῶν
3058 4476 3477 4550 ἀπογενομένων
3537 4473 3795 4548 ἀποτεθῇ.

390 4569 633 4625 hibituri
666 4584 738 4623 ne
770 4569 901 4638 quis
958 4567 1369 4622 decedentium
1425 4565 1605 4621 humo
1636 4562 1967 4618 mandetur.

457 4685 712 4758 Synodus
737 4701 791 4739 νι
813 4686 1172 4749 κεαηιειιίεα,
1205 4686 1308 4737 act.
1344 4682 1409 4738 M
1432 4683 1568 4754 (42),
1594 4685 1650 4737 in
1680 4676 2037 4804 ῇειῖέιίέῗιίεεγ

2339 4683 2730 4808 ἒωάάίῖιᾭὶιηαείἰ
2748 4688 2992 4740 tractatu
3021 4685 3082 4739 in
3110 4682 3307 4754 ittud,«
3340 4682 3498 4737 Nunc
3526 4681 3729 4738 anima

453 4855 561 4924 (43)
591 4853 1010 4909 Similitudinis
1053 4851 1287 4906 Domini
1319 4852 1391 4907 ad
1426 4867 1530 4906 nos
1562 4850 1784 4910 utilitas
1829 4870 2033 4924 magna

2219 4856 2325 4920 Τῆς
2360 4849 2679 4922 ὁμοιώσεως
2731 4853 2830 4903 τοῦ
2880 4849 3080 4923 Κυρίου
3125 4857 3223 4920 τῆς
3252 4851 3387 4924 πρὸς
3415 4855 3564 4925 ἡμὶς
3596 4854 3630 4920 ἡ
3665 4851 3796 4924 diei-

383 4947 570 5007 est,eo
601 4943 755 5014 quod
789 4949 845 4997 et
878 4960 981 4997 nos
1014 4941 1415 4996 essimilemur
1444 4941 1722 5012 ipsi.Nisi
1743 4941 1899 4998 enim
1932 4941 1963 4996 il

2211 4961 2262 4994 ια
2296 4938 2537 5014 μεγάλη,
2593 4941 2678 4993 ὅτι
2727 4939 2814 4993 καὶ
2862 4941 3024 5011 ἡμεῖς
3069 4938 3410 5013 ὁμοιούμεθοι
3437 4942 3577 5017 πρὸς
3607 4940 3791 4997 αὐτόν.

384 5031 746 5087 assimilatus
783 5033 991 5087 fuisset
1025 5029 1387 5097 hominibus,
1408 5030 1604 5086 1021
1634 5047 1747 5085 non
1769 5035 1964 5102 potera

2253 5029 2351 5104 γὰρ
2417 5030 2491 5101 μή
2566 5026 2724 5088 αὐτὸς
2785 5026 3032 5100 ὡμοίωτι
3100 5028 3235 5103 πρὸς
3291 5028 3638 5104 ἀνθρώπους,
3702 5028 3794 5083 οὐκ

385 5124 498 5174 Deo
532 5119 802 5176 homines
834 5119 1283 5176 assimilari.Sed
1319 5120 1435 5174 Deo
1469 5119 1691 5174 homini
1723 5120 1906 5174 factos
1938 5137 1965 5174 a

2221 5118 2408 5172 ὗναντο
2460 5119 2511 5171 οἱ
2572 5118 2848 5191 ἄνθρωποι
2897 5117 3220 5188 ὁμοιοῦσθαι
3265 5118 3402 5193 πρὸς
3431 5114 3585 5174 Θεὸν.
3621 5117 3793 5172 Ἀλλὰ

383 5207 721 5264 similantur
755 5210 1040 5264 homines.
1077 5209 1426 5280 Oportuerat
1457 5208 1655 5279 itaque
1685 5208 1949 5278 eum,qui

2209 5208 2277 5268 ›ὸς
2311 5207 2437 5262 Θεὸν
2473 5203 2754 5279 ἄνθρωπον
2781 5205 3072 5280 γενόμενον
3115 5207 3432 5279 ὁμοιοῦνται
3490 5204 3789 5282 ἅνθρωποι.

381 5295 595 5352 similis
630 5298 797 5353 nobis
831 5299 996 5353 ﬁeret
1019 5296 1341 5366 descendit,
1377 5298 1433 5350 in
1468 5297 1575 5352 hoc
1605 5297 1961 5352 maximesin

2217 5294 2292 5350 δει
2327 5294 2384 5350 δὲ
2411 5297 2503 5351 τὸν
2564 5294 2638 5356 εἷς
2675 5294 2938 5367 ὁμοίωσιν
2991 5298 3150 5367 ἡμῶν
3200 5291 3617 5365 καταϐαίνοντα,
3665 5296 3794 5351 κατὰ

380 5385 490 5440 lem
525 5386 700 5455 efﬁci,
735 5385 792 5441 in
827 5403 943 5458 quo
977 5386 1360 5442 transmutari
1387 5385 1960 5457 indigebamus.Trar

2213 5389 2308 5438 ὖτο
2344 5384 2580 5457 μάλιστα
2627 5386 2992 5456 ὁμοιωθῆναι,
3041 5385 3160 5448 καθ’
3207 5386 3234 5440 ὃ
3290 5381 3605 5458 μεταϐολῆς
3656 5380 3793 5440 ἔδεό-

449 5486 469 5517 ⁴
501 5486 641 5540 Gen.
679 5503 828 5553 xux,
864 5487 949 5541 11.
985 5487 1005 5520 ⁵
1037 5488 1187 5540 Psal.
1213 5503 1320 5554 oix,
1355 5487 1378 5540 1
1413 5487 1434 5519 ⁸
1461 5485 1578 5540 Jer.
1609 5503 1768 5541 χχιιι.
1795 5487 1814 5520 ⁷
1844 5485 1957 5541 Mat

377 5557 397 5590 ⁹
419 5555 586 5612 Joan.
619 5573 721 5612 χιι.
755 5560 844 5611 27.

1317 5531 1320 5549 ,
1355 5487 1378 5540 1
1413 5487 1434 5519 ⁸
1461 5485 1578 5540 Jer.
1609 5503 1768 5541 χχιιι.
1795 5487 1814 5520 ⁷
1844 5485 2049 5541 Matth.
2086 5501 2240 5556 xxvx,
2266 5488 2354 5552 26,
2387 5488 2477 5542 28.
2512 5488 2533 5520 ⁸
2562 5487 2689 5542 Act.
2723 5503 2786 5552 ιι,
2813 5486 2897 5541 12.

574 5599 586 5612 .
620 5599 721 5624 ειη,
756 5599 844 5611 υ..

446 5654 562 5722 (40)
592 5655 770 5710 llodie
800 5671 903 5711 nec
926 5654 1074 5710 liber
1107 5653 1276 5726 istius
1296 5654 1628 5724 argumenti
1655 5658 1880 5726 exstat:
1917 5670 2022 5710 nec
2203 5656 2314 5726 (42)
2347 5656 2516 5726 Tom.
2549 5655 2620 5711 VI
2655 5655 2839 5721 Cone,
2876 5670 3006 5726 pag.
3027 5655 3144 5726 Δ986

379 5724 493 5800 ista
519 5727 828 5800 (spondere
860 5726 1149 5800 ausim)_in
1175 5725 1292 5800 ullo
1313 5723 1604 5800 editorum
1620 5725 2018 5800 reperiuntur.
2205 5723 2313 5797 (43)
2344 5725 2447 5785 Est
2477 5733 2643 5784 vetus
2675 5723 3102 5800 interpretatio.

448 5795 651 5867 (“fin
684 5798 856 5854 editis
888 5797 1234 5854 Theodoreti
1264 5797 1480 5870 legitur
1499 5795 1880 5870 θαπτομένοις.
