4002 6354
243 397 405 465 ³1211

1559 394 2043 472 FRAGMENTA
2083 407 2346 471 VARIA.

3505 406 3658 468 1242

262 536 415 608 μεθα.
463 533 757 610 Ἐδεόμεθα
813 534 874 594 Si
922 540 1058 594 κατὰ
1106 542 1177 596 τὰ
1229 551 1397 610 παθη,
1450 540 1543 596 ’ίνα
1595 543 1767 597 ταῦτα
1822 539 1898 603 εἷς

2014 542 2229 598 mutari
2262 547 2456 600 autem
2510 545 2828 617 agebamus
2876 545 3200 602 secundum
3233 542 3558 614 passiones,
3592 546 3658 598 ut

257 623 515 680 ἀπάθειαν
575 627 829 700 μεταστῇ.
889 627 1099 699 Μηδεὶς
1157 627 1223 700 δή
1273 629 1568 686 ἀπιστείτω
1621 632 1743 705 περὶ
1793 631 1899 685 τῶν

257 716 441 769 παθῶν
467 713 721 788 οἷ’όμενος
748 717 1036 793 τρέπεσθαι
1073 719 1172 788 τὴν
1224 718 1474 790 θεότητα,
1505 718 1652 775 ἀλλὰ
1679 738 1903 796 προσγε-

255 801 481 874 νόμενον
515 804 655 878 αὐτῇ
686 805 749 859 τὸ
778 804 949 869 πάθος
987 805 1094 860 ἀπὸ
1119 809 1216 861 τοῦ
1261 811 1516 882 σαρκινοῦ
1545 808 1631 861 καὶ
1664 809 1903 881 ψυχικοῦ

255 892 561 964 κινήματος
610 892 962 966 ἐνθυμείσθω,
1009 896 1098 949 καὶ
1139 894 1571 971 προσγινόμενον
1623 895 1714 950 καὶ
1745 895 1905 950 νικώ-

260 1001 436 1052 μενον.
472 982 568 1036 Διὰ
605 983 704 1058 γὰρ
750 987 910 1038 τοῦτο
964 985 1352 1061 προσγέγονεν,
1395 984 1490 1040 ’ἱνα
1534 986 1734 1058 νικηθῇ
1770 1005 1782 1018 ο
1809 984 1901 1040 καὶ

257 1068 362 1123 ἀπὸ
409 1068 606 1124 τούτου
653 1070 945 1142 νενίκηται,
992 1070 1086 1127 ’ίνα
1135 1076 1170 1142 ἡ
1217 1079 1359 1128 πᾶσα
1403 1075 1702 1150 ἀνθρώπων
1743 1074 1900 1150 φύσις

256 1158 394 1213 κατὰ
447 1160 509 1213 τὸ
561 1161 812 1235 συγγενὲς
856 1162 1209 1237 εὐεργετηθῇ.
1277 1164 1508 1227 Ἐκεῖθεν
1573 1163 1675 1239 γὰρ
1744 1163 1902 1240 ἀρξά-

261 1267 413 1320 μενοι
491 1250 1078 1325 μετασχηματιζόμεθο
1159 1253 1356 1314 πάντες
1443 1252 1501 1308 ἐκ
1577 1252 1899 1328 πασχόντων

257 1336 501 1404 ἀπαθεῖς,
558 1337 648 1392 καὶ
699 1338 806 1393 ἀπὸ
851 1343 1056 1412 νεκρῶν
1110 1344 1304 1410 ζῶντες
1354 1343 1761 1416 κατιστάμενοι.
1811 1344 1898 1412 Μή

260 1423 352 1480 οὖν
384 1427 727 1502 ταραττέσθω
753 1449 835 1490 τις
885 1428 961 1491 εἲς
1009 1429 1279 1500 ἀπιστίαν,
1329 1431 1376 1486 εί
1427 1431 1574 1507 λέγει
1607 1433 1736 1494 θεὸς
1768 1429 1840 1487 ὣν
1874 1433 1902 1488 ὁ

259 1514 454 1590 Κύριος
504 1517 617 1589 ἅμα
672 1516 760 1571 καὶ
805 1515 1085 1595 ἄνθρωπος
1120 1539 1132 1551 ’
1199 1523 1304 1574 Νῦν
1349 1523 1384 1590 ἡ
1441 1523 1594 1596 ψυχή
1659 1541 1764 1594 μου
1815 1541 1902 1576 τε·

251 1603 536 1679 τάρακται.
591 1609 763 1660 Τοῦτο
808 1606 911 1682 γὰρ
968 1607 1196 1684 ἐγένετο,
1243 1615 1344 1680 τῆς
1399 1610 1494 1684 μὶν
1536 1608 1792 1680 θεότητος
1822 1609 1902 1665 εἷο

252 1690 482 1764 κούσης,
531 1699 634 1764 τῆς
678 1692 736 1750 δὲ
782 1697 980 1772 σαρκὸς
1028 1696 1379 1774 ἐγειρομένης
1411 1720 1424 1734 ι
1485 1697 1710 1754 δυνατὺν
1743 1694 1800 1753 ὄν
1832 1704 1901 1774 τῇ

253 1784 468 1854 θεότητι
512 1783 757 1841 κωλῦσαι
814 1788 911 1856 τὴν
961 1790 1230 1864 ταραχὴν,
1291 1788 1415 1844 ἀλλ’
1449 1789 1510 1845 οὐ
1556 1788 1901 1866 βουλομένης

257 1871 447 1979 αὐτῆς,
483 1872 684 1979 ἳναιμὴ
710 1877 811 1945 τὴν
844 1877 1110 1979 ὁμοίωσιν
1154 1879 1253 1947 τήν
1293 1881 1429 1955 πρὸς
1469 1882 1620 1952 ἡμᾶς
1650 1877 1900 1954 διαλύσῃ.
1935 1913 1983 1979 Β

253 1967 482 2018 Τοιοῦτο
540 1963 605 2036 δή
657 1987 708 2020 τι
758 1968 978 2036 νοητέον
1030 1968 1090 2022 ἐκ
1138 1973 1246 2023 τῶν
1295 1971 1412 2034 καθ’
1460 1973 1608 2042 ἡμᾶς
1651 1971 1904 2046 πραγμά-

256 2076 364 2110 των
400 2075 412 2087 ⁶
446 2058 772 2133 κεκραμένον
808 2058 934 2133 μέλι
976 2060 1114 2133 πρὸς
1161 2057 1330 2136 ὕδωρ,
1361 2061 1423 2116 οὔ
1455 2058 1522 2130 δὴ
1552 2060 1616 2116 τὸ
1652 2061 1775 2134 μέλι
1810 2078 1904 2134 με·

255 2139 614 2214 ταϐέϐληται,
663 2143 809 2201 ἀλλὰ
855 2147 918 2202 τὸ
965 2145 1110 2222 ὕδωρ
1154 2146 1498 2206 ἐπλεόνασεν.
1548 2150 1678 2207 ’Ότι
1721 2146 1786 2218 δή
1818 2148 1903 2204 κί-

257 2237 402 2305 νυμά
429 2254 482 2288 τι
537 2236 638 2299 τῆς
681 2235 877 2311 σαρκός
934 2235 1076 2292 ἐστιν
1128 2235 1180 2292 ἐν
1228 2235 1307 2310 τῷ
1356 2238 1557 2315 Κυρίῳ,
1605 2239 1822 2293 τοιοῦτό
1850 2259 1903 2293 τι

258 2317 514 2395 λάϐωμεν
549 2323 829 2398 ὁμοίωμα.
862 2321 1043 2402 ὣσπερ
1072 2322 1264 2388 ὕδατος
1294 2326 1346 2382 ἐν
1377 2327 1692 2403 μελικράτῳ
1730 2326 1903 2382 πλεο-

254 2411 482 2484 νλασμόνο
534 2414 700 2470 ’Ὁταν
760 2411 817 2469 δὶ
867 2413 1032 2471 πάλι)
1087 2415 1150 2470 τὸ
1201 2417 1376 2480 θἐΐκὸν
1420 2415 1770 2494 ἐμφαίνηται,
1812 2417 1902 2473 καὶ

255 2497 446 2575 ἐνεργῇ
501 2498 779 2574 δυνάμεις,
829 2503 920 2558 καὶ
972 2500 1209 2560 δείκνυσι
1263 2506 1362 2574 τὴν
1418 2503 1683 2581 ἐξουσέαν,
1713 2509 1903 2564 τοιαύ-

254 2609 355 2659 την
397 2591 658 2663 ὁμοίωσιν
709 2587 992 2666 λάϐωμεν,
1043 2592 1224 2670 ὥσπερ
1263 2599 1362 2649 τοῦ
1419 2593 1639 2669 μέλιτος
1687 2596 1903 2674 ἐπικρα-

254 2682 478 2742 τοῦντος
507 2680 570 2734 τὸ
602 2679 769 2758 ὕδωρ.
804 2682 1034 2737 Δυνατόν
1066 2683 1167 2760 γὰρ
1200 2686 1267 2757 τῇ
1299 2683 1513 2754 θεότητι
1555 2687 1738 2755 τοῦτο,
1772 2689 1906 2744 ποτὲ

259 2767 357 2840 μὲν
386 2771 456 2843 τῇ
490 2771 646 2845 σαρκὶ
693 2775 1045 2848 παραχωρεῖν
1092 2770 1169 2834 εἰς
1224 2773 1288 2827 τὸ
1337 2771 1652 2844 πλεονάσαι,
1684 2777 1818 2832 ποτὲ
1849 2774 1906 2834 δὶ

255 2857 420 2926 αὐτὴν
481 2858 834 2934 ἐπικρατῆσαι
882 2859 1204 2936 ἀναιροῦσαν
1253 2863 1316 2917 τὸ
1362 2862 1535 2928 πάθος
1580 2864 1670 2919 καὶ
1714 2867 1778 2921 τὸ
1806 2873 1906 2938 τῆς

256 2948 451 3020 σαρκὸς
508 2947 751 3011 ἀσθανές.
825 2949 1138 3028 Τεκμήριον
1209 2948 1266 3006 δὲ
1327 2953 1723 3028 τεσσαράκοντα
1774 2953 1906 3018 ὅλας

254 3037 468 3111 ἡμέρας
518 3038 779 3113 ἀπέχεται
822 3041 1032 3117 τροφῆς
1102 3047 1420 3114 σωμανικῆς
1481 3044 1570 3097 καὶ
1631 3043 1695 3098 οὐ
1752 3050 1907 3117 πεινᾷ

252 3124 316 3180 τὰ
369 3129 548 3200 σῶμα.
605 3127 755 3183 Μετᾶ
804 3127 905 3205 γὰρ
959 3132 1148 3199 ταῦτα,
1207 3132 1389 3194 καθὼς
1437 3129 1755 3208 γέγραπται,
1809 3151 1904 3190 πι-

255 3213 523 3272 πείνακεν.
589 3217 848 3282 Ἐνταῦθα
904 3219 1099 3295 σαρκὸς
1161 3218 1544 3294 πλεονασμός’
1604 3222 1715 3278 εἶτα
1761 3223 1904 3279 ἐπεί-

250 3324 379 3360 νασε
411 3306 545 3378 μετὰ
575 3306 669 3361 τὸν
721 3284 982 3363 τοσοῦτον·
1033 3307 1258 3385 χρόνον.
1310 3284 1639 3367 Ἐπλεόνασε
1691 3313 1756 3368 τὸ
1805 3284 1978 3385 τῆςΟ

254 3393 451 3468 σαρκὸς
479 3391 568 3449 διὰ
628 3399 809 3465 τοῦτο,
862 3394 951 3451 ’ίνα
995 3396 1086 3452 καὶ
1133 3403 1296 3472 πεῖρα
1350 3402 1714 3477 προσενεχθῇ,
1755 3401 1905 3458 καὶὸ

252 3483 524 3556 πειράζων
556 3485 947 3561 καταισχυνθῇ,
979 3485 1067 3541 καὶ
1101 3487 1128 3541 ὁ
1168 3484 1217 3560 ἐξ
1267 3487 1446 3564 ἀρχῆς
1496 3486 1782 3566 ἄνθρωπος
1815 3489 1905 3548 3ιά

258 3571 456 3646 βρῶμα
485 3572 662 3628 πεσὼν
693 3570 764 3627 δι’
814 3572 1123 3650 ἐγκράτειαν
1184 3576 1480 3652 βρώματος
1537 3577 1760 3654 ἀναστῇ.
1796 3582 1902 3637 Φέ-

256 3679 338 3735 ρει
370 3657 427 3714 δὶ
452 3660 542 3715 καὶ
584 3663 687 3731 τὴν
741 3664 990 3739 ταραχήν
1036 3670 1136 3733 τῆς
1186 3665 1381 3741 σαρκὸς
1439 3665 1525 3721 ἐπὶ
1581 3672 1661 3735 τῷ
1693 3671 1903 3743 θανάτῳ

251 3743 556 3820 προσιόντι.
609 3750 710 3806 Καὶ
771 3752 890 3812 πῶς
943 3749 1042 3825 γὰρ
1087 3745 1319 3824 ἔμελλεν
1376 3752 1618 3824 ὑπήκοος
1659 3755 1902 3832 γενέσθαι

249 3835 350 3904 τὴν
369 3838 640 3912 ἡμετέραν
689 3838 932 3908 ὑπακοὴν
984 3839 1215 3914 πληρῶν
1265 3841 1381 3906 ἀνθ’
1409 3844 1593 3917 ἡμῶν,
1626 3843 1670 3900 εἰ
1701 3847 1778 3918 μὴ
1811 3847 1902 3902 καὶ

248 3927 700 4000 προσεναντίωμα
746 3924 893 3996 ἔσχε,
954 3929 1043 3984 καὶ
1091 3934 1188 3985 τοῦ
1237 3931 1638 4006 ὶναντιώματος
1680 3933 1902 4009 ἐπεκρά-

245 4033 454 4083 τησενς
513 4021 656 4088 Ημῖν
708 4019 812 4093 γὰρ
870 4015 1084 4073 ἐπειδάν
1132 4039 1184 4073 τι
1240 4019 1300 4075 ἐκ
1353 4023 1550 4096 σαρκὸς
1599 4021 1899 4098 ἐναντίωμα

246 4103 487 4178 γένηται,
535 4103 584 4159 εἷ’
630 4105 1070 4182 παρακούσαιμεν
1118 4112 1215 4164 τοῦ
1265 4112 1702 4186 προστάγματος,
1735 4134 1897 4186 νικη-

245 4192 420 4255 θέντες
467 4193 644 4266 σαρκὶ,
693 4195 882 4251 τοῦτον
931 4196 1026 4251 τὸν
1068 4197 1267 4272 τρόπον
1321 4201 1355 4268 ἡ
1397 4199 1632 4276 ἁμαρτία
1662 4198 1893 4275 συμϐαί-

242 4302 343 4339 νει.
377 4281 590 4340 Οὖκοῦν
618 4282 670 4338 ἐν
717 4289 798 4357 τῷ
851 4284 1035 4361 Κυρίῳ
1076 4287 1138 4342 τὸ
1189 4288 1282 4360 μὲν
1324 4287 1632 4362 ἐναντίωμα
1660 4288 1767 4345 ἔδει
1798 4313 1891 4367 γε·

241 4370 421 4426 νέσθαι
465 4374 529 4428 τὸ
582 4374 690 4429 ἀπὸ
765 4381 866 4445 τῆς
948 4377 1164 4450 σαρκὸς,
1229 4384 1448 4447 νικῆσαι
1523 4375 1582 4433 δὶ
1653 4380 1753 4449 τήν
1800 4381 1892 4436 ὑπ-

243 4465 434 4533 ακοήν.
470 4465 613 4536 (43")
639 4463 704 4520 El
732 4464 834 4541 γὰρ
864 4465 953 4519 καὶ
986 4467 1139 4538 Θεὸς,
1188 4464 1316 4521 ἀλλ’
1367 4466 1418 4522 ἐν
1453 4471 1608 4541 σαρκὶ
1638 4469 1726 4523 καὶ
1755 4471 1892 4526 κατὰ

239 4550 409 4625 σάρκα
445 4554 544 4622 τήν
599 4554 842 4623 ὑπακοὴν
895 4553 1127 4630 πληροῖ,
1158 4555 1250 4610 καὶ
1296 4561 1394 4611 τοῦ
1447 4555 1759 4631 θελήματος
1787 4567 1890 4630 τῆς

2013 631 2096 686 bss
2117 632 2176 687 in
2198 632 2731 703 impassibilitatem
2755 630 3457 690 transierrentur.Nullus
3473 631 3656 704 igitur

2013 724 2130 777 hac
2161 722 2232 776 de
2280 723 2653 794 passionibus
2704 739 2816 778 non
2874 723 3092 789 credat,
3125 721 3470 777 existimans
3509 721 3654 776 verti

2011 809 2309 874 deitatem,
2342 812 2441 866 sed
2466 812 2873 883 supervenisse
2902 813 2951 866 ei
2976 810 3308 882 passionem
3339 827 3406 865 ex
3436 810 3656 865 carnali

2011 903 2070 954 et
2087 899 2327 954 animali
2354 900 2563 955 animas
2585 899 2842 955 motione
2863 901 3233 969 conjectet,et
3253 899 3660 970 supervenisse

2013 993 2070 1044 et
2102 988 2314 1045 victam
2350 989 2549 1044 fuisse.
2583 989 2714 1046 Ideo
2747 1005 2998 1059 namque
3019 990 3273 1054 advenit,
3305 993 3369 1043 ut
3397 988 3664 1043 vincatur

2013 1077 2085 1132 ab
2117 1075 2265 1148 ipso.
2301 1077 2550 1148 Ideoque
2578 1077 2734 1134 victa
2753 1082 2934 1147 est,ut
2954 1077 3149 1132 omnis
3172 1081 3380 1132 natura
3399 1076 3660 1131 humana

2014 1183 2116 1238 per
2143 1166 2548 1239 cognationem
2580 1167 2932 1222 beneficium
2964 1165 3172 1238 capiat.
3209 1171 3287 1220 Ex
3313 1165 3420 1221 hoc
3442 1165 3657 1237 quippe

2011 1253 2358 1326 incipientes
2388 1256 2884 1328 transﬁguramur
2911 1271 3137 1326 omnes,
3169 1271 3238 1310 ex
3275 1253 3657 1326 passibilibus

2013 1343 2436 1414 impassibiles,
2466 1349 2523 1399 et
2551 1361 2618 1400 ex
2651 1344 2902 1400 mortuis
2933 1344 3191 1400 viventes
3222 1343 3426 1399 effecti.
3447 1343 3656 1398 Nullus

2013 1431 2195 1504 igitur
2214 1433 2592 1504 perturbatus
2616 1433 2686 1488 ad
2718 1433 3127 1488 inﬁdelitatem
3159 1433 3415 1500 accedat,
3447 1433 3496 1488 si
3517 1431 3661 1488 dicit

2013 1520 2163 1576 Deus
2194 1521 2293 1592 qui
2339 1522 2626 1578 Dominus
2665 1523 3004 1594 pariterque
3033 1527 3092 1578 et
3138 1522 3314 1578 homo
3343 1527 3468 1578 est:
3501 1526 3660 1578 Nunc

2012 1612 2204 1666 anima
2231 1627 2354 1667 mea
2375 1611 2613 1668 turbata.
2640 1616 2736 1668 est.
2774 1612 2889 1668 Hoc
2910 1612 3067 1668 enim
3092 1612 3310 1667 factum
3342 1616 3432 1667 est
3446 1612 3661 1668 deitate

2013 1699 2252 1772 quidem
2274 1701 2702 1772 acquiescente,
2729 1717 2901 1756 carne
2921 1705 3117 1757 autem
3139 1701 3496 1773 insurgente.
3519 1704 3659 1756 Pos-

2013 1786 2183 1844 sibile
2211 1789 2370 1844 enim
2401 1793 2527 1845 erat
2557 1790 2756 1846 deitati
2802 1790 3107 1862 prohibere
3137 1790 3657 1862 perturbationem,

2014 1879 2114 1934 sed
2143 1877 2350 1946 noluit,
2385 1885 2449 1934 ut
2480 1879 2950 1949 similitudinem,
2979 1895 3157 1951 quam
3189 1881 3262 1934 ad
3293 1895 3402 1935 nos
3431 1879 3657 1950 habuit,

2019 1981 2136 2023 nou
2165 1967 2670 2024 dissolveret.Tale
2690 1984 2826 2041 ergo
2856 1968 3078 2041 aliquid
3102 1973 3191 2025 est
3211 1967 3658 2040 intelligendum

2015 2072 2082 2112 ex
2114 2057 2287 2112 rebus
2307 2073 2434 2128 quae
2465 2057 2621 2112 circa
2649 2074 2764 2112 non
2797 2062 2957 2114 sunt.
2990 2061 3132 2113 Cum
3155 2061 3516 2129 temperatur
3546 2056 3660 2113 mel

2015 2161 2149 2200 cum
2182 2161 2351 2218 aqua,
2385 2163 2500 2202 non
2533 2146 2647 2202 mel
2678 2151 2970 2202 mutatum
3018 2151 3130 2214 est,
3163 2148 3263 2203 sed
3296 2145 3660 2219 superabun-

2013 2235 2174 2290 davit
2201 2252 2393 2307 aqua:
2426 2235 2699 2292 similiter
2729 2237 2962 2308 quando
2995 2237 3276 2291 duntaxat
3324 2235 3500 2291 motio
3531 2249 3655 2291 car-

2013 2324 2106 2380 nis
2137 2329 2227 2380 est
2255 2325 2314 2379 in
2349 2326 2615 2394 Domino,
2644 2325 2820 2381 talem
2853 2326 3172 2398 quamdam
3203 2324 3656 2380 similitudinem

2011 2428 2411 2482 assumamus,
2444 2414 2598 2470 sicut
2646 2431 2860 2486 aquam
2909 2414 2968 2469 in
3019 2414 3340 2485 melicrato,
3372 2413 3429 2469 id
3475 2413 3655 2470 estin

2015 2502 2185 2558 melle
2202 2507 2526 2574 temperato
2547 2503 3396 2575 superabundantem.Quand0
3418 2503 3654 2572 iterum,

2014 2593 2164 2663 quod
2196 2591 2461 2646 divinum
2509 2597 2619 2658 est,
2667 2593 3126 2661 demonstratur,
3157 2597 3216 2647 et
3239 2595 3516 2664 cperatur
3543 2592 3656 2646 vir-

2012 2683 2190 2749 tutes,
2221 2684 2278 2736 et
2306 2681 2564 2738 ostendit
2592 2685 2958 2753 potestatem,
2992 2680 3162 2738 talem
3207 2680 3654 2737 similitudinem

2015 2785 2414 2839 assumamus,
2449 2770 2601 2826 sicut
2638 2772 2777 2825 dum
2830 2769 2942 2826 mel
2992 2786 3198 2841 aqu-am
3250 2774 3507 2842 superat.
3544 2769 3658 2825 Hoc

2013 2858 2168 2914 enim
2201 2859 2481 2930 possibile
2511 2863 2601 2915 est
2629 2859 2855 2925 deitati,
2887 2859 3204 2931 aliquando
3233 2860 3469 2931 quidem
3500 2857 3660 2914 carni

2014 2948 2350 3020 permittere
2381 2954 2447 3004 ut
2477 2949 2916 3020 superabundet
2939 2966 2969 3022 ε¹
3003 2949 3320 3021 aliquando
3367 2964 3501 3004 vero
3531 2963 3658 3003 eam

2014 3051 2292 3109 superare
2323 3038 2392 3093 ad
2427 3038 2828 3110 perimendam
2862 3038 3196 3110 passionem
3227 3037 3417 3109 ipsam
3451 3041 3507 3092 et
3537 3053 3660 3092 car-

2014 3127 2108 3182 nis
2137 3126 2562 3182 inﬁrmitatem.
2597 3126 2883 3182 Indicium
2912 3141 3050 3183 vero
3081 3131 3190 3195 est,
3213 3126 3368 3198 quod
3402 3125 3661 3197 quadra-

2015 3216 2182 3290 ginta
2209 3217 2347 3272 totis
2377 3216 2586 3272 diebus
2623 3216 2911 3272 abstinuit
2939 3215 3226 3288 corporali
3257 3214 3407 3285 cibo,
3458 3220 3515 3270 et
3544 3230 3658 3270 non

2017 3305 2228 3362 esuriit
2256 3305 2450 3377 ipsum
2484 3320 2716 3377 corpus.
2744 3309 2881 3361 Post
2910 3303 3031 3360 haec
3061 3305 3277 3376 quippe
3307 3304 3485 3377 (sicut
3514 3304 3657 3359 scri-

2013 3399 2181 3467 ptum
2211 3396 2321 3465 est)
2351 3395 2580 3450 esuriit.
2615 3394 2716 3450 Hic
2746 3395 2941 3450 carnis
2969 3394 3381 3467 exsuperantia
3408 3411 3420 3449 :
3449 3393 3662 3450 deinde

2013 3482 2222 3539 esuriit
2249 3487 2380 3554 post
2403 3488 2632 3539 tantum
2666 3489 2919 3556 tempus.
2944 3481 3327 3555 Exsuperavit
3346 3483 3500 3555 quod
3535 3497 3658 3538 car-

2013 3573 2105 3628 nis
2135 3576 2242 3642 eat,
2276 3573 2495 3629 idcirco
2529 3578 2594 3628 ut
2624 3573 2867 3629 tentatio
2903 3572 3287 3645 ingereretur,
3317 3579 3376 3628 et
3405 3579 3660 3629 tentator

2011 3663 2487 3730 confunderetur,
2521 3667 2578 3717 et
2605 3662 2800 3731 homo,
2821 3663 2918 3733 qui
2953 3679 2986 3716 a
3016 3662 3302 3733 principio
3333 3677 3433 3734 per
3458 3662 3655 3718 cibum

2010 3750 2212 3823 lapsus
2245 3756 2353 3823 est,
2392 3768 2494 3824 per
2523 3752 2939 3807 abstinentiam
2971 3751 3085 3806 cibi
3118 3755 3465 3822 resurgeret.
3489 3751 3654 3806 Tole-

2010 3849 2101 3898 rat
2130 3847 2324 3898 autem
2357 3848 2414 3898 et
2442 3843 2941 3915 perturbationem
2963 3843 3174 3911 carnis,
3197 3843 3326 3915 ipsa
3347 3847 3530 3898 morte
3552 3843 3654 3898 ad-

2007 3934 2291 3989 venienle.
2327 3932 2550 3989 Etenim
2584 3933 2878 4004 quomodo
2910 3933 3188 3988 obediens
3222 3933 3456 3987 futurus
3477 3937 3651 4000 esset,

2008 4027 2270 4078 nostram
2305 4039 2408 4094 pro
2438 4023 2608 4078 nobis
2651 4022 3044 4078 obedientiam
3095 4021 3419 4092 complens,
3453 4021 3567 4076 nisi
3598 4026 3656 4077 et

2007 4111 2418 4166 adversitatem
2442 4110 2765 4179 haberet,et
2785 4110 3042 4166 vinceret
3063 4111 3131 4165 ad
3143 4109 3473 4166 versitatem
3497 4109 3525 4166 ’ἲ
3545 4110 3653 4166 No-

2005 4199 2096 4256 bis
2128 4199 2177 4255 si
2208 4200 2446 4270 quidem
2499 4215 2562 4254 ex
2613 4215 2787 4254 carne
2836 4198 3132 4254 infestatio
3164 4198 3244 4265 ﬁt,
3278 4203 3334 4253 et
3365 4199 3412 4254 si
3445 4197 3649 4254 inobe-

2002 4289 2228 4344 diente
2260 4288 2546 4343 fuerimus
2598 4288 2890 4354 mandato,
2923 4287 3056 4342 victi
3105 4304 3297 4354 carne,
3331 4287 3440 4342 hoc
3473 4289 3646 4344 modo

2001 4381 2304 4450 peccatum
2333 4377 2597 4447 emergit.
2625 4380 2774 4448 Ergo
2796 4381 2854 4431 et
2872 4377 2929 4431 in
2967 4375 3208 4432 Domino
3229 4378 3642 4434 adversitatem

1999 4468 2236 4539 quidem
2269 4467 2391 4522 fieri
2439 4467 2743 4538 oportebat
2790 4483 2823 4521 a
2865 4482 3060 4536 carne,
3092 4467 3482 4523 obedientiam
3511 4484 3643 4522 vero

1995 4557 2244 4612 vincere.
2277 4555 2554 4620 Quamvis
2585 4557 2741 4611 enim
2772 4557 2928 4612 Deus
2957 4561 3264 4625 est,veram
3298 4557 3357 4612 in
3388 4573 3562 4612 carne
3587 4563 3646 4612 et

240 4641 439 4714 σαρκὸς
467 4645 547 4714 τῷ
605 4640 878 4716 θελήματι
927 4650 1028 4713 τῆς
1085 4639 1334 4716 θεότητοι
1390 4652 1598 4721 κρατεῖ,
1651 4649 1888 4725 καθάπερ

2008 4648 2326 4704 secundum
2358 4663 2591 4703 carnem
2623 4647 3015 4704 obedientiam
3038 4646 3263 4720 implet,
3296 4653 3352 4702 et
3381 4647 3644 4701 volunta-

240 4725 454 4803 εἴρηκεν
491 4749 504 4762 ·
559 4732 683 4788 ’Ότι
739 4727 1087 4804 καταϐέϐηκα
1141 4733 1201 4789 ἐκ
1275 4739 1373 4789 τοῦ
1445 4736 1700 4813 οὐρανοῦ,
1779 4739 1890 4814 οὐχ

233 4814 326 4871 ’ίνα
356 4821 502 4872 ποιῶ
538 4819 603 4874 τὸ
656 4819 875 4894 θέλημα
924 4822 988 4878 τὸ
1045 4821 1198 4896 ἐμὸν,
1249 4822 1396 4879 ἀλλὰ
1444 4825 1508 4879 τὸ
1547 4824 1767 4899 θέλημα
1792 4831 1889 4882 τοῦ

237 4905 555 4980 πέμψαντός
616 4929 683 4981 με
731 4910 962 4986 Ιίατρὸς,
1012 4909 1153 4968 ἴδιον
1215 4911 1390 4988 λέγων
1445 4911 1667 4988 θέλημα
1723 4915 1889 4971 αὐτοῦ

233 4999 298 5053 τὸ
326 5004 427 5068 τῆς
457 4998 654 5074 σαρκός
701 5001 850 5056 Ἐπεὶ
901 5002 992 5057 καὶ
1049 5006 1084 5073 ἡ
1125 5005 1252 5082 σὰρξ
1285 5002 1395 5060 ἰδία
1425 5005 1590 5060 αὐτοῦ
1619 5007 1837 5082 γέγονεν
1870 5026 1884 5040 ο

235 5087 300 5142 οὐ
332 5086 436 5163 γάρ
466 5087 576 5143 ἆστι
625 5086 843 5161 θέλημα
893 5091 1022 5146 Υἱοῦ
1075 5095 1251 5150 etiam
1295 5092 1606 5168 θελήματος
1634 5100 1768 5151 Θεοῦ
1793 5116 1886 5152 κε-

235 5177 608 5252 χωρισμένον.
643 5181 754 5252 (44)
788 5176 932 5234 ’Βδει
977 5177 1035 5235 δὲ
1070 5182 1131 5236 τὸ
1178 5190 1278 5253 τῆς
1325 5186 1522 5261 σαρκὸς
1555 5185 1772 5257 θέλημα
1800 5207 1884 5240 κι-

231 5272 486 5336 νηθῆναι,
522 5266 856 5342 ὑποταγῆναι
907 5265 966 5323 δὲ
1005 5274 1084 5342 τῷ
1137 5271 1406 5345 θελήματι
1445 5278 1525 5347 τῷ
1551 5278 1744 5346 Θεϊκῷ.
1777 5276 1880 5330 Καὶ

231 5354 405 5417 οὕτως
444 5356 499 5410 αἱ
553 5361 662 5411 τῶν
722 5357 1017 5432 ἀνθρώπων
1065 5362 1336 5435 παρακοαὶ
1387 5361 1605 5418 λύονται
1660 5361 1748 5418 διὰ
1785 5367 1885 5433 τῆς

226 5441 541 5520 παραδόξου
595 5445 799 5517 ταύτης
847 5447 1117 5519 ὑπακοῆς,
1173 5451 1238 5520 ἣν
1279 5451 1508 5527 Χριστὸς
1575 5453 1916 5528 ὑπήκουσεν,

301 5562 348 5598 ¹⁰
375 5562 543 5619 J‘oan.
573 5577 632 5619 Vi
660 5563 751 5620 38.

299 5679 440 5752 (43')
469 5679 599 5752 Hac
628 5679 924 5738 habentur
954 5682 1014 5739 in
1044 5682 1290 5740 concilio
1322 5685 1699 5744 Lateranensi
1728 5691 1771 5745 t.
1796 5688 1871 5746 VI

229 5748 499 5823 Conc.,'p.
520 5751 647 5808 290.

1997 4741 2117 4793 tem
2148 4735 2343 4792 carnis
2375 4735 2676 4792 voluntate
2708 4742 2947 4809 superat
2993 4735 3246 4804 deitatis,
3279 4735 3431 4790 sicut
3460 4734 3640 4788 dixit:

1999 4828 2142 4896 Quia
2168 4825 2422 4882 descendi
2467 4827 2541 4881 de
2581 4828 2729 4896 caelo,
2788 4841 2899 4882 non
2944 4830 3004 4880 ut
3044 4827 3251 4896 faciam
3303 4822 3646 4879 voluntatem

1996 4917 2295 4986 meam,sed
2323 4924 2382 4972 ut
2419 4918 2628 4987 faciam
2658 4915 3001 4972 voluntatem
3038 4915 3178 4986 ejus,
3209 4914 3304 4986 qui
3348 4914 3500 4969 misit
3534 4929 3640 4979 me,

1995 5008 2266 5074 Patris”,
2300 5007 2595 5080 propriam
2644 5005 3005 5061 voluntatem
3056 5004 3255 5059 dicens
3294 5003 3480 5074 ipsam
3515 5018 3642 5072 qua:

1995 5097 2188 5152 carnis
2217 5101 2325 5152 est.
2358 5101 2504 5151 Nam
2557 5099 2615 5150 et
2642 5111 2776 5150 caro
2826 5093 3061 5165 propria
3090 5093 3218 5163 ejus
3257 5097 3417 5148 erat:
3451 5107 3641 5163 neque

1993 5186 2151 5243 enim
2183 5185 2449 5242 voluntas
2503 5183 2622 5238 Filii
2667 5183 2881 5252 divina,
2913 5201 2947 5236 a
2993 5181 3290 5236 voluntate
3339 5181 3436 5236 Dei
3467 5197 3638 5251 sepa-

1994 5283 2119 5333 rata
2150 5282 2258 5333 est.
2291 5275 2607 5348 Oportebat
2637 5275 2854 5347 quippe
2883 5273 3100 5329 moveri
3147 5272 3340 5328 carnis
3369 5271 3640 5327 volunta-

1991 5371 2133 5434 tem,
2167 5365 2378 5436 subjici
2410 5381 2544 5420 vero
2592 5363 2875 5420 voluntati
2927 5363 3180 5419 deitatis.
3214 5368 3397 5434 Atque
3425 5361 3508 5416 ita
3537 5360 3639 5416 ho-

1992 5455 2216 5512 minum
2249 5453 2655 5511 inobedientia:
2685 5452 2992 5508 solvuntur
3014 5469 3117 5525 per
3145 5453 3296 5508 hanc
3327 5450 3640 5506 admirabi-

2051 5689 2166 5762 (44)
2202 5687 2351 5744 Ibid.
