4002 6384
362 434 389 495 1
405 435 522 494 243

903 435 968 495 S.
1015 433 1436 494 ATHANASH
1485 433 1658 493 OPP.
1713 433 1918 494 PARS
1960 433 2010 492 Ι.
2043 464 2121 476 --
2149 432 2571 494 HISTORICA
2611 433 2713 494 ET
2755 431 3237 492 DOGMATICA.

3625 432 3780 492 1244

363 570 477 626 lem
510 568 928 632 obedientiam,
966 583 1083 638 qua
1113 565 1383 622 Christus
1409 565 1664 622 obedivit
1696 582 1798 639 pro
1831 565 2022 621 nobis.

2143 564 2275 639 ὑπὲρ
2315 566 2500 637 ἡμῶν.
2548 564 2692 638 ’Όρα
2745 560 2836 632 δή,
2888 566 2985 617 τοῦ
3033 563 3335 635 κινήματος
3374 565 3471 617 τοῦ
3524 566 3778 636 σαρκικοῦ

370 659 689 716 Considera
724 657 926 729 igitur,
962 656 1111 710 facta
1141 655 1397 710 motione
1429 653 1830 726 carnali,quid
1865 669 2024 710 asse-

368 754 477 804 rat.
513 750 574 802 Et
606 748 743 819 quid
776 747 959 801 dicam
980 748 1005 798 .9
1037 744 1392 811 Pater,salva
1417 760 1501 800 me
1522 760 1590 799 ea:
1609 745 1712 800 hac
1743 744 1894 800 hora.
1919 743 2027 800 Sed

366 837 486 892 ideo
513 839 638 892 veni
664 841 733 890 ad
762 836 905 889 hanc
935 835 1347 899 horam.Pater,
1381 834 1629 902 clariﬁca
1654 849 1852 888 nomen
1871 841 2026 888 tuum

365 929 551 998 ipsum
576 929 640 980 “.
681 924 825 978 lllud
877 924 1018 992 Quid
1049 925 1236 978 dicam
1261 927 1285 975 .9
1315 923 1486 977 Salva
1517 937 1604 977 me
1630 939 1700 977 ea:
1728 922 1830 979 hac
1862 922 2022 991 hora,

364 1014 668 1086 loquimur
697 1015 1024 1068 secundum
1059 1012 1375 1066 motionem
1409 1012 1640 1066 carnis:
1668 1011 1788 1066 Ideo
1817 1013 1944 1066 veni
1967 1013 2020 1065 in

365 1104 506 1158 hanc
556 1102 770 1168 horam,
801 1102 1104 1156 divinitate
1136 1101 1404 1155 vincente
1453 1100 1660 1155 ell‘atus
1716 1106 1826 1165 est,
1867 1116 2012 1172 pene

369 1209 474 1248 nec
507 1208 788 1263 apparere
821 1190 1113 1246 carnalem
1148 1189 1502 1244 voluntatem
1539 1190 1912 1260 permittente
1943 1189 2024 1242 di-

365 1281 519 1336 vina.
558 1283 750 1351 [psum
807 1281 1008 1351 igitur,
1043 1280 1248 1334 I022
1301 1278 1439 1345 Quid
1490 1278 1713 1333 dicam?
1741 1283 2020 1348 tanquam

365 1370 768 1427 abscindentis
800 1376 887 1424 est
919 1385 1132 1433 sermo,
1164 1373 1225 1422 ut
1248 1373 1549 1438 appareret
1573 1367 1806 1437 quidem
1833 1368 2020 1434 nobis,

366 1460 505 1531 quia
535 1462 592 1514 et
621 1475 754 1514 caro
786 1475 939 1525 vera,
974 1457 1237 1527 subjecta
1267 1473 1398 1511 vero
1431 1462 1662 1520 est,non
1698 1454 1894 1511 valens
1919 1457 2023 1511 cir-

367 1549 740 1616 cumducere,
795 1546 949 1602 sicut
996 1563 1186 1617 equus
1235 1561 1565 1611 sessorem,
1631 1560 1734 1599 nec
1783 1544 2022 1599 omnino

365 1637 556 1708 ipsam
590 1652 830 1691 manum
866 1653 997 1707 quas
1045 1635 1207 1704 regit,
1241 1633 1556 1697 inflectere,
1594 1633 1850 1704 Denique
1882 1633 2022 1704 quid

366 1727 686 1782 arbitratur
718 1726 1050 1796 passionem
1074 1723 1102 1778 ?
1137 1727 1261 1777 Non
1295 1722 1704 1793 ignominiam,
1740 1738 1851 1776 non
1885 1737 2022 1776 con-

366 1814 656 1870 fusionem
684 1832 695 1868 :
732 1814 829 1868 sed
867 1812 1111 1884 gloriam
1144 1828 1310 1866 suam
1341 1815 1397 1866 et
1427 1811 1636 1880 Patris,
1663 1816 1719 1865 et
1743 1809 2025 1866 accelerat

367 1904 578 1974 magis,
613 1919 790 1973 quam
825 1901 1398 1972 evitat,passionem.
1431 1902 1616 1963 Pater,
1647 1899 1891 1969 ctariﬁca
1921 1915 2020 1955 no-
2052 1935 2096 2000 Β

363 2009 489 2048 men
519 2002 695 2047 tuum.
731 1992 854 2046 Non
886 1997 1015 2052 erit,
1049 1990 1303 2062 inquit,a
1325 2005 1418 2045 me
1450 1989 1568 2043 ulla
1595 1989 2013 2054 recusatio,sed

366 2096 646 2136 recusans
667 2082 1117 2152 obtemperal,et
1149 2096 1262 2133 non
1295 2095 1574 2134 recusans
1604 2078 1847 2133 obtinet.
1881 2083 2011 2132 Car-

366 2169 520 2224 nalis
550 2169 705 2224 enim
740 2173 950 2223 natura
983 2173 1214 2223 recusat
1242 2173 1511 2232 mortem,
1542 2172 1600 2221 et
1649 2172 1771 2221 erat
1801 2166 1924 2221 hac
1953 2167 2012 2221 in

367 2257 615 2326 Christo,
649 2257 928 2328 quoniam
981 2257 1235 2311 Verbum
1287 2272 1420 2311 caro
1471 2258 1754 2310 veraciter
1797 2256 2014 2310 factum

367 2350 476 2401 est.
516 2345 752 2401 Deitalis
783 2351 976 2402 autem
1010 2345 1280 2400 voluntas
1301 2345 1475 2415 elegit
1506 2345 1709 2399 mundi
1742 2346 2015 2413 salutem,

370 2451 548 2507 quam
582 2451 736 2490 mors
767 2439 1004 2506 operata
1034 2440 1141 2490 est.
1196 2434 1416 2489 Dehinc
1450 2434 1756 2505 impletum
1791 2433 2020 2489 videtur

367 2524 462 2578 id:
502 2525 562 2580 Ut
590 2524 794 2593 faciam
847 2522 1188 2577 voluntatem
1218 2525 1356 2594 ejus,
1391 2525 1487 2592 qui
1535 2525 1684 2577 misit
1724 2539 1832 2589 me,
1869 2523 2019 2578 Dixit

367 2611 620 2667 Christi:
674 2613 860 2682 Pater,
911 2612 1155 2682 clariﬁca
1200 2627 1397 2666 nomen
1439 2615 1615 2666 tuum.
1667 2615 1732 2665 Et
1779 2628 2019 2683 respon-

370 2717 501 2756 enm
552 2705 642 2756 est
683 2701 754 2755 de
805 2699 986 2756 caelo:
1040 2701 1104 2755 Et
1151 2701 1435 2764 ctaricavi,
1485 2704 1536 2755 et
1577 2701 1778 2756 iterum
1805 2702 2018 2770 clariﬁ-

369 2791 500 2846 cabo
527 2791 589 2846 ¹².
627 2790 698 2845 Ut
728 2789 1008 2856 sciamus,
1056 2789 1195 2860 quia
1246 2789 1525 2843 distantia
1557 2788 1718 2844 nulla
1763 2794 1874 2856 est,
1919 2806 2019 2844 ne-

371 2895 485 2948 que
517 2879 808 2950 separatio
830 2879 1019 2934 Patris
1040 2884 1095 2933 et
1131 2878 1277 2945 Filii,
1297 2878 1485 2949 magis
1516 2883 1705 2933 autem
1733 2883 1798 2933 ut
1829 2879 2018 2934 lucre-

372 2984 505 3023 mur
524 2969 999 3038 conjunctionem
1024 2974 1440 3038 nostramque
1464 2967 1532 3022 ad
1561 2973 1738 3022 Deum
1764 2969 1820 3022 in
1855 2968 2022 3023 Chri-

372 3063 462 3112 sto
497 3056 650 3112 facta
677 3061 783 3111 est.
818 3056 1024 3112 Nullus
1055 3057 1272 3128 quippe
1304 3057 1609 3111 hominum
1637 3062 1745 3124 est,
1775 3057 1870 3128 qui
1907 3074 2020 3113 non

375 3146 637 3216 seipsum
662 3145 1014 3200 abstraxerit
1034 3163 1067 3201 a
1087 3146 1386 3201 voluntate
1404 3145 1502 3201 Dei
1527 3162 1594 3200 ex
1616 3145 1814 3217 aliqua
1839 3152 2020 3218 parte,

371 3235 459 3290 vel
494 3252 574 3304 re,
605 3234 691 3289 vel
723 3239 1010 3307 tempore.
1053 3237 1111 3290 In
1140 3234 1263 3290 solo
1295 3241 1490 3290 autem
1527 3235 1756 3291 Christo
1789 3235 2020 3307 insepa-

2132 653 2449 729 γενομένου,
2496 651 2551 708 τί
2609 674 2739 730 φησι
2776 671 2787 684 °

2138 762 2206 815 με
2263 741 2322 797 ἐκ
2365 749 2464 812 τῆς
2517 742 2659 818 ὥρας
2725 739 2947 812 ταύτης.
3023 739 3198 796 ἈλΛᾶ
3254 738 3344 795 διὰ
3398 744 3556 796 τοῦτο
3613 741 3779 810 ἦλθον

2135 831 2211 892 εἰς
2287 832 2385 899 τὴν
2476 829 2622 905 ὥραν
2704 829 2922 900 ταύτην.
3007 831 3200 903 Πάτερ,
3281 827 3502 900 δόξασόν
3573 851 3668 884 σου
3722 829 3783 884 τὸ

2135 921 2327 992 ὄνομα.
2362 920 2452 987 Τό,
2485 920 2545 974 Τί
2578 918 2714 975 εἷ’πω
2748 939 2761 989 ;
2815 921 3012 994 Πάτερ,
3061 917 3238 972 σῶσόν
3287 939 3353 991 με
3403 919 3464 974 ἐκ
3508 926 3606 989 τῆς
3638 920 3781 994 ὥρας

2130 1009 2354 1080 ταύτης,
2383 1009 2672 1088 ἐφθέγξατο
2703 1011 2838 1063 κατὰ
2893 1010 2990 1077 τήν
3037 1009 3249 1077 κίνησιν
3287 1015 3391 1077 τῆς
3419 1009 3616 1084 σαρκός
3654 1029 3665 1041 ·
3698 1011 3784 1075 τὸ,

2135 1093 2222 1150 διὰ
2249 1102 2410 1154 τοῦτο
2443 1098 2614 1167 ἦλθον
2647 1097 2724 1160 είς
2766 1100 2865 1166 της
2907 1095 3048 1172 ὤραν
3081 1118 3310 1170 ταυτην,
3337 1097 3593 1166 θεότητος
3624 1097 3784 1172 ὑπερ-

2133 1187 2369 1255 νικώσης
2403 1186 2712 1263 φθέγγεται,
2746 1183 2941 1261 σχεδόν
2973 1207 3056 1240 τοι
3114 1182 3255 1258 μηδὲ
3285 1193 3518 1263 φανῆναι
3548 1191 3628 1258 τῷ
3656 1207 3783 1260 σαρ-

2132 1281 2272 1346 κικῷ
2326 1275 2593 1348 θελήματι
2645 1279 3067 1350 συγχωροῦντος
3129 1279 3226 1328 τοῦ
3285 1279 3488 1337 θεϊκοῦ.
3537 1277 3613 1331 Τὸ
3660 1276 3788 1350 γὰρ,

2131 1365 2190 1420 Τί
2223 1365 2360 1420 εἴπω
2394 1385 2408 1434 ;
2452 1365 2631 1439 ὥσπερ
2682 1363 3043 1439 έγκόπτοντός
3091 1361 3205 1418 ἐστι
3250 1363 3419 1436 ῥῆμα,
3451 1365 3526 1426 ὡς
3560 1371 3785 1442 φανῆναι

2135 1455 2230 1527 μὲν
2285 1457 2443 1526 ἡμῖν,
2489 1453 2573 1509 ὅτι
2627 1455 2717 1509 καὶ
2768 1455 2895 1527 σάρξ
2943 1451 3180 1524 ἀληθὴς,
3237 1453 3646 1525 ὑποταττομένη
3708 1451 3784 1520 δὶ,

2132 1542 2220 1597 καὶ
2278 1545 2342 1598 οὐ
2397 1541 2668 1616 δυναμένη
2739 1548 3089 1618 περισπᾶσαι,
3165 1541 3405 1616 καθάπερ
3457 1541 3628 1604 ’ίππος
3687 1543 3777 1598 τὸν

2133 1626 2418 1703 ὶπιόάτην,
2451 1629 2575 1688 οὐδὶ
2600 1632 2724 1687 ὅσον
2768 1629 2997 1686 ὀκλάσαι
3045 1632 3144 1700 τὴν
3195 1637 3358 1706 χεῖρα
3384 1633 3484 1700 τήν
3518 1632 3780 1707 ἡνιοχοῦ-

2134 1744 2251 1778 σαν.
2287 1724 2380 1780 Καὶ
2417 1721 2483 1792 δὴ
2514 1723 2604 1777 καί
2628 1723 2680 1777 τί
2728 1722 2997 1796 λογίζεται
3045 1722 3107 1776 τὸ
3156 1723 3327 1785 πάθος
3355 1741 3368 1791 ;
3402 1723 3520 1780 Οὐκ
3548 1720 3783 1795 ἀδοξίαν,

2133 1813 2235 1866 οὐκ
2273 1811 2560 1887 αίσχύνην,
2615 1810 2761 1867 ἀλλὰ
2819 1809 2974 1884 δόξαν
3027 1812 3218 1866 ἑαυτοῦ
3261 1811 3352 1866 καὶ
3403 1816 3498 1866 τοῦ
3548 1813 3782 1887 Πατρός.

2134 1901 2237 1956 Καὶ
2270 1899 2576 1956 ἐπισπεύδει
2633 1899 2868 1974 μᾶλλον,
2923 1900 2957 1970 ἢ
3018 1899 3310 1976 ἀποτρέπει
3356 1901 3420 1956 τὸ
3450 1904 3648 1966 πάθος.
3677 1904 3790 1958 Ιῖά-

2122 2011 2239 2066 τερ,
2291 1988 2515 2061 δόξασόν
2567 2011 2660 2045 σου
2708 1989 2770 2045 τὰ
2830 1985 3042 2063 ὄνομα·
3104 1990 3203 2045 οὐκ
3248 1988 3416 2059 ἔσται,
3472 1991 3662 2068 φησὶν,
3695 1994 3789 2046 οὗ-

2123 2069 2284 2149 δεμία
2315 2077 2640 2150 παραίτησις
2695 2078 2820 2152 παρ’
2878 2075 3033 2151 ἐμοῦ,
3081 2076 3204 2132 ἀλλ’
3237 2074 3361 2149 εἷ’ξει
3393 2079 3456 2132 τὸ
3485 2080 3782 2154 παραιτού-

2129 2188 2311 2240 μενον,
2344 2165 2433 2220 καὶ
2483 2168 2741 2240 κρατήσει
2788 2167 2849 2220 τὸ
2902 2167 2979 2239 μή
3031 2166 3492 2242 παραιτούμενον.
3550 2171 3790 2243 Σαρκική

2131 2256 2224 2329 μὶν
2279 2256 2377 2331 γὰρ
2449 2254 2605 2333 φύσις
2679 2261 3019 2329 παραιτεῖται
3097 2255 3188 2310 τὸν
3260 2257 3512 2326 θάνατον,
3569 2259 3658 2312 καὶ
3718 2260 3782 2326 ἦν

2125 2350 2284 2400 τοῦτο
2343 2343 2394 2398 ἐν
2449 2349 2682 2418 Χριστῷ,
2746 2341 2930 2413 ἐπειδὴ
2991 2343 3081 2398 καὶ
3123 2345 3311 2420 γέγονε
3357 2346 3486 2420 σάρξ
3541 2348 3568 2401 ὁ
3615 2345 3786 2422 Λόγος

2127 2434 2350 2505 ἀληθῶς
2383 2452 2393 2463 ’
2421 2435 2573 2502 Οεϊκή
2609 2431 2667 2488 δὲ
2715 2434 2979 2509 βούλησις
3029 2434 3260 2508 αἱρεῖται
3304 2436 3402 2502 τὴν
3431 2435 3642 2508 κόσμου
3673 2457 3776 2490 σω-

2126 2523 2339 2598 τηρίαν,
2369 2525 2430 2591 ἣν
2461 2524 2489 2577 ὁ
2519 2524 2745 2586 Θάνατος
2786 2523 3198 2598 κατειργάσατο.
3262 2527 3393 2580 Εἶτα
3450 2522 3776 2598 πληρούμε-

2127 2634 2218 2667 νον
2271 2611 2507 2691 φαίνεται
2560 2614 2644 2685 τὸ,
2704 2615 2821 2669 Ἵνα
2881 2617 3025 2666 ποιῶ
3096 2613 3158 2666 τό
3225 2612 3444 2686 θέλημα
3488 2618 3586 2668 τοῦ
3647 2613 3784 2686 πέμ-

2128 2703 2328 2777 ψαντός
2369 2723 2455 2775 με.
2516 2702 2670 2776 Λέγει
2729 2702 2757 2755 ὁ
2817 2702 3092 2778 Χριστός·
3156 2701 3348 2776 Πάτερ,
3406 2700 3625 2773 δόξασόν
3682 2725 3776 2758 σου

2128 2794 2191 2848 τὸ
2222 2787 2396 2863 ὄνομα
2427 2809 2439 2823 ·
2490 2789 2576 2845 καὶ
2631 2789 2916 2858 ἀπόκρισις
2967 2788 3019 2860 ἐξ
3068 2789 3298 2865 οὐρανοῦ
3333 2811 3346 2823 ·
3394 2791 3498 2847 Καὶ
3531 2789 3777 2863 ἐδόξασα,

2129 2882 2217 2937 καὶ
2265 2880 2428 2936 πάλιν
2486 2877 2729 2950 δοξάσω·
2778 2878 2871 2934 ’ἶνα
2922 2877 3178 2952 εἰδῶμεν,
3227 2881 3310 2934 δτι
3361 2877 3638 2943 διάστασις
3690 2880 3779 2936 οὗ·

2132 2969 2312 3044 δεμία,
2371 2967 2496 3024 οὐδὲ
2543 2969 2832 3045 χωρισμὸς
2880 2973 2977 3024 τοῦ
3033 2969 3242 3044 Πατρὸς
3301 2970 3390 3024 καὶ
3447 2975 3545 3026 τοῦ
3601 2972 3734 3026 Υἱοῦ
3769 2992 3784 3007 ο

2136 3057 2350 3133 μᾶλλον
2381 3056 2438 3113 δὶ
2460 3055 2553 3112 ’ίνα
2609 3055 2954 3131 κερδάνωμεν
3011 3059 3110 3126 τὴν
3166 3057 3448 3136 συνάφειαν
3492 3061 3652 3132 ἡμῶν
3679 3061 3780 3128 τήν

2131 3150 2267 3226 πρὸς
2325 3149 2452 3202 Θεὸν
2513 3147 2565 3202 έν
2625 3149 2842 3221 Χριστῷ
2893 3149 3215 3222 γενομένην.
3266 3145 3461 3210 Οὐδεις
3526 3151 3621 3221 μὶν
3679 3148 3780 3225 γὰρ

2134 3239 2456 3312 ἀνθρώπων,
2490 3237 2548 3299 ὃς
2583 3237 2685 3292 οὐκ
2725 3235 3024 3291 ἀπέσπασεν
3078 3237 3263 3291 ἑαυτὸν
3317 3235 3422 3291 ἀπὸ
3471 3235 3784 3310 θελήματος

2851 651 2952 708 Καὶ
3009 652 3060 705 τί
3111 651 3297 721 εἷ’πως
3352 652 3547 727 Πάτερ,
3607 653 3777 707 σωσόν

373 3322 578 3378 rabili
603 3323 873 3378 voluntas
904 3330 1133 3379 servata
1155 3329 1441 3395 est,quem
1475 3330 1854 3395 assequentes
1885 3342 2019 3380 con-

2135 3308 2269 3382 Θεοῦ
2327 3327 2462 3380 κατά
2507 3347 2557 3380 τι
2614 3324 2775 3400 μέρος
2823 3326 2857 3393 ἢ
2914 3325 3237 3399 πράγματος
3301 3325 3335 3393 ἢ
3409 3308 3637 3400 χρόνου.
3699 3326 3788 3382 Ἐν

365 3412 735 3483 junctionem
765 3412 834 3466 ad
872 3417 1049 3467 Deum
1083 3412 1288 3467 lucrati
1323 3430 1552 3481 sumus,
1580 3413 2025 3485 unitionemque

374 3499 696 3558 salutarem
730 3501 799 3555 ad
835 3500 1289 3556 similitudinem
1322 3501 1530 3558 divinae
1563 3502 2028 3571 unitionis,sicut

373 3589 495 3661 ipse
527 3589 860 3660 perhibuit:
896 3592 1007 3658 Ego
1032 3595 1083 3645 et
1115 3593 1280 3646 Pater
1322 3607 1496 3645 unum
1535 3608 1745 3659 sumus,
1778 3594 1856 3647 ita
1889 3601 1940 3648 et
1967 3593 2028 3647 hi

377 3681 437 3734 in
459 3679 616 3733 nobis
647 3695 819 3733 unum
847 3680 959 3734 sint
985 3681 1048 3733 '3.

2139 3415 2290 3488 μόνῳ
2321 3411 2378 3468 δὲ
2419 3419 2641 3487 Χριστῷ
2694 3414 2755 3468 τὸ
2809 3413 3116 3488 ἀχώριστον
3172 3420 3271 3482 τῆς
3330 3412 3608 3484 θελήσεως
3665 3413 3791 3490 ἐφυ-

2138 3503 2324 3581 λάχθη
2361 3523 2373 3536 ·
2431 3505 2476 3576 ᾦ
2525 3502 3046 3566 συνακολουθοῦντες
3101 3502 3452 3577 κερδαίνομεν
3506 3505 3607 3572 τὴν
3663 3525 3792 3557 συν-

2137 3596 2321 3670 άφειαν
2353 3594 2450 3661 τὴν
2511 3592 2648 3666 πρὸς
2693 3593 2846 3661 Θεὸν,
2887 3593 2974 3646 καὶ
3002 3593 3103 3661 τήν
3154 3589 3338 3647 ἕνωσιν
3378 3593 3478 3660 τήν
3516 3594 3789 3668 σωτήριον

2135 3683 2254 3745 καθ’
2286 3681 2548 3755 ὁμοίωσιν
2581 3682 2766 3738 αὐτοῦ.
2820 3681 2938 3744 καθ’
2984 3680 3247 3754 ὁμοίωσιν
3285 3687 3385 3749 τῆς
3417 3680 3560 3744 θείας
3594 3679 3790 3736 ένώσε-

2136 3793 2233 3833 ως.
2266 3772 2338 3832 ὡς
2369 3770 2531 3833 αὐτὸς
2591 3769 2803 3846 εἴρηκεν
2839 3789 2852 3803 ·
2886 3770 3032 3845 Ἐγὼ
3088 3769 3178 3824 καὶ
3235 3771 3264 3824 ὁ
3296 3770 3482 3845 Πατὴρ
3513 3766 3567 3824 ἓν
3602 3769 3788 3843 ἐσμεν,

2137 3857 2281 3916 οὕτω
2311 3860 2400 3915 καὶ
2433 3857 2582 3915 οὗτοι
2609 3857 2663 3915 έν
2695 3862 2829 3932 ἡμῖν
2855 3858 2908 3914 ’ὲν
2945 3857 3100 3915 ὦσιν.

454 3982 605 4057 Latet
631 3983 886 4052 fortassis
915 3982 1092 4057 adhuc
1152 3980 1295 4038 liber
1324 3982 1412 4037 hic
1461 3983 1678 4057 alicubi
1732 3985 1897 4037 etiam
1927 3986 2159 4054 integer,
2212 3985 2490 4057 siquidm
2516 3986 2756 4056 episcopi
2812 3984 3005 4056 Cyprii
3035 3985 3091 4038 in
3117 4056 3122 4057 ί
3148 3983 3336 4038 eadem
3391 3992 3496 4038 act.
3535 3984 3602 4038 14
3631 3986 3796 4056 paulo

377 4063 504 4127 ante
533 4055 751 4124 dicunt,
785 4071 897 4109 esse
921 4056 1030 4127 sibi
1058 4054 1206 4109 domi
1235 4059 1352 4124 ejus
1381 4054 1657 4124 quoddam
1701 4057 2001 4125 exemplar,
2035 4065 2088 4111 et
2116 4054 2288 4112 aliud
2326 4054 2816 4127 Constantinopoli
2846 4054 3297 4111 uetustissimum.
3347 4056 3586 4126 Apparet
3615 4054 3796 4111 autem

379 4141 448 4203 ea:
477 4126 576 4179 hoc
605 4129 917 4203 fragmento
950 4126 1097 4179 hunc
1126 4129 1427 4203 tractatum
1469 4127 1736 4203 scriptum
1785 4143 1900 4181 esse
1929 4138 2120 4203 contra
2149 4131 2402 4195 Arianos,
2431 4132 2532 4203 qui
2558 4146 2618 4185 eo
2650 4126 2857 4184 Christi
2885 4128 3047 4203 dicto,
3080 4128 3247 4183 Nunc
3276 4128 3474 4182 anima
3503 4143 3638 4182 mea
3669 4135 3792 4181 tur-

379 4199 511 4269 bata
541 4203 651 4264 est,
683 4199 1048 4253 abutebantur
1075 4197 1145 4252 ad
1173 4196 1524 4253 evertendam
1557 4198 1652 4252 Dei
1683 4199 1865 4254 Patris
1893 4202 1944 4254 et
1973 4201 2105 4255 Filii
2133 4203 2387 4257 eamdem
2418 4196 2731 4269 essentiam,
2765 4205 2824 4255 ut
2870 4200 3056 4255 videre
3084 4209 3162 4255 est
3213 4217 3282 4256 ex
3312 4204 3458 4254 orat.
3507 4217 3562 4254 iv
3592 4204 3796 4256 contra

379 4268 645 4324 Arianae.

453 4342 543 4395 Est
573 4343 630 4394 in
664 4341 868 4414 illustr.
903 4339 1158 4395 biblioth.
1205 4339 1619 4414 arelapalatina
1672 4342 1848 4396 eodem
1892 4359 1994 4397 ms.
2027 4352 2241 4414 ,vetust.
2291 4345 2577 4400 continens
2608 4343 2867 4398 Catenam
2893 4343 3299 4414 expositionum
3355 4343 3424 4414 ab
3453 4345 3663 4397 incerto
3695 4359 3798 4396 au-

386 4416 533 4488 ctore
561 4428 634 4467 ea:
653 4413 910 4467 Patribus
942 4416 1152 4468 ereis
1184 4413 1240 4466 in
1266 4413 1622 4482 Evangelium
1658 4418 1726 4468 ι).
1764 4415 1903 4469 Luce
1947 4413 2253 4481 collectam,
2288 4419 2345 4470 in
2386 4432 2496 4488 qua
2519 4414 2591 4471 ad
2635 4431 2766 4487 cap.
2796 4413 3086 4485 xx1u,fot.
3126 4415 3252 4483 216,
3285 4413 3455 4470 solide
3483 4420 3604 4471 haec
3631 4415 3797 4470 verba

387 4484 648 4552 leguntur
667 4501 686 4537 .-

385 4599 634 4655 Sanctus
665 4598 1020 4655 Athanasius
1073 4599 1130 4654 in
1182 4599 1326 4654 illud
1379 4599 1695 4670 Evangelii,
1749 4602 2023 4672 Postquan

2219 4603 2331 4658 Τοῦ
2380 4599 2538 4676 ἁγίου
2588 4598 2905 4658 Ἀθανασίου
2956 4598 3032 4662 εἷς
3074 4598 3138 4655 τό
3171 4620 3184 4634 ο
3246 4600 3343 4653 Καὶ
3401 4602 3570 4654 ταῦτα
3600 4599 3795 4666 εἰπὼν,

383 4688 504 4746 hac
530 4689 782 4756 dixisset,
806 4691 1108 4760 exspiravit
1130 4707 1148 4744 :
1167 4690 1325 4743 Talis
1350 4688 1458 4744 fuit
1504 4689 1818 4746 Salvatoris
1849 4691 2034 4746 nostri

385 4794 568 4846 mors,
599 4794 777 4849 quam
810 4778 1046 4849 quidem
1079 4779 1210 4848 ejus
1258 4795 1471 4848 corpus
1512 4779 1835 4834 secundum
1871 4785 2035 4834 natu-

385 4885 509 4924 ram
541 4868 708 4934 obiit,
763 4869 1012 4924 Verbum
1064 4874 1260 4924 autem
1320 4869 1646 4924 secundum
1674 4869 2032 4926 voluntatem

382 4958 870 5030 suscepit,utpote
902 4958 1003 5030 qui
1037 4957 1218 5013 libere
1266 4974 1480 5028 corpus
1511 4975 1684 5012 suum
1720 4960 1890 5014 morti
1921 4967 2033 5014 tra-

385 5046 616 5115 diderit,
653 5052 715 5102 ut
746 5064 847 5118 pro
869 5047 1036 5102 nobis
1066 5047 1388 5102 secundum
1423 5048 1549 5116 ejus
1582 5052 1801 5102 naturis
1835 5049 2034 5103 condi-

387 5135 600 5190 tionem
629 5141 948 5206 pateretur,
973 5136 1295 5206 itidemque
1325 5152 1427 5207 pro
1449 5137 1616 5192 nobis
1647 5137 1924 5193 divinitus
1950 5154 2035 5193 re-

383 5230 688 5296 surgeret:
713 5242 830 5296 qua
852 5226 909 5280 in
931 5242 991 5280 re
1014 5230 1174 5280 totus
1199 5224 1551 5281 conditionis
1571 5225 1840 5281 humana
1862 5227 2036 5282 cardo

380 5314 650 5379 vertitur,
710 5319 914 5370 nostra
948 5313 1218 5370 videlicet
1272 5313 1343 5368 ad
1375 5314 1556 5369 vitam
1593 5315 1869 5382 evocatio,
1919 5321 1976 5372 et
2004 5334 2039 5372 ι

384 5408 573 5460 morte
603 5404 753 5458 susci
766 5403 923 5459 tatio.

2144 4689 2442 4760 ἐξέπνευσεν
2478 4708 2491 4722 ·
2553 4688 2711 4747 Οὕτω
2756 4690 2858 4766 γὰρ
2910 4688 3000 4743 καὶ
3059 4689 3087 4743 ὁ
3150 4688 3375 4752 θάνατος
3431 4688 3636 4762 γέγονε,
3703 4693 3799 4743 105

2147 4779 2243 4853 μὶν
2281 4780 2536 4852 σώματος
2587 4779 2723 4834 κατὰ
2772 4777 2928 4856 φύσιν
2980 4774 3286 4852 δεχομένου
3319 4820 3332 4845 ,
3387 4781 3484 4832 τοῦ
3514 4775 3573 4832 δὲ
3618 4777 3801 4851 Λόγου

2144 4868 2279 4924 κατὰ
2306 4867 2525 4938 θέλησιν
2567 4867 2925 4942 ἀνεχομένου,
2979 4865 3068 4920 καὶ
3118 4865 3529 4936 ἔξουσιαστικῶς
3558 4867 3620 4920 τὸ
3659 4864 3796 4921 ἴδιον

2145 4962 2306 5030 σῶμα
2362 4957 2437 5019 εἰς
2487 4957 2710 5012 θάνατον
2759 4955 3110 5030 προϊεμένου,
3162 4953 3255 5010 ’ίνα
3303 4956 3390 5010 καὶ
3442 4956 3589 5029 πάθῃ
3644 4977 3799 5032 φυσι-

2144 5051 2254 5108 κῶς
2280 5047 2410 5119 ὑπὲρ
2462 5048 2645 5118 ἡμῶν,
2687 5045 2773 5100 καὶ
2829 5047 3029 5118 ἀναστῇ
3077 5046 3273 5108 θεϊκῶς
3317 5043 3448 5119 ὑπὲρ
3480 5046 3669 5116 ἡμῶν.
3704 5045 3797 5098 Καὶ

2146 5134 2252 5206 ὅλη
2306 5138 2404 5204 τῆς
2465 5136 2725 5210 γενέσεως
2778 5133 2866 5189 καὶ
2924 5138 3021 5189 τοῦ
3071 5135 3301 5197 θανάτου
3343 5135 3378 5202 ἡ
3458 5135 3800 5210 πραγματεία

2147 5224 2222 5286 εἷς
2297 5225 2398 5294 τήν
2476 5225 2748 5298 ἡμετέραν
2823 5224 3069 5294 ζήτησιν,
3145 5222 3234 5278 καὶ
3311 5222 3606 5293 ἀνάκλησιν
3673 5235 3802 5287 θεω-

2147 5333 2337 5386 ρειται.

457 5521 613 5592 Quod
640 5537 768 5575 vero
800 5520 896 5592 lioc
922 5521 1292 5590 fragmentum
1322 5519 1496 5574 nostri
1542 5521 1616 5574 sit
1647 5519 1956 5591 Athanasii,
2005 5519 2211 5592 indicio
2261 5525 2358 5589 est,
2393 5520 2532 5592 quod
2561 5521 2706 5575 idem
2752 5519 2850 5574 ille
2879 5519 3097 5592 Codex,
3128 5519 3227 5592 fol.
3247 5518 3363 5592 illi
3411 5519 3682 5592 similiter
3707 5521 3803 5571 τοῦ

384 5591 542 5663 ἁγίου
571 5591 890 5653 Ἀθανασίου
923 5594 1097 5656 aiens,
1128 5598 1275 5647 hunc
1305 5595 1550 5645 nostrum
1577 5607 1647 5646 ea:
1677 5593 1934 5646 secunda
1981 5591 2242 5647 oratione
2287 5591 2488 5647 contra
2517 5592 2764 5663 Arianos
2792 5593 2945 5656 citat,
2993 5596 3044 5646 et
3069 5591 3172 5660 fol.
3202 5591 3270 5646 43
3298 5605 3512 5656 averso,
3545 5591 3809 5648 similiter

387 5662 456 5720 ex
483 5665 640 5735 epist.
678 5665 758 5720 De
787 5665 1036 5719 decretis
1067 5664 1273 5735 synodi
1307 5664 1572 5728 Nicwnae,
1603 5674 1660 5718 ut
1689 5679 1789 5720 suo
1822 5666 1934 5720 loco
1962 5680 2264 5721 monemus.
2298 5664 2427 5720 Ilaac
2458 5662 2905 5720 Felckmannus.

461 5772 500 5806 “
534 5769 679 5825 Joan
709 5787 810 5841 xu,
841 5772 932 5842 27,
963 5771 1052 5827 28.
1132 5772 1178 5806 ¹²
1208 5771 1349 5827 ibid.
1380 5772 1468 5825 28.
1550 5770 1595 5804 ¹⁸
1619 5771 1790 5826 Joan.
1821 5789 1876 5841 χ,
1909 5772 2016 5841 3ος

2134 5787 2185 5839 u,
2214 5770 2306 5827 23.
