4002 6382
272 457 427 516 1245

1595 449 2074 511 FRAGMENTA
2123 451 2383 511 VARIA.

3530 449 3686 510 i246

265 619 331 672 Et
358 617 494 689 quia
521 615 896 670 mentinonem
925 613 1126 670 codicis
1156 613 1323 680 hum:
1349 613 1600 682 fecimus,
1629 611 1902 736 αδὲνίὁὲγη
1931 611 2118 736 8ΐὶαηί
2137 611 2320 666 alium
2377 611 2557 667 locum
2585 627 2656 668 ex
2697 613 2902 668 eodem.
2937 611 3028 666 Sic
3073 613 3248 682 igitur
3293 610 3384 676 15;
3432 609 3532 679 fol.
3589 608 3681 677 20,

1731 726 1746 736 .
1779 699 1812 736 a
1876 698 1996 736 cap.
2033 700 2051 736 1
2123 699 2254 736 ucx.

1731 726 1746 752 ,
1779 698 1848 736 aa
1876 698 1996 753 cap.
2033 700 2051 737 1
2081 698 2254 738 Lucx.

338 783 688 848 ’Aeavaoiou.
723 784 808 839 Ἐν
936 783 963 836 6
1003 782 1110 855 πρὸ
1163 781 1377 835 αἱώνων
1437 779 1497 834 ἐκ
1552 778 1784 853 Πατρὸς,
1838 777 1913 832 ἐπ⁷

2109 781 2419 836 Athanasii.
2455 781 2514 835 In
2552 798 2667 853 qua
2697 781 2795 853 qui
2831 785 2965 835 ante
2995 779 3208 836 szecula
3250 796 3318 835 ex
3357 784 3522 834 Patre
3569 781 3680 844 est,

267 871 513 948 ἐσχάτων
546 870 608 924 ἐκ
640 877 739 940 τῆς
789 870 1062 944 Ηαρθένου
1113 873 1382 942 γεννᾶται,
1414 867 1503 920 καὶ
1536 866 1564 920 6
1597 865 1825 941 ἀόρατος
1854 865 1917 920 τὸ

265 963 392 1034 πρὶν
439 961 529 1015 καὶ
571 965 694 1023 ταῖς
752 958 804 1014 ἐν
865 959 1079 1034 οὖρανῴ
1135 957 1307 1034 ἁγίαις
1359 954 1666 1029 δυνάμεσιν,
1725 957 1916 1030 ὁρατὸς

265 1050 469 1124 γίνεται
504 1047 594 1104 διὰ
619 1050 718 1117 τὴν
770 1049 904 1124 πρὸς
957 1048 1048 1102 τὸν
1082 1047 1358 1120 ὁρώμενον
1388 1042 1669 1119 ἄνθρωπον
1701 1041 1914 1102 ἕνωσιν.

263 1141 576 1215 Ὀρώμινος
606 1137 662 1193 δέ
693 1160 838 1217 φημι
886 1136 947 1192 οὐ
995 1141 1062 1210 τῇ
1113 1135 1329 1209 ἀοράτῳ
1378 1135 1614 1205 θεότητι,
1657 1130 1802 1188 ἀλλὰ
1847 1136 1914 1206 τῇ

262 1235 363 1298 τῆς
413 1229 670 1298 θεότητος
719 1226 959 1302 ἐνεργείᾳ
1005 1222 1094 1279 διὰ
1133 1228 1229 1278 τοῐῑ
1276 1221 1619 1298 ἀνθρωπίνου
1662 1223 1915 1293 σώματος

262 1318 353 1370 καὶ
385 1315 521 1371 ὅλου
571 1309 881 1391 ἀνθρώπου,
911 1315 970 1368 ’ὸν
1021 1313 1363 1383 ἀνεκαίνισεν,
1408 1315 1478 1386 τῇ
1529 1309 1799 1364 οικειώσει
1845 1313 1914 1384 τῇ

261 1406 400 1480 πρὸς
444 1404 653 1461 ἑαυτόν.
716 1403 950 1472 Κτίστης
1006 1403 1108 1476 γὰρ
1164 1399 1235 1455 ὢν
1269 1402 1298 1454 ὁ
1353 1400 1553 1475 Λόγος,
1614 1398 1772 1460 αὐτὸς
1827 1398 1913 1452 ἐπὶ

264 1491 543 1564 συντελείᾳ
597 1498 706 1548 τῶν
767 1492 979 1547 αἰώνων
1052 1491 1114 1546 τὸ
1170 1490 1385 1546 κτιστὸν
1445 1486 1727 1544 ἐνεδύσατο
1763 1510 1774 1522 ·
1823 1486 1915 1542 ’ίνα

263 1581 427 1637 πάλιν
482 1586 648 1637 τοῦτο
706 1578 1056 1653 άνακαινίσῃ·
1115 1577 1278 1654 χρεία
1333 1584 1437 1653 γὰρ
1494 1579 1560 1648 ἦν
1619 1578 1754 1653 πρὸς
1812 1578 1911 1645 τὴν

259 1670 560 1741 ἀνάκλησιν
590 1673 687 1724 τοῦ
736 1669 825 1727 καὶ
873 1669 989 1723 κατ’
1039 1667 1213 1744 ἀρχὰς
1256 1667 1316 1723 ἐκ
1355 1671 1452 1722 τοῦ
1501 1668 1574 1740 μὴ
1626 1662 1782 1728 ὄντος
1824 1687 1914 1720 πε-

258 1758 560 1830 ποιηκότος
605 1762 738 1813 Θεοῦ
786 1756 991 1832 Λόγου.
1042 1755 1254 1814 Τούτου
1303 1754 1369 1825 δὴ
1401 1752 1574 1810 ἕνεκεν
1609 1756 1637 1810 6
1686 1755 1911 1828 ἀσώμα-

254 1869 350 1909 τος
376 1847 451 1910 εἷς
503 1848 603 1916 τήν
658 1845 928 1922 ἡμετέραν
977 1847 1163 1921 ’χώραν
1204 1845 1578 1921 παραγίνεται,
1624 1845 1713 1899 καὶ
1769 1841 1912 1917 λαμ-

259 1930 438 1990 ϐάνειν
488 1936 660 2008 ἑαυτῷ
705 1939 864 2008 σῶμα
911 1935 1013 1989 οὐκ
1062 1933 1352 2010 ἀλλότριον
1401 1938 1497 1989 τοῖ’)
1536 1932 1827 2006 ἡμετέρου,
1860 1931 1912 2003 ἐξ

262 2022 536 2100 ἀχράντου
568 2024 841 2101 Παρθένου
887 2023 989 2078 ὑπὸ
1037 2027 1133 2078 τοῦ⁹
1179 2023 1332 2098 ἁγίου
1382 2021 1616 2078 πλασθὲν
1664 2021 1908 2095 Ηνεύμα-

2027 869 2086 924 in
2118 869 2345 925 ultimis
2376 869 2736 942 temporibus
2758 887 2826 925 ex
2854 869 3093 940 Virgine
3126 867 3676 932 nascitur,invisibi-

2025 958 2100 1013 lis
2131 966 2302 1014 antea
2336 960 2424 1015 vel
2457 959 2836 1032 sanctis,qum
2867 958 2926 1014 in
2951 957 3092 1013 cmlo
3116 956 3672 1029 sunt,potestatihus

2025 1047 2236 1104 deinde
2267 1049 2515 1104 visibilis
2542 1054 2776 1120 propter
2807 1048 3082 1102 unionem
3113 1047 3240 1116 ejus
3270 1063 3404 1101 cum
3436 1045 3674 1100 homine

2025 1135 2259 1191 visibili.
2295 1137 2582 1207 Visibilis,
2614 1137 2879 1207 inquam,
2913 1153 3026 1191 non
3056 1151 3157 1206 per
3178 1134 3534 1190 invisibilem
3557 1133 3674 1188 dei-

2026 1230 2228 1293 tatem,
2261 1227 2359 1281 sed
2387 1243 2486 1298 per
2516 1231 2854 1296 operantem
2887 1225 2986 1280 Dei
3020 1224 3294 1279 virtutem
3323 1241 3425 1295 per
3455 1223 3671 1277 huma-

2026 1331 2167 1369 num
2201 1331 2414 1385 corpus
2469 1318 2526 1369 et
2581 1319 2770 1368 totum
2833 1313 3065 1368 homine
3124 1329 3298 1384 quem
3355 1310 3670 1380 renovavit,

2026 1403 2298 1474 proprius
2312 1403 2423 1474 ipsi
2450 1403 2957 1458 effectus.Creator
2976 1402 3131 1457 enim
3153 1416 3286 1456 cum
3300 1405 3455 1456 esset
3474 1400 3668 1472 ipsum

2025 1491 2085 1546 in
2126 1492 2408 1560 Verbum,
2459 1491 2968 1548 consummatione
3017 1490 3362 1546 saeculorum
3409 1494 3669 1545 creatum

2024 1581 2236 1650 induit,
2271 1581 2496 1636 utillud
2530 1581 2744 1636 iterum
2779 1584 3154 1648 restaurarct,
3205 1595 3271 1635 eo
3304 1579 3522 1651 quippe
3561 1577 3671 1632 fuit

2023 1687 2172 1742 opus
2200 1671 2271 1726 ad
2303 1670 2560 1727 hominis
2591 1669 3039 1736 revocationem,
3064 1668 3161 1739 qui
3191 1669 3263 1724 ab
3296 1667 3461 1723 initio
3490 1684 3559 1724 ex
3591 1666 3673 1722 ni-

2024 1759 2143 1822 hilo
2174 1759 2309 1816 fecit
2333 1759 2550 1815 omnia.
2585 1759 2773 1829 Hujus
2800 1757 2880 1814 rei
2911 1758 3098 1831 gratia
3142 1758 3521 1829 incorporeus
3573 1754 3671 1812 ille

2021 1849 2081 1904 in
2112 1853 2269 1904 terra
2298 1848 2476 1915 venit,
2507 1864 2840 1920 corpusque
2871 1846 2983 1903 sibi
3027 1865 3144 1903 non
3192 1846 3453 1902 alienum
3503 1863 3538 1901 a
3569 1863 3670 1900 no—

2023 1942 2163 2006 stro,
2196 1938 2297 1993 sed
2328 1954 2396 1993 ex
2426 1938 2642 1992 intacta
2672 1936 2926 2008 Virgine,
2949 1936 3162 1990 virtute
3193 1933 3449 2007 Spiritus
3471 1934 3670 1990 sancti

2019 2028 2389 2083 efformatum
2421 2025 2768 2097 assumpsit;
2799 2026 2952 2096 quod
2975 2025 3294 2080 adorabilis
3320 2023 3485 2081 Verbi
3522 2024 3670 2079 ami-

257 2134 370 2185 τος,
398 2112 487 2168 καί
539 2117 634 2168 τοῦ
681 2112 863 2188 Λόγου
910 2112 1134 2187 γεγονὸς
1168 2108 1376 2186 ἔνδυμα
1399 2109 1913 2187 προακυνητὸν,’ίνα

260 2201 714 2218 ,,-η,.-.
865 2202 998 2218 ι..
1130 2200 1658 2218 ---ςηι
1869 2201 1881 2218 ι

2024 2122 2153 2172 ctus
2183 2116 2456 2172 allectum
2487 2120 2597 2183 est,
2631 2120 2696 2170 ut
2727 2114 3098 2186 promulgata
3145 2115 3352 2171 1028
3401 2112 3492 2168 lex
3544 2129 3668 2167 cor-

256 2201 310 2257 ἐν
342 2202 491 2274 αὐτῷ
522 2201 660 2276 λυθῇ
695 2203 722 2256 6
754 2202 889 2258 κατὰ
933 2209 1032 2272 τῆς
1085 2207 1286 2280 φθορᾶς
1334 2205 1442 2255 τῶν
1493 2200 1789 2276 ἀνθρώπων
1821 2201 1911 2255 νό-

2024 2205 2316 2277 ruptionis
2365 2205 2638 2260 humanae
2697 2205 2754 2259 in
2782 2221 2848 2259 eo
2907 2203 3180 2269 aleretur,
3241 2207 3299 2258 et
3354 2219 3531 2274 quem
3593 2202 3667 2256 ab

260 2313 381 2365 μος,
414 2292 503 2346 καὶ
535 2293 562 2346 6
587 2291 778 2366 Λόγος,
825 2292 959 2366 πρὸς
1009 2278 1317 2364 ὁμοιότητα
1361 2291 1460 2360 τὴν
1497 2289 1690 2344 ἑαυτοῦ
1720 2292 1903 2352 κτίσας

2024 2294 2182 2350 initio
2204 2294 2545 2350 condiderat
2573 2293 2875 2349 hominem
2925 2293 2995 2348 ad
3048 2292 3140 2348 sui
3191 2291 3663 2357 similitudinem,
3723 2278 3728 2283 ’

251 2382 342 2435 τὸν
377 2379 660 2452 ἄνθρωπον
695 2380 745 2453 ἐξ
777 2380 978 2455 ἀρχῆς,
1011 2379 1175 2435 πάλιν
1227 2380 1302 2441 εἷς
1335 2379 1598 2452 ὁμοίωσιν
1629 2381 1725 2448 τὴν
1770 2380 1904 2456 πρὸς

2024 2384 2201 2440 eidem
2233 2400 2469 2439 rureurs
2500 2401 2535 2439 a
2564 2383 2669 2438 tali
2691 2384 2872 2454 gradu
2906 2381 3163 2454 collapsa
3197 2381 3384 2437 factus
3431 2380 3555 2452 ipse
3586 2380 3667 2435 si-

252 2469 410 2525 αὗτὸν
439 2468 712 2546 ἐπανάγει,
747 2469 1040 2543 ὁμοιωθεὶς
1069 2474 1148 2541 τῷ
1179 2466 1304 2541 ἰδίῳ
1326 2470 1618 2542 ποιήματι.

2024 2472 2193 2543 milis,
2227 2471 2684 2528 similitudinem
2729 2470 2988 2526 hominis
3019 2487 3154 2525 cum
3186 2470 3313 2543 ipso
3347 2468 3663 2542 pristinam

2013 2561 2374 2618 restitueret.

1317 2803 1687 2872 SEQUENTIA
1722 2804 1887 2862 ITEM
1920 2803 2099 2863 SUNT
2133 2806 2601 2862 FBLCKMANNI.

325 2921 388 2975 Et
417 2930 545 2976 sunt
565 2922 784 2994 quidem
814 2921 944 2977 huic
967 2922 1183 2976 similia
1213 2922 1328 2976 loca
1356 2921 1630 2992 quaedam,
1662 2923 1722 2975 ut
1751 2929 1880 2976 tom.

2024 2938 2113 2990 ag.
2141 2923 2229 2989 45,
2263 2922 2351 2989 48,
2386 2922 2510 2988 127,
2541 2922 2662 2983 128,
2693 2920 2818 2986 347,
2850 2919 2955 2973 348
2980 2937 2993 2986 ;
3027 2924 3084 2974 at
3109 2921 3206 2990 qui
3235 2919 3459 2976 totidem
3489 2912 3670 2974 verbi'8

251 3011 395 3066 idem
423 3013 495 3066 sit
523 3027 649 3066 cum
668 3013 784 3081 hoc,
816 3029 851 3066 a
875 3027 961 3066 me
989 3011 1250 3067 hactenus
1279 3011 1648 3067 animadverti
1675 3027 1782 3066 non
1812 3013 2010 3082 potuit.
2035 3011 2205 3083 Atque
2234 3011 2434 3067 idcirco
2465 3011 2642 3067 malui
2695 3011 2779 3066 bis
2808 3010 2880 3081 (si
2935 3012 3144 3082 tamen)
3190 3011 3472 3082 egregium
3522 3011 3668 3064 hunc

253 3101 432 3156 locum
464 3100 677 3167 haberi,
709 3118 875 3174 quam
900 3101 1118 3172 penitus
1146 3101 1352 3156 omitti.

335 3191 697 3261 Hieronymus
726 3191 788 3245 in
813 3189 1084 3261 Catalogo
1114 3188 1395 3244 librorum
1429 3187 1959 3244 ecclesiaeticorum
1990 3189 2164 3259 refert
2190 3189 2322 3245 duos
2352 3189 2518 3245 libros
2545 3191 2842 3250 Athanasii
2868 3197 3079 3249 Contra
3117 3190 3368 3264 gentiles
3407 3205 3501 3246 suo
3531 3197 3666 3244 tem-

259 3299 388 3357 pore
419 3281 695 3337 exstitisse
728 3295 740 3333 :
774 3288 832 3334 at
860 3279 1018 3334 nobis
1047 3277 1203 3334 hodie
1233 3294 1380 3334 unus
1410 3286 1625 3333 tantum
1654 3282 1752 3334 est.
1788 3280 1910 3335 Nisi
1933 3281 2075 3349 forte
2101 3279 2399 3334 secundum
2428 3296 2544 3335 esse
2573 3283 2808 3339 voluerit
2834 3285 3205 3356 Hieronymus
3251 3297 3396 3349 eum,
3448 3279 3542 3351 qui
3588 3284 3667 3333 est

254 3377 333 3428 De
366 3367 766 3427 Inearnalione
795 3368 930 3438 (45),
965 3366 1105 3437 quod
1134 3369 1316 3438 ipsum
1346 3371 1400 3421 et
1428 3367 1658 3422 initium
1703 3369 1864 3423 istius
1912 3369 2145 3424 innuere
2191 3368 2428 3438 videtur,
2477 3370 2572 3425 ubi
2620 3371 2835 3428 brevem
2879 3389 3161 3429 summam
3207 3369 3560 3443 praecedentis
3591 3382 3670 3422 re-

254 3463 404 3534 petit.

323 3551 469 3608 Idem
500 3549 868 3620 Ilieronymus
898 3545 1106 3601 ibidem
1137 3546 1345 3601 librum
1373 3548 1491 3618 ejus
1517 3547 1809 3620 quemdam
1837 3554 2026 3604 contra
2080 3549 2363 3605 Ursacium
2408 3553 2463 3604 et
2513 3552 2804 3608 Valentem
2849 3555 3256 3609 commemorat.
3306 3550 3378 3605 Ac
3417 3549 3672 3605 meminit

253 3640 476 3714 quidem
504 3638 735 3692 illorum
763 3651 1005 3707 persaepe
1033 3636 1388 3701 Athanasius,
1418 3651 1609 3708 eosque
1637 3638 1863 3704 exagita
1911 3637 1973 3692 in
2019 3637 2339 3709 Apologiis,
2390 3643 2452 3694 ut
2481 3641 2542 3694 in
2588 3656 2751 3711 apere
2796 3641 2875 3697 De
2923 3641 3162 3715 synodis
3215 3637 3571 3695 Ariminensi
3616 3641 3673 3694 et

251 3729 500 3793 Seleuc.,
531 3731 582 3783 et
611 3727 667 3781 in
701 3723 962 3797 Epistola
991 3723 1062 3778 ad
1095 3723 1391 3792 Africano,
1422 3732 1475 3780 et
1503 3725 1646 3780 alibi
1670 3743 1691 3780 :
1715 3730 1774 3780 at
1801 3726 1898 3797 qui
1925 3725 1986 3780 in
2015 3725 2158 3796 ipsos
2189 3729 2403 3782 tantum
2431 3729 2667 3799 scriptus
2695 3730 2769 3785 sit
2797 3730 2935 3785 liber
2963 3731 3030 3785 ab
3058 3733 3172 3802 ipso
3201 3729 3329 3785 talis
3357 3727 3514 3784 hodie
3540 3726 3671 3780 nul-

259 3821 345 3875 lus
376 3820 572 3874 exstat.

329 3907 492 3962 Liber
523 3910 598 3960 De
632 3901 994 3959 Psalmorum
1021 3900 1397 3973 titulis,quem
1423 3902 1491 3958 ab
1523 3902 1698 3958 eodem
1729 3903 1998 3975 scriptum
2025 3906 2106 3959 ait
2134 3904 2497 3977 Hieronymus
2527 3906 2933 3978 (46),quemque
2954 3907 3185 3964 Photius
3217 3906 3674 3978 Hypomnemata

257 3999 316 4052 in
351 3993 617 4050 Psalmos
651 3993 922 4057 nominat,
955 3993 1005 4046 si
1035 3993 1081 4045 is
1116 4006 1222 4046 non
1250 4000 1349 4061 est,
1381 3994 1478 4062 qui
1505 3999 1633 4047 tom.
1666 3993 1686 4046 Ι
1715 3993 1817 4047 sub
1846 3994 2012 4048 titulo
2044 3997 2122 4048 De
2169 3993 2648 4066 interpretatione
2707 3996 3074 4052 Psalmorum
3128 3996 3201 4050 ad
3244 3992 3669 4059 Marcellinum,

257 4085 487 4140 habetur
521 4103 539 4143 .-
565 4080 853 4152 probabile
881 4081 1052 4149 fuerit
1082 4095 1207 4133 eum
1239 4095 1372 4145 esse,
1407 4097 1568 4150 quem
1596 4082 1657 4135 in
1684 4081 1882 4153 synodi
1911 4098 1989 4136 vn
2019 4085 2388 4140 wcumenicse.
2421 4086 2666 4141 Nicena:
2697 4103 2760 4151 ιι,
2793 4089 2898 4140 act.
2931 4087 2984 4151 4,
3018 4085 3318 4140 Germanus
3351 4082 3674 4154 patriarcha

257 4168 904 4239 Constantinopolitanus
929 4168 990 4221 in
1019 4167 1227 4237 epistol.
1262 4168 1342 4223 ad
1371 4169 1623 4224 Thomam
1649 4172 1960 4240 epist-apum
1992 4168 2433 4241 ClaudiOpaleos,
2466 4171 2582 4228 haec
2609 4173 2770 4227 verba
2797 4173 3003 4243 psalmi
3029 4189 3220 4237 LXXIX,
3271 4173 3441 4243 juxta
3499 4169 3671 4227 Graec.

253 4263 340 4318 vel
374 4277 515 4316 Lxxx
534 4259 713 4331 juxta
743 4257 899 4313 Hebr.
932 4255 1160 4323 codices,
1194 4279 1220 4306 «
1256 4258 1362 4325 Qui
1389 4258 1538 4312 sedes
1563 4274 1725 4329 super
1753 4258 2072 4329 Cherubim,
2101 4275 2391 4330 apparens,
2421 4271 2784 4331 exponentem
2815 4263 3038 4329 citat,in
3066 4261 3180 4317 hxc
3208 4261 3376 4316 verba
3395 4278 3414 4315 :
3444 4259 3668 4315 Etenim

257 4349 564 4408 cherubim
595 4347 830 4403 illorum
863 4344 1236 4416 exemplaria,
1274 4347 1472 4418 ignota
1494 4347 1666 4416 juxta
1693 4351 1971 4403 naturam
2020 4348 2298 4404 omnibus
2322 4349 2662 4405 hominibus
2684 4349 3011 4416 existentia,
3045 4351 3292 4421 spiritus
3329 4354 3387 4405 et
3417 4348 3572 4421 ignis
3605 4365 3672 4403 ex

250 4441 565 4509 sistunt,et
589 4437 662 4493 ab
695 4435 854 4492 omni
888 4450 1164 4506 corporea
1197 4435 1546 4506 ﬁguratione
1575 4435 1626 4491 ei
1659 4441 1871 4492 natura
1900 4435 2112 4504 aliena,
2145 4453 2212 4492 ea
2246 4454 2369 4508 quae
2400 4438 2471 4494 de
2502 4437 2650 4508 ipsis
2679 4456 2713 4494 a
2744 4439 3024 4511 propheta
3055 4438 3444 4511 corporalium
3462 4437 3670 4492 dicun-

255 4535 373 4600 tur,
404 4525 794 4601 symbolicum
813 4529 871 4580 et
900 4523 1079 4580 altius
1109 4524 1355 4580 ductum
1384 4541 1626 4580 sensum
1659 4524 1898 4581 habent.
1932 4525 2114 4580 Aliter
2143 4526 2301 4582 enim
2332 4526 2656 4596 intelligere
2679 4528 2850 4598 juxta
2878 4544 3105 4584 sacram
3137 4534 3194 4583 et
3223 4527 3521 4600 corporeis
3553 4543 3668 4582 non

257 4620 559 4674 decentem
584 4617 870 4672 rationem
903 4617 1149 4687 oportet,
1183 4618 1319 4671 Hac
1346 4613 1448 4669 ibi.
1483 4613 1640 4670 Natat
1668 4615 1864 4670 Fronto
1896 4615 2126 4672 Ducazus
2159 4616 2462 4685 Burdegal.
2511 4633 2560 4672 v.
2593 4618 2664 4672 cl.
2697 4619 2758 4672 in
2785 4619 2900 4673 suis
2947 4617 3270 4689 quibusdam
3319 4618 3383 4672 in
3432 4616 3671 4672 Athana-

255 4708 403 4763 sium
430 4707 802 4772 collectaneis,
830 4705 933 4776 qui
959 4720 1030 4759 ex
1059 4703 1380 4760 bibliotheca
1415 4703 1738 4760 Commelini
1765 4704 2046 4772 habemus,
2077 4721 2192 4760 esse
2221 4705 2367 4775 apud
2397 4705 2742 4762 Potitianum
2773 4708 3068 4763 Athanasii
3095 4722 3279 4778 opusc.
3312 4707 3373 4761 in
3401 4707 3671 4760 Psalmos.

257 4796 535 4852 Similiter
561 4795 628 4850 Μ.
663 4795 888 4850 Crasius
920 4794 982 4848 in
1007 4792 1186 4848 indice
1214 4792 1449 4864 quodam
1478 4791 1577 4847 tib.
1612 4809 1742 4848 mss.
1791 4794 1890 4864 qui
1935 4793 2404 4866 Constantinopoli
2448 4794 2626 4850 adhuc
2667 4801 2905 4866 exstant,
2951 4797 3123 4865 refert
3169 4795 3316 4866 apud
3363 4794 3673 4848 illustrissi-

254 4901 407 4941 mum
439 4884 746 4955 principem
775 4882 1044 4940 Jacobum
1068 4883 1450 4939 Marmoretam
1481 4898 1596 4938 esse
1621 4885 1680 4939 S.
1715 4881 2010 4939 Athanasii
2056 4883 2454 4956 archiepiscopi
2486 4885 2857 4941 Alexandrini
2884 4885 3304 4958 explicationem
3354 4884 3412 4938 in
3462 4883 3677 4938 Psalle-

256 4975 409 5028 rium
438 4971 660 5027 Davidis
688 4987 708 5026 :
740 4987 814 5024 an
842 4985 973 5024 vero
1003 4970 1062 5024 id
1089 4972 1184 5038 sit,
1207 4971 1274 5028 de
1302 4987 1404 5044 quo
1431 4971 1672 5040 agimus,
1704 4987 1814 5027 non
1846 4975 2046 5028 temere
2074 4973 2333 5028 dixerim.

329 5063 528 5118 Eadem
557 5059 820 5131 synodus,
852 5068 965 5116 act.
995 5061 1051 5131 6,
1070 5076 1153 5116 ex
1183 5060 1443 5132 Epistola
1475 5059 1781 5125 Athanasii
1815 5061 1885 5117 ad
1916 5061 2338 5134 Eupsychium,
2370 5063 2526 5132 cujus
2556 5064 2630 5118 sit
2658 5063 2888 5118 initium
2917 5083 2937 5118 .-
2971 5085 2997 5113 «
3031 5064 3096 5118 In
3125 5062 3319 5133 quibus
3347 5078 3444 5118 nos
3473 5064 3674 5117 existi-

255 5153 444 5217 masti,
470 5171 500 5200 »
534 5149 636 5205 hoc
660 5151 1018 5220 fraquentum
1043 5149 1177 5204 citat
1209 5165 1222 5204 :

329 5275 650 5339 Ἀθανάσιος
686 5270 778 5345 μὲν
813 5269 866 5325 ἐν
917 5274 984 5345 τῇ
1035 5269 1402 5348 προλεχθείσῃ
1447 5274 1582 5349 πρὸς
1625 5272 1909 5349 Εὐψύχιον

2093 5274 2450 5332 Athanasius
2481 5275 2716 5346 quidem
2749 5275 2809 5331 in
2841 5276 3184 5347 supradicta
3212 5275 3478 5348 epistola,
3501 5275 3676 5346 cujus

250 5362 538 5436 ἐπιστολῇ,
571 5361 638 5430 ἧς
689 5363 724 5430 ἡ
772 5359 944 5435 ἀρχή·
980 5361 1094 5437 Ἐφ’
1146 5362 1225 5423 οῖς
1276 5363 1371 5434 μὶν
1403 5364 1593 5436 ᾠήθης
1623 5365 1793 5436 ἡμᾶς,
1823 5362 1907 5417 εὖ·
2019 5364 2252 5420 initium
2283 5364 2514 5432 est,'Eco’
2547 5360 2627 5426 o'ic
2661 5363 2755 5435 μὲν
2790 5361 2836 5435 ᾦ
2863 5365 3004 5433 ήθης
3039 5358 3670 5436 ἡμας,εὖλα6ἐττατε,ίη

253 5449 570 5521 λαϐἑστατε,
608 5451 724 5524 μεθ’
781 5447 935 5524 ἕτερά
979 5467 1132 5526 φησι·
1184 5452 1378 5514 Κοινὸς
1413 5453 1440 5506 6
1468 5457 1576 5507 τῶν
1617 5447 1905 5528 προϐάτων

2024 5459 2106 5509 ter
2127 5453 2241 5510 alia
2272 5454 2416 5508 dicit
2444 5471 2456 5508 :
2489 5453 2834 5509 Communis
2859 5456 3052 5509 ovium
3072 5455 3296 5510 fructus
3315 5453 3669 5521 est,h:uc,in-

250 5541 478 5618 καρπός·
536 5543 700 5596 τοῦτο
759 5534 816 5593 δὲ
866 5538 929 5592 τὸ
987 5543 1241 5594 νωτιαῖον
1301 5539 1478 5616 θέρος,
1540 5541 1601 5596 τὸ
1648 5535 1790 5618 ἔριον
1829 5540 1908 5604 εἷς

2024 5547 2388 5616 quam,tergo
2402 5541 2482 5598 ris
2496 5542 2884 5610 messis,haud
2902 5560 3028 5614 quae
3041 5543 3311 5599 omnibus
3325 5544 3394 5598 ad
3411 5560 3670 5598 commu-

326 5686 438 5758 (49)
466 5684 612 5758 Vide
638 5683 700 5738 in
729 5681 1214 5758 Monit._ad_orat.
1268 5691 1462 5742 contra
1511 5688 1712 5756 gentei,
1774 5686 1914 5758 quid

326 5686 438 5757 (49)
466 5685 612 5754 Vide
638 5685 700 5738 in
729 5685 919 5738 Monii.
953 5685 1024 5737 ad
1073 5691 1214 5740 orat.
1268 5691 1462 5742 contra
1511 5688 1712 5756 gentei,
1774 5686 1913 5758 quid

256 5757 337 5816 sit
361 5757 469 5815 hac
500 5755 572 5815 de
603 5773 663 5813 re
689 5753 1184 5812 sententiendum.
1446 5796 1449 5800 .

2099 5686 2210 5757 (46)
2243 5685 2388 5741 Vide
2418 5685 2475 5741 in
2509 5686 2718 5745 Monito
2741 5685 2813 5742 ad
2843 5686 3247 5759 Expositionee
3276 5687 3334 5742 in
3363 5686 3574 5744 Psalm.
