4002 6410
384 437 412 498 ι
423 438 539 499 24⁸7

927 439 995 500 S.
1042 439 1466 502 ATHANASII
1509 440 1682 503 OPP.
1727 441 1928 502 PARS
1973 440 2024 502 Ῑ.
2055 474 2133 486 -
2163 440 2582 504 HISTORICA
2625 445 2728 506 ET
2769 442 3252 507 DOGMATICA.

3633 444 3772 506 1248

386 587 518 626 nem
552 587 691 626 casu
716 575 1167 644 prostat,verum
1199 575 1510 643 postquam
1533 572 1942 644 tinctura,qute
1959 572 2031 628 de

2143 573 2326 641 κοινὴν
2360 579 2558 650 χρῆσιν
2603 579 2718 636 τοῖς
2747 575 2910 630 ἅπασι
2957 572 3333 648 προκείμενον.
3370 572 3525 631 Ἀλλ’
3563 573 3683 630 ὅταν
3711 578 3771 649 τῇ

388 659 534 714 mari
568 659 1060 732 accipitur,tincta
1091 660 1590 733 fuerit,purpurea
1609 661 1908 728 dicitur,et
1928 678 2027 734 ap-

385 747 696 820 pellatione
727 754 950 804 mutata
981 753 1037 804 et
1070 766 1200 817 usu,
1237 755 1474 822 propter
1512 750 1913 806 excellentiam
1942 768 2030 807 re-

384 837 557 910 gibus
588 838 998 892 tantummodo
1031 842 1384 908 Optatur.Ita
1415 839 1550 894 lana
1574 844 1748 905 est,et
1781 857 1894 894 non
1919 843 2028 894 est.

386 926 608 983 Natura
637 926 873 996 quidem
911 932 1109 982 manet
1140 926 1194 980 id
1221 927 1376 998 quod
1411 944 1442 981 a
1473 929 1761 999 principio
1781 928 2027 994 fuit,usu

386 1019 579 1070 autem
606 1031 719 1068 non
736 1014 992 1084 amplius
1010 1014 1288 1087 (vulgaris
1306 1015 1460 1071 enim
1483 1034 1625 1072 usus
1640 1016 2034 1088 fuit],propter

386 1102 764 1159 colorationis
779 1103 1242 1175 dignitatem.lta
1255 1121 1487 1176 quoque
1499 1123 1632 1161 caro
1657 1112 1868 1161 natura
1880 1122 2033 1160 com-

388 1192 551 1247 muni
587 1193 866 1263 [virlentnr
911 1193 1001 1248 hic
1047 1193 1393 1264 addendum]
1424 1195 1496 1250 de
1525 1201 1848 1266 assumpta,
1876 1199 2031 1266 post-

386 1296 561 1352 quam
590 1281 746 1335 enim
778 1277 859 1351 [τὸ
898 1281 1053 1335 enim
1089 1281 1352 1352 abundat]
1385 1283 1534 1336 facta
1555 1282 1726 1336 fuerit
1757 1281 1910 1352 regis
1942 1280 2034 1334 in-

385 1370 758 1432 dumentum,
791 1387 922 1423 cum
959 1369 1086 1442 ipso
1117 1386 1250 1441 rege
1282 1370 1544 1441 ejusdem
1592 1371 1656 1424 tit
1705 1370 2030 1442 dignitatis,

384 1474 718 1530 quanquam
755 1464 961 1512 natura
991 1475 1102 1513 non
1140 1459 1312 1513 fuerit
1340 1460 1494 1514 talis.
1527 1462 1715 1525 Quare
1744 1464 1897 1515 recte
1927 1459 2034 1514 Do-

389 1547 588 1602 minus
613 1546 812 1618 gloria!
842 1547 1494 1604 dicitur.Etsecundum
1519 1548 1670 1620 quod
1697 1549 1871 1603 homo
1897 1563 2036 1620 quo-

389 1651 504 1708 que
535 1635 663 1705 fuit,
695 1635 1050 1691 assertiones
1081 1640 1137 1690 et
1169 1637 1472 1707 passiones
1521 1643 1740 1691 naturas
1776 1652 1911 1691 eum
1939 1637 2032 1691 in-

389 1730 745 1790 vaserunt,et
775 1724 1150 1780 contumeliis
1173 1725 1417 1781 aliorum
1441 1725 1551 1780 fuit
1571 1725 2034 1790 obnoxius.Quo-

391 1830 526 1868 nam
559 1813 716 1868 enim
752 1814 924 1868 modo
959 1829 1057 1868 rex
1086 1817 1243 1869 veste
1275 1815 1478 1882 utitur,
1532 1815 1613 1869 sic
1644 1813 1769 1887 ipse
1803 1829 2035 1886 quoque

2141 660 2201 718 ἐκ
2245 670 2344 732 τῆς
2386 661 2658 736 θαλάττης
2703 663 3094 739 προσομιλήσῃ
3149 665 3318 742 βαφῇ,
3349 663 3601 742 προφύρα
3630 663 3774 741 λὲγε-

2139 773 2247 822 ται,
2281 752 2370 807 καὶ
2400 759 2501 822 τῆς
2533 754 2900 831 προσηγορίας
2945 749 3341 827 ἀμειϐομένης,
3390 754 3484 808 ναὶ
3522 760 3621 822 τῆς
3650 755 3775 829 χρή-

2142 862 2275 903 σεως
2327 843 2445 895 κατ’
2492 841 2756 918 ἐξαίρετον
2808 841 3083 915 βασιλεῦσι
3138 843 3323 914 μόνοις
3373 839 3656 918 ἁρμόττειν
3685 841 3775 897 λα-

2143 929 2374 1006 χούσης.
2405 930 2507 988 Καὶ
2556 927 2697 986 ἔστιν
2745 927 2882 1008 ἔρια,
2914 931 3005 986 καὶ
3055 932 3157 986 οὐκ
3188 930 3320 986 ἔστι·
3351 932 3450 999 τὴν
3504 931 3596 1004 μὶν
3629 930 3773 1010 φύσιν

2143 1017 2317 1073 ἐκεῖνο
2349 1018 2479 1094 ὅπερ
2507 1022 2769 1096 πρότερον
2805 1021 2894 1091 ἦν,
2926 1022 3024 1091 τὴν
3060 1017 3118 1075 δὲ
3163 1027 3362 1096 χρῆσιν
3404 1021 3607 1076 οὐκέτι.
3643 1018 3776 1075 Φεύ-

2141 1129 2221 1184 γει
2253 1110 2352 1185 γὰρ
2384 1110 2481 1177 τήν
2531 1111 2819 1180 κοινότητα
2866 1107 2956 1164 διὰ
3001 1111 3064 1164 τὸ
3091 1115 3192 1165 τοῦ
3231 1110 3522 1184 χρωμένου
3551 1107 3772 1181 ἀξίωμα·

2142 1198 2286 1252 οὕτω
2333 1203 2461 1273 γοῦν
2511 1201 2601 1254 καὶ
2631 1202 2666 1269 ἡ
2699 1198 2826 1274 σὰρξ
2855 1201 2954 1269 τῆς
2983 1206 3186 1268 κοινῆς
3240 1198 3510 1276 ληφθεῖσα
3554 1196 3775 1275 φύσεως,

2142 1284 2330 1355 ἐπειδὴ
2389 1288 2577 1363 γὲγονε
2647 1283 3005 1364 περιϐόλαιον
3086 1285 3394 1363 βασιλᾶως,
3452 1293 3551 1355 τῆς
3622 1283 3776 1354 αὐτῆς

2141 1376 2350 1446 ἠξιώθη
2380 1374 2541 1450 δόξης
2568 1383 2650 1450 τῷ
2678 1376 3034 1454 χρησαμένῳ,
3067 1377 3162 1431 κᾶν
3213 1377 3289 1449 μή
3337 1377 3436 1444 τὴν
3481 1375 3641 1444 φύσιν
3671 1374 3778 1450 ἐγέ-

2141 1487 2282 1522 νετο.
2332 1468 2493 1522 Ὥστε
2541 1465 2736 1542 Κύριος
2784 1463 2945 1537 δόξης
2993 1464 3207 1540 λέγεται
3260 1464 3481 1525 εἰκότως
3526 1465 3617 1518 καὶ
3655 1464 3780 1526 καθὸ

2143 1555 2448 1630 ἄνθρωπος’
2480 1561 2579 1626 τῆς
2643 1557 2739 1628 μὶν
2796 1556 2916 1618 καθ’
2973 1555 3132 1610 αὐτὸν
3185 1553 3394 1632 φύσεως
3430 1553 3784 1625 προσιεμένης

2140 1645 2204 1699 τὸ
2259 1643 2450 1712 πάθος,
2507 1651 2608 1713 τῆς
2664 1641 2721 1700 δὲ
2780 1638 2988 1720 ὕϐρεως
3045 1636 3430 1713 διαϐαινοόσης
3487 1639 3570 1695 ἐπ’
3629 1639 3781 1696 αὐτὸν

2140 1734 2231 1788 τὸν
2267 1732 2447 1810 ὥσπερ
2489 1730 2674 1803 ἐσθῆτι
2724 1733 3070 1808 χρησάμενον
3120 1734 3188 1806 τῇ
3235 1731 3412 1806 σαρκί.
3453 1732 3654 1804 Ὥσπερ
3685 1728 3782 1804 γὰρ

2144 1821 2172 1875 ὁ
2201 1823 2302 1891 τήν
2332 1818 2635 1897 ἁλουργίδα
2677 1819 2994 1899 διαρρήξας,
3027 1821 3100 1883 ὡς
3149 1815 3492 1891 ἐπιϐεϐηκὼς
3537 1818 3684 1890 αὖτῷ
3709 1823 3783 1890 τῷ

388 1918 452 1958 se
477 1918 650 1957 carne
680 1900 1109 1957 eireumcinxit.
1142 1903 1647 1967 Quemadmodum
1700 1907 1898 1958 autem
1930 1901 2031 1974 qui

389 1991 544 2014 __..1_
579 2007 895 2014 _.-__-__-_.
936 2007 1216 2014 ---ρ-μ-..-
1275 1991 1392 2014 _-_2
1428 2009 1654 2014 _.___.__
1717 1993 1810 2014 J-A
1871 1990 2032 2014 ---Α-Ξ

2147 1909 2364 1986 βασιλεῖ
2390 1911 2490 1979 τήν
2523 1909 2794 1986 τιμωρίαν
2830 1909 3042 1986 ὑπιχειο
3076 1907 3165 1964 καί
3211 1929 3298 1963 τοι
3341 1929 3403 1985 γε
3435 1903 3589 1962 οὖδὶν
3619 1904 3782 1962 δεινὸν

389 1991 546 2063 regis
579 2007 898 2063 purpuram
936 2007 1240 2062 rumpens,
1275 1991 1393 2064 regi
1428 2009 1658 2064 pcenam
1711 1993 1832 2058 dat,
1865 1991 2035 2064 quasi

391 2078 703 2135 insidiator
732 2085 834 2134 aut
864 2078 1207 2143 malevolus,
1237 2097 1574 2151 quanquam
1605 2080 1732 2153 ipse
1765 2097 1860 2136 rex
1891 2079 2035 2135 nihil

393 2169 570 2224 fuerit
600 2184 829 2240 passus,
864 2185 1135 2241 purpuris
1168 2175 1363 2224 autem
1398 2169 1594 2242 passio
1623 2170 1693 2225 ad
1726 2169 1923 2241 ipsum
1954 2185 2039 2224 re-

393 2257 576 2314 fertur
608 2275 620 2313 :
655 2258 735 2312 ita
765 2274 997 2329 quoque
1029 2258 1224 2312 carnis
1271 2259 1485 2329 passio,
1534 2257 1722 2313 Verbo
1764 2257 1862 2313 Dei
1915 2273 2037 2313 ma-

391 2350 564 2402 nente
592 2345 968 2418 impassibili,
999 2348 1057 2401 in
1088 2347 1283 2419 ipsum
1335 2351 1571 2419 pr0pter
1619 2345 2036 2402 contumeliam

395 2436 748 2491 descendere
777 2435 1086 2490 dicitur.Et
1114 2436 1185 2491 ob
1207 2436 1263 2490 id
1297 2435 1514 2491 Paulus
1547 2435 1857 2491 Dominum
1882 2434 2040 2490 Chri-

393 2529 572 2590 stum,
605 2529 897 2596 quatenus
928 2524 1124 2594 homo,
1159 2524 1368 2579 Filium
1404 2525 1504 2580 Dei
1537 2526 1734 2580 tradit.
1787 2524 1856 2580 Et
1901 2529 2038 2580 ante

395 2613 551 2669 hunc
581 2612 811 2669 Gabriel
837 2614 1195 2686 paradoxum
1230 2613 1360 2668 novi
1392 2618 1597 2685 partus
1637 2613 1829 2669 Marias
1859 2628 2037 2669 evan-

394 2701 652 2774 gelizans
689 2718 701 2755 :
735 2703 860 2773 Ave,
893 2701 1105 2772 inquit,
1138 2704 1331 2772 gratia
1356 2703 1544 2772 plena,
1573 2703 1837 2758 Dominus
1862 2706 2040 2758 tecum

390 2794 615 2846 Eccetu
645 2808 700 2845 ιη
723 2799 876 2846 utero
922 2791 1150 2853 habetis.
1198 2800 1252 2846 et
1295 2792 1480 2862 paries
1527 2791 1730 2862 ﬁlium,
1786 2800 1838 2847 et
1882 2806 2037 2846 voca-

391 2880 525 2935 bunt
551 2896 671 2936 eum
701 2881 902 2936 Jesum.
938 2881 1035 2934 Hic
1063 2891 1172 2935 erit
1204 2897 1458 2951 magnus,
1481 2885 1533 2936 et
1564 2881 1738 2935 Filius
1769 2881 2041 2935 Altissimi

386 2970 672 3026 vocabitur
702 2970 763 3022 η.
797 2971 984 3036 Quare
1013 2969 1187 3024 Jesus
1238 2967 1416 3024 Filius
1467 2969 1567 3025 Dei
1617 2974 1875 3032 vocatur.
1921 2984 2034 3023 non

385 3059 538 3130 quod
571 3075 704 3114 caro
735 3057 887 3113 eitin
920 3057 1178 3113 divinam
1203 3063 1469 3114 naturam
1491 3059 1844 3123 mutata,eed
1868 3074 2037 3129 prop-

387 3153 477 3203 ter
509 3147 832 3202 unitionem
865 3147 935 3202 ad
981 3151 1160 3202 Deum
1213 3148 1460 3203 Verbum
1507 3147 1914 3219 cognominem
1945 3145 2037 3201 di-

392 3235 679 3310 gnitatem
706 3235 950 3308 accepit.

2146 1999 2304 2062 αὖτὸς
2334 1999 2595 2065 πέπονθεν
2624 2001 2652 2054 ὁ
2689 1998 2966 2075 βασιλεὺς,
3013 2001 3111 2068 τῆς
3161 1995 3218 2054 δὲ
3260 1995 3545 2074 πορφύρας
3587 1996 3651 2052 τὸ
3687 1996 3784 2051 πά-

2146 2090 2239 2152 θος
2273 2088 2356 2145 ἐπ’
2404 2089 2564 2145 αὐτὸν
2613 2090 2920 2160 ἀνήνεκται·
2955 2088 3096 2144 οὕτω
3123 2088 3213 2143 καὶ
3243 2087 3305 2142 τὸ
3334 2089 3432 2156 τῆς
3462 2088 3659 2163 σαρκὸς
3686 2084 3784 2140 πά-

2146 2180 2241 2240 θος
2285 2179 2377 2252 μὲν
2411 2177 2464 2233 ἐν
2512 2182 2581 2253 τῇ
2632 2178 2861 2251 ἀπαθείᾳ
2887 2179 2986 2234 τοῦ
3026 2175 3196 2252 λόγου
3228 2174 3317 2232 διὰ
3343 2181 3442 2247 τῆς
3471 2170 3679 2246 ὕϐρεως
3709 2174 3786 2230 ἐπ’

2145 2269 2307 2324 αὐτὸν
2339 2266 2662 2339 ιληλυθὲναι
2709 2267 2942 2344 λέγεται.
2990 2264 3089 2322 Καὶ
3129 2261 3221 2321 διά
3262 2269 3425 2321 τοῦτο
3457 2263 3674 2326 Παῦλος
3698 2264 3784 2319 τὸν

2147 2356 2420 2426 Δεσπότην
2464 2356 2718 2432 Χριστὸν,
2766 2356 2900 2420 καθὸ
2953 2356 3234 2432 ἄνθρωπον
3284 2353 3408 2409 Υἱὸν
3459 2357 3594 2409 Θεοῦ
3620 2373 3785 2429 παρα-

2147 2444 2358 2518 δίδωσι,
2385 2447 2474 2502 καὶ
2532 2443 2639 2520 πρό
2694 2443 2890 2501 τούτου
2948 2439 3195 2521 Γαϐριὴλ
3245 2445 3274 2499 ὁ
3321 2439 3670 2521 ἀρχάγγελος
3698 2442 3785 2498 τὸν

2146 2533 2449 2610 παράδοξον
2497 2536 2655 2589 τόκον
2703 2531 3182 2609 εόαγγελιζόμενος
3231 2535 3295 2607 τῇ
3350 2531 3556 2607 Μαρίᾳ,
3604 2533 3784 2606 Χαῖρε,

2147 2625 2302 2702 φησὶ,
2361 2622 2861 2700 κεχαριτωμένηὸ
2919 2622 3116 2698 Κύριος
3173 2621 3307 2695 μετά
3354 2625 3472 2676 σοῦ.
3531 2617 3672 2676 Ἰδοὺ
3728 2619 3786 2673 σὺ

2147 2713 2200 2769 ἒν
2254 2713 2445 2790 γαστρὶ
2499 2709 2634 2784 ἔξεις
2669 2755 2683 2782 ,
2736 2713 2824 2767 καὶ
2898 2710 3021 2785 τέξῃ
3095 2713 3210 2766 υἱὸν
3247 2757 3262 2783 ,
3317 2711 3407 2766 καὶ
3476 2707 3788 2764 καλέσουσιν

2143 2804 2305 2859 αὐτὸν
2364 2805 2596 2873 Ἰησοῦν
2655 2802 2812 2863 οὗτος
2874 2795 3021 2856 ἔσται
3084 2801 3276 2876 μέγας,
3326 2799 3414 2855 καὶ
3471 2800 3596 2859 Υἱὸς
3653 2798 3792 2872 Ὑψί-

2145 2913 2274 2948 στου
2306 2890 2663 2962 κληθήσεται.
2707 2894 2868 2946 Ὥστε
2913 2889 3157 2946 καλεῖται
3207 2889 3331 2951 Υἱὸς
3380 2893 3516 2944 Θεοῦ
3557 2889 3789 2959 Ἰησοῦς,

2148 2983 2246 3036 οὐκ
2277 2979 2353 3042 εἲς
2386 2982 2528 3034 θείαν
2562 2979 2718 3056 φύσιν
2765 2987 2865 3048 τῆς
2913 2977 3110 3054 ςαρκός
3159 2972 3617 3051 μεταϐληθείσης,
3650 2973 3795 3030 ἀλλά

2145 3074 2212 3144 τῇ
2244 3068 2379 3146 πρὸς
2410 3070 2499 3124 τὸν
2527 3069 2656 3125 Θεὸν
2704 3063 2888 3142 Μόγον
2917 3068 3105 3123 ἒνώσει
3159 3069 3259 3137 τὴν
3305 3067 3599 3139 ὁμώνυμον
3647 3063 3790 3138 ἀξίαν

2147 3153 2391 3229 λαϐούση
2401 3181 2444 3223 ς.

459 3395 585 3451 Haec
618 3395 696 3449 ibi
717 3394 971 3466 synodus,
1007 3395 1103 3450 ubi
1139 3399 1190 3450 et
1219 3397 1591 3468 Eupsychium
1629 3395 2010 3467 presbyterum
2055 3394 2326 3450 Caesarea
2368 3393 2542 3463 fuisse
2587 3391 2747 3448 dicit.
2798 3392 2872 3448 Ac
2920 3391 3181 3446 meminit
3209 3391 3324 3461 ipse
3368 3389 3707 3444 Athanasius
3739 3391 3794 3444 in

384 3482 639 3555 Epistola
669 3485 739 3538 ad
775 3483 1100 3539 Palladium
1132 3487 1378 3554 epistolae
1405 3485 1694 3556 cujusdam
1723 3501 1838 3539 sua:
1867 3485 1938 3538 ad
1969 3484 2257 3539 monachos
2287 3482 2648 3538 Cesarienses
2679 3499 2698 3536 :
2726 3479 2790 3536 de
2815 3496 3046 3552 quorum
3091 3495 3324 3533 numeio
3370 3495 3445 3532 an
3473 3486 3526 3534 et
3575 3478 3662 3533 hic
3691 3479 3794 3532 Eu-

382 3573 642 3644 psychius
669 3575 862 3643 fuerit,
896 3576 1018 3644 quis
1047 3575 1213 3644 facile
1236 3575 1445 3630 dixerit
1466 3577 1492 3628 ἵ
1520 3575 1641 3629 Nisi
1676 3575 1824 3644 forte
1849 3575 2016 3628 matis
2053 3571 2434 3644 Eupsychium
2477 3571 2624 3625 hunc
2670 3570 2813 3625 male
2842 3569 2954 3624 dici
2993 3571 3400 3640 presbyterum,
3447 3568 3619 3638 fuisse
3664 3583 3798 3621 sero

383 3663 695 3734 episcopum
713 3663 1122 3718 Caesariensem.
1155 3665 1298 3719 Nam
1318 3666 1379 3719 in
1409 3669 1554 3719 orat.
1591 3665 1613 3718 1
1645 3668 1846 3718 contra
1879 3662 2143 3732 Arianae,
2172 3661 2426 3716 meminit
2475 3658 2784 3731 Eupsychii
2832 3658 3193 3730 Cappadociae
3237 3658 3496 3728 episcopi,
3542 3656 3641 3728 qui
3671 3672 3800 3711 con-

387 3758 471 3807 tra
501 3752 732 3808 Arianos
761 3755 1064 3823 scripserit.

458 3847 638 3897 Porro
669 3843 1032 3898 Theodoretus
1061 3858 1288 3913 quoque,
1322 3845 1378 3898 in
1415 3842 1629 3912 Dialog.
1659 3841 1738 3913 τῷ
1772 3839 2084 3916 ἀσυγχύτῳ,
2115 3842 2450 3896 mentionem
2467 3839 2606 3910 facit
2634 3837 2880 3909 epistola
2908 3836 2982 3892 ad
3014 3836 3415 3907 Eupsychium,
3443 3836 3606 3902 cuius
3634 3836 3804 3890 etiam

386 3933 596 3986 mentio
626 3935 702 3986 est
731 3937 836 3986 act.
867 3933 971 3986 utt.
1003 3933 1202 4002 synodi
1229 3934 1711 4002 Chalcedonensis,
1751 3944 1808 3986 at
1837 3948 1947 3987 non
1979 3930 2306 3997 Athanasio,
2329 3929 2418 3984 sed
2448 3929 2628 3984 Attico
2659 3926 3398 3997 Cmtantinopotitano,qui
3427 3926 3805 3997 Chrysostomo

385 4019 644 4092 suﬂectus
672 4029 770 4084 est.
802 4023 1094 4076 tribuitur.

459 4107 704 4164 Getasius
734 4125 945 4181 quoque
975 4111 1276 4177 Romanus,
1311 4113 1374 4166 in
1402 4112 1731 4182 fragmentis
1763 4109 2038 4166 librorum
2068 4125 2099 4164 ν
2129 4109 2210 4165 De
2242 4108 2475 4163 duabus
2506 4107 2564 4161 in
2596 4105 2830 4161 Christo
2863 4105 3090 4160 naturis
3116 4108 3318 4160 contra
3347 4103 3721 4159 Nestrorium
3753 4107 3809 4157 et

390 4196 730 4267 Eutychem,
766 4202 912 4255 inter
939 4201 1063 4257 alia
1116 4203 1234 4257 haec
1279 4216 1348 4255 ex
1397 4200 1691 4255 Athanasio
1741 4198 1923 4272 ofert,
1956 4213 2097 4271 qua,
2129 4200 2259 4270 quia
2287 4199 2548 4253 hactenus
2579 4200 2640 4254 in
2665 4200 2867 4254 nostris
2892 4195 3147 4268 operibus
3173 4193 3423 4248 invenire
3460 4207 3571 4247 non
3614 4193 3809 4262 potui-

386 4301 508 4340 mus
540 4284 742 4359 (ῥητῶς
776 4289 1025 4360 inquam,
1057 4291 1193 4361 quia
1217 4290 1428 4345 simitia
1453 4290 1698 4360 plurima
1723 4292 1892 4355 sunt).
1926 4287 2044 4343 ideo
2075 4287 2164 4342 his
2192 4286 2396 4342 addere
2422 4287 2722 4343 voluimus.

463 4375 784 4445 Athanasii,
820 4379 1017 4448 inquit,
1042 4379 1301 4452 episcOpi
1334 4377 1709 4434 Alexandrini
1741 4377 1799 4432 in
1832 4376 2000 4432 libris
2033 4380 2236 4432 contra
2268 4376 2511 4432 Arianos
2545 4401 2559 4443 ς
2591 4375 2738 4442 Quia
2768 4375 2949 4446 igitur
2976 4371 3181 4444 aliqui,
3215 4369 3405 4443 magis
3436 4373 3636 4425 autem
3673 4369 3809 4441 plu-

389 4461 548 4526 rimi,
581 4462 681 4533 qui
709 4466 969 4520 nondum
1001 4465 1274 4538 discipuli
1307 4467 1542 4532 facti,ex
1571 4481 1681 4536 qua
1715 4464 2040 4538 petulantia
2071 4464 2141 4519 ad
2175 4464 2503 4520 docendum
2525 4461 3164 4532 venerunt,nesciente
3194 4475 3383 4530 neque
3412 4474 3546 4529 qua
3574 4457 3811 4521 dicunt,

387 4565 576 4620 neque
606 4551 677 4605 de
709 4553 929 4624 quibus
955 4554 1581 4620 amrmant,excacatis
1612 4554 1796 4611 oculis
1826 4554 2056 4624 mentis,
2074 4570 2187 4610 non
2219 4553 2503 4610 habentes
2528 4552 2888 4610 intellectum
2921 4551 3214 4606 videntem
3245 4545 3813 4615 Deum,sicutJacob

387 4655 576 4712 neque
606 4642 892 4696 mundum
930 4659 1027 4698 cor
1052 4645 1256 4699 videns
1291 4648 1490 4709 Deum,
1523 4660 1590 4698 ea
1619 4660 1746 4715 quae
1776 4648 2013 4716 propter
2042 4643 2341 4698 hominem
2373 4641 2688 4698 Salvatoris
2718 4641 3116 4712 nostri,quem
3148 4643 3388 4711 propter
3417 4651 3523 4692 nos
3553 4635 3814 4691 indutus

385 4734 496 4794 est,
528 4735 670 4786 sunt
699 4732 939 4802 scripta,
969 4737 1026 4788 et
1056 4749 1232 4805 Opera
1263 4732 1534 4797 humilia,
1566 4740 1622 4788 et
1652 4749 1937 4805 pauperes
1967 4730 2455 4796 voees,divinitati
2487 4731 2812 4787 tribuentes
2846 4729 3243 4799 Verbi,errant
3269 4731 3329 4782 et
3357 4741 3552 4782 errare
3581 4723 3818 4780 faciunt

388 4819 586 4874 minus
616 4819 819 4876 doctos
849 4826 906 4876 et
935 4822 1224 4891 infirmos,
1259 4828 1324 4877 ut
1351 4822 1652 4878 humiliter
1681 4823 1750 4879 de
1783 4821 2030 4878 Domino
2060 4820 2334 4892 aptant;
2365 4820 2776 4877 necessitatem
2807 4820 3091 4875 habemus
3120 4815 3590 4889 exponere.sicut
3617 4817 3657 4869 J
3663 4815 3817 4870 udas

386 4907 590 4963 scribit
622 4925 722 4979 per
752 4909 1094 4981 Epistolam,
1127 4928 1252 4982 qua:
1283 4917 1611 4983 congruant
1635 4911 1811 4966 verba
1838 4910 2125 4966 divinitati
2157 4911 2353 4976 Verbi,
2379 4914 2439 4965 et
2469 4926 2596 4983 qua:
2630 4910 2957 4966 secundum
3006 4907 3367 4964 Salutarem
3422 4903 3817 4976 intelligendo

384 4996 628 5052 homini.
662 4999 824 5054 Sicut
851 5000 1096 5055 enimio
1129 5000 1364 5056 sacculo
1397 5000 1557 5056 aurei
1585 5000 1754 5056 solidi
1787 5004 1844 5056 et
1871 5003 2183 5071 argentum
2217 5000 2478 5072 positum
2510 4999 2689 5056 unius
2720 4997 3095 5072 imperatoris
3137 4995 3455 5068 imaginem
3497 4998 3562 5050 et
3591 4993 3818 5050 inscri-

384 5087 643 5156 ptionem
680 5089 934 5146 nominis
965 5096 1211 5161 utraque
1243 5090 1586 5157 habent,sed
1621 5091 1779 5145 novit
1808 5088 2244 5145 nummularius
2273 5094 2473 5146 custos
2499 5103 2706 5146 eorum
2737 5089 2862 5146 auri
2895 5086 3300 5143 excellentiam
3334 5084 3489 5140 ultra
3517 5083 3813 5140 honorem

381 5173 678 5232 inferioris
702 5178 960 5249 argenti;
996 5179 1096 5245 ita,
1130 5178 1264 5233 licet
1294 5177 1351 5233 in
1384 5195 1502 5234 una
1532 5179 1827 5249 scriptura
1857 5179 1927 5232 de
1955 5177 2262 5232 divinitate
2299 5177 2443 5245 Filii,
2472 5184 2530 5233 et
2559 5179 2630 5234 de
2660 5192 2901 5249 corpore
2929 5192 3000 5232 ex
3028 5176 3211 5231 Maria
3238 5173 3394 5246 quod
3429 5176 3674 5246 propter
3705 5187 3813 5226 nos

383 5261 624 5319 indutus
653 5271 761 5333 est,
795 5268 874 5322 sit
904 5267 1216 5338 scriptum,
1249 5267 1485 5341 singula
1514 5273 1710 5322 tamen
1739 5282 1941 5321 eorum
1974 5266 2218 5336 scimus,
2251 5267 2403 5321 sicut
2433 5265 2706 5335 discipuli
2738 5265 3033 5338 sapientes
3092 5263 3272 5320 unius
3299 5267 3358 5318 et
3386 5277 3520 5318 vere
3543 5260 3811 5333 Magistri

382 5353 751 5426 Quaecunque
785 5355 964 5426 igitur
988 5356 1236 5412 humilia
1267 5357 1439 5412 verba
1468 5361 1526 5412 et
1555 5373 1730 5428 opera
1751 5359 1912 5421 sunt,
1945 5355 2002 5409 in
2035 5371 2250 5428 corpus
2281 5354 2410 5410 Filii
2438 5354 2699 5428 intelligo
2729 5356 2952 5428 scripta
2978 5372 2992 5424 ;
3021 5365 3390 5425 quascunque
3440 5350 3655 5406 litterae
3684 5347 3813 5422 glo-

384 5441 576 5508 riosas,
611 5441 666 5496 in
700 5441 866 5498 Verbi
895 5444 1286 5500 divinitatem.

457 5531 667 5588 1024
692 5533 819 5588 Tum
847 5535 1070 5606 subjicit
1091 5535 1422 5610 {Ejusdem
1455 5539 1659 5591 contra
1687 5534 1946 5591 eosdem.
1979 5533 2322 5589 Certissima
2352 5533 2548 5604 itaque
2579 5534 2729 5589 sciat
2755 5533 2948 5590 omnis
2978 5535 3192 5590 domus
3223 5529 3574 5604 lsrael,quia
3595 5531 3812 5587 Jesum

383 5623 441 5676 et
469 5619 767 5678 Christum
797 5639 933 5680 eum
964 5623 1120 5680 Deus
1151 5623 1306 5692 fecit,
1339 5623 1495 5680 hunc
1521 5624 1749 5693 Jesum,
1783 5639 1958 5696 quem
1991 5639 2093 5680 vos
2124 5622 2519 5679 oruciﬁxistis.
2553 5623 2625 5680 Et
2650 5623 2847 5696 ipsum
2879 5639 3016 5696 ergo
3049 5621 3390 5680 cruciﬁxum
3426 5619 3813 5677 Dominieum

459 5777 506 5815 "
529 5782 666 5837 Luc.
699 5797 741 5854 ι,
771 5783 861 5853 28,
892 5782 984 5842 35.
