4002 6360
253 448 412 510 1249
1552 447 1833 510 ΡΒΑΒΜ

2081 449 2347 513 νΑΗιΑ.
3497 453 3653 512 1250

246 581 570 647 hominem,
599 579 977 636 ostendentes
1007 581 1174 653 quasi
1206 597 1310 652 per
1337 581 1585 651 digitum
1617 581 1868 652 apostoli
1899 582 2172 638 dixerunt
2202 599 2216 638 :
2253 589 2416 640 Hunc
2442 586 2626 640 Iesum
2653 599 2812 654 quem
2841 599 2933 637 vos
2963 581 3334 652 cruciﬁxistis,
3377 583 3656 640 Christum

246 679 299 727 et
327 671 624 726 Dominum
654 685 778 725 eum
804 671 936 740 fecit
963 670 1102 726 Deus
1133 669 1543 726 “.Certissime
1574 670 1773 744 itaque
1809 672 2145 734 Deminious
2174 671 2350 728 homo
2365 676 2424 728 et
2443 671 2796 744 principium
2821 671 3015 742 inquit
3041 670 3656 746 viarum,principium

249 757 516 816 omnium
542 761 882 814 sanctorum
913 756 1014 830 qui
1044 757 1323 830 appellati
1353 762 1495 814 sunt
1524 757 1638 823 via,
1669 764 1729 814 et
1759 759 2048 816 Dominus
2075 765 2132 816 et
2161 760 2428 817 Christus
2457 764 2566 829 est,
2600 759 2700 832 qui
2731 759 2922 816 factus
2952 763 3040 815 est
3066 763 3123 814 et
3150 760 3483 817 cruciﬁxus.

324 847 394 902 Et
413 847 583 918 paulo
605 855 746 918 post,
779 845 925 902 idem
949 845 1195 904 Gelasius
1219 863 1238 902 :
1269 847 1574 903 Athanasii
1604 847 1864 919 episcopi
1893 847 2284 916 Alexandrini,
2313 849 2591 920 inquit,in
2623 847 2793 904 libris
2829 847 3100 903 Adversus
3125 850 3407 904 hereticos
3433 867 3453 904 :
3485 851 3654 916 Quis-

249 953 482 1010 ounque
509 936 690 1010 igitur
720 933 971 991 humilia
996 936 1173 992 verba
1201 939 1258 992 et
1286 952 1462 1007 opera
1486 940 1646 1004 sunt,
1680 937 1740 991 in
1772 953 2012 1008 corpore
2037 938 2178 994 Jesu
2205 937 2465 1010 intelligo
2497 938 2714 1009 scripta
2747 953 2761 992 :
2795 953 3159 1008 quascunque
3207 953 3340 992 vero
3387 938 3656 1010 gloriosa

247 1029 390 1082 sunt
417 1023 709 1092 litterm,in
740 1022 915 1080 Verbi
945 1023 1251 1080 divinitate
1277 1023 1660 1096 (47).Quando
1690 1024 1898 1080 esuriit
1927 1030 2059 1098 post
2079 1027 2398 1098 jejunium,
2431 1025 2692 1099 corporis
2723 1024 2916 1097 passio
2942 1030 3191 1082 estzoum
3224 1043 3355 1082 vero
3385 1043 3457 1084 ex
3487 1029 3656 1100 quin-

247 1131 362 1186 que
392 1113 645 1186 panibus
673 1112 934 1184 quinque
965 1111 1151 1169 millia
1178 1112 1462 1180 virorum,
1484 1116 1694 1185 prater
1722 1113 1998 1170 mulieres
2028 1119 2085 1171 et
2113 1115 2388 1180 infantes,
2419 1116 2688 1188 pasoit,et
2715 1115 3026 1172 duodecim
3055 1117 3266 1186 sportis
3298 1115 3655 1188 fragmento-

245 1220 377 1260 rum
411 1206 736 1268 remanent,
766 1217 913 1273 opus
944 1201 1117 1256 Verbi
1149 1200 1496 1256 divinitatis.
1529 1200 1677 1255 Cum
1707 1216 1840 1256 vero
1872 1217 2049 1274 super
2077 1201 2417 1258 oervicalem
2448 1202 2667 1257 dormit
2698 1202 2758 1256 in
2791 1218 2954 1267 nave,
2983 1218 3271 1273 corporeae
3301 1203 3518 1274 quietis
3566 1210 3660 1262 est

247 1309 398 1364 opus
423 1306 437 1348 :
461 1307 598 1348 cum
638 1290 949 1347 ambulans
979 1306 1160 1362 supra
1187 1289 1628 1360 mare,imperat
1652 1289 1929 1346 ﬂuetibus
1957 1295 2016 1346 et
2042 1291 2253 1357 ventis,
2277 1293 2524 1361 Quiesce,
2548 1291 2853 1347 obtumesce
2875 1291 2939 1358 η,
2973 1307 3107 1346 mox
3137 1291 3302 1346 audit
3329 1292 3402 1347 ab
3433 1292 3526 1348 his
3557 1294 3660 1365 qui

247 1381 308 1436 in
340 1379 473 1436 navi
507 1395 641 1434 cum
663 1380 798 1450 jure
821 1379 1080 1448 jurando
1107 1377 1359 1434 confessi
1389 1381 1723 1433 sunt:Vere
1754 1377 1855 1434 Dei
1885 1378 2043 1435 ﬁlius
2072 1379 2305 1435 es.Cum
2337 1385 2502 1435 stans
2533 1379 2602 1435 ad
2636 1378 2970 1451 epulcrum
3002 1379 3197 1434 Lazari
3233 1379 3492 1448 deflet,et
3520 1399 3662 1438 ven-

247 1475 418 1526 turus
449 1470 520 1525 ad
553 1469 890 1540 passionem
916 1467 1057 1525 dicit
1087 1486 1100 1524 :
1133 1468 1320 1524 Tristis
1345 1471 1427 1523 est
1457 1468 1650 1525 anima
1679 1484 1803 1526 mea
1832 1485 2000 1540 usque
2029 1469 2099 1526 ad
2127 1477 2354 1526 mortem
2389 1471 2452 1542 ¹’¹,
2482 1473 2540 1524 et
2571 1469 2840 1525 anxiatur
2873 1486 2886 1526 :
2920 1467 3192 1539 spiritum
3226 1469 3464 1540 quidem
3514 1471 3661 1527 divi-

249 1560 430 1615 nitate
462 1561 800 1630 promptum
831 1557 903 1612 ad
935 1573 1170 1614 omnem
1202 1556 1701 1629 dispensationem
1734 1557 1908 1614 dicit:
1932 1574 2165 1614 carnem
2191 1576 2324 1616 vero
2353 1557 2880 1615 inﬁrmam.Carnis
2907 1575 3042 1614 vero
3074 1557 3388 1615 infirmitas
3417 1564 3506 1615 est
3526 1577 3664 1617 eon-

249 1646 470 1703 tristari
502 1650 560 1702 et
590 1650 857 1702 meatum
889 1662 1038 1702 esse.
1071 1647 1311 1712 Quando
1340 1645 1683 1717 imperative
1713 1646 1855 1702 dicit
1884 1663 1898 1702 :
1934 1647 2162 1715 Lazare,
2192 1650 2321 1703 veni
2349 1648 2504 1721 foras
2537 1648 2600 1715 ¹⁸,
2627 1652 2684 1702 et
2709 1647 2962 1702 surrexit
2992 1647 3190 1702 vivens
3219 1652 3488 1704 mortuus
3518 1665 3663 1720 qua-

251 1734 584 1802 triduanus,
617 1735 773 1806 quod
806 1734 1026 1790 factum
1058 1751 1175 1791 non
1205 1737 1296 1791 est
1322 1749 1356 1789 a
1381 1732 1668 1806 principio
1696 1735 1922 1805 mundi,
1953 1735 2192 1808 signum
2221 1735 2545 1792 divinitatis
2573 1739 2685 1792 est.
2721 1736 2991 1790 Hactenus
3031 1733 3303 1792 Gelasius.

323 1824 690 1879 Damascenus
720 1839 947 1896 quoque,
980 1822 1078 1879 lib.
1114 1827 1188 1880 De
1218 1822 1452 1880 duabus
1480 1821 1541 1878 in
1570 1822 1804 1880 Christo
1834 1823 2257 1893 voluntatibus,
2287 1824 2417 1880 edit.
2453 1825 2650 1888 Basil..
2694 1840 2824 1896 pag.
2875 1823 2998 1892 484,
3054 1823 3203 1879 hunc
3249 1840 3320 1880 ex
3364 1824 3664 1883 Athanasio

252 1914 389 1970 citat
418 1913 600 1970 locum
625 1930 644 1967 :

324 2017 412 2074 Ἐν
436 2016 586 2093 ἀρχῇ
615 2016 718 2092 γὰρ
744 2013 956 2082 πλάσας
1002 2017 1030 2072 6
1074 2017 1202 2080 Θεὸς
1247 2016 1339 2072 τὸν
1389 2014 1699 2092 ἄνθρωπον,
1749 2015 1901 2072 ἐποί-

2089 2019 2228 2076 Cum
2259 2018 2416 2074 enim
2448 2018 2508 2073 in
2560 2017 2846 2090 principio
2896 2023 3048 2078 Deus
3095 2016 3418 2075 efﬁnxisset
3473 2018 3669 2076 homi-

254 2126 382 2177 ησεν
413 2105 574 2161 αὐτὸν
616 2103 773 2183 φύσιν
822 2105 1200 2182 ἀναμάρτητον
1239 2106 1331 2164 καὶ
1380 2105 1602 2177 θέλησιν
1655 2106 1834 2176 αὐτεξε

2093 2122 2308 2176 m,eum
2342 2123 2411 2162 ex
2439 2113 2651 2162 natura
2681 2123 2789 2162 sua
2818 2105 2898 2161 im
2907 2105 3257 2178 peccabilem
3277 2111 3336 2164 et
3351 2107 3669 2170 voluntatis

258 2211 394 2248 σιον⁶
446 2192 647 2266 καθὼς,
699 2196 900 2267 inquit,
951 2193 1112 2271 φησὶν
1161 2195 1190 2248 6
1220 2193 1366 2270 ἱερὸς
1421 2195 1733 2257 Ἀθανάσιος
1790 2196 1838 2267 (4

2091 2195 2256 2252 bitrio
2288 2196 2378 2252 sui
2411 2195 2601 2267 ipsius
2631 2195 2937 2250 dominum
2971 2195 3323 2263 reddiderat,
3371 2200 3435 2252 ut
3477 2197 3671 2269 inquit

2015 2289 2256 2341 sanctus
2283 2284 2661 2340 Athanasius.

1249 2415 1414 2483 Idem,
1448 2417 1507 2471 in
1537 2423 1676 2472 orat.
1709 2415 1774 2472 de
1802 2415 2070 2488 defunctis
2096 2415 2194 2471 sub
2222 2415 2407 2486 ﬁnem,
2439 2416 2520 2471 sic
2548 2417 2630 2470 ait
2659 2433 2678 2470 :

326 2532 454 2588 Εἶτα
484 2533 512 2586 6
543 2530 594 2586 ἐν
632 2531 736 2608 βίῳ
766 2531 856 2586 καὶ
906 2530 1056 2609 λόγῳ
1103 2526 1466 2608 περίϐλεπτος
1515 2534 1652 2606 (49),
1684 2531 1774 2587 καὶ
1802 2535 1903 2597 τῆς

2091 2538 2400 2606 Propterea
2427 2535 2781 2606 conspicuus
2813 2533 2915 2589 illa
2943 2535 3062 2590 vita
3090 2539 3147 2590 et
3194 2536 3482 2605 moribus,
3531 2535 3671 2593 soli-

251 2625 348 2675 τοῦ
378 2625 514 2676 Θεοῦ
566 2620 892 2691 Ἐκκλησίας
942 2619 1195 2693 θεμᾶλιος
1252 2621 1572 2685 Ἀθανάσιος
1614 2619 1742 2676 τάδε
1772 2643 1831 2699 φτ

2101 2639 2278 2696 mque
2295 2623 2561 2680 Ecclesia:
2581 2624 2682 2679 Dei
2702 2624 3152 2678 fundamentum
3170 2623 3674 2692 Athanasius,btec

249 2708 375 2786 περὶ
418 2713 526 2764 τῶν
581 2707 634 2764 ἐν
685 2710 871 2783 Κυρίῳ
925 2713 1126 2784 νεκρῶν
1201 2707 1388 2785 ὅτιπερ
1434 2707 1523 2765 διὰ
1567 2713 1728 2765 τοῦτο
1779 2730 1829 2765 τι

2092 2718 2170 2768 ter
2195 2717 2405 2769 caetera
2435 2714 2508 2768 de
2541 2712 2788 2768 mortuis
2826 2713 2885 2767 in
2933 2712 3181 2769 Domino
3231 2713 3672 2786 pronuntiabat,

250 2797 601 2871 σωζομένους
632 2798 660 2852 6
693 2798 822 2860 Θεὸς
874 2798 1218 2875 κεχάρισται,
1272 2798 1334 2852 τὸ
1370 2796 1536 2874 μέχρι
1583 2805 1685 2868 τῆς
1714 2819 1830 2854 κοιν

2096 2802 2232 2858 :irco
2269 2807 2446 2856 Deum
2479 2801 2573 2872 iis,
2599 2802 2697 2874 qui
2731 2801 2985 2858 salutem
3014 2807 3456 2873 consequuntur
3484 2802 3676 2860 iudul-

250 2887 615 2957 ἀναστάσεως,
663 2890 916 2963 ψυχικως
963 2884 1238 2958 ἀλλήλοις
1291 2892 1523 2942 συνεῖναι
1577 2889 1667 2943 καὶ
1717 2909 1830 2943 συνε

2094 2905 2189 2956 ιεθ,
2224 2906 2412 2960 usque
2442 2891 2584 2945 dum
2629 2890 2963 2946 communis
3009 2889 3275 2946 omnium
3327 2891 3674 2948 resurrectio

255 2976 593 3052 (ppulvsaeai,
627 2973 942 3052 ἀπεκδοχὴν
976 2971 1198 3052 ἔχοντες
1224 2979 1333 3032 τῶν
1364 2973 1682 3050 μελλόντων
1716 2977 1835 3033 αὐτ(

2095 2978 2334 3049 venerit,
2370 2983 2433 3034 ut
2471 2979 2625 3034 inter
2652 2995 2714 3035 se
2735 2995 2919 3034 unum
2943 2978 3001 3033 in
3025 2977 3220 3034 locum
3243 2979 3437 3034 anima
3465 2996 3674 3036 conve-

252 3063 701 3140 ἀποκληροῦσθαι
733 3063 890 3130 θείων
925 3061 1165 3140 δωρεῶν.

2093 3071 2238 3124 antes
2269 3066 2820 3140 oollzetentur,spem
2851 3066 3134 3122 habentes
3163 3068 3316 3138 quod
3341 3068 3673 3124 futurorum

2014 3156 2255 3212 tandem
2288 3156 2574 3212 bonorum
2608 3155 2983 3227 possessione
3011 3154 3247 3210 fruituri
3278 3155 3421 3213 sint.

645 3290 820 3359 Idem,
852 3291 916 3347 in
943 3289 1130 3346 eodem
1157 3304 1404 3346 sermone
1429 3290 1582 3346 circa
1607 3288 1868 3364 medium,
1900 3304 1970 3364 ex
1997 3290 2225 3364 Athana:

1710 3288 1868 3364 tium,
1900 3304 1970 3364 ex
1997 3290 2286 3364 Athanasii
2311 3285 2389 3349 εἷς
2415 3285 2543 3351 τοὺς
2571 3287 2908 3360 κοιμηθέντα
2936 3285 3290 3364 παναρμονίῳ

1523 3329 2412 3434 ξῗιῐῖοῐὲἱὶῖᾶἱῖφῖἳιὲἷῗὶἦεὲϊε

325 3479 446 3532 ’Ότι
471 3474 566 3532 κᾶν
597 3475 675 3540 εἷς
703 3477 898 3552 ἀστέρα
927 3478 956 3532 6
987 3477 1037 3533 ἐν
1090 3471 1334 3550 εὐσεϐείᾳ
1382 3477 1694 3540 τελειωθεὶς
1744 3498 1905 3533 κατα-

2102 3479 2243 3535 Licet
2269 3478 2338 3533 ad
2372 3482 2532 3534 astra
2561 3477 2662 3550 qui
2688 3494 2822 3532 cum
2854 3478 3068 3550 pietate
3099 3482 3546 3535 consummatus
3586 3493 3682 3544 est

256 3567 406 3640 τεθῇ,
443 3567 516 3639 μὴ
551 3565 848 3622 ἀπαναίνου
897 3561 1080 3622 ἔλαιον
1135 3566 1224 3620 καὶ
1271 3565 1495 3641 κηροὺς,
1544 3566 1772 3640 Χριστὸν
1820 3586 1836 3619 οι

2099 3569 2318 3640 positus
2352 3568 2546 3634 fuerit,
2578 3583 2649 3622 ne
2674 3567 2925 3638 deneges
2955 3566 3149 3622 oleum
3177 3571 3234 3622 et
3262 3583 3480 3638 cereos,
3513 3568 3679 3624 Chri-

257 3655 387 3710 Θεὸν
419 3653 895 3728 ἐπικαλεσάμενος,
944 3655 996 3710 ἐν
1037 3659 1114 3727 τῷ
1161 3655 1315 3732 τάφῳ
1364 3655 1660 3730 προσάψαι.
1722 3662 1837 3709 Δεκπ

2103 3674 2115 3710 ›
2147 3661 2261 3712 Deo
2293 3656 2576 3722 invocato,
2611 3655 2682 3710 ad
2715 3655 3052 3726 sepulcrum
3085 3657 3376 3712 accedere.
3430 3659 3683 3728 Accepta

257 3744 358 3820 γὰρ
415 3747 583 3800 ταῦτα
638 3748 720 3816 τῷ
775 3749 912 3816 Θεῷ,
943 3745 1034 3798 και
1093 3741 1312 3811 πολλὴν
1373 3741 1423 3816 ἐξ
1472 3741 1636 3798 αὐτοῦ
1684 3743 1837 3819 φέρον

2102 3745 2244 3817 .ippe
2296 3750 2408 3800 Deo
2445 3745 2649 3800 istbaec
2680 3748 2841 3814 sunt,
2879 3760 3275 3816 magnamque
3297 3746 3369 3801 ab
3400 3745 3504 3800 illo
3533 3745 3682 3800 refe-

259 3833 357 3902 τὴν
391 3831 683 3889 ἀντίδοσιν.
715 3834 785 3888 Τὸ
831 3833 932 3909 γὰρ
987 3827 1170 3887 ἔλαιον
1197 3832 1286 3887 καὶ
1319 3833 1347 3886 6
1377 3832 1546 3904 κηρὸς
1602 3831 1839 3886 ὁλοκαύτ

2104 3838 2168 3888 nt
2193 3833 2662 3888 retributionem.
2697 3832 2840 3890 Nam
2875 3833 3068 3887 oleum
3096 3837 3153 3887 et
3182 3849 3314 3888 cera
3363 3850 3467 3889 ceu
3521 3833 3682 3889 holo-

264 3943 367 3986 σις.
426 3923 488 3978 ἹΙ
549 3919 606 3976 δὲ
660 3942 722 3998 γε
778 3921 1108 3994 ἀναίμακτος
1165 3920 1321 3985 θυσία
1375 3920 1684 3993 ἐξιλασμός.
1743 3923 1804 3978 Ἦ

2104 3926 2303 3977 ustum
2354 3925 2512 3977 sunt.
2563 3921 2928 3977 Sacriﬁcium
2960 3921 3334 3976 incruentum
3368 3926 3454 3976 est
3489 3921 3684 3994 propi-

264 4012 405 4087 πρὸς
434 4009 563 4073 τοὺς
595 4011 831 4082 πένητας
881 4009 1096 4066 εὐποιία
1140 4011 1430 4086 προσθήκη
1480 4009 1657 4082 πάσης
1711 4009 1844 4086 ἆγαε]

2108 4010 2480 4082 .tio.Largitio
2512 4015 2708 4066 autem
2740 4011 3100 4082 pauperibus
3131 4010 3566 4080 facta,accessio
3597 4014 3688 4067 est

267 4097 609 4162 ἀντιδόσεως.

2033 4102 2227 4158 omnis
2258 4101 2495 4173 optimae
2525 4099 2956 4156 retributionis.

340 4248 533 4306 Fronto
564 4247 813 4315 Ducat“,
846 4246 1294 4316 Burdegalemis,
1325 4247 1387 4301 in
1411 4244 1767 4308 collectancil
1795 4263 2031 4318 quorum
2051 4248 2174 4318 jam
2201 4247 2573 4316 meminimus,
2604 4251 2760 4302 notat
2787 4245 2937 4315 apud
2964 4248 3029 4302 D.
3064 4246 3316 4302 Thomam
3351 4248 3697 4318 Aquinatem

267 4338 328 4392 in
355 4337 493 4394 libro
524 4341 728 4393 contra
753 4352 980 4392 errores
1012 4335 1347 4392 Graecorum
1377 4336 1713 4398 mentionem
1740 4337 1866 4407 ﬁeri
1891 4336 2064 4395 theca
2091 4351 2187 4390 seu
2215 4336 2516 4390 voluminis
2547 4335 2841 4390 Athanasii
2870 4337 2930 4389 in
2958 4336 3315 4392 Joannemlit
3339 4335 3494 4391 addit
3523 4336 3695 4392 idem:

267 4449 296 4478 «
331 4429 393 4483 In
425 4426 684 4498 Epitome
714 4425 1236 4482 Biblioth.Gesneri
1271 4425 1414 4482 liber
1441 4429 1519 4483 De
1551 4425 1666 4482 ﬁde
1694 4424 1981 4486 catholica
2010 4426 2221 4481 dicitur
2249 4431 2470 4480 exstare
2508 4425 2730 4480 Viennae
2758 4423 2904 4494 apud
2934 4425 3007 4479 La
3019 4425 3348 4480 immodice
3374 4425 3696 4482 Feta/cmon-

267 4531 392 4572 nus.
427 4517 620 4574 Verum
649 4517 760 4583 iam
792 4517 926 4572 bene
951 4515 1152 4576 multos
1181 4514 1474 4574 Athanasii
1501 4519 1579 4571 De
1609 4515 1726 4574 ﬁde
1751 4513 2039 4574 catholica
2069 4515 2284 4570 libellos
2311 4513 2607 4582 edidimus,
2640 4528 2870 4586 quorum
2909 4513 3137 4585 quidam
3189 4512 3424 4588 fortasse
3465 4517 3566 4570 iste
3614 4507 3698 4571 est

267 4622 306 4664 a
336 4606 613 4662 Frontone
643 4607 836 4667 0W0
863 4612 1226 4662 memoratus.

346 4749 389 4785 ¹⁵
421 4753 544 4804 Act.
576 4765 641 4818 ιι,
669 4750 759 4810 36.
839 4749 883 4786 ¹⁶
914 4749 1091 4806 Marc.
1125 4764 1202 4816 IV,
1234 4747 1322 4816 38,
1352 4746 1444 4804 39.
1521 4747 1563 4782 ¹⁷
1589 4747 1796 4804 Matth.
1827 4765 1926 4804 xxv

1125 4764 1202 4816 IV,
1234 4747 1322 4816 38,
1352 4746 1444 4804 39.
1521 4747 1563 4782 ¹⁷
1589 4747 1796 4804 Matth.
1827 4764 1978 4818 xxvr,
2011 4749 2100 4805 38.
2181 4747 2224 4784 ¹⁸
2253 4751 2467 4805 Joann.
2499 4763 2579 4816 xi,
2611 4746 2698 4802 43.

350 4910 466 4981 (47),
488 4907 590 4981 His
621 4907 840 4964 similia
869 4907 1247 4981 habenturin
1279 4909 1451 4981 Epist.
1483 4909 1562 4964 ad
1601 4909 1928 4981 Epictetum,
2039 4907 2129 4981 vis
2166 4912 2369 4981 tamen
2395 4905 2640 4981 totidem
2665 4904 2882 4981 verbis.

277 4989 330 5037 et
358 4975 622 5035 inlibris
646 4985 839 5036 contra
866 4975 1330 5052 Apollinariumf
1643 4975 1654 4981 ’
1916 4975 1923 4978 ’
2109 4980 2216 5051 (49)
2251 4985 2328 5035 De
2360 4979 2538 5050 hujus
2570 4977 2679 5032 loci
2729 4976 3020 5033 sententia
3066 4975 3194 5031 fuse
3244 4975 3300 5029 in
3353 4976 3694 5032 Prafatione

349 5053 465 5124 (48)
489 5053 555 5108 Et
586 5056 726 5112 sunt
758 5053 882 5108 loca
910 5051 1130 5109 similia
1172 5051 1338 5108 initio
1366 5055 1528 5110 Orat.
1558 5060 1752 5112 contra
1796 5068 1929 5123 gen-
2038 5052 2316 5123 generali.

281 5126 423 5192 tiles,
473 5139 604 5198 pag.
632 5124 688 5192 2,
719 5124 753 5178 3
782 5127 839 5180 et
865 5124 919 5192 4,
953 5127 1019 5180 ut
1047 5128 1104 5179 et
1135 5124 1207 5180 De
1236 5125 1511 5180 incarnat.
1547 5140 1681 5198 pag.
1716 5125 1805 5196 49,
1835 5125 1928 5193 50,
