4182 6640
1680 572 3601 615 m

192 575 1675 619 2m

1438 703 2360 811 PRZEFATIO.

261 958 352 1020 Ad
396 975 535 1018 eam
592 957 723 1035 jam
797 957 1166 1017 devenimus
1239 955 1531 1016 editionis
1603 961 1832 1015 nostrae
1907 959 2194 1032 partem,
2267 974 2393 1034 qua
2463 955 3100 1034 Hieronymianarum
3177 956 3604 1035 Scriptionum

183 1039 528 1120 absolvitur
569 1073 766 1133 genus
808 1055 990 1130 illud,
1038 1055 1208 1133 quod
1255 1059 1349 1114 est
1392 1054 1646 1132 quidem
1704 1071 1819 1131 pro
1892 1052 2272 1125 divinarum,
2348 1073 2506 1132 quas
2578 1059 2832 1126 tractat,
2906 1053 3284 1114 Litterarum
3355 1073 3607 1117 summa

190 1155 488 1234 dignitate
531 1153 773 1232 caeteris
818 1153 1219 1232 praestantius
1264 1152 1555 1212 omnibus
1591 1173 1603 1213 :
1654 1170 1767 1230 pro
1813 1151 2088 1212 auctoris
2131 1158 2342 1211 autem
2387 1151 2742 1212 incredibili
2815 1152 3168 1213 eruditione
3238 1152 3326 1213 ita
3397 1153 3604 1214 excel-

192 1254 279 1327 lit,
327 1258 396 1312 ut
439 1251 491 1312 si
534 1257 678 1331 post
719 1251 841 1311 hoc
886 1251 1081 1312 ferme
1123 1250 1472 1324 biennium,
1520 1269 1598 1309 ex
1641 1267 1768 1328 quo
1813 1247 1948 1326 ejus
2001 1267 2100 1308 me
2171 1255 2374 1309 totum
2447 1249 2671 1310 devovi
2733 1249 2963 1322 studio,
3036 1250 3248 1329 palam
3323 1250 3608 1330 proﬁteri

191 1350 355 1431 quod
401 1349 602 1410 sentio
644 1349 813 1420 licet,
862 1354 971 1409 aut
1017 1365 1113 1408 me
1159 1348 1431 1425 suscepti
1474 1347 1536 1406 in
1584 1347 1682 1406 his
1727 1346 2106 1408 exornandis
2149 1347 2630 1408 Commentariis
2689 1348 2928 1425 negotii
2996 1367 3177 1409 amor
3245 1349 3426 1423 fallit,
3497 1355 3608 1410 aut

188 1467 368 1510 nemo
415 1466 700 1527 unquam
746 1453 890 1526 post
958 1446 1244 1507 homines
1313 1451 1518 1516 natos,
1591 1463 1704 1505 nec
1777 1462 2098 1504 sacrarum
2170 1463 2403 1505 arcana
2470 1463 2679 1507 rerum
2741 1446 2928 1506 altius
2996 1446 3416 1526 investigavit,
3490 1466 3607 1510 nec

186 1546 590 1619 luculentius,
637 1565 714 1606 ex
757 1551 890 1606 tota
933 1544 1325 1623 antiquitatis
1373 1543 1699 1614 memoria,
1749 1549 1939 1621 atque
1983 1542 2159 1602 omni
2202 1542 2677 1622 disciplinarum
2741 1561 2970 1619 genere
3039 1545 3350 1622 exposuit.
3425 1545 3607 1616 Quod

185 1646 234 1706 si
326 1645 570 1706 Veteris
639 1642 1069 1713 Instrumenti,
1144 1661 1288 1720 quae
1362 1641 1667 1702 hactenus
1739 1640 2170 1719 superioribus
2269 1641 2453 1700 tomis
2519 1640 2949 1700 recensuimus
3017 1640 3604 1721 interpretamenta,

183 1748 425 1804 tantam
472 1742 607 1820 ejus
651 1741 990 1820 provinciae
1037 1740 1300 1818 gloriam
1347 1739 1825 1800 sustinuerunt:
1903 1758 2044 1816 quae
2091 1739 2248 1798 Novi
2317 1757 2483 1798 nunc
2556 1738 2945 1810 exhibemus,
3026 1739 3214 1798 nullis
3290 1759 3416 1801 non
3486 1760 3607 1801 nu-

184 1842 369 1902 meris
415 1840 726 1915 absoluta,
776 1846 1010 1919 praeter
1054 1858 1192 1898 eam
1239 1838 1516 1904 laudem,
1561 1838 1625 1896 id
1670 1838 1865 1896 ferme
1910 1836 2462 1914 etiam.peculiare
2511 1836 2767 1908 habent,
2847 1837 3016 1914 quod
3087 1841 3306 1916 paucis
3376 1858 3607 1899 unum-

183 1939 483 2018 quodque
529 1957 708 2016 opus.
758 1956 884 1997 non
925 1936 1058 2015 jam
1105 1936 1244 1995 dico
1291 1935 1631 2007 mensibus,
1679 1935 1786 1994 sed
1831 1935 2050 1993 diebus
2094 1934 2281 1994 fuerit
2325 1935 2708 2007 absolutum,
2761 1935 2990 2013 hicque
3052 1935 3298 2014 integer
3371 1943 3604 2012 tomus,

184 2038 234 2097 si
277 2037 765 2112 rationemvuna
806 2035 1003 2106 ineas,
1055 2034 1154 2093 vix
1198 2040 1495 2112 quatuor,
1543 2038 1652 2093 aut
1696 2033 1976 2111 quinque
2031 2032 2344 2092 mensium
2418 2033 2636 2092 labore
2710 2033 3084 2095 constiterit.
3158 2037 3431 2096 Tantum
3502 2036 3610 2097 ille

184 2135 620 2196 doctrinarum
668 2133 950 2193 scatebat
991 2133 1261 2204 animus,
1309 2137 1371 2192 et
1413 2135 1566 2212 ψυχῄ
1609 2136 1835 2214 ὑπερφᾳ

1960 2157 2050 2190 »σοι
2082 2134 2289 2210 λόγων.
2340 2130 2475 2200 Qua
2519 2130 2773 2209 quidem
2819 2130 2882 2189 in
2953 2149 3020 2190 re
3095 2131 3383 2193 miraculi
3455 2133 3611 2194 mihi

184 2233 386 2293 instar
433 2237 550 2303 est,
598 2231 851 2309 quando
897 2230 1029 2308 ipse
1074 2230 1151 2290 de
1196 2248 1261 2289 se
1306 2230 1538 2289 fatetur
1580 2229 1644 2289 in
1686 2227 1958 2306 Prologo
2032 2227 2290 2287 alterius
2360 2225 2505 2286 libri
2573 2226 2636 2286 in
2709 2227 3054 2305 Epistolam
3127 2229 3208 2288 ad
3277 2229 3608 2309 Ephesios,

187 2328 493 2390 interdum
528 2348 639 2410 per
707 2327 972 2407 singulos
1044 2327 1165 2387 dies
1234 2345 1416 2405 usque
1488 2326 1570 2387 ad
1635 2345 1944 2386 numerum
2015 2325 2174 2386 mille
2222 2343 2493 2384 versuum
2519 2327 2868 2404 pervenire:
2917 2344 3059 2386 cum
3104 2331 3284 2387 tanta
3330 2327 3613 2390 dictandi

186 2427 545 2500 alacritate,
593 2427 693 2487 cui
735 2427 838 2486 vix
909 2444 1093 2506 pares
1169 2425 1497 2486 scribendo
1568 2425 1803 2485 fuerint
1872 2441 2311 2495 amanuenses,
2344 2429 2585 2482 tantam
2655 2428 2716 2483 et
2799 2423 3172 2484 elocutionis
3255 2425 3611 2488 castitatem

187 2532 249 2587 et
292 2525 753 2588 sententiarum
798 2525 1046 2603 copiam
1092 2541 1271 2602 aeque
1315 2529 1504 2602 atque
1549 2523 1859 2583 delectum
1899 2523 2170 2601 jungere
2213 2523 2512 2601 potuisse.

268 2626 429 2697 Quae
475 2623 576 2684 hic
617 2624 832 2701 itaque
883 2629 1091 2683 tomus
1162 2622 1603 2700 complectitur
1675 2621 1877 2682 sancti
1943 2622 2147 2680 Patris
2212 2638 2430 2699 opera,
2495 2621 2607 2680 etsi
2671 2638 2798 2680 non
2871 2639 3114 2695 omnes,
3189 2621 3614 2684 nobilissimas

185 2729 406 2783 tamen
452 2722 610 2782 Novi
650 2719 1038 2781 Testamenti
1081 2726 1292 2799 partes
1335 2721 1731 2780 edisserunt:
1783 2719 2062 2781 Mattheei
2110 2719 2344 2779 scilicet
2398 2719 2860 2797 Evangelium;
2927 2725 3061 2779 tum
3133 2721 3366 2782 selecta
3435 2740 3614 2801 quee-

175 2821 327 2881 dam
374 2822 564 2880 Lucae
611 2819 842 2898 capita,
888 2819 1149 2896 triginta
1217 2837 1443 2878 novem
1517 2819 1804 2879 Homiliis
1871 2836 1950 2878 ex
2019 2818 2305 2895 Origeuis
2378 2819 2594 2878 Graeco
2665 2816 2880 2878 Latine
2952 2817 3261 2892 redditis;
3336 2826 3613 2898 quatuor

174 2919 461 2998 denique
504 2918 685 2978 Pauli
729 2917 1062 2997 Epistolas,
1113 2916 1194 2977 ad
1241 2917 1493 2978 Galatas
1537 2922 1600 2976 et
1642 2916 1968 2996 Ephesios,
2017 2916 2230 2975 Titum
2276 2920 2338 2974 et
2378 2915 2835 2976 Philemonem.
2869 2917 3072 2995 Atque
3117 2924 3187 2976 ut
3217 2917 3293 2977 de
3322 2917 3609 2995 singulis,

171 3036 322 3096 quae
372 3017 741 3096 praedocere
785 3015 1081 3076 lectorem
1129 3015 1326 3090 decet,
1377 3034 1716 3094 exponam,
1764 3020 1826 3075 et
1869 3014 2190 3093 praecipue
2236 3013 2598 3092 scriptionis
2662 3019 2951 3092 tempus:
2999 3016 3615 3077 Commentariorum

170 3115 238 3175 in
287 3115 694 3184 Matthseum,
743 3115 852 3193 qui
895 3132 972 3174 ex
1017 3114 1487 3192 Scripturarum
1533 3113 1752 3174 ordine
1796 3113 1985 3191 primi
2025 3118 2389 3184 occurrunt,
2446 3117 2719 3190 quatuor
2787 3112 2982 3174 libros
3045 3115 3108 3174 S.
3188 3116 3390 3188 Pater,
3469 3133 3614 3176 cum

172 3213 395 3273 subito
445 3231 521 3272 ex
568 3212 817 3275 Oriente
867 3217 1128 3272 Romam
1175 3213 1583 3290 navigaturus
1626 3211 2060 3271 Cremonensis
2104 3211 2408 3270 Eusebius
2453 3210 2616 3270 hanc
2661 3209 2779 3270 sibi
2837 3213 3015 3290 quasi
3085 3206 3404 3273 Sitarciam
3476 3214 3616 3275 dari

175 3312 500 3389 petiisset,
570 3311 674 3370 vix
745 3311 1104 3389 quindecim
1173 3311 1415 3370 dierum
1489 3312 1716 3389 spatio,
1790 3310 2158 3371 imminente
2214 3308 2349 3387 jam
2422 3309 2690 3382 Pascha,
2755 3311 3059 3388 profudit,
3126 3330 3269 3372 cum
3342 3312 3614 3373 atrium

170 3411 508 3470 mensium
581 3410 993 3486 aegrotatione
1059 3409 1317 3469 vixdum
1391 3409 1827 3469 convalescere
1895 3407 2220 3486 inciperet.
2295 3411 2386 3468 Ex
2472 3408 2568 3467 his
2653 3409 2802 3468 facti
2872 3410 3379 3484 circumstantiis,
3456 3430 3615 3490 quas

165 3507 465 3585 ipsemet
506 3507 571 3564 in
615 3505 842 3583 prioris
886 3505 1150 3583 prologo
1194 3506 1336 3564 libri
1381 3512 1612 3565 Auctor
1657 3512 1855 3581 notat,
1921 3506 2252 3566 manifesto
2325 3506 2470 3566 licet
2539 3507 2855 3584 colligere,
2933 3508 3013 3567 ad
3085 3527 3273 3585 quem
3347 3527 3611 3584 annum,

163 3606 300 3667 sive
353 3604 521 3666 anni
565 3603 972 3682 perexiguam
1018 3609 1259 3680 partem
1307 3603 1698 3663 elucubratio
1742 3605 1866 3663 ista
1911 3605 2240 3681 pertineat.
2306 3605 2396 3662 Ea
2463 3605 2698 3682 quippe
2769 3605 2958 3664 trium
3031 3606 3339 3665 mensium
3409 3625 3614 3684 aegro-

164 3706 357 3777 tatio,
415 3721 562 3782 quae
610 3701 725 3762 sub
771 3701 1278 3778 Quadragesimee
1321 3701 1543 3762 diebus
1594 3702 1771 3761 illum
1820 3708 2140 3781 utcunque
2207 3703 2517 3780 respirare
2588 3703 2892 3781 permisit,
2967 3703 3156 3782 plane
3228 3704 3449 3765 eadem
3521 3711 3616 3766 est

158 3809 370 3881 atque
421 3799 562 3877 illa,
611 3818 804 3877 quam
849 3798 912 3858 in
957 3798 1223 3878 epistola
1265 3799 1326 3858 in
1373 3805 1590 3859 nostra
1632 3799 1996 3860 recensione
2040 3802 2140 3871 71,
2207 3800 2288 3859 ad
2350 3799 2676 3860 Lucinium
2740 3806 2963 3861 notat:
3012 3802 3151 3880 Ego
3202 3801 3374 3882 longo
3426 3811 3615 3864 tentus

158 3897 577 3971 incommodo,
625 3899 728 3958 vix
772 3898 834 3957 in
877 3896 1076 3957 diebus
1110 3895 1592 3975 Quadragesimm
1649 3899 1944 3977 respirare
1973 3899 2155 3977 coepi:
2212 3904 2273 3958 et
2318 3898 2514 3958 multo
2559 3898 2939 3959 luculentius
3000 3900 3062 3959 in
3111 3901 3204 3972 73,
3273 3901 3356 3961 ad
3401 3902 3611 3962 Evan-

155 4001 451 4077 gelum:
504 3997 649 4058 Post
682 3995 920 4076 longam
951 3996 1412 4075 wgrotationem,
1450 3995 1554 4055 via:
1626 3996 1686 4055 in
1760 3994 2235 4074 Quadragesimaz
2305 3995 2506 4056 diebus
2575 3996 2742 4074 febri
2804 4016 3007 4058 carere
3069 3999 3286 4079 potuit,
3358 4009 3415 4060 et
3482 4019 3614 4060 cum

157 4098 357 4158 alteri
380 4115 484 4157 me
506 4095 675 4177 operi
695 4113 1132 4176 praepararem,
1190 4113 1411 4175 paucos
1481 4093 1621 4166 dies,
1695 4095 1802 4174 qui
1873 4104 2241 4174 supererant,
2320 4095 2381 4154 in
2451 4093 2729 4154 Matt/ian
2792 4097 3186 4175 Expositione
3254 4099 3604 4178 consumpsi.

157 4196 378 4257 Certis
459 4200 676 4255 autem
723 4193 1114 4272 argumentis
1185 4211 1262 4252 ex
1308 4192 1939 4272 Hieronymianarum
1989 4194 2261 4253 maxime
2323 4213 2531 4254 rerum
2605 4193 2762 4253 serie
2832 4195 3219 4254 ostendimus
3280 4195 3342 4255 in
3419 4196 3615 4257 Chro-

159 4294 507 4374 nologicis
580 4293 757 4352 Notis
830 4292 908 4352 ad
983 4310 1088 4352 eas
1160 4291 1483 4370 epistolas,
1556 4298 1680 4351 tres
1723 4291 1866 4352 illos
1913 4310 2154 4352 menses
2199 4293 2278 4352 ab
2323 4294 2470 4352 anni
2516 4292 2936 4353 trecentesimi
2979 4293 3370 4370 nonagesimi
3415 4294 3622 4352 octavi

159 4392 429 4470 primis,
489 4395 562 4448 ut
603 4390 693 4448 ita
735 4389 965 4462 dicam,
1013 4389 1327 4462 Kalendis,
1378 4390 1495 4449 nisi
1540 4390 1592 4449 si
1638 4391 1835 4449 mavis
1879 4409 1916 4449 a
1959 4391 2298 4468 superioris
2341 4391 2694 4462 Decembri,
2743 4410 2874 4451 esse
2920 4392 3355 4469 supputandos
3394 4408 3406 4464 ;
3441 4397 3510 4451 ut
3542 4391 3622 4450 sit

157 4492 330 4552 adeo
376 4487 535 4567 ejus
580 4486 730 4546 anni
774 4487 998 4547 Martio
1044 4487 1242 4548 mensi
1286 4487 1657 4547 ascribenda
1702 4487 2003 4566 temporis
2076 4488 2341 4565 epocha,
2413 4507 2550 4547 cum
2627 4495 2688 4548 et
2758 4499 3074 4549 recreatus
3131 4489 3463 4568 paulisper
3532 4494 3625 4549 est

155 4589 220 4650 S.
309 4592 524 4649 Pater
587 4585 666 4646 ab
743 4603 912 4662 aegra
972 4586 1356 4658 valetudine,
1417 4593 1478 4646 et
1521 4586 1753 4646 omissa
1797 4587 2004 4646 studia
2049 4586 2218 4646 hisce
2261 4587 2574 4646 dictandis
2616 4587 2680 4646 in
2730 4588 3094 4648 Bvlatthaeum
3139 4587 3622 4649 Commentariis

155 4687 372 4748 nimia
423 4683 746 4747 aviditate
788 4685 1098 4762 repetivit.
1147 4684 1414 4756 Pascha,
1461 4684 1632 4762 quod
1669 4683 1805 4762 jam
1870 4683 2198 4744 imminere
2262 4684 2378 4744 sibi
2439 4685 2619 4758 dixit,
2694 4704 2767 4745 eo
2841 4705 3005 4746 anno
3079 4685 3307 4765 Aprilis
3378 4686 3626 4748 decima

156 4792 404 4846 octava
458 4783 570 4843 die
614 4782 898 4861 contigit.
947 4783 1016 4843 Id
1062 4802 1252 4862 porro
1295 4783 1503 4861 ipsum
1553 4800 1630 4842 ex
1673 4782 1927 4843 Eusebii
1969 4783 2033 4842 in
2076 4783 2322 4843 Italiam
2369 4783 2643 4843 adventu
2689 4784 3080 4860 constituas;
3155 4803 3344 4863 quem
3408 4788 3623 4848 Romae

153 4885 364 4945 fuisse
414 4883 557 4944 hoc
600 4880 738 4960 ipso
783 4899 950 4942 anno
995 4881 1485 4960 post'medium,
1533 4885 1800 4942 testatur
1868 4882 2286 4960 Hieronymus
2357 4881 2623 4961 epistola
2693 4883 2758 4943 in
2829 4889 3044 4944 nostra
3101 4885 3460 4945 recensione
3525 4887 3622 4962 74,

155 4983 242 5042 ad
296 4981 652 5052 Ruﬁnum,
699 4998 826 5040 non
869 4979 1050 5039 illum
1095 4979 1582 5058 Aquileiensem,
1632 4980 1741 5039 sed
1787 4980 1895 5058 qui
1939 4982 2260 5040 Romanus
2305 4981 2631 5060 presbyter
2674 4981 2864 5059 vulgo
2909 4981 3132 5042 audit:
3182 4981 3310 5056 ubi,
3362 4981 3622 5056 Gaudeo,

149 5080 402 5158 inquit,
492 5096 686 5157 super
755 5077 1078 5138 testimonio
1151 5096 1295 5157 erga
1365 5099 1455 5138 me
1524 5079 1859 5139 sanctitatis
1930 5088 2064 5151 tuae,
2141 5088 2196 5138 et
2264 5098 2464 5139 amore
2532 5080 2727 5140 sancti
2785 5078 3130 5162 presbyteri
3190 5079 3486 5144 Eusebii:
3529 5100 3629 5142 nec

151 5179 379 5239 dubito
413 5177 579 5258 quin
627 5195 718 5236 me
767 5174 1001 5256 publice
1052 5176 1407 5257 pra’dicetis.
1485 5177 1605 5237 Sed
1689 5183 1751 5236 et
1818 5177 2060 5255 liquido
2137 5177 2529 5244 constabitex
2599 5179 2928 5257 ipsiusmet
2996 5179 3417 5258 Aquileiencis
3479 5199 3627 5260 pro-

70 5331 111 5348 ι
149 5279 339 5339 fectu
399 5260 720 5334 Romam:
769 5274 931 5335 libro
977 5275 1142 5334 enim
1191 5276 1376 5335 tertio
1421 5275 1745 5354 Apologize
1792 5282 2012 5336 contra
2055 5277 2345 5337 eumdem
2421 5295 2596 5337 num.
2660 5281 2758 5348 24,
2834 5284 2977 5356 post
3047 5297 3279 5338 annum
3355 5298 3430 5338 ex
3502 5293 3626 5354 quo

151 5375 456 5436 Rufinus
556 5370 759 5432 isthuc
843 5379 1237 5452 pervenerat,
1327 5373 1652 5433 advenisse
1737 5374 2043 5434 Eusebius
2127 5374 2463 5436 asseritur:
2553 5373 2955 5435 Paulinianus
3040 5385 3099 5436 et
3166 5375 3457 5436 Eusebius
3495 5383 3629 5452 post

69 5455 110 5564 ξ
150 5493 399 5534 annum
457 5478 676 5530 vestrae
716 5472 1113 5550 navigationis
1151 5471 1416 5552 profecti
1457 5482 1613 5531 sunt.
1661 5473 1781 5532 Sed
1828 5479 1888 5532 et
1932 5473 2170 5551 liquido
2216 5473 2528 5532 constabit
2571 5491 2645 5532 ex
2691 5473 3019 5552 ipsiusmet
3059 5470 3435 5552 Aquileinsis
3480 5491 3629 5551 pro-

65 5569 114 5668 ξ
154 5571 332 5632 fectu
386 5572 725 5630 Romam:
776 5569 934 5630 libro
979 5570 1146 5630 enim
1179 5570 1363 5630 tertio
1408 5569 1732 5649 Apologize
1797 5577 2018 5631 contra
2075 5571 2366 5631 eumdem
2438 5591 2613 5631 num.
2682 5574 2782 5644 24,
2862 5564 3296 5652 post'annum
3360 5587 3438 5629 ex
3505 5590 3632 5650 quo

157 5673 447 5731 Rufinus
534 5663 749 5724 isthuc
821 5673 1214 5745 pervenerat,
1290 5668 1614 5729 advenisse
1686 5669 1992 5730 Eusebius
2059 5670 2402 5730 asseritur:
2479 5670 2878 5731 Paulinianus
2967 5678 3023 5728 et
3117 5665 3412 5729 Eusebius
3506 5679 3638 5751 post

157 5726 438 5731 ————---——
821 5726 839 5745 ι
1561 5726 1604 5728 η
1686 5726 1986 5730 -σ-μνη-
2062 5726 2346 5730 mnum-
2392 5726 2401 5728 μ
2479 5726 2501 5730 -
2973 5726 2984 5728 ἡ
3506 5726 3633 5751 Γη-

65 5726 116 5848 ῗ
155 5787 393 5829 annum
483 5772 706 5825 vestrae
767 5767 1166 5845 navigationis
1230 5768 1494 5847 pro/ecti
1557 5777 1710 5828 sunt.
1788 5768 2085 5829 Ruﬁnum
2156 5788 2304 5829 vero
2342 5767 2478 5846 jam
2526 5788 2562 5829 a
2604 5769 2926 5848 superiore
2975 5784 3140 5827 anno
3185 5767 3302 5828 397
3347 5773 3490 5848 post
3534 5786 3636 5830 re-

65 5834 367 5930 sditum
423 5885 463 5926 e
515 5834 1053 5935 Paltestinafsub
1100 5834 1682 5928 Siricio'moratum
1742 5868 1958 5928 Romz-e
2030 5885 2186 5941 esse,
2250 5834 2406 5928 nihil
2479 5875 2572 5929 est
2632 5834 2920 5937 dubium,
2988 5870 3249 5945 totaque
3313 5834 3628 5946 gestorum

67 5967 301 6048 erus
353 5960 660 6028 historia
705 5962 1062 6041 persuadet,
1109 5965 1245 6025 Non
1291 5970 1385 6027 est
1427 5965 1584 6030 adeo
1628 5983 1740 6030 cur
1781 5965 2060 6045 aliquem
2103 5973 2356 6029 moveat
2399 5965 2575 6026 locus
2617 5964 2722 6024 ille
2757 5963 2821 6022 in
2867 5973 3060 6046 caput
3105 5984 3147 6028 ιι
3194 5964 3498 6040 blatilatei,
3528 5964 3639 6026 ubi

131 6140 185 6201 ε’,
476 6102 763 6160 ΡΑΤιιοι..
809 6097 1025 6166 XXVI.

1761 6100 1820 6201 f1
1849 6099 2294 6201 £33275
3317 6101 3346 6170 ί

135 6162 184 6209 ξς
943 6162 949 6166 '
1763 6162 1820 6201 ,ι
1849 6162 2042 6201 tw'-}t

103 6352 156 6428 ἐξ
