4182 6624
597 479 658 536 u
2079 474 2515 534 PREFATIO.
3923 482 3996 544 ιε

589 631 653 673 se
697 613 786 673 ait
830 614 893 673 S.
940 614 1392 673 PaterOseam
1438 610 1815 690 prophetam
1860 628 1935 670 ex
1982 608 2243 669 Hebraeo
2288 626 2478 688 nuper
2521 606 2807 679 edidisse,
2856 623 2999 665 cum
3044 611 3189 665 ante
3233 605 3430 668 ferme
3473 627 3583 671 sex
3603 628 3804 673 annos
3833 632 3991 694 Opus

587 709 747 771 illud
789 709 1148 771 absolutum
1186 710 1318 789 jam
1365 714 1607 769 constet
1648 699 1888 769 ratione
1934 706 2049 766 hac
2094 711 2327 775 nostra,
2378 723 2567 784 quam
2614 724 2689 764 ex
2751 703 3078 782 ipsiusmet
3139 705 3497 768 testimonio
3560 708 3623 768 in
3688 711 3985 793 Catalogo

587 808 840 868 inimus.
890 810 1027 869 Vox
1069 808 1233 868 enim
1280 812 1372 868 est
1413 808 1542 879 illa,
1589 827 1800 888 nuper.
1849 812 1977 865 tam
2028 806 2197 883 apud
2241 804 2713 881 Hieronymum,
2788 801 3069 880 aliosque
3138 802 3274 879 ejus
3346 806 3549 865 aetatis
3614 809 3983 888 Scriptores,

587 906 918 978 indeﬁniti,
970 906 1234 985 vagique
1277 905 1602 986 temporis,
1650 911 1720 965 ut
1760 910 1995 965 certum
2044 903 2301 981 aliquod
2346 920 2422 961 ex
2474 920 2547 961 ea
2608 900 2903 981 spatium,
2972 907 3453 981 respectumque
3523 904 3729 979 illum,
3802 927 3987 988 quem

591 1004 851 1067 Auctori
900 1005 963 1064 in
1036 1004 1365 1065 scribendo
1427 1004 1670 1076 habuit,
1747 1004 2080 1063 decernere
2141 1001 2399 1062 omnino
2461 1020 2586 1060 non
2650 999 2852 1059 liceat.
2924 997 3250 1076 Ambiguae
3318 1001 3454 1077 ejus
3519 1001 3991 1082 signiﬁcationis

590 1102 952 1183 exemplum
997 1122 1074 1163 ex
1117 1102 1418 1163 hiscemet
1439 1102 1499 1162 in
1532 1101 1899 1162 Matthmum
1948 1098 2448 1170 Commentariis,
2497 1097 2748 1158 lectoris
2820 1115 2968 1156 sane
3025 1096 3285 1174 dignum
3358 1098 3797 1165 observatione
3838 1124 3985 1185 pro-

590 1218 846 1279 ponam.
892 1200 987 1261 Ad
1031 1198 1254 1279 capitis
1296 1216 1386 1260 x11
1432 1198 1801 1258 versisulum
1846 1197 2158 1256 decimum
2207 1196 2482 1267 tertium,
2530 1212 2594 1254 se
2638 1194 2725 1254 ait
2786 1195 2849 1254 S.
2915 1196 3171 1267 Doctor,
3245 1197 3660 1276 Evangelium
3723 1204 3990 1266 Nazare-

589 1317 840 1360 norum.
886 1297 1092 1378 Nuper
1134 1290 1510 1359 in'Greecum
1552 1294 1622 1355 de
1662 1295 1916 1356 Hebraeo
1960 1314 2224 1354 sermone
2282 1291 2666 1355 transtulisse.
2738 1295 2818 1352 Ut
2887 1292 3218 1353 minimum
3290 1293 3389 1355 hic
3462 1302 3668 1376 putes,
3740 1305 3986 1363 sextum

499 1441 509 1453 .
588 1395 667 1456 ab
710 1395 831 1457 hoc
874 1386 1108 1456 annum
1162 1394 1476 1473 designari
1539 1412 1814 1465 necesse,
1882 1392 1996 1452 sit:
2070 1390 2381 1470 siquidem
2453 1409 2591 1450 eam
2665 1389 2867 1469 ipsam
2937 1390 3520 1469 interpretationem
3579 1414 3657 1456 ex
3728 1398 3995 1461 Hebraeo

588 1499 896 1555 memorat
939 1495 1000 1552 in
1058 1493 1332 1553 Virorum
1378 1491 1705 1552 Illustrium
1756 1491 2045 1569 Catalogo
2090 1508 2145 1563 c,
2192 1493 2252 1561 2,
2300 1507 2488 1569 quem
2534 1507 2699 1549 anno
2745 1489 3154 1566 nonagesimo
3199 1490 3473 1551 secundo
3518 1511 3711 1573 supra
3743 1501 3991 1558 trecen-

574 1576 898 1665 tesimum,
947 1590 1197 1650 nemine
1252 1589 1559 1649 difﬁtente
1631 1588 1982 1648 adornavit.
2057 1588 2288 1647 Verum
2359 1585 2534 1665 quid,
2604 1603 2746 1647 cum
2809 1585 2997 1645 etiam
3078 1583 3188 1646 illo
3249 1587 3545 1681 Catalogi.
3593 1591 3799 1671 capite
3868 1593 3993 1656 hoc

585 1688 797 1771 Nuper
839 1686 1139 1748 adverbio
1194 1691 1409 1747 utatur
1479 1686 1558 1746 ad
1630 1704 1758 1745 suae
1832 1692 2078 1764 tempus
2150 1683 2578 1743 translationis
2648 1683 3183 1762 significandum?
3258 1683 3680 1766 Evangelium,
3759 1690 3987 1771 inquit,

585 1785 745 1868 quod
785 1780 1124 1867 appellatur
1162 1783 1473 1844 secundum
1502 1781 1801 1856 Hebraeos,
1852 1802 1889 1843 a
1937 1803 2025 1843 me
2068 1802 2255 1863 nuper
2324 1783 2385 1841 in
2434 1781 2699 1845 Grascum
2767 1781 3166 1862 Latinumque
3230 1802 3549 1845 sermonem
3628 1782 3991 1852 translatum

586 1894 689 1946 est.
736 1883 1276 1956 Quemadmodum
1322 1901 1531 1962 supra,
1581 1881 1682 1942 hic
1726 1900 1976 1960 quoque
2020 1880 2070 1940 si
2140 1899 2338 1940 annos
2409 1879 2693 1941 denotari
2763 1880 2935 1952 velis,
3006 1881 3140 1957 jam
3210 1900 3333 1942 non
3406 1901 3515 1944 sex
3584 1903 3803 1962 annos,
3877 1888 3990 1951 sed

591 1981 921 2044 duodecim
964 1980 1160 2060 priori
1201 1979 1340 2041 loco
1383 1979 1795 2058 supputabis;
1846 1986 2035 2057 atque
2079 1978 2236 2039 adeo
2293 1996 2670 2057 quocunque
2732 1982 2793 2038 te
2864 1977 3051 2039 modo
3115 1982 3434 2058 torqueas,
3502 2001 3828 2064 nunquam
3918 2004 3995 2048 eo

590 2080 902 2153 devenies,
949 2084 1018 2139 ut
1060 2083 1293 2139 certam
1339 2077 1418 2138 ab
1463 2096 1536 2138 eo
1590 2082 1739 2138 nota
1812 2077 2109 2156 temporis
2179 2076 2335 2136 inire
2406 2076 2714 2136 rationem
2784 2075 3005 2154 possis.
3081 2076 3188 2137 His
3257 2077 3451 2156 igitur
3525 2083 3994 2160 praetermissis,

589 2197 729 2259 quae
773 2178 959 2257 plane
1001 2176 1315 2237 immerito
1359 2176 1437 2235 cl.
1485 2175 1957 2236 'l‘illemontium
2002 2193 2293 2236 movere:
2340 2192 2506 2233 nunc
2550 2172 2755 2233 obiter
2797 2178 3075 2251 praestat,
3133 2180 3454 2236 auctorem
3539 2177 3997 2243 Dissertationis

586 2276 657 2336 de
694 2274 1099 2353 fundamentis
1143 2272 1494 2335 Christiana:
1536 2272 1836 2352 religionis
1878 2272 2182 2344 refellere,
2232 2271 2341 2350 qui
2384 2271 2834 2348 Hieronymum
2892 2271 3233 2332 arbitratus
3316 2280 3408 2333 est
3490 2274 3554 2335 in
3641 2295 3715 2337 ea
3802 2278 4001 2341 fuisse

585 2371 918 2447 sententia,
967 2377 1037 2431 ut
1077 2371 1352 2445 doceret,
1396 2388 1475 2430 ex
1517 2369 1883 2449 apocrypho
1926 2370 2213 2430 Jeremize
2275 2370 2460 2441 libro,
2549 2387 2737 2446 quem
2821 2368 2914 2428 illi
2998 2371 3335 2431 Nazarenae
3419 2379 3603 2434 sectas
3689 2375 4000 2438 Hebraeus

585 2468 836 2543 obtulit,
883 2468 1163 2531 Matthzei
1207 2486 1343 2547 cap.
1392 2484 1566 2529 xxvu
1610 2486 1854 2527 versum
1903 2486 2137 2527 nonum
2185 2468 2261 2527 de
2305 2467 2564 2545 triginta
2630 2466 2966 2545 argenteis,
3031 2467 3201 2545 quod
3262 2469 3530 2547 pretium
3581 2472 3700 2532 fuit
3770 2492 4003 2553 appre-

585 2567 748 2641 tiati,
795 2565 1062 2628 laudari.
1108 2568 1322 2645 Neque
1365 2565 1530 2625 enim
1577 2584 1650 2625 ea
1695 2584 1867 2625 mens
1912 2565 2273 2645 Hieronymi
2318 2564 2453 2639 fuit,
2504 2563 2612 2643 qui
2656 2583 2719 2624 se
2763 2565 2955 2625 tradit
2998 2565 3223 2625 vidisse
3268 2567 3523 2645 quidem
3569 2588 3710 2631 eum
3758 2571 4002 2635 librum

584 2658 873 2728 Jeremia:
918 2664 1075 2725 falso
1120 2663 1484 2743 ascriptum,
1531 2663 1594 2722 in
1641 2682 1765 2741 quo
1808 2662 2000 2723 verba
2042 2682 2183 2741 quae
2256 2662 2593 2723 Matthaeus
2665 2662 2901 2735 laudat,
2978 2662 3056 2723 ad
3126 2662 3399 2726 litteram
3470 2666 4001 2745 inveniebantur;

589 2764 692 2824 sed
741 2763 819 2823 ad
867 2762 1002 2841 ejus
1044 2763 1414 2822 sententiam
1462 2760 1629 2840 quod
1677 2762 1923 2832 attinet,
1971 2766 2216 2820 tantum
2262 2760 2462 2833 abest,
2509 2765 2579 2820 ut
2620 2759 2699 2820 ab
2761 2758 2868 2819 illo
2951 2760 3189 2839 putarit
3269 2763 3651 2842 Apocrypho
3708 2775 4002 2846 accepta,

592 2869 660 2923 ut
704 2860 903 2939 magis
947 2879 985 2919 a
1027 2858 1340 2938 propheta
1380 2857 1684 2918 Zacharia
1728 2857 1972 2917 dcsumi
2017 2857 2377 2919 contendat.
2426 2857 2593 2937 Legi,
2640 2857 2867 2936 inquit,
2941 2877 3129 2937 nuper
3211 2858 3273 2917 in
3355 2859 3613 2939 quodam
3696 2862 4007 2927 Hebraico

591 2959 901 3031 volumine,
950 2956 1112 3038 quod
1149 2955 1480 3017 Nazarene?
1521 2966 1686 3015 secter
1728 2954 1883 3015 mihi
1917 2953 2198 3016 Hebraeus
2241 2954 2477 3029 obtulit,
2536 2955 2807 3015 Jeremia’
2888 2971 3308 3029 APOCRYPHUM,
3395 2957 3457 3016 in
3536 2978 3653 3039 quo
3736 2960 3856 3024 haec
3898 2964 4011 3045 (Et

591 3062 973 3136 acceperunt
1015 3053 1272 3132 triginta
1317 3059 1669 3131 argenteos,
1717 3052 2395 3162 pretiumnappretiati,
2443 3071 2630 3161 quem
2666 3051 3191 3162 .appr-etiaverunt
3234 3071 3271 3113 a
3324 3053 3468 3114 ﬁliis
3548 3056 3763 3131 Israel,
3850 3068 4015 3162 etc.)

591 3156 674 3217 ad
713 3152 955 3215 verbum
997 3152 1219 3232 scripta
1262 3151 1477 3231 reperi.
1526 3150 1650 3211 Sed
1690 3159 1882 3211 tamen
1924 3149 2076 3210 milii
2112 3150 2344 3211 videtur
2387 3150 2575 3228 magis
2637 3149 2707 3209 de
2790 3149 3101 3211 Zacharia
3183 3161 3480 3233 sumptum
3564 3149 4017 3237 testimoniumfL

591 3250 1113 3333 Evangelistarum
1158 3258 1211 3309 et
1250 3248 1668 3329 Apostolorum
1711 3268 1873 3309 more
1916 3246 2176 3327 vulgato,
2235 3248 2348 3328 qui
2422 3247 2734 3308 verborum
2803 3247 3011 3308 ordine
3088 3252 3504 3328 praatermisso,
3592 3272 3787 3316 sensus
3871 3268 4014 3323 (an-

596 3361 719 3413 tum
802 3348 874 3410 de
969 3347 1163 3409 Veteri
1246 3346 1608 3407 Testamento
1670 3346 1996 3427 proferunt
2038 3346 2096 3405 in
2139 3344 2489 3425 exemplum.
2538 3348 2631 3407 lta
2674 3345 2859 3425 plane
2903 3351 2965 3407 et
3007 3346 3307 3425 Origenes
3349 3349 3583 3413 sensit:
3634 3370 3749 3414 nec
3791 3356 4005 3422 ferme

593 3448 838 3521 dubito,
885 3444 1036 3526 quin
1081 3444 1161 3505 ab
1203 3443 1335 3517 illo,
1381 3450 1453 3505 ut
1496 3444 1796 3523 pleraque
1840 3443 1965 3504 alia
2009 3441 2197 3521 hujus
2240 3443 2710 3518 Commentarii,
2760 3448 2823 3506 S.
2870 3446 3058 3506 Pater
3116 3444 3432 3508 delibarit.
3499 3449 3807 3527 Equidem
3853 3472 4010 3519 cum

590 3547 773 3609 illum
818 3560 1428 3622 recognosceremus,
1504 3560 1627 3602 non
1699 3541 1907 3601 minus
1969 3541 2233 3602 multam
2304 3540 2369 3602 in
2442 3544 2834 3605 emendando
2906 3543 3318 3623 ornandoque
3381 3545 3750 3627 Hieronymi
3793 3555 4006 3633 textu,

594 3662 789 3725 quam
829 3642 891 3703 in
937 3639 1328 3719 Origenianis
1370 3639 1636 3712 laciniis,
1684 3658 1841 3717 quas
1882 3639 1987 3699 ille
2030 3638 2094 3699 in
2138 3659 2252 3700 sua
2295 3641 2638 3715 transtulit,
2684 3641 3181 3702 internoscendis
3224 3641 3726 3724 exhibendisque
3808 3650 4010 3716 indu-

594 3743 813 3805 striam
856 3739 1201 3820 posuimus.
3792 3730 3803 3737 -

675 3836 1130 3917 subjungimus
1172 3835 1252 3895 ad
1298 3833 1763 3912 Scripturarum
1810 3833 2032 3894 seriem
2078 3835 2379 3895 Homilias
2423 3834 2684 3913 triginta
2725 3853 2950 3896 novem
2994 3834 3059 3894 in
3102 3836 3359 3908 Lucam,
3406 3855 3564 3915 quas
3620 3840 3697 3902 de
3781 3847 4014 3913 Graeco

593 3938 833 3999 dudum
882 3932 1119 3995 laudati
1160 3930 1445 4010 Origenis
1486 3930 1551 3990 in
1594 3931 1885 3991 Latinum
1932 3932 2348 4012 Hieronymus
2402 3932 2758 4013 explicavit,
2847 3950 3085 4011 nosque
3172 3931 3307 4010 ejus
3390 3953 3651 4014 operum
3737 3941 4012 4008 absolu-

590 4036 846 4099 tissima:
877 4029 1244 4095 Collectioni
1288 4048 1455 4089 nunc
1498 4028 1771 4108 primum
1809 4029 2159 4109 junximus,
2206 4049 2282 4091 ex
2329 4030 2716 4091 Genebrardi
2758 4030 3029 4091 editione
3074 4030 3197 4092 huc
3261 4032 3508 4108 ascitas,
3576 4043 3636 4097 et
3717 4038 4015 4119 plurium

592 4154 742 4196 sane
784 4134 1068 4194 locorum
1112 4128 1566 4189 instauratione
1610 4127 2003 4190 illustriores.
2049 4130 2144 4189 Ad
2191 4131 2474 4190 Graecum
2518 4147 2733 4190 earum
2781 4127 3104 4208 exemplar
3164 4131 3333 4209 quod
3418 4134 3663 4209 attinet,
3743 4136 4018 4217 jamdiu

594 4233 744 4295 olim
787 4229 1020 4309 injuria
1062 4232 1417 4306 temporum
1464 4226 1872 4299 intercidisse,
1923 4227 2227 4288 creditum
2272 4232 2385 4299 est,
2436 4245 2578 4287 cum
2622 4245 2837 4287 recens
2879 4226 3036 4287 illud
3081 4235 3400 4306 repertum
3460 4250 3688 4312 magna
3769 4237 4014 4304 saltem

596 4348 673 4391 ex
719 4334 896 4408 parte
940 4344 976 4386 a
1018 4341 1259 4402 nupero
1304 4322 1822 4400 Urigenianorum
1868 4326 2140 4402 Operum
2188 4324 2427 4384 editore
2486 4324 2866 4385 inaudimus.
2954 4325 3241 4386 Humilia:
3326 4332 3536 4389 autem
3620 4331 3768 4408 illae,
3855 4355 4020 4416 qua

599 4436 655 4489 et
685 4425 885 4486 diebus
927 4422 1250 4483 Dominicis
1280 4420 1443 4481 dicta:
1488 4427 1943 4499 praenotantur,
1991 4427 2053 4482 et
2097 4422 2269 4482 lusus
2320 4421 2621 4501 juvenilis
2706 4422 2907 4483 aetatis
2989 4441 3027 4483 a
3109 4430 3321 4485 nostro
3406 4425 3720 4488 habentur
3800 4432 4026 4498 Inter-

598 4529 797 4605 prete,
844 4520 1094 4583 tametsi
1137 4519 1320 4579 unius
1377 4518 1757 4592 Adamantii,
1816 4538 1941 4580 non
2026 4518 2210 4580 unius
2292 4526 2503 4581 tamen
2572 4525 2717 4581 sunt
2799 4520 3209 4601 ejusdemque
3291 4523 3531 4584 feturae.
3618 4526 4027 4598 Posteriores

600 4628 828 4699 nempe
871 4637 1003 4692 sex,
1050 4635 1187 4696 quae
1232 4620 1503 4695 coeptam
1548 4619 1731 4676 Lucae
1775 4616 2227 4697 expositionem
2272 4638 2397 4679 non
2445 4619 2837 4694 continuant,
2882 4638 2997 4681 nec
3041 4620 3355 4698 prioribus
3432 4622 3692 4701 triginta
3775 4628 4024 4710 tribus,

602 4737 744 4801 quae
787 4722 1027 4778 rectum
1070 4715 1354 4775 ordinem
1386 4719 1617 4788 tenent,
1668 4720 1839 4776 recta
1882 4715 2247 4790 succedunt,
2294 4736 2370 4778 ex
2415 4717 2541 4778 alia
2583 4718 2997 4779 Homiliarum
3053 4724 3223 4780 strue
3286 4720 3579 4782 videntur
3659 4735 4023 4806 excerpta.

600 4818 691 4880 Cl.
738 4831 990 4896 quoque
1035 4812 1296 4872 Huetius
1339 4811 1538 4872 multo
1582 4812 1953 4891 ampliorem
1998 4812 2225 4873 harum
2269 4815 2576 4877 exstitisse
2619 4817 2973 4895 congeriem
3020 4835 3095 4878 ex
3137 4835 3214 4878 eo
3260 4818 3509 4896 probat,
3575 4821 3744 4900 quod
3828 4830 4027 4894 tomo

598 4915 758 4987 XIII,
807 4912 871 4973 in
911 4910 1217 4972 Joannem
1264 4913 1483 4969 auctor
1524 4909 1825 4984 declarat,
1869 4917 1935 4971 τὰ
1992 4918 2113 4991 περί
2171 4923 2248 4972 τῶ

2379 4920 2522 4975 ιατὸν
2581 4919 2863 4996 προϐάτων
2926 4920 3069 4997 ἔχειν
3132 4922 3206 4985 εἷς
3262 4923 3356 4984 τὰς
3423 4923 3560 4979 κατὰ
3614 4932 3817 4983 Λευκᾶν
3880 4931 4030 5007 ὁμι-

599 5018 725 5081 λίας
772 5028 903 5092 quae
946 5008 1028 5069 ad
1093 5016 1321 5067 centum
1366 5025 1558 5067 ovium
1623 5007 1979 5088 parabolam
2050 5019 2336 5089 spectant,
2406 5031 2463 5073 se
2546 5013 2607 5072 in
2649 5012 2936 5074 Homiliis
3007 5015 3065 5074 in
3106 5013 3329 5074 Lucam
3397 5014 3793 5078 edisserwsse.
3843 5023 4031 5088 [tum

600 5111 767 5172 enim
810 5107 873 5167 in
921 5106 1179 5184 triginta
1222 5123 1445 5165 novem
1495 5106 1610 5179 his,
1660 5126 1799 5185 qua3
1845 5115 2178 5187 supersunt
2223 5111 2420 5183 unice,
2471 5111 2627 5171 nihil
2675 5113 2798 5173 tale
2842 5111 3145 5186 invenias,
3194 5130 3311 5191 par
3339 5112 3598 5174 omnino
3624 5119 3719 5174 est
3748 5118 4029 5189 credere

601 5206 780 5279 alias,
826 5224 967 5285 quee
1013 5208 1262 5264 aetatem
1308 5222 1430 5263 non
1480 5204 1758 5279 tulerint,
1806 5212 1866 5266 et
1908 5207 1971 5265 in
2016 5208 2243 5287 quibus
2285 5209 2457 5270 locus
2484 5210 2587 5271 ille
2618 5210 3016 5289 evangelicus
3049 5210 3495 5293 explicaretur,
3527 5211 3716 5274 fuisse
3746 5215 3901 5279 olim
3930 5223 4030 5285 ab

597 5309 869 5367 Auctore
952 5301 1361 5380 conscriptas.
1427 5302 1603 5373 Quod
1688 5323 1876 5382 porro
1954 5306 2033 5364 ad
2115 5326 2329 5368 earum
2400 5308 2807 5386 interpretem
2862 5306 3152 5367 Latinum
3199 5311 3461 5385 spectat,
3511 5307 3647 5387 ejus
3689 5311 4035 5393 interpr-9..

603 5400 856 5468 tationis
901 5398 1231 5473 rationem,
1280 5398 1448 5460 haud
1494 5401 1621 5461 scio
1666 5422 1814 5462 num
1863 5404 2248 5466 calumniose
2297 5406 2555 5465 Ruﬁnus
2597 5423 2679 5465 an
2723 5422 2867 5464 vere
2912 5405 2974 5464 S.
3025 5402 3309 5463 Doctoris
3353 5403 3540 5465 fidem
3584 5407 3649 5468 in
3691 5408 3767 5469 iis
3848 5430 4034 5478 con-

599 5496 914 5558 vertendis
958 5497 1257 5575 requirat,
1292 5497 1671 5577 objiciatque
1719 5500 1917 5561 multa
1961 5502 2040 5563 ab
2086 5521 2157 5562 eo
2200 5502 2297 5563 vel
2346 5502 2561 5563 addita
2606 5502 2793 5561 fuisse
2838 5519 2951 5579 pro
2995 5500 3223 5575 lubitu,
3271 5501 3368 5561 vel
3420 5504 3763 5567 subtracta.
3854 5511 4036 5591 Ejus

600 5595 737 5655 haec
779 5594 970 5655 verba
1012 5605 1155 5655 sunt
1201 5594 1633 5657 lnvectivarum
1678 5598 1839 5659 libro
1880 5600 2155 5660 secundo
2199 5619 2262 5659 n.
2310 5602 2388 5659 26
2424 5617 2438 5659 :
2487 5600 2732 5659 Secutus
2772 5618 2900 5657 sum
2942 5597 3105 5677 quod
3139 5606 3194 5657 te
3238 5597 3498 5661 videram
3577 5603 3641 5661 in
3722 5601 4038 5675 Homilies

597 5690 907 5753 secundum
951 5692 1125 5753 Luca:
1172 5693 1230 5754 Ε
1236 5695 1570 5772 vangelium
1612 5698 1837 5775 fecisse,
1886 5706 1949 5754 ut
1990 5696 2099 5755 ubi
2135 5695 2205 5755 de
2252 5695 2404 5755 Filio
2449 5696 2568 5757 Dei
2598 5698 2659 5754 in
2708 5694 2906 5757 Graeco
2950 5714 3063 5753 non
3110 5704 3258 5756 recte
3341 5698 3668 5773 inveneras,
3744 5715 4036 5783 praeter-

600 5788 758 5863 ieris,
794 5792 850 5849 in
896 5791 997 5851 illo
1043 5792 1163 5850 loco
1207 5791 1311 5850 ubi
1352 5793 1535 5852 dicit:
1586 5793 1945 5871 Magnificat
1990 5793 2201 5852 anima
2246 5810 2386 5852 mea
2429 5793 2809 5852 Dominum:
2860 5798 2921 5853 et
2963 5794 3299 5856 exsultavit
3341 5796 3595 5875 spiritus
3682 5816 3859 5877 meus
3948 5807 4032 5871 in

598 5888 724 5952 Deo
768 5888 1026 5951 salutari
1073 5908 1231 5950 meo.
1321 5889 1503 5951 Nosti
1578 5893 1722 5971 quia
1806 5890 1876 5948 de
1959 5890 2179 5962 animo,
2267 5889 2457 5951 sicubi
2516 5889 2645 5964 illa,
2690 5910 2822 5972 quae
2862 5890 3047 5953 solent
3091 5893 3230 5969 dici,
3274 5912 3393 5955 non
3428 5896 3792 5976 praeterieris
3836 5915 3852 5962 :
3905 5906 4038 5971 sed

597 6006 666 6057 ea
706 5986 920 6070 adhuc,
964 5989 1139 6055 etiam
1180 6006 1257 6051 ea:
1301 5997 1353 6050 te
1393 5987 1636 6059 additis,
1684 5984 2037 6071 quibusdam
2081 5986 2520 6070 assertionibus,
2587 5985 2842 6053 lucidius
2920 5990 3250 6073 scripseris,
3339 5998 3401 6054 ut
3490 5992 3554 6057 in
3638 5994 3739 6058 illo
3824 5996 3974 6068 loco
3993 6027 4027 6075 ,ο
