  <div class='ocr_page' id='page_1' title='image "/cluster/home/n/w/nwhite01/storage/ocr_20150623/26/umn.31951002477320a/012.png"; bbox 0 0 4182 6600; ppageno 0'>
   <div class='ocr_carea' id='block_1_1' title="bbox 202 516 3615 584">
    <p class='ocr_par' dir='ltr' id='par_1_1' title="bbox 202 516 3615 584">
     <span class='ocr_line' id='line_1_1' title="bbox 202 516 3615 584; baseline 0.003 -13"><span class='ocrx_word' id='word_1_1' title='bbox 202 522 274 584; x_wconf 71' lang='lat'><strong>13</strong></span> <span class='ocrx_word' id='word_1_2' title='bbox 1675 516 2121 578; x_wconf 67' lang='lat' dir='ltr'><strong>PRIEFATIO.</strong></span> <span class='ocrx_word' id='word_1_3' title='bbox 3539 521 3615 582; x_wconf 76' lang='grc'><strong>14</strong></span> 
     </span>
    </p>
   </div>
   <div class='ocr_carea' id='block_1_2' title="bbox 199 646 3619 731">
    <p class='ocr_par' dir='ltr' id='par_1_2' title="bbox 199 646 3619 731">
     <span class='ocr_line' id='line_1_2' title="bbox 199 646 3619 731; baseline 0 -14"><span class='ocrx_word' id='word_1_4' title='bbox 199 657 360 717; x_wconf 80' lang='lat' dir='ltr'><strong>Ecce</strong></span> <span class='ocrx_word' id='word_1_5' title='bbox 405 659 474 715; x_wconf 91' lang='lat' dir='ltr'><strong>ut</strong></span> <span class='ocrx_word' id='word_1_6' title='bbox 514 653 681 714; x_wconf 88' lang='lat' dir='ltr'><strong>facta</strong></span> <span class='ocrx_word' id='word_1_7' title='bbox 725 656 816 713; x_wconf 91' lang='lat' dir='ltr'><strong>est</strong></span> <span class='ocrx_word' id='word_1_8' title='bbox 856 668 979 713; x_wconf 85' lang='lat' dir='ltr'><strong>vox</strong></span> <span class='ocrx_word' id='word_1_9' title='bbox 1023 650 1422 713; x_wconf 80' lang='lat' dir='ltr'><strong>salutationis</strong></span> <span class='ocrx_word' id='word_1_10' title='bbox 1464 657 1589 712; x_wconf 78' lang='lat' dir='ltr'><strong>tuae</strong></span> <span class='ocrx_word' id='word_1_11' title='bbox 1631 650 1696 710; x_wconf 91' lang='lat' dir='ltr'><strong>in</strong></span> <span class='ocrx_word' id='word_1_12' title='bbox 1742 650 2000 712; x_wconf 84' lang='lat' dir='ltr'><strong>auribus</strong></span> <span class='ocrx_word' id='word_1_13' title='bbox 2044 649 2221 723; x_wconf 86' lang='lat' dir='ltr'><strong>meis,</strong></span> <span class='ocrx_word' id='word_1_14' title='bbox 2268 647 2610 710; x_wconf 75' lang='lat' dir='ltr'><strong>exsultabit</strong></span> <span class='ocrx_word' id='word_1_15' title='bbox 2649 649 2857 711; x_wconf 81' lang='lat' dir='ltr'><strong>infans</strong></span> <span class='ocrx_word' id='word_1_16' title='bbox 2916 646 3204 731; x_wconf 71' lang='lat' dir='ltr'><strong>in:utero</strong></span> <span class='ocrx_word' id='word_1_17' title='bbox 3286 671 3464 716; x_wconf 87' lang='lat' dir='ltr'><strong>meo:</strong></span> <span class='ocrx_word' id='word_1_18' title='bbox 3512 655 3619 718; x_wconf 89' lang='lat' dir='ltr'><strong>ubi</strong></span> 
     </span>
    </p>
   </div>
   <div class='ocr_carea' id='block_1_3' title="bbox 200 746 3610 834">
    <p class='ocr_par' dir='ltr' id='par_1_3' title="bbox 200 746 3610 834">
     <span class='ocr_line' id='line_1_3' title="bbox 200 746 3610 834; baseline 0.001 -21"><span class='ocrx_word' id='word_1_19' title='bbox 200 753 366 826; x_wconf 77' lang='lat' dir='ltr'><strong>dicis,</strong></span> <span class='ocrx_word' id='word_1_20' title='bbox 411 749 714 834; x_wconf 84' lang='lat' dir='ltr'><strong>quodnon</strong></span> <span class='ocrx_word' id='word_1_21' title='bbox 767 760 898 812; x_wconf 85' lang='lat' dir='ltr'><strong>erat</strong></span> <span class='ocrx_word' id='word_1_22' title='bbox 922 749 1032 811; x_wconf 76' lang='lat' dir='ltr'><strong>hoc</strong></span> <span class='ocrx_word' id='word_1_23' title='bbox 1080 751 1450 832; x_wconf 74' lang='lat' dir='ltr'><strong>principium</strong></span> <span class='ocrx_word' id='word_1_24' title='bbox 1505 749 1844 810; x_wconf 68' lang='lat' dir='ltr'><strong>substantia:</strong></span> <span class='ocrx_word' id='word_1_25' title='bbox 1900 749 2057 828; x_wconf 81' lang='lat' dir='ltr'><strong>ejus,</strong></span> <span class='ocrx_word' id='word_1_26' title='bbox 2107 747 2176 808; x_wconf 84' lang='lat' dir='ltr'><strong>de</strong></span> <span class='ocrx_word' id='word_1_27' title='bbox 2235 758 2332 808; x_wconf 88' lang='lat' dir='ltr'><strong>tuo</strong></span> <span class='ocrx_word' id='word_1_28' title='bbox 2389 746 2699 822; x_wconf 70' lang='lat' dir='ltr'><strong>addidisti,</strong></span> <span class='ocrx_word' id='word_1_29' title='bbox 2749 753 2944 828; x_wconf 89' lang='lat' dir='ltr'><strong>atque</strong></span> <span class='ocrx_word' id='word_1_30' title='bbox 2987 756 3254 812; x_wconf 72' lang='lat' dir='ltr'><strong>naturae.</strong></span> <span class='ocrx_word' id='word_1_31' title='bbox 3298 753 3377 812; x_wconf 89' lang='lat' dir='ltr'><strong>Et</strong></span> <span class='ocrx_word' id='word_1_32' title='bbox 3421 755 3610 832; x_wconf 90' lang='lat' dir='ltr'><strong>paulo</strong></span> 
     </span>
    </p>
   </div>
   <div class='ocr_carea' id='block_1_4' title="bbox 203 846 3617 932">
    <p class='ocr_par' dir='ltr' id='par_1_4' title="bbox 203 846 3617 932">
     <span class='ocr_line' id='line_1_4' title="bbox 203 846 3617 932; baseline -0 -19"><span class='ocrx_word' id='word_1_33' title='bbox 203 857 380 932; x_wconf 88' lang='lat' dir='ltr'><strong>post:</strong></span> <span class='ocrx_word' id='word_1_34' title='bbox 432 849 517 911; x_wconf 88' lang='lat' dir='ltr'><strong>De</strong></span> <span class='ocrx_word' id='word_1_35' title='bbox 553 849 673 931; x_wconf 83' lang='lat' dir='ltr'><strong>ﬁde</strong></span> <span class='ocrx_word' id='word_1_36' title='bbox 727 858 946 923; x_wconf 86' lang='lat' dir='ltr'><strong>autem,</strong></span> <span class='ocrx_word' id='word_1_37' title='bbox 1008 848 1072 909; x_wconf 90' lang='lat' dir='ltr'><strong>id</strong></span> <span class='ocrx_word' id='word_1_38' title='bbox 1125 859 1230 922; x_wconf 86' lang='lat' dir='ltr'><strong>est,</strong></span> <span class='ocrx_word' id='word_1_39' title='bbox 1290 847 1360 910; x_wconf 90' lang='lat' dir='ltr'><strong>de</strong></span> <span class='ocrx_word' id='word_1_40' title='bbox 1423 848 1716 910; x_wconf 85' lang='lat' dir='ltr'><strong>Trinitate</strong></span> <span class='ocrx_word' id='word_1_41' title='bbox 1773 868 1904 908; x_wconf 90' lang='lat' dir='ltr'><strong>cum</strong></span> <span class='ocrx_word' id='word_1_42' title='bbox 1965 848 2025 906; x_wconf 80' lang='lat' dir='ltr'><strong>in</strong></span> <span class='ocrx_word' id='word_1_43' title='bbox 2083 847 2412 928; x_wconf 69' lang='lat' dir='ltr'><strong>aliquantis</strong></span> <span class='ocrx_word' id='word_1_44' title='bbox 2469 846 2607 907; x_wconf 77' lang='lat' dir='ltr'><strong>locis</strong></span> <span class='ocrx_word' id='word_1_45' title='bbox 2663 846 2841 908; x_wconf 81' lang='lat' dir='ltr'><em>aliter</em></span> <span class='ocrx_word' id='word_1_46' title='bbox 2898 848 3234 926; x_wconf 82' lang='lat' dir='ltr'><strong>invenisses,</strong></span> <span class='ocrx_word' id='word_1_47' title='bbox 3296 869 3427 930; x_wconf 69' lang='lat' dir='ltr'><strong>qua:</strong></span> <span class='ocrx_word' id='word_1_48' title='bbox 3502 853 3617 913; x_wconf 84' lang='lat' dir='ltr'><strong>tibi</strong></span> 
     </span>
    </p>
   </div>
   <div class='ocr_carea' id='block_1_5' title="bbox 203 945 3608 1028">
    <p class='ocr_par' dir='ltr' id='par_1_5' title="bbox 203 945 3608 1028">
     <span class='ocr_line' id='line_1_5' title="bbox 203 945 3608 1028; baseline 0 -17"><span class='ocrx_word' id='word_1_49' title='bbox 203 949 327 1011; x_wconf 72' lang='lat' dir='ltr'><strong>vim</strong></span> <span class='ocrx_word' id='word_1_50' title='bbox 353 957 506 1020; x_wconf 77' lang='lat' dir='ltr'><strong>sunt,</strong></span> <span class='ocrx_word' id='word_1_51' title='bbox 576 947 1030 1028; x_wconf 60' lang='lat' dir='ltr'><strong>prutermisisti.</strong></span> <span class='ocrx_word' id='word_1_52' title='bbox 1105 946 1413 1026; x_wconf 84' lang='lat' dir='ltr'><strong>Equidem</strong></span> <span class='ocrx_word' id='word_1_53' title='bbox 1460 947 1663 1020; x_wconf 91' lang='lat' dir='ltr'><strong>nobis,</strong></span> <span class='ocrx_word' id='word_1_54' title='bbox 1709 945 1881 1025; x_wconf 93' lang='lat' dir='ltr'><strong>quod</strong></span> <span class='ocrx_word' id='word_1_55' title='bbox 1927 947 2178 1006; x_wconf 84' lang='lat' dir='ltr'><strong>Graecus</strong></span> <span class='ocrx_word' id='word_1_56' title='bbox 2222 945 2382 1005; x_wconf 83' lang='lat' dir='ltr'><strong>desit</strong></span> <span class='ocrx_word' id='word_1_57' title='bbox 2441 945 2843 1026; x_wconf 90' lang='lat' dir='ltr'><strong>archetypus,</strong></span> <span class='ocrx_word' id='word_1_58' title='bbox 2894 946 3065 1008; x_wconf 88' lang='lat' dir='ltr'><strong>haud</strong></span> <span class='ocrx_word' id='word_1_59' title='bbox 3108 953 3204 1009; x_wconf 89' lang='lat' dir='ltr'><strong>est</strong></span> <span class='ocrx_word' id='word_1_60' title='bbox 3245 950 3608 1027; x_wconf 81' lang='lat' dir='ltr'><strong>expeditum</strong></span> 
     </span>
    </p>
   </div>
   <div class='ocr_carea' id='block_1_6' title="bbox 205 1043 3611 1127">
    <p class='ocr_par' dir='ltr' id='par_1_6' title="bbox 205 1043 3611 1127">
     <span class='ocr_line' id='line_1_6' title="bbox 205 1043 3611 1127; baseline 0.001 -19"><span class='ocrx_word' id='word_1_61' title='bbox 205 1064 333 1108; x_wconf 90' lang='lat' dir='ltr'><strong>rem</strong></span> <span class='ocrx_word' id='word_1_62' title='bbox 379 1046 655 1126; x_wconf 92' lang='lat' dir='ltr'><strong>penitius</strong></span> <span class='ocrx_word' id='word_1_63' title='bbox 697 1065 1038 1124; x_wconf 78' lang='lat' dir='ltr'><strong>agnoscere</strong></span> <span class='ocrx_word' id='word_1_64' title='bbox 1084 1051 1396 1125; x_wconf 81' lang='lat' dir='ltr'><strong>recteque,</strong></span> <span class='ocrx_word' id='word_1_65' title='bbox 1447 1051 1508 1106; x_wconf 90' lang='lat' dir='ltr'><strong>et</strong></span> <span class='ocrx_word' id='word_1_66' title='bbox 1550 1045 1770 1107; x_wconf 79' lang='lat' dir='ltr'><strong>ordine</strong></span> <span class='ocrx_word' id='word_1_67' title='bbox 1793 1044 2116 1123; x_wconf 83' lang='lat' dir='ltr'><strong>judicare:</strong></span> <span class='ocrx_word' id='word_1_68' title='bbox 2154 1043 2424 1104; x_wconf 85' lang='lat' dir='ltr'><strong>maxime</strong></span> <span class='ocrx_word' id='word_1_69' title='bbox 2451 1061 2594 1104; x_wconf 89' lang='lat' dir='ltr'><strong>vero</strong></span> <span class='ocrx_word' id='word_1_70' title='bbox 2626 1063 2768 1104; x_wconf 91' lang='lat' dir='ltr'><strong>cum</strong></span> <span class='ocrx_word' id='word_1_71' title='bbox 2800 1045 2982 1119; x_wconf 89' lang='lat' dir='ltr'><strong>nihil,</strong></span> <span class='ocrx_word' id='word_1_72' title='bbox 3016 1045 3211 1125; x_wconf 90' lang='lat' dir='ltr'><strong>quod‘.</strong></span> <span class='ocrx_word' id='word_1_73' title='bbox 3227 1049 3611 1127; x_wconf 88' lang='lat' dir='ltr'><strong>peculiarem</strong></span> 
     </span>
    </p>
   </div>
   <div class='ocr_carea' id='block_1_7' title="bbox 205 1140 3614 1224">
    <p class='ocr_par' dir='ltr' id='par_1_7' title="bbox 205 1140 3614 1224">
     <span class='ocr_line' id='line_1_7' title="bbox 205 1140 3614 1224; baseline 0.001 -18"><span class='ocrx_word' id='word_1_74' title='bbox 205 1145 364 1207; x_wconf 90' lang='lat' dir='ltr'><strong>hanc</strong></span> <span class='ocrx_word' id='word_1_75' title='bbox 408 1144 829 1223; x_wconf 88' lang='lat' dir='ltr'><strong>objectionem</strong></span> <span class='ocrx_word' id='word_1_76' title='bbox 873 1150 1139 1224; x_wconf 89' lang='lat' dir='ltr'><strong>spectat,</strong></span> <span class='ocrx_word' id='word_1_77' title='bbox 1186 1149 1438 1204; x_wconf 88' lang='lat' dir='ltr'><strong>sanctus</strong></span> <span class='ocrx_word' id='word_1_78' title='bbox 1479 1143 1613 1223; x_wconf 89' lang='lat' dir='ltr'><strong>ipse</strong></span> <span class='ocrx_word' id='word_1_79' title='bbox 1681 1144 1868 1203; x_wconf 91' lang='lat' dir='ltr'><strong>Pater</strong></span> <span class='ocrx_word' id='word_1_80' title='bbox 1937 1141 2166 1203; x_wconf 67' lang='lat' dir='ltr'><strong>aemulo</strong></span> <span class='ocrx_word' id='word_1_81' title='bbox 2237 1140 2619 1204; x_wconf 88' lang='lat' dir='ltr'><strong>obtrectanti</strong></span> <span class='ocrx_word' id='word_1_82' title='bbox 2684 1145 3057 1222; x_wconf 90' lang='lat' dir='ltr'><strong>reposuerit.</strong></span> <span class='ocrx_word' id='word_1_83' title='bbox 3132 1145 3342 1207; x_wconf 85' lang='lat' dir='ltr'><strong>Nihilo</strong></span> <span class='ocrx_word' id='word_1_84' title='bbox 3413 1148 3614 1210; x_wconf 78' lang='lat' dir='ltr'><strong>secius</strong></span> 
     </span>
    </p>
   </div>
   <div class='ocr_carea' id='block_1_8' title="bbox 205 1239 3616 1324">
    <p class='ocr_par' dir='ltr' id='par_1_8' title="bbox 205 1239 3616 1324">
     <span class='ocr_line' id='line_1_8' title="bbox 205 1239 3616 1324; baseline 0.001 -18"><span class='ocrx_word' id='word_1_85' title='bbox 205 1245 373 1324; x_wconf 91' lang='lat' dir='ltr'><strong>quod</strong></span> <span class='ocrx_word' id='word_1_86' title='bbox 417 1244 526 1318; x_wconf 89' lang='lat' dir='ltr'><strong>ait,</strong></span> <span class='ocrx_word' id='word_1_87' title='bbox 574 1243 977 1324; x_wconf 85' lang='lat' dir='ltr'><strong>supposuisse</strong></span> <span class='ocrx_word' id='word_1_88' title='bbox 1021 1242 1469 1322; x_wconf 88' lang='lat' dir='ltr'><strong>Hieronymum</strong></span> <span class='ocrx_word' id='word_1_89' title='bbox 1541 1241 1869 1314; x_wconf 90' lang='lat' dir='ltr'><strong>nonnulla,</strong></span> <span class='ocrx_word' id='word_1_90' title='bbox 1942 1239 2051 1299; x_wconf 92' lang='lat' dir='ltr'><strong>ubi</strong></span> <span class='ocrx_word' id='word_1_91' title='bbox 2121 1239 2200 1300; x_wconf 90' lang='lat' dir='ltr'><strong>de</strong></span> <span class='ocrx_word' id='word_1_92' title='bbox 2266 1240 2532 1302; x_wconf 85' lang='lat' dir='ltr'><strong>Joannis</strong></span> <span class='ocrx_word' id='word_1_93' title='bbox 2601 1240 2662 1300; x_wconf 92' lang='lat' dir='ltr'><strong>in</strong></span> <span class='ocrx_word' id='word_1_94' title='bbox 2736 1241 2956 1302; x_wconf 81' lang='lat' dir='ltr'><strong>matris</strong></span> <span class='ocrx_word' id='word_1_95' title='bbox 3023 1247 3204 1304; x_wconf 84' lang='lat' dir='ltr'><strong>utero</strong></span> <span class='ocrx_word' id='word_1_96' title='bbox 3275 1245 3616 1308; x_wconf 78' lang='lat' dir='ltr'><strong>exsilientis</strong></span> 
     </span>
    </p>
   </div>
   <div class='ocr_carea' id='block_1_9' title="bbox 206 1336 3629 1426">
    <p class='ocr_par' dir='ltr' id='par_1_9' title="bbox 206 1336 3629 1426">
     <span class='ocr_line' id='line_1_9' title="bbox 206 1336 3629 1426; baseline 0.001 -22"><span class='ocrx_word' id='word_1_97' title='bbox 206 1343 416 1404; x_wconf 88' lang='lat' dir='ltr'><strong>anima</strong></span> <span class='ocrx_word' id='word_1_98' title='bbox 457 1361 666 1404; x_wconf 86' lang='lat' dir='ltr'><strong>sermo</strong></span> <span class='ocrx_word' id='word_1_99' title='bbox 713 1341 852 1416; x_wconf 89' lang='lat' dir='ltr'><strong>fuit,</strong></span> <span class='ocrx_word' id='word_1_100' title='bbox 895 1339 1058 1423; x_wconf 86' lang='lat' dir='ltr'><strong>quod</strong></span> <span class='ocrx_word' id='word_1_101' title='bbox 1096 1359 1212 1400; x_wconf 87' lang='lat' dir='ltr'><strong>non</strong></span> <span class='ocrx_word' id='word_1_102' title='bbox 1255 1349 1386 1400; x_wconf 84' lang='lat' dir='ltr'><strong>erat</strong></span> <span class='ocrx_word' id='word_1_103' title='bbox 1429 1339 1536 1400; x_wconf 80' lang='lat' dir='ltr'><strong>hoc</strong></span> <span class='ocrx_word' id='word_1_104' title='bbox 1573 1339 1940 1421; x_wconf 79' lang='lat' dir='ltr'><strong>principium</strong></span> <span class='ocrx_word' id='word_1_105' title='bbox 1981 1336 2328 1398; x_wconf 76' lang='lat' dir='ltr'><strong>substantia:</strong></span> <span class='ocrx_word' id='word_1_106' title='bbox 2397 1337 2547 1417; x_wconf 83' lang='lat' dir='ltr'><strong><em>ejus,</em></strong></span> <span class='ocrx_word' id='word_1_107' title='bbox 2595 1345 2658 1399; x_wconf 91' lang='lat' dir='ltr'><strong>et</strong></span> <span class='ocrx_word' id='word_1_108' title='bbox 2727 1339 2805 1400; x_wconf 94' lang='lat' dir='ltr'><strong>de</strong></span> <span class='ocrx_word' id='word_1_109' title='bbox 2874 1358 2988 1401; x_wconf 93' lang='lat' dir='ltr'><strong>suo</strong></span> <span class='ocrx_word' id='word_1_110' title='bbox 3055 1341 3372 1404; x_wconf 83' lang='lat' dir='ltr'><strong>addidisse</strong></span> <span class='ocrx_word' id='word_1_111' title='bbox 3439 1355 3629 1426; x_wconf 19' lang='lat' dir='ltr'><strong>atque.</strong></span> 
     </span>
    </p>
   </div>
   <div class='ocr_carea' id='block_1_10' title="bbox 210 1436 3621 1524">
    <p class='ocr_par' dir='ltr' id='par_1_10' title="bbox 210 1436 3621 1524">
     <span class='ocr_line' id='line_1_10' title="bbox 210 1436 3621 1524; baseline 0.001 -21"><span class='ocrx_word' id='word_1_112' title='bbox 210 1450 466 1515; x_wconf 77' lang='lat' dir='ltr'><strong>naturae,</strong></span> <span class='ocrx_word' id='word_1_113' title='bbox 515 1446 627 1502; x_wconf 89' lang='lat' dir='ltr'><strong>aut</strong></span> <span class='ocrx_word' id='word_1_114' title='bbox 697 1439 834 1501; x_wconf 67' lang='lat' dir='ltr'><strong>haec</strong></span> <span class='ocrx_word' id='word_1_115' title='bbox 895 1438 1168 1500; x_wconf 88' lang='lat' dir='ltr'><strong>hominis</strong></span> <span class='ocrx_word' id='word_1_116' title='bbox 1238 1438 1575 1518; x_wconf 87' lang='lat' dir='ltr'><strong>plusquam</strong></span> <span class='ocrx_word' id='word_1_117' title='bbox 1639 1437 1974 1499; x_wconf 87' lang='lat' dir='ltr'><strong>Vatiniana</strong></span> <span class='ocrx_word' id='word_1_118' title='bbox 2044 1437 2392 1496; x_wconf 79' lang='lat' dir='ltr'><strong>exercentis</strong></span> <span class='ocrx_word' id='word_1_119' title='bbox 2463 1436 2630 1510; x_wconf 92' lang='lat' dir='ltr'><strong>odia,</strong></span> <span class='ocrx_word' id='word_1_120' title='bbox 2699 1437 3018 1500; x_wconf 90' lang='lat' dir='ltr'><strong>calumnia</strong></span> <span class='ocrx_word' id='word_1_121' title='bbox 3085 1445 3201 1518; x_wconf 89' lang='lat' dir='ltr'><strong>est,</strong></span> <span class='ocrx_word' id='word_1_122' title='bbox 3271 1447 3381 1503; x_wconf 90' lang='lat' dir='ltr'><strong>aut</strong></span> <span class='ocrx_word' id='word_1_123' title='bbox 3449 1443 3621 1524; x_wconf 89' lang='lat' dir='ltr'><strong>quod</strong></span> 
     </span>
    </p>
   </div>
   <div class='ocr_carea' id='block_1_11' title="bbox 206 1533 3626 1622">
    <p class='ocr_par' dir='ltr' id='par_1_11' title="bbox 206 1533 3626 1622">
     <span class='ocr_line' id='line_1_11' title="bbox 206 1533 3626 1622; baseline 0.001 -21"><span class='ocrx_word' id='word_1_124' title='bbox 206 1539 518 1618; x_wconf 88' lang='lat' dir='ltr'><strong>suspicari</strong></span> <span class='ocrx_word' id='word_1_125' title='bbox 562 1539 802 1612; x_wconf 90' lang='lat' dir='ltr'><strong>malim,</strong></span> <span class='ocrx_word' id='word_1_126' title='bbox 852 1537 931 1598; x_wconf 92' lang='lat' dir='ltr'><strong>ab</strong></span> <span class='ocrx_word' id='word_1_127' title='bbox 976 1536 1468 1617; x_wconf 85' lang='lat' dir='ltr'><strong>Hieronymiano</strong></span> <span class='ocrx_word' id='word_1_128' title='bbox 1513 1535 1860 1616; x_wconf 88' lang='lat' dir='ltr'><strong>exemplari</strong></span> <span class='ocrx_word' id='word_1_129' title='bbox 1913 1533 2166 1595; x_wconf 91' lang='lat' dir='ltr'><strong>sublata</strong></span> <span class='ocrx_word' id='word_1_130' title='bbox 2209 1539 2356 1594; x_wconf 90' lang='lat' dir='ltr'><strong>sunt</strong></span> <span class='ocrx_word' id='word_1_131' title='bbox 2399 1533 2776 1613; x_wconf 89' lang='lat' dir='ltr'><strong>posmodum</strong></span> <span class='ocrx_word' id='word_1_132' title='bbox 2821 1537 3014 1597; x_wconf 86' lang='lat' dir='ltr'><strong>verba</strong></span> <span class='ocrx_word' id='word_1_133' title='bbox 3053 1537 3186 1613; x_wconf 92' lang='lat' dir='ltr'><strong>illa,</strong></span> <span class='ocrx_word' id='word_1_134' title='bbox 3261 1557 3369 1601; x_wconf 90' lang='lat' dir='ltr'><strong>seu</strong></span> <span class='ocrx_word' id='word_1_135' title='bbox 3413 1541 3626 1622; x_wconf 80' lang='lat' dir='ltr'><strong>potius</strong></span> 
     </span>
    </p>
   </div>
   <div class='ocr_carea' id='block_1_12' title="bbox 205 1631 3626 1718">
    <p class='ocr_par' dir='ltr' id='par_1_12' title="bbox 205 1631 3626 1718">
     <span class='ocr_line' id='line_1_12' title="bbox 205 1631 3626 1718; baseline 0 -17"><span class='ocrx_word' id='word_1_136' title='bbox 205 1643 335 1702; x_wconf 88' lang='lat' dir='ltr'><strong>tota</strong></span> <span class='ocrx_word' id='word_1_137' title='bbox 379 1637 717 1718; x_wconf 84' lang='lat' dir='ltr'><strong>peric0pa:</strong></span> <span class='ocrx_word' id='word_1_138' title='bbox 767 1636 941 1696; x_wconf 89' lang='lat' dir='ltr'><strong>nulla</strong></span> <span class='ocrx_word' id='word_1_139' title='bbox 982 1635 1150 1696; x_wconf 91' lang='lat' dir='ltr'><strong>enim</strong></span> <span class='ocrx_word' id='word_1_140' title='bbox 1195 1641 1288 1696; x_wconf 86' lang='lat' dir='ltr'><strong>est</strong></span> <span class='ocrx_word' id='word_1_141' title='bbox 1330 1633 1464 1714; x_wconf 83' lang='lat' dir='ltr'><strong>ejus</strong></span> <span class='ocrx_word' id='word_1_142' title='bbox 1510 1634 1601 1694; x_wconf 88' lang='lat' dir='ltr'><strong>rei</strong></span> <span class='ocrx_word' id='word_1_143' title='bbox 1642 1633 1789 1694; x_wconf 93' lang='lat' dir='ltr'><strong>vola</strong></span> <span class='ocrx_word' id='word_1_144' title='bbox 1831 1638 1942 1693; x_wconf 87' lang='lat' dir='ltr'><strong>aut</strong></span> <span class='ocrx_word' id='word_1_145' title='bbox 1982 1631 2314 1710; x_wconf 78' lang='lat' dir='ltr'><strong>vestigium</strong></span> <span class='ocrx_word' id='word_1_146' title='bbox 2359 1631 2423 1692; x_wconf 87' lang='lat' dir='ltr'><strong>in</strong></span> <span class='ocrx_word' id='word_1_147' title='bbox 2469 1633 2619 1693; x_wconf 88' lang='lat' dir='ltr'><strong>totis</strong></span> <span class='ocrx_word' id='word_1_148' title='bbox 2663 1633 2942 1712; x_wconf 90' lang='lat' dir='ltr'><strong>quinque</strong></span> <span class='ocrx_word' id='word_1_149' title='bbox 2970 1633 3247 1696; x_wconf 91' lang='lat' dir='ltr'><strong>homiliis</strong></span> <span class='ocrx_word' id='word_1_150' title='bbox 3291 1656 3328 1698; x_wconf 90' lang='lat' dir='ltr'><strong>a</strong></span> <span class='ocrx_word' id='word_1_151' title='bbox 3357 1639 3626 1718; x_wconf 86' lang='lat' dir='ltr'><strong>septima</strong></span> 
     </span>
    </p>
   </div>
   <div class='ocr_carea' id='block_1_13' title="bbox 207 1730 3627 1816">
    <p class='ocr_par' dir='ltr' id='par_1_13' title="bbox 207 1730 3627 1816">
     <span class='ocr_line' id='line_1_13' title="bbox 207 1730 3627 1816; baseline -0 -18"><span class='ocrx_word' id='word_1_152' title='bbox 207 1737 284 1798; x_wconf 88' lang='lat' dir='ltr'><strong>ad</strong></span> <span class='ocrx_word' id='word_1_153' title='bbox 331 1735 803 1808; x_wconf 88' lang='lat' dir='ltr'><strong>duodecimam,</strong></span> <span class='ocrx_word' id='word_1_154' title='bbox 847 1734 911 1794; x_wconf 92' lang='lat' dir='ltr'><strong>in</strong></span> <span class='ocrx_word' id='word_1_155' title='bbox 959 1734 1187 1814; x_wconf 80' lang='lat' dir='ltr'><strong>quibus</strong></span> <span class='ocrx_word' id='word_1_156' title='bbox 1217 1739 1328 1794; x_wconf 91' lang='lat' dir='ltr'><strong>aut</strong></span> <span class='ocrx_word' id='word_1_157' title='bbox 1370 1751 1446 1794; x_wconf 87' lang='lat' dir='ltr'><strong>ex</strong></span> <span class='ocrx_word' id='word_1_158' title='bbox 1488 1732 1812 1812; x_wconf 91' lang='lat' dir='ltr'><strong>proposito</strong></span> <span class='ocrx_word' id='word_1_159' title='bbox 1859 1730 2183 1808; x_wconf 84' lang='lat' dir='ltr'><strong>Evangelii</strong></span> <span class='ocrx_word' id='word_1_160' title='bbox 2229 1737 2401 1790; x_wconf 91' lang='lat' dir='ltr'><strong>textu</strong></span> <span class='ocrx_word' id='word_1_161' title='bbox 2460 1736 2732 1808; x_wconf 87' lang='lat' dir='ltr'><strong>poterat,</strong></span> <span class='ocrx_word' id='word_1_162' title='bbox 2809 1738 2919 1793; x_wconf 92' lang='lat' dir='ltr'><strong>aut</strong></span> <span class='ocrx_word' id='word_1_163' title='bbox 2991 1751 3105 1813; x_wconf 92' lang='lat' dir='ltr'><strong>pro</strong></span> <span class='ocrx_word' id='word_1_164' title='bbox 3155 1753 3222 1795; x_wconf 90' lang='lat' dir='ltr'><strong>re</strong></span> <span class='ocrx_word' id='word_1_165' title='bbox 3265 1741 3416 1797; x_wconf 89' lang='lat' dir='ltr'><strong>nata</strong></span> <span class='ocrx_word' id='word_1_166' title='bbox 3458 1737 3627 1816; x_wconf 88' lang='lat' dir='ltr'><strong>ejus-</strong></span> 
     </span>
    </p>
   </div>
   <div class='ocr_carea' id='block_1_14' title="bbox 209 1827 3630 1913">
    <p class='ocr_par' dir='ltr' id='par_1_14' title="bbox 209 1827 3630 1913">
     <span class='ocr_line' id='line_1_14' title="bbox 209 1827 3630 1913; baseline 0 -17"><span class='ocrx_word' id='word_1_167' title='bbox 209 1834 378 1896; x_wconf 89' lang='lat' dir='ltr'><strong>modi</strong></span> <span class='ocrx_word' id='word_1_168' title='bbox 422 1851 629 1895; x_wconf 85' lang='lat' dir='ltr'><strong>sermo</strong></span> <span class='ocrx_word' id='word_1_169' title='bbox 671 1832 988 1894; x_wconf 91' lang='lat' dir='ltr'><strong>incidisse.</strong></span> <span class='ocrx_word' id='word_1_170' title='bbox 1035 1835 1114 1893; x_wconf 87' lang='lat' dir='ltr'><strong>Et</strong></span> <span class='ocrx_word' id='word_1_171' title='bbox 1156 1837 1368 1892; x_wconf 91' lang='lat' dir='ltr'><strong>tamen</strong></span> <span class='ocrx_word' id='word_1_172' title='bbox 1412 1831 1501 1892; x_wconf 90' lang='lat' dir='ltr'><strong>ita</strong></span> <span class='ocrx_word' id='word_1_173' title='bbox 1545 1829 1663 1890; x_wconf 90' lang='lat' dir='ltr'><strong>sibi</strong></span> <span class='ocrx_word' id='word_1_174' title='bbox 1705 1830 1999 1890; x_wconf 88' lang='lat' dir='ltr'><strong>universa</strong></span> <span class='ocrx_word' id='word_1_175' title='bbox 2041 1828 2344 1890; x_wconf 89' lang='lat' dir='ltr'><strong>orationis</strong></span> <span class='ocrx_word' id='word_1_176' title='bbox 2388 1828 2577 1889; x_wconf 90' lang='lat' dir='ltr'><strong>series</strong></span> <span class='ocrx_word' id='word_1_177' title='bbox 2622 1827 2924 1904; x_wconf 81' lang='lat' dir='ltr'><strong>cohaeret,</strong></span> <span class='ocrx_word' id='word_1_178' title='bbox 2988 1836 3059 1892; x_wconf 92' lang='lat' dir='ltr'><strong>ut</strong></span> <span class='ocrx_word' id='word_1_179' title='bbox 3099 1831 3236 1912; x_wconf 80' lang='lat' dir='ltr'><strong>ipse</strong></span> <span class='ocrx_word' id='word_1_180' title='bbox 3305 1833 3630 1913; x_wconf 83' lang='lat' dir='ltr'><strong>Origenes,</strong></span> 
     </span>
    </p>
   </div>
   <div class='ocr_carea' id='block_1_15' title="bbox 207 1926 3630 2010">
    <p class='ocr_par' dir='ltr' id='par_1_15' title="bbox 207 1926 3630 2010">
     <span class='ocr_line' id='line_1_15' title="bbox 207 1926 3630 2010; baseline 0 -16"><span class='ocrx_word' id='word_1_181' title='bbox 207 1933 444 1994; x_wconf 88' lang='lat' dir='ltr'><strong>nedum</strong></span> <span class='ocrx_word' id='word_1_182' title='bbox 488 1930 623 2010; x_wconf 90' lang='lat' dir='ltr'><strong>ejus</strong></span> <span class='ocrx_word' id='word_1_183' title='bbox 663 1931 974 2010; x_wconf 88' lang='lat' dir='ltr'><strong>interpres</strong></span> <span class='ocrx_word' id='word_1_184' title='bbox 1017 1931 1098 1991; x_wconf 92' lang='lat' dir='ltr'><strong>ab</strong></span> <span class='ocrx_word' id='word_1_185' title='bbox 1143 1949 1217 1990; x_wconf 90' lang='lat' dir='ltr'><strong>ea</strong></span> <span class='ocrx_word' id='word_1_186' title='bbox 1259 1948 1326 1990; x_wconf 90' lang='lat' dir='ltr'><strong>se</strong></span> <span class='ocrx_word' id='word_1_187' title='bbox 1368 1929 1797 2009; x_wconf 85' lang='lat' dir='ltr'><strong>disputatione</strong></span> <span class='ocrx_word' id='word_1_188' title='bbox 1842 1927 2200 1989; x_wconf 90' lang='lat' dir='ltr'><strong>cohibuisse</strong></span> <span class='ocrx_word' id='word_1_189' title='bbox 2244 1926 2553 1987; x_wconf 90' lang='lat' dir='ltr'><strong>videatur.</strong></span> <span class='ocrx_word' id='word_1_190' title='bbox 2602 1927 2726 1988; x_wconf 92' lang='lat' dir='ltr'><strong>Sed</strong></span> <span class='ocrx_word' id='word_1_191' title='bbox 2800 1946 3003 2006; x_wconf 92' lang='lat' dir='ltr'><strong>neque</strong></span> <span class='ocrx_word' id='word_1_192' title='bbox 3047 1928 3111 1989; x_wconf 92' lang='lat' dir='ltr'><strong>in</strong></span> <span class='ocrx_word' id='word_1_193' title='bbox 3183 1931 3448 2005; x_wconf 70' lang='lat' dir='ltr'><strong>caeteris,</strong></span> <span class='ocrx_word' id='word_1_194' title='bbox 3518 1933 3630 1996; x_wconf 84' lang='lat' dir='ltr'><strong>ubi</strong></span> 
     </span>
    </p>
   </div>
   <div class='ocr_carea' id='block_1_16' title="bbox 205 2024 3627 2112">
    <p class='ocr_par' dir='ltr' id='par_1_16' title="bbox 205 2024 3627 2112">
     <span class='ocr_line' id='line_1_16' title="bbox 205 2024 3627 2112; baseline 0.001 -21"><span class='ocrx_word' id='word_1_195' title='bbox 205 2030 553 2112; x_wconf 77' lang='lat' dir='ltr'><strong>peregrinis</strong></span> <span class='ocrx_word' id='word_1_196' title='bbox 593 2029 658 2090; x_wconf 92' lang='lat' dir='ltr'><strong>in</strong></span> <span class='ocrx_word' id='word_1_197' title='bbox 704 2029 858 2090; x_wconf 93' lang='lat' dir='ltr'><strong>locis</strong></span> <span class='ocrx_word' id='word_1_198' title='bbox 897 2028 1310 2090; x_wconf 70' lang='lat' dir='ltr'><strong>Prmcursoris</strong></span> <span class='ocrx_word' id='word_1_199' title='bbox 1353 2028 1459 2088; x_wconf 91' lang='lat' dir='ltr'><strong>ille</strong></span> <span class='ocrx_word' id='word_1_200' title='bbox 1503 2027 1700 2088; x_wconf 91' lang='lat' dir='ltr'><strong>saltus</strong></span> <span class='ocrx_word' id='word_1_201' title='bbox 1745 2026 2062 2098; x_wconf 86' lang='lat' dir='ltr'><strong>laudatur,</strong></span> <span class='ocrx_word' id='word_1_202' title='bbox 2112 2024 2392 2085; x_wconf 87' lang='lat' dir='ltr'><strong>invenire</strong></span> <span class='ocrx_word' id='word_1_203' title='bbox 2436 2030 2530 2085; x_wconf 89' lang='lat' dir='ltr'><strong>est</strong></span> <span class='ocrx_word' id='word_1_204' title='bbox 2573 2043 2712 2086; x_wconf 87' lang='lat' dir='ltr'><strong>eam</strong></span> <span class='ocrx_word' id='word_1_205' title='bbox 2758 2027 3135 2088; x_wconf 90' lang='lat' dir='ltr'><strong>sententiam</strong></span> <span class='ocrx_word' id='word_1_206' title='bbox 3185 2047 3199 2089; x_wconf 93' lang='lat'>:</span> <span class='ocrx_word' id='word_1_207' title='bbox 3250 2035 3320 2091; x_wconf 90' lang='lat' dir='ltr'><strong>ut</strong></span> <span class='ocrx_word' id='word_1_208' title='bbox 3369 2032 3627 2093; x_wconf 83' lang='lat' dir='ltr'><strong>tandem</strong></span> 
     </span>
    </p>
   </div>
   <div class='ocr_carea' id='block_1_17' title="bbox 208 2123 3628 2208">
    <p class='ocr_par' dir='ltr' id='par_1_17' title="bbox 208 2123 3628 2208">
     <span class='ocr_line' id='line_1_17' title="bbox 208 2123 3628 2208; baseline 0.001 -18"><span class='ocrx_word' id='word_1_209' title='bbox 208 2128 637 2191; x_wconf 89' lang='lat' dir='ltr'><strong>subdubitarit</strong></span> <span class='ocrx_word' id='word_1_210' title='bbox 677 2127 1141 2199; x_wconf 88' lang='lat' dir='ltr'><strong>Tillemontius,</strong></span> <span class='ocrx_word' id='word_1_211' title='bbox 1203 2145 1354 2188; x_wconf 92' lang='lat' dir='ltr'><strong>num</strong></span> <span class='ocrx_word' id='word_1_212' title='bbox 1399 2125 1499 2186; x_wconf 67' lang='lat' dir='ltr'><strong>hae</strong></span> <span class='ocrx_word' id='word_1_213' title='bbox 1569 2125 1738 2206; x_wconf 84' lang='lat' dir='ltr'><strong>ipse</strong></span> <span class='ocrx_word' id='word_1_214' title='bbox 1776 2124 1923 2201; x_wconf 89' lang='lat' dir='ltr'><strong>sint,</strong></span> <span class='ocrx_word' id='word_1_215' title='bbox 1997 2141 2155 2203; x_wconf 91' lang='lat' dir='ltr'><strong>quas</strong></span> <span class='ocrx_word' id='word_1_216' title='bbox 2225 2123 2642 2202; x_wconf 82' lang='lat' dir='ltr'><strong>Hieronymus</strong></span> <span class='ocrx_word' id='word_1_217' title='bbox 2715 2123 2921 2197; x_wconf 82' lang='lat' dir='ltr'><strong>vertit,</strong></span> <span class='ocrx_word' id='word_1_218' title='bbox 2996 2126 3259 2188; x_wconf 85' lang='lat' dir='ltr'><strong>Ruﬁnus</strong></span> <span class='ocrx_word' id='word_1_219' title='bbox 3329 2129 3628 2208; x_wconf 86' lang='lat' dir='ltr'><strong>suggilat.</strong></span> 
     </span>
    </p>
   </div>
   <div class='ocr_carea' id='block_1_18' title="bbox 211 2221 3629 2306">
    <p class='ocr_par' dir='ltr' id='par_1_18' title="bbox 211 2221 3629 2306">
     <span class='ocr_line' id='line_1_18' title="bbox 211 2221 3629 2306; baseline 0 -17"><span class='ocrx_word' id='word_1_220' title='bbox 211 2226 502 2289; x_wconf 70' lang='lat' dir='ltr'><strong>Homilies</strong></span> <span class='ocrx_word' id='word_1_221' title='bbox 545 2226 830 2306; x_wconf 89' lang='lat' dir='ltr'><strong>Origenis</strong></span> <span class='ocrx_word' id='word_1_222' title='bbox 872 2225 936 2286; x_wconf 90' lang='lat' dir='ltr'><strong>in</strong></span> <span class='ocrx_word' id='word_1_223' title='bbox 981 2227 1239 2288; x_wconf 89' lang='lat' dir='ltr'><strong>Lucam.</strong></span> <span class='ocrx_word' id='word_1_224' title='bbox 1300 2226 1531 2286; x_wconf 86' lang='lat' dir='ltr'><strong>Verum</strong></span> <span class='ocrx_word' id='word_1_225' title='bbox 1605 2223 1781 2284; x_wconf 92' lang='lat' dir='ltr'><strong>nulla</strong></span> <span class='ocrx_word' id='word_1_226' title='bbox 1850 2222 1986 2302; x_wconf 85' lang='lat' dir='ltr'><strong>ejus</strong></span> <span class='ocrx_word' id='word_1_227' title='bbox 2057 2221 2466 2282; x_wconf 85' lang='lat' dir='ltr'><strong>dubitationis</strong></span> <span class='ocrx_word' id='word_1_228' title='bbox 2535 2228 2630 2282; x_wconf 90' lang='lat' dir='ltr'><strong>est</strong></span> <span class='ocrx_word' id='word_1_229' title='bbox 2698 2223 2884 2296; x_wconf 88' lang='lat' dir='ltr'><strong>ratio,</strong></span> <span class='ocrx_word' id='word_1_230' title='bbox 2957 2226 3494 2288; x_wconf 89' lang='lat' dir='ltr'><strong>consentientibus</strong></span> <span class='ocrx_word' id='word_1_231' title='bbox 3562 2229 3629 2290; x_wconf 90' lang='lat' dir='ltr'><strong>in</strong></span> 
     </span>
    </p>
   </div>
   <div class='ocr_carea' id='block_1_19' title="bbox 210 2320 3630 2406">
    <p class='ocr_par' dir='ltr' id='par_1_19' title="bbox 210 2320 3630 2406">
     <span class='ocr_line' id='line_1_19' title="bbox 210 2320 3630 2406; baseline 0 -19"><span class='ocrx_word' id='word_1_232' title='bbox 210 2326 345 2405; x_wconf 81' lang='lat' dir='ltr'><strong>eius</strong></span> <span class='ocrx_word' id='word_1_233' title='bbox 417 2325 956 2406; x_wconf 86' lang='lat' dir='ltr'><strong>interpretationis</strong></span> <span class='ocrx_word' id='word_1_234' title='bbox 1025 2323 1511 2403; x_wconf 91' lang='lat' dir='ltr'><strong>germanitatem</strong></span> <span class='ocrx_word' id='word_1_235' title='bbox 1585 2322 1844 2401; x_wconf 89' lang='lat' dir='ltr'><strong>reliquis</strong></span> <span class='ocrx_word' id='word_1_236' title='bbox 1915 2320 2210 2382; x_wconf 91' lang='lat' dir='ltr'><strong>omnibus</strong></span> <span class='ocrx_word' id='word_1_237' title='bbox 2279 2338 2421 2380; x_wconf 91' lang='lat' dir='ltr'><strong>cum</strong></span> <span class='ocrx_word' id='word_1_238' title='bbox 2491 2320 2641 2380; x_wconf 89' lang='lat' dir='ltr'><strong>facti</strong></span> <span class='ocrx_word' id='word_1_239' title='bbox 2730 2321 3064 2400; x_wconf 88' lang='lat' dir='ltr'><strong>adjunctis,</strong></span> <span class='ocrx_word' id='word_1_240' title='bbox 3139 2329 3275 2385; x_wconf 89' lang='lat' dir='ltr'><strong>tum</strong></span> <span class='ocrx_word' id='word_1_241' title='bbox 3345 2332 3630 2388; x_wconf 83' lang='lat' dir='ltr'><strong>veterum</strong></span> 
     </span>
    </p>
   </div>
   <div class='ocr_carea' id='block_1_20' title="bbox 209 2417 3634 2500">
    <p class='ocr_par' dir='ltr' id='par_1_20' title="bbox 209 2417 3634 2500">
     <span class='ocr_line' id='line_1_20' title="bbox 209 2417 3634 2500; baseline 0.001 -16"><span class='ocrx_word' id='word_1_242' title='bbox 209 2423 637 2486; x_wconf 88' lang='lat' dir='ltr'><strong>monumentis</strong></span> <span class='ocrx_word' id='word_1_243' title='bbox 679 2441 753 2483; x_wconf 92' lang='lat' dir='ltr'><strong>ac</strong></span> <span class='ocrx_word' id='word_1_244' title='bbox 799 2419 1194 2482; x_wconf 90' lang='lat' dir='ltr'><strong>testimoniis.</strong></span> <span class='ocrx_word' id='word_1_245' title='bbox 1241 2421 1384 2483; x_wconf 84' lang='lat' dir='ltr'><strong>Jam</strong></span> <span class='ocrx_word' id='word_1_246' title='bbox 1429 2439 1576 2482; x_wconf 92' lang='lat' dir='ltr'><strong>vero</strong></span> <span class='ocrx_word' id='word_1_247' title='bbox 1626 2427 1900 2498; x_wconf 91' lang='lat' dir='ltr'><strong>tempus,</strong></span> <span class='ocrx_word' id='word_1_248' title='bbox 1930 2437 2056 2497; x_wconf 93' lang='lat' dir='ltr'><strong>quo</strong></span> <span class='ocrx_word' id='word_1_249' title='bbox 2105 2417 2454 2478; x_wconf 87' lang='lat' dir='ltr'><strong>versionem</strong></span> <span class='ocrx_word' id='word_1_250' title='bbox 2500 2417 2664 2479; x_wconf 89' lang='lat' dir='ltr'><strong>hanc</strong></span> <span class='ocrx_word' id='word_1_251' title='bbox 2709 2437 2885 2479; x_wconf 88' lang='lat' dir='ltr'><strong>suam</strong></span> <span class='ocrx_word' id='word_1_252' title='bbox 2931 2420 3267 2483; x_wconf 90' lang='lat' dir='ltr'><strong>adornavit</strong></span> <span class='ocrx_word' id='word_1_253' title='bbox 3309 2425 3375 2486; x_wconf 93' lang='lat' dir='ltr'><strong>S.</strong></span> <span class='ocrx_word' id='word_1_254' title='bbox 3421 2426 3634 2500; x_wconf 86' lang='lat' dir='ltr'><strong>Pater,</strong></span> 
     </span>
    </p>
   </div>
   <div class='ocr_carea' id='block_1_21' title="bbox 207 2515 3639 2599">
    <p class='ocr_par' dir='ltr' id='par_1_21' title="bbox 207 2515 3639 2599">
     <span class='ocr_line' id='line_1_21' title="bbox 207 2515 3639 2599; baseline 0.001 -17"><span class='ocrx_word' id='word_1_255' title='bbox 207 2521 271 2582; x_wconf 92' lang='lat' dir='ltr'><strong>in</strong></span> <span class='ocrx_word' id='word_1_256' title='bbox 314 2539 558 2583; x_wconf 90' lang='lat' dir='ltr'><strong>annum</strong></span> <span class='ocrx_word' id='word_1_257' title='bbox 602 2520 1058 2598; x_wconf 89' lang='lat' dir='ltr'><strong>octogesimum</strong></span> <span class='ocrx_word' id='word_1_258' title='bbox 1105 2537 1343 2580; x_wconf 91' lang='lat' dir='ltr'><strong>nonum</strong></span> <span class='ocrx_word' id='word_1_259' title='bbox 1416 2536 1609 2597; x_wconf 92' lang='lat' dir='ltr'><strong>supra</strong></span> <span class='ocrx_word' id='word_1_260' title='bbox 1681 2517 2214 2589; x_wconf 88' lang='lat' dir='ltr'><strong>trecentesimum,</strong></span> <span class='ocrx_word' id='word_1_261' title='bbox 2287 2515 2494 2576; x_wconf 91' lang='lat' dir='ltr'><strong>verius</strong></span> <span class='ocrx_word' id='word_1_262' title='bbox 2566 2534 2758 2594; x_wconf 84' lang='lat' dir='ltr'><strong>quam</strong></span> <span class='ocrx_word' id='word_1_263' title='bbox 2831 2522 2899 2578; x_wconf 91' lang='lat' dir='ltr'><strong>ut</strong></span> <span class='ocrx_word' id='word_1_264' title='bbox 2969 2519 3159 2598; x_wconf 86' lang='lat' dir='ltr'><strong>vulgo</strong></span> <span class='ocrx_word' id='word_1_265' title='bbox 3232 2521 3500 2599; x_wconf 89' lang='lat' dir='ltr'><strong>obtinet,</strong></span> <span class='ocrx_word' id='word_1_266' title='bbox 3572 2524 3639 2585; x_wconf 89' lang='lat' dir='ltr'><strong>in</strong></span> 
     </span>
    </p>
   </div>
   <div class='ocr_carea' id='block_1_22' title="bbox 210 2614 3645 2703">
    <p class='ocr_par' dir='ltr' id='par_1_22' title="bbox 210 2614 3645 2703">
     <span class='ocr_line' id='line_1_22' title="bbox 210 2614 3645 2703; baseline 0.001 -22"><span class='ocrx_word' id='word_1_267' title='bbox 210 2619 626 2700; x_wconf 88' lang='lat' dir='ltr'><strong>superiorem,</strong></span> <span class='ocrx_word' id='word_1_268' title='bbox 674 2617 1074 2698; x_wconf 89' lang='lat' dir='ltr'><strong>conjecerim.</strong></span> <span class='ocrx_word' id='word_1_269' title='bbox 1124 2619 1301 2678; x_wconf 87' lang='lat' dir='ltr'><strong>Hunc</strong></span> <span class='ocrx_word' id='word_1_270' title='bbox 1346 2636 1574 2696; x_wconf 91' lang='lat' dir='ltr'><strong>nempe</strong></span> <span class='ocrx_word' id='word_1_271' title='bbox 1615 2616 1866 2678; x_wconf 91' lang='lat' dir='ltr'><strong>videtur</strong></span> <span class='ocrx_word' id='word_1_272' title='bbox 1908 2615 2041 2695; x_wconf 91' lang='lat' dir='ltr'><strong>ipse</strong></span> <span class='ocrx_word' id='word_1_273' title='bbox 2084 2615 2364 2676; x_wconf 90' lang='lat' dir='ltr'><strong>indicare</strong></span> <span class='ocrx_word' id='word_1_274' title='bbox 2408 2614 2472 2675; x_wconf 90' lang='lat' dir='ltr'><strong>in</strong></span> <span class='ocrx_word' id='word_1_275' title='bbox 2516 2615 2845 2693; x_wconf 88' lang='lat' dir='ltr'><strong>Catalogo,</strong></span> <span class='ocrx_word' id='word_1_276' title='bbox 2892 2615 3003 2678; x_wconf 92' lang='lat' dir='ltr'><strong>ubi</strong></span> <span class='ocrx_word' id='word_1_277' title='bbox 3045 2619 3258 2681; x_wconf 88' lang='lat' dir='ltr'><strong>statim</strong></span> <span class='ocrx_word' id='word_1_278' title='bbox 3302 2639 3340 2682; x_wconf 92' lang='lat' dir='ltr'><strong>a</strong></span> <span class='ocrx_word' id='word_1_279' title='bbox 3391 2622 3645 2703; x_wconf 91' lang='lat' dir='ltr'><strong>Didymi</strong></span> 
     </span>
    </p>
   </div>
   <div class='ocr_carea' id='block_1_23' title="bbox 218 2712 3644 2797">
    <p class='ocr_par' dir='ltr' id='par_1_23' title="bbox 218 2712 3644 2797">
     <span class='ocr_line' id='line_1_23' title="bbox 218 2712 3644 2797; baseline 0 -17"><span class='ocrx_word' id='word_1_280' title='bbox 218 2719 384 2780; x_wconf 90' lang='lat' dir='ltr'><strong>libro</strong></span> <span class='ocrx_word' id='word_1_281' title='bbox 431 2717 510 2778; x_wconf 93' lang='lat' dir='ltr'><strong>de</strong></span> <span class='ocrx_word' id='word_1_282' title='bbox 553 2717 789 2797; x_wconf 88' lang='lat' dir='ltr'><strong>Spiritu</strong></span> <span class='ocrx_word' id='word_1_283' title='bbox 833 2722 1078 2790; x_wconf 90' lang='lat' dir='ltr'><strong>sancto,</strong></span> <span class='ocrx_word' id='word_1_284' title='bbox 1123 2734 1310 2796; x_wconf 88' lang='lat' dir='ltr'><strong>quem</strong></span> <span class='ocrx_word' id='word_1_285' title='bbox 1357 2716 1593 2794; x_wconf 88' lang='lat' dir='ltr'><strong>pariter</strong></span> <span class='ocrx_word' id='word_1_286' title='bbox 1637 2715 1855 2775; x_wconf 90' lang='lat' dir='ltr'><strong>Latine</strong></span> <span class='ocrx_word' id='word_1_287' title='bbox 1901 2713 2246 2774; x_wconf 89' lang='lat' dir='ltr'><strong>reddidisse</strong></span> <span class='ocrx_word' id='word_1_288' title='bbox 2289 2712 2409 2773; x_wconf 90' lang='lat' dir='ltr'><strong>hoc</strong></span> <span class='ocrx_word' id='word_1_289' title='bbox 2480 2729 2674 2784; x_wconf 90' lang='lat' dir='ltr'><strong>anno,</strong></span> <span class='ocrx_word' id='word_1_290' title='bbox 2751 2714 3220 2795; x_wconf 70' lang='lat' dir='ltr'><strong>constituimus,</strong></span> <span class='ocrx_word' id='word_1_291' title='bbox 3292 2719 3644 2782; x_wconf 84' lang='lat' dir='ltr'><strong>versionem</strong></span> 
     </span>
    </p>
   </div>
   <div class='ocr_carea' id='block_1_24' title="bbox 219 2811 3650 2894">
    <p class='ocr_par' dir='ltr' id='par_1_24' title="bbox 219 2811 3650 2894">
     <span class='ocr_line' id='line_1_24' title="bbox 219 2811 3650 2894; baseline 0 -15"><span class='ocrx_word' id='word_1_292' title='bbox 219 2816 393 2879; x_wconf 85' lang='lat' dir='ltr'><strong>hanc</strong></span> <span class='ocrx_word' id='word_1_293' title='bbox 437 2817 850 2878; x_wconf 88' lang='lat' dir='ltr'><strong>Homiliarum</strong></span> <span class='ocrx_word' id='word_1_294' title='bbox 899 2821 1230 2877; x_wconf 90' lang='lat' dir='ltr'><strong>memorat.</strong></span> <span class='ocrx_word' id='word_1_295' title='bbox 1278 2815 1347 2876; x_wconf 90' lang='lat' dir='ltr'><strong>Id</strong></span> <span class='ocrx_word' id='word_1_296' title='bbox 1389 2815 1596 2894; x_wconf 92' lang='lat' dir='ltr'><strong>ipsum</strong></span> <span class='ocrx_word' id='word_1_297' title='bbox 1669 2813 1875 2874; x_wconf 89' lang='lat' dir='ltr'><strong>innuit</strong></span> <span class='ocrx_word' id='word_1_298' title='bbox 1944 2819 2006 2874; x_wconf 89' lang='lat' dir='ltr'><strong>et</strong></span> <span class='ocrx_word' id='word_1_299' title='bbox 2078 2811 2572 2892; x_wconf 79' lang='lat' dir='ltr'><strong>praedecentium</strong></span> <span class='ocrx_word' id='word_1_300' title='bbox 2641 2812 2931 2891; x_wconf 86' lang='lat' dir='ltr'><strong>proxime</strong></span> <span class='ocrx_word' id='word_1_301' title='bbox 3000 2831 3264 2894; x_wconf 89' lang='lat' dir='ltr'><strong>operum</strong></span> <span class='ocrx_word' id='word_1_302' title='bbox 3326 2818 3541 2893; x_wconf 87' lang='lat' dir='ltr'><strong>series,</strong></span> <span class='ocrx_word' id='word_1_303' title='bbox 3585 2824 3650 2880; x_wconf 87' lang='lat' dir='ltr'><strong>et</strong></span> 
     </span>
    </p>
   </div>
   <div class='ocr_carea' id='block_1_25' title="bbox 216 2909 3644 2996">
    <p class='ocr_par' dir='ltr' id='par_1_25' title="bbox 216 2909 3644 2996">
     <span class='ocr_line' id='line_1_25' title="bbox 216 2909 3644 2996; baseline 0 -20"><span class='ocrx_word' id='word_1_304' title='bbox 216 2915 542 2996; x_wconf 59' lang='lat' dir='ltr'><strong>praecipue</strong></span> <span class='ocrx_word' id='word_1_305' title='bbox 594 2913 665 2975; x_wconf 90' lang='lat' dir='ltr'><strong>de</strong></span> <span class='ocrx_word' id='word_1_306' title='bbox 705 2914 880 2976; x_wconf 84' lang='lat' dir='ltr'><strong>Locis</strong></span> <span class='ocrx_word' id='word_1_307' title='bbox 921 2920 984 2975; x_wconf 91' lang='lat' dir='ltr'><strong>et</strong></span> <span class='ocrx_word' id='word_1_308' title='bbox 1025 2912 1096 2975; x_wconf 87' lang='lat' dir='ltr'><strong>de</strong></span> <span class='ocrx_word' id='word_1_309' title='bbox 1140 2911 1455 2974; x_wconf 81' lang='lat' dir='ltr'><strong>Hebraicis</strong></span> <span class='ocrx_word' id='word_1_310' title='bbox 1504 2911 1865 2973; x_wconf 72' lang='lat' dir='ltr'><strong>Nominibus</strong></span> <span class='ocrx_word' id='word_1_311' title='bbox 1908 2910 2075 2983; x_wconf 91' lang='lat' dir='ltr'><strong>libri,</strong></span> <span class='ocrx_word' id='word_1_312' title='bbox 2124 2909 2295 2990; x_wconf 92' lang='lat' dir='ltr'><strong>quod</strong></span> <span class='ocrx_word' id='word_1_313' title='bbox 2339 2909 2418 2970; x_wconf 89' lang='lat' dir='ltr'><strong>ad</strong></span> <span class='ocrx_word' id='word_1_314' title='bbox 2464 2909 2851 2990; x_wconf 89' lang='lat' dir='ltr'><strong>superiorem</strong></span> <span class='ocrx_word' id='word_1_315' title='bbox 2925 2912 3041 2974; x_wconf 90' lang='lat'><strong>388</strong></span> <span class='ocrx_word' id='word_1_316' title='bbox 3111 2912 3382 2976; x_wconf 83' lang='lat' dir='ltr'><strong>diximus</strong></span> <span class='ocrx_word' id='word_1_317' title='bbox 3451 2917 3644 2996; x_wconf 85' lang='lat' dir='ltr'><strong>perti-</strong></span> 
     </span>
    </p>
   </div>
   <div class='ocr_carea' id='block_1_26' title="bbox 212 3009 3646 3096">
    <p class='ocr_par' dir='ltr' id='par_1_26' title="bbox 212 3009 3646 3096">
     <span class='ocr_line' id='line_1_26' title="bbox 212 3009 3646 3096; baseline 0 -21"><span class='ocrx_word' id='word_1_318' title='bbox 212 3032 388 3076; x_wconf 87' lang='lat' dir='ltr'><strong>nere.</strong></span> <span class='ocrx_word' id='word_1_319' title='bbox 435 3013 702 3076; x_wconf 88' lang='lat' dir='ltr'><strong>Demum</strong></span> <span class='ocrx_word' id='word_1_320' title='bbox 751 3013 918 3092; x_wconf 88' lang='lat' dir='ltr'><strong>quod</strong></span> <span class='ocrx_word' id='word_1_321' title='bbox 960 3013 1228 3092; x_wconf 89' lang='lat' dir='ltr'><strong>ipsemet</strong></span> <span class='ocrx_word' id='word_1_322' title='bbox 1270 3011 1333 3072; x_wconf 91' lang='lat' dir='ltr'><strong>in</strong></span> <span class='ocrx_word' id='word_1_323' title='bbox 1380 3011 1650 3092; x_wconf 88' lang='lat' dir='ltr'><strong>prologo</strong></span> <span class='ocrx_word' id='word_1_324' title='bbox 1694 3009 1961 3090; x_wconf 87' lang='lat' dir='ltr'><strong>hujusce</strong></span> <span class='ocrx_word' id='word_1_325' title='bbox 2021 3009 2558 3087; x_wconf 87' lang='lat' dir='ltr'><strong>interpretationis</strong></span> <span class='ocrx_word' id='word_1_326' title='bbox 2631 3013 2912 3084; x_wconf 90' lang='lat' dir='ltr'><strong>testatur,</strong></span> <span class='ocrx_word' id='word_1_327' title='bbox 2987 3011 3442 3074; x_wconf 60' lang='lat' dir='ltr'><strong>Prwtenm&#39;sisse</strong></span> <span class='ocrx_word' id='word_1_328' title='bbox 3490 3033 3646 3096; x_wconf 86' lang='lat' dir='ltr'><strong>pau-</strong></span> 
     </span>
    </p>
   </div>
   <div class='ocr_carea' id='block_1_27' title="bbox 223 3105 3645 3193">
    <p class='ocr_par' dir='ltr' id='par_1_27' title="bbox 223 3105 3645 3193">
     <span class='ocr_line' id='line_1_27' title="bbox 223 3105 3645 3193; baseline 0.001 -21"><span class='ocrx_word' id='word_1_329' title='bbox 223 3111 411 3173; x_wconf 88' lang='lat' dir='ltr'><strong>lulum</strong></span> <span class='ocrx_word' id='word_1_330' title='bbox 453 3110 896 3174; x_wconf 82' lang='lat' dir='ltr'><strong>Hebraicarum</strong></span> <span class='ocrx_word' id='word_1_331' title='bbox 958 3111 1353 3187; x_wconf 75' lang='lat' dir='ltr'><strong>Quaestionum</strong></span> <span class='ocrx_word' id='word_1_332' title='bbox 1427 3109 1635 3184; x_wconf 89' lang='lat' dir='ltr'><strong>libros,</strong></span> <span class='ocrx_word' id='word_1_333' title='bbox 1693 3118 1761 3169; x_wconf 89' lang='lat' dir='ltr'><strong>ut</strong></span> <span class='ocrx_word' id='word_1_334' title='bbox 1827 3107 1910 3170; x_wconf 89' lang='lat' dir='ltr'><strong>ad</strong></span> <span class='ocrx_word' id='word_1_335' title='bbox 1976 3105 2301 3168; x_wconf 82' lang='lat' dir='ltr'><strong>arbitrium</strong></span> <span class='ocrx_word' id='word_1_336' title='bbox 2370 3105 2580 3168; x_wconf 75' lang='lat' dir='ltr'><strong>Paula:</strong></span> <span class='ocrx_word' id='word_1_337' title='bbox 2635 3116 2690 3166; x_wconf 80' lang='lat' dir='ltr'><strong>et</strong></span> <span class='ocrx_word' id='word_1_338' title='bbox 2754 3106 3092 3186; x_wconf 76' lang='lat' dir='ltr'><strong>Eustachii</strong></span> <span class='ocrx_word' id='word_1_339' title='bbox 3139 3109 3407 3173; x_wconf 78' lang='lat' dir='ltr'><strong>lucativis</strong></span> <span class='ocrx_word' id='word_1_340' title='bbox 3448 3113 3645 3193; x_wconf 88' lang='lat' dir='ltr'><strong>operis</strong></span> 
     </span>
    </p>
   </div>
   <div class='ocr_carea' id='block_1_28' title="bbox 213 3205 3641 3293">
    <p class='ocr_par' dir='ltr' id='par_1_28' title="bbox 213 3205 3641 3293">
     <span class='ocr_line' id='line_1_28' title="bbox 213 3205 3641 3293; baseline 0.001 -23"><span class='ocrx_word' id='word_1_341' title='bbox 213 3208 360 3284; x_wconf 71' lang='lat' dir='ltr'><strong>haec,</strong></span> <span class='ocrx_word' id='word_1_342' title='bbox 407 3211 844 3293; x_wconf 82' lang='lat' dir='ltr'><strong>qualiacunque</strong></span> <span class='ocrx_word' id='word_1_343' title='bbox 899 3219 1055 3283; x_wconf 85' lang='lat' dir='ltr'><strong>sunt,</strong></span> <span class='ocrx_word' id='word_1_344' title='bbox 1129 3229 1246 3269; x_wconf 88' lang='lat' dir='ltr'><strong>non</strong></span> <span class='ocrx_word' id='word_1_345' title='bbox 1289 3227 1418 3284; x_wconf 88' lang='lat' dir='ltr'><strong>sua,</strong></span> <span class='ocrx_word' id='word_1_346' title='bbox 1489 3207 1594 3269; x_wconf 88' lang='lat' dir='ltr'><strong>sed</strong></span> <span class='ocrx_word' id='word_1_347' title='bbox 1659 3206 1858 3268; x_wconf 84' lang='lat' dir='ltr'><strong>aliena</strong></span> <span class='ocrx_word' id='word_1_348' title='bbox 1923 3205 2191 3266; x_wconf 81' lang='lat' dir='ltr'><strong>dictaret.</strong></span> <span class='ocrx_word' id='word_1_349' title='bbox 2268 3205 2402 3276; x_wconf 87' lang='lat' dir='ltr'><strong>Quo</strong></span> <span class='ocrx_word' id='word_1_350' title='bbox 2476 3205 2728 3284; x_wconf 90' lang='lat' dir='ltr'><strong>quidem</strong></span> <span class='ocrx_word' id='word_1_351' title='bbox 2800 3205 2864 3266; x_wconf 92' lang='lat' dir='ltr'><strong>in</strong></span> <span class='ocrx_word' id='word_1_352' title='bbox 2935 3206 3074 3269; x_wconf 93' lang='lat' dir='ltr'><strong>loco</strong></span> <span class='ocrx_word' id='word_1_353' title='bbox 3145 3208 3384 3270; x_wconf 88' lang='lat' dir='ltr'><strong>fallitur</strong></span> <span class='ocrx_word' id='word_1_354' title='bbox 3449 3211 3641 3273; x_wconf 86' lang='lat' dir='ltr'><strong>Tille-</strong></span> 
     </span>
    </p>
   </div>
   <div class='ocr_carea' id='block_1_29' title="bbox 215 3304 3640 3390">
    <p class='ocr_par' dir='ltr' id='par_1_29' title="bbox 215 3304 3640 3390">
     <span class='ocr_line' id='line_1_29' title="bbox 215 3304 3640 3390; baseline 0.001 -20"><span class='ocrx_word' id='word_1_355' title='bbox 215 3309 501 3370; x_wconf 90' lang='lat' dir='ltr'><strong>montius</strong></span> <span class='ocrx_word' id='word_1_356' title='bbox 543 3308 891 3390; x_wconf 91' lang='lat' dir='ltr'><strong>splendide,</strong></span> <span class='ocrx_word' id='word_1_357' title='bbox 941 3327 1082 3370; x_wconf 89' lang='lat' dir='ltr'><strong>cum</strong></span> <span class='ocrx_word' id='word_1_358' title='bbox 1128 3308 1250 3369; x_wconf 91' lang='lat' dir='ltr'><strong>hac</strong></span> <span class='ocrx_word' id='word_1_359' title='bbox 1292 3307 1430 3387; x_wconf 90' lang='lat' dir='ltr'><strong>ipsa</strong></span> <span class='ocrx_word' id='word_1_360' title='bbox 1473 3306 1550 3367; x_wconf 91' lang='lat' dir='ltr'><strong>de</strong></span> <span class='ocrx_word' id='word_1_361' title='bbox 1596 3325 1788 3368; x_wconf 89' lang='lat' dir='ltr'><strong>causa</strong></span> <span class='ocrx_word' id='word_1_362' title='bbox 1828 3305 2263 3382; x_wconf 56' lang='lat' dir='ltr'><strong>intelligentia</strong></span> <span class='ocrx_word' id='word_1_363' title='bbox 2308 3304 2374 3362; x_wconf 91' lang='lat' dir='ltr'><strong>in</strong></span> <span class='ocrx_word' id='word_1_364' title='bbox 2419 3304 2545 3364; x_wconf 91' lang='lat' dir='ltr'><strong>suis</strong></span> <span class='ocrx_word' id='word_1_365' title='bbox 2592 3305 2990 3366; x_wconf 92' lang='lat' dir='ltr'><strong>recensendis</strong></span> <span class='ocrx_word' id='word_1_366' title='bbox 3035 3307 3115 3368; x_wconf 93' lang='lat' dir='ltr'><strong>ad</strong></span> <span class='ocrx_word' id='word_1_367' title='bbox 3160 3309 3362 3370; x_wconf 67' lang='lat' dir='ltr'><strong>astatis</strong></span> <span class='ocrx_word' id='word_1_368' title='bbox 3405 3329 3640 3389; x_wconf 70' lang='lat' dir='ltr'><strong>praero-</strong></span> 
     </span>
    </p>
   </div>
   <div class='ocr_carea' id='block_1_30' title="bbox 215 3401 3649 3486">
    <p class='ocr_par' dir='ltr' id='par_1_30' title="bbox 215 3401 3649 3486">
     <span class='ocr_line' id='line_1_30' title="bbox 215 3401 3649 3486; baseline 0.001 -19"><span class='ocrx_word' id='word_1_369' title='bbox 215 3407 506 3485; x_wconf 85' lang='lat' dir='ltr'><strong>gativam</strong></span> <span class='ocrx_word' id='word_1_370' title='bbox 551 3407 821 3486; x_wconf 90' lang='lat' dir='ltr'><strong>scriptis,</strong></span> <span class='ocrx_word' id='word_1_371' title='bbox 868 3407 1320 3486; x_wconf 87' lang='lat' dir='ltr'><strong>Hieronymum</strong></span> <span class='ocrx_word' id='word_1_372' title='bbox 1364 3411 1641 3477; x_wconf 90' lang='lat' dir='ltr'><strong>accusat,</strong></span> <span class='ocrx_word' id='word_1_373' title='bbox 1687 3403 1860 3483; x_wconf 93' lang='lat' dir='ltr'><strong>quod</strong></span> <span class='ocrx_word' id='word_1_374' title='bbox 1905 3402 2192 3483; x_wconf 90' lang='lat' dir='ltr'><strong>pluribus</strong></span> <span class='ocrx_word' id='word_1_375' title='bbox 2262 3401 2610 3481; x_wconf 90' lang='lat' dir='ltr'><strong>interjectis</strong></span> <span class='ocrx_word' id='word_1_376' title='bbox 2679 3409 2824 3482; x_wconf 90' lang='lat' dir='ltr'><strong>post</strong></span> <span class='ocrx_word' id='word_1_377' title='bbox 2895 3404 3250 3478; x_wconf 61' lang='lat' dir='ltr'><strong>Quaestiones</strong></span> <span class='ocrx_word' id='word_1_378' title='bbox 3315 3405 3649 3471; x_wconf 84' lang='lat' dir='ltr'><strong>Hebraicas</strong></span> 
     </span>
    </p>
   </div>
   <div class='ocr_carea' id='block_1_31' title="bbox 222 3501 3644 3586">
    <p class='ocr_par' dir='ltr' id='par_1_31' title="bbox 222 3501 3644 3586">
     <span class='ocr_line' id='line_1_31' title="bbox 222 3501 3644 3586; baseline 0.001 -22"><span class='ocrx_word' id='word_1_379' title='bbox 222 3504 283 3564; x_wconf 94' lang='lat' dir='ltr'><strong>in</strong></span> <span class='ocrx_word' id='word_1_380' title='bbox 319 3504 592 3565; x_wconf 84' lang='lat' dir='ltr'><strong>Genesin</strong></span> <span class='ocrx_word' id='word_1_381' title='bbox 637 3504 836 3574; x_wconf 84' lang='lat' dir='ltr'><strong>libris,</strong></span> <span class='ocrx_word' id='word_1_382' title='bbox 883 3505 1070 3564; x_wconf 87' lang='lat' dir='ltr'><strong>hasce</strong></span> <span class='ocrx_word' id='word_1_383' title='bbox 1114 3503 1370 3564; x_wconf 88' lang='lat' dir='ltr'><strong>demum</strong></span> <span class='ocrx_word' id='word_1_384' title='bbox 1413 3503 1718 3563; x_wconf 87' lang='lat' dir='ltr'><strong>Homilias</strong></span> <span class='ocrx_word' id='word_1_385' title='bbox 1762 3520 1887 3562; x_wconf 93' lang='lat' dir='ltr'><strong>non</strong></span> <span class='ocrx_word' id='word_1_386' title='bbox 1932 3521 2045 3562; x_wconf 93' lang='lat' dir='ltr'><strong>suo</strong></span> <span class='ocrx_word' id='word_1_387' title='bbox 2118 3501 2258 3562; x_wconf 90' lang='lat' dir='ltr'><strong>loco</strong></span> <span class='ocrx_word' id='word_1_388' title='bbox 2337 3506 2662 3580; x_wconf 91' lang='lat' dir='ltr'><strong>supputet.</strong></span> <span class='ocrx_word' id='word_1_389' title='bbox 2710 3504 2790 3562; x_wconf 91' lang='lat' dir='ltr'><strong>At</strong></span> <span class='ocrx_word' id='word_1_390' title='bbox 2859 3520 3002 3563; x_wconf 91' lang='lat' dir='ltr'><strong>cum</strong></span> <span class='ocrx_word' id='word_1_391' title='bbox 3047 3505 3135 3565; x_wconf 90' lang='lat' dir='ltr'><strong>ait</strong></span> <span class='ocrx_word' id='word_1_392' title='bbox 3203 3505 3644 3586; x_wconf 88' lang='lat' dir='ltr'><strong>Hieronymus,</strong></span> 
     </span>
    </p>
   </div>
   <div class='ocr_carea' id='block_1_32' title="bbox 220 3598 3648 3682">
    <p class='ocr_par' dir='ltr' id='par_1_32' title="bbox 220 3598 3648 3682">
     <span class='ocr_line' id='line_1_32' title="bbox 220 3598 3648 3682; baseline 0.001 -19"><span class='ocrx_word' id='word_1_393' title='bbox 220 3603 592 3679; x_wconf 62' lang='lat' dir='ltr'><strong>Qumstiones</strong></span> <span class='ocrx_word' id='word_1_394' title='bbox 662 3600 992 3662; x_wconf 86' lang='lat' dir='ltr'><strong>Hebraicas</strong></span> <span class='ocrx_word' id='word_1_395' title='bbox 1075 3619 1140 3662; x_wconf 89' lang='lat' dir='ltr'><strong>se</strong></span> <span class='ocrx_word' id='word_1_396' title='bbox 1210 3601 1538 3682; x_wconf 91' lang='lat' dir='ltr'><strong>paululum</strong></span> <span class='ocrx_word' id='word_1_397' title='bbox 1611 3600 2037 3671; x_wconf 90' lang='lat' dir='ltr'><strong>intermisisse,</strong></span> <span class='ocrx_word' id='word_1_398' title='bbox 2115 3605 2185 3660; x_wconf 92' lang='lat' dir='ltr'><strong>ut</strong></span> <span class='ocrx_word' id='word_1_399' title='bbox 2280 3598 2453 3659; x_wconf 89' lang='lat' dir='ltr'><strong>hisce</strong></span> <span class='ocrx_word' id='word_1_400' title='bbox 2537 3599 3026 3679; x_wconf 90' lang='lat' dir='ltr'><strong>interpretandis</strong></span> <span class='ocrx_word' id='word_1_401' title='bbox 3123 3621 3201 3664; x_wconf 83' lang='lat' dir='ltr'><strong>ex</strong></span> <span class='ocrx_word' id='word_1_402' title='bbox 3269 3603 3648 3678; x_wconf 83' lang='lat' dir='ltr'><strong>Adamantio</strong></span> 
     </span>
    </p>
   </div>
   <div class='ocr_carea' id='block_1_33' title="bbox 216 3695 3652 3784">
    <p class='ocr_par' dir='ltr' id='par_1_33' title="bbox 216 3695 3652 3784">
     <span class='ocr_line' id='line_1_33' title="bbox 216 3695 3652 3784; baseline 0.002 -24"><span class='ocrx_word' id='word_1_403' title='bbox 216 3705 520 3762; x_wconf 83' lang='lat' dir='ltr'><strong>vacaret:</strong></span> <span class='ocrx_word' id='word_1_404' title='bbox 561 3698 697 3778; x_wconf 90' lang='lat' dir='ltr'><strong>jam</strong></span> <span class='ocrx_word' id='word_1_405' title='bbox 743 3719 891 3776; x_wconf 92' lang='lat' dir='ltr'><strong>non,</strong></span> <span class='ocrx_word' id='word_1_406' title='bbox 940 3705 1009 3760; x_wconf 92' lang='lat' dir='ltr'><strong>ut</strong></span> <span class='ocrx_word' id='word_1_407' title='bbox 1052 3699 1210 3760; x_wconf 89' lang='lat' dir='ltr'><strong>falso</strong></span> <span class='ocrx_word' id='word_1_408' title='bbox 1254 3697 1692 3759; x_wconf 90' lang='lat' dir='ltr'><strong>Tillemontius</strong></span> <span class='ocrx_word' id='word_1_409' title='bbox 1735 3702 1941 3776; x_wconf 89' lang='lat' dir='ltr'><strong>putat,</strong></span> <span class='ocrx_word' id='word_1_410' title='bbox 2012 3697 2364 3772; x_wconf 66' lang='lat' dir='ltr'><strong>Quaestiones</strong></span> <span class='ocrx_word' id='word_1_411' title='bbox 2433 3695 2764 3758; x_wconf 83' lang='lat' dir='ltr'><strong>Hebraicas</strong></span> <span class='ocrx_word' id='word_1_412' title='bbox 2832 3697 2896 3758; x_wconf 92' lang='lat' dir='ltr'><strong>in</strong></span> <span class='ocrx_word' id='word_1_413' title='bbox 2969 3701 3191 3760; x_wconf 91' lang='lat' dir='ltr'><strong>Genesi</strong></span> <span class='ocrx_word' id='word_1_414' title='bbox 3261 3701 3445 3776; x_wconf 83' lang='lat' dir='ltr'><strong>dixit,</strong></span> <span class='ocrx_word' id='word_1_415' title='bbox 3492 3721 3652 3784; x_wconf 84' lang='lat' dir='ltr'><strong>quas</strong></span> 
     </span>
    </p>
   </div>
   <div class='ocr_carea' id='block_1_34' title="bbox 213 3793 3650 3882">
    <p class='ocr_par' dir='ltr' id='par_1_34' title="bbox 213 3793 3650 3882">
     <span class='ocr_line' id='line_1_34' title="bbox 213 3793 3650 3882; baseline 0.001 -23"><span class='ocrx_word' id='word_1_416' title='bbox 213 3798 473 3877; x_wconf 90' lang='lat' dir='ltr'><strong>pridem</strong></span> <span class='ocrx_word' id='word_1_417' title='bbox 516 3798 910 3877; x_wconf 88' lang='lat' dir='ltr'><strong>vulgaverat,</strong></span> <span class='ocrx_word' id='word_1_418' title='bbox 957 3797 1064 3859; x_wconf 92' lang='lat' dir='ltr'><strong>sed</strong></span> <span class='ocrx_word' id='word_1_419' title='bbox 1111 3801 1326 3869; x_wconf 75' lang='grc' dir='ltr'>ἁπλῶς,</span> <span class='ocrx_word' id='word_1_420' title='bbox 1376 3795 1771 3871; x_wconf 51' lang='lat' dir='ltr'><strong>Quaestionum</strong></span> <span class='ocrx_word' id='word_1_421' title='bbox 1827 3793 2262 3856; x_wconf 74' lang='lat' dir='ltr'><strong>Hebraicarum</strong></span> <span class='ocrx_word' id='word_1_422' title='bbox 2308 3793 2511 3872; x_wconf 86' lang='lat' dir='ltr'><strong>libros,</strong></span> <span class='ocrx_word' id='word_1_423' title='bbox 2558 3802 2713 3876; x_wconf 92' lang='lat' dir='ltr'><strong>puta</strong></span> <span class='ocrx_word' id='word_1_424' title='bbox 2782 3796 2844 3857; x_wconf 92' lang='lat' dir='ltr'><strong>in</strong></span> <span class='ocrx_word' id='word_1_425' title='bbox 2890 3797 3202 3878; x_wconf 86' lang='lat' dir='ltr'><strong>reliquam</strong></span> <span class='ocrx_word' id='word_1_426' title='bbox 3235 3801 3650 3882; x_wconf 89' lang='lat' dir='ltr'><strong>Scripturam,</strong></span> 
     </span>
    </p>
   </div>
   <div class='ocr_carea' id='block_1_35' title="bbox 217 3893 3650 3976">
    <p class='ocr_par' dir='ltr' id='par_1_35' title="bbox 217 3893 3650 3976">
     <span class='ocr_line' id='line_1_35' title="bbox 217 3893 3650 3976; baseline 0.002 -20"><span class='ocrx_word' id='word_1_427' title='bbox 217 3896 395 3975; x_wconf 90' lang='lat' dir='ltr'><strong>quod</strong></span> <span class='ocrx_word' id='word_1_428' title='bbox 443 3914 603 3976; x_wconf 93' lang='lat' dir='ltr'><strong>opus</strong></span> <span class='ocrx_word' id='word_1_429' title='bbox 648 3895 755 3956; x_wconf 92' lang='lat' dir='ltr'><strong>diu</strong></span> <span class='ocrx_word' id='word_1_430' title='bbox 801 3914 931 3975; x_wconf 67' lang='lat' dir='ltr'><strong>prae</strong></span> <span class='ocrx_word' id='word_1_431' title='bbox 977 3896 1268 3956; x_wconf 92' lang='lat' dir='ltr'><strong>manibus</strong></span> <span class='ocrx_word' id='word_1_432' title='bbox 1312 3894 1556 3967; x_wconf 90' lang='lat' dir='ltr'><strong>habuit,</strong></span> <span class='ocrx_word' id='word_1_433' title='bbox 1606 3900 1668 3954; x_wconf 92' lang='lat' dir='ltr'><strong>et</strong></span> <span class='ocrx_word' id='word_1_434' title='bbox 1712 3893 1918 3972; x_wconf 73' lang='lat' dir='ltr'><strong>longae</strong></span> <span class='ocrx_word' id='word_1_435' title='bbox 1965 3912 2156 3954; x_wconf 84' lang='lat' dir='ltr'><strong>morae</strong></span> <span class='ocrx_word' id='word_1_436' title='bbox 2201 3893 2387 3954; x_wconf 67' lang='lat' dir='ltr'><strong>taedio</strong></span> <span class='ocrx_word' id='word_1_437' title='bbox 2430 3894 2692 3954; x_wconf 85' lang='lat' dir='ltr'><strong>fortasse</strong></span> <span class='ocrx_word' id='word_1_438' title='bbox 2751 3895 2941 3956; x_wconf 90' lang='lat' dir='ltr'><strong>etiam</strong></span> <span class='ocrx_word' id='word_1_439' title='bbox 2986 3898 3248 3976; x_wconf 90' lang='lat' dir='ltr'><strong>respuit.</strong></span> <span class='ocrx_word' id='word_1_440' title='bbox 3325 3901 3456 3961; x_wconf 85' lang='lat' dir='ltr'><strong>Hoc</strong></span> <span class='ocrx_word' id='word_1_441' title='bbox 3499 3921 3650 3964; x_wconf 91' lang='lat' dir='ltr'><strong>vero</strong></span> 
     </span>
    </p>
   </div>
   <div class='ocr_carea' id='block_1_36' title="bbox 217 3989 3652 4078">
    <p class='ocr_par' dir='ltr' id='par_1_36' title="bbox 217 3989 3652 4078">
     <span class='ocr_line' id='line_1_36' title="bbox 217 3989 3652 4078; baseline 0.002 -24"><span class='ocrx_word' id='word_1_442' title='bbox 217 3992 794 4055; x_wconf 88' lang='lat' dir='ltr'><strong>anidmadvertisse</strong></span> <span class='ocrx_word' id='word_1_443' title='bbox 836 3992 1312 4055; x_wconf 90' lang='lat' dir='ltr'><strong>Tillemontium</strong></span> <span class='ocrx_word' id='word_1_444' title='bbox 1357 4009 1609 4052; x_wconf 87' lang='lat' dir='ltr'><strong>necesse</strong></span> <span class='ocrx_word' id='word_1_445' title='bbox 1653 3996 1809 4064; x_wconf 92' lang='lat' dir='ltr'><strong>erat,</strong></span> <span class='ocrx_word' id='word_1_446' title='bbox 1859 4008 1938 4051; x_wconf 91' lang='lat' dir='ltr'><strong>ne</strong></span> <span class='ocrx_word' id='word_1_447' title='bbox 1983 3990 2152 4070; x_wconf 91' lang='lat' dir='ltr'><strong>quod</strong></span> <span class='ocrx_word' id='word_1_448' title='bbox 2195 3989 2402 4052; x_wconf 88' lang='lat' dir='ltr'><strong>facere</strong></span> <span class='ocrx_word' id='word_1_449' title='bbox 2445 3996 2636 4064; x_wconf 90' lang='lat' dir='ltr'><strong>amat,</strong></span> <span class='ocrx_word' id='word_1_450' title='bbox 2686 3990 3234 4071; x_wconf 89' lang='lat' dir='ltr'><strong>diligentissimum</strong></span> <span class='ocrx_word' id='word_1_451' title='bbox 3283 3997 3652 4078; x_wconf 90' lang='lat' dir='ltr'><strong>scriptorem</strong></span> 
     </span>
    </p>
   </div>
   <div class='ocr_carea' id='block_1_37' title="bbox 233 4091 1317 4170">
    <p class='ocr_par' dir='ltr' id='par_1_37' title="bbox 233 4091 1317 4170">
     <span class='ocr_line' id='line_1_37' title="bbox 233 4091 1317 4170; baseline -0.002 -17"><span class='ocrx_word' id='word_1_452' title='bbox 233 4092 537 4154; x_wconf 90' lang='lat' dir='ltr'><strong>mmerito</strong></span> <span class='ocrx_word' id='word_1_453' title='bbox 583 4093 992 4170; x_wconf 88' lang='lat' dir='ltr'><strong>redargueret</strong></span> <span class='ocrx_word' id='word_1_454' title='bbox 1035 4091 1317 4154; x_wconf 67' lang='lat' dir='ltr'><strong>incuriae.</strong></span> 
     </span>
    </p>
   </div>
   <div class='ocr_carea' id='block_1_38' title="bbox 307 4186 3652 4272">
    <p class='ocr_par' dir='ltr' id='par_1_38' title="bbox 307 4186 3652 4272">
     <span class='ocr_line' id='line_1_38' title="bbox 307 4186 3652 4272; baseline 0.002 -20"><span class='ocrx_word' id='word_1_455' title='bbox 307 4190 594 4252; x_wconf 90' lang='lat' dir='ltr'><strong>Gradum</strong></span> <span class='ocrx_word' id='word_1_456' title='bbox 640 4189 788 4251; x_wconf 91' lang='lat' dir='ltr'><strong>hinc</strong></span> <span class='ocrx_word' id='word_1_457' title='bbox 831 4189 1098 4251; x_wconf 89' lang='lat' dir='ltr'><strong>facimus</strong></span> <span class='ocrx_word' id='word_1_458' title='bbox 1142 4189 1222 4250; x_wconf 88' lang='lat' dir='ltr'><strong>ad</strong></span> <span class='ocrx_word' id='word_1_459' title='bbox 1266 4189 1768 4250; x_wconf 86' lang='lat' dir='ltr'><strong>Commentarios</strong></span> <span class='ocrx_word' id='word_1_460' title='bbox 1809 4187 1873 4247; x_wconf 92' lang='lat' dir='ltr'><strong>in</strong></span> <span class='ocrx_word' id='word_1_461' title='bbox 1920 4193 2194 4268; x_wconf 88' lang='lat' dir='ltr'><strong>quatuor</strong></span> <span class='ocrx_word' id='word_1_462' title='bbox 2233 4187 2416 4248; x_wconf 89' lang='lat' dir='ltr'><strong>Pauli</strong></span> <span class='ocrx_word' id='word_1_463' title='bbox 2457 4186 2794 4268; x_wconf 87' lang='lat' dir='ltr'><strong>Epistolas,</strong></span> <span class='ocrx_word' id='word_1_464' title='bbox 2842 4189 2905 4248; x_wconf 89' lang='lat' dir='ltr'><strong>in</strong></span> <span class='ocrx_word' id='word_1_465' title='bbox 2949 4207 3108 4269; x_wconf 91' lang='lat' dir='ltr'><strong>quas</strong></span> <span class='ocrx_word' id='word_1_466' title='bbox 3161 4193 3410 4272; x_wconf 91' lang='lat' dir='ltr'><strong>scripsit</strong></span> <span class='ocrx_word' id='word_1_467' title='bbox 3468 4196 3652 4258; x_wconf 88' lang='lat' dir='ltr'><strong>unice</strong></span> 
     </span>
    </p>
   </div>
   <div class='ocr_carea' id='block_1_39' title="bbox 229 4286 3650 4368">
    <p class='ocr_par' dir='ltr' id='par_1_39' title="bbox 229 4286 3650 4368">
     <span class='ocr_line' id='line_1_39' title="bbox 229 4286 3650 4368; baseline 0.001 -17"><span class='ocrx_word' id='word_1_468' title='bbox 229 4290 295 4351; x_wconf 91' lang='lat' dir='ltr'><strong>S.</strong></span> <span class='ocrx_word' id='word_1_469' title='bbox 341 4289 562 4362; x_wconf 88' lang='lat' dir='ltr'><strong>Pater,</strong></span> <span class='ocrx_word' id='word_1_470' title='bbox 608 4289 1168 4368; x_wconf 89' lang='lat' dir='ltr'><strong>recognoscendas.</strong></span> <span class='ocrx_word' id='word_1_471' title='bbox 1211 4287 1610 4349; x_wconf 88' lang='lat' dir='ltr'><strong>Aberrabant</strong></span> <span class='ocrx_word' id='word_1_472' title='bbox 1651 4286 1889 4348; x_wconf 90' lang='lat' dir='ltr'><strong>scilicet</strong></span> <span class='ocrx_word' id='word_1_473' title='bbox 1930 4305 1969 4347; x_wconf 88' lang='lat' dir='ltr'><strong>a</strong></span> <span class='ocrx_word' id='word_1_474' title='bbox 2009 4304 2158 4348; x_wconf 92' lang='lat' dir='ltr'><strong>vero</strong></span> <span class='ocrx_word' id='word_1_475' title='bbox 2202 4286 2588 4365; x_wconf 91' lang='lat' dir='ltr'><strong>longissime,</strong></span> <span class='ocrx_word' id='word_1_476' title='bbox 2634 4287 2744 4366; x_wconf 90' lang='lat' dir='ltr'><strong>qui</strong></span> <span class='ocrx_word' id='word_1_477' title='bbox 2812 4293 3014 4348; x_wconf 90' lang='lat' dir='ltr'><strong>totum</strong></span> <span class='ocrx_word' id='word_1_478' title='bbox 3088 4289 3276 4351; x_wconf 91' lang='lat' dir='ltr'><strong>fuisse</strong></span> <span class='ocrx_word' id='word_1_479' title='bbox 3319 4292 3433 4353; x_wconf 90' lang='lat' dir='ltr'><strong>abs</strong></span> <span class='ocrx_word' id='word_1_480' title='bbox 3503 4295 3650 4356; x_wconf 87' lang='lat' dir='ltr'><strong>Hie-</strong></span> 
     </span>
    </p>
   </div>
   <div class='ocr_carea' id='block_1_40' title="bbox 227 4383 3650 4468">
    <p class='ocr_par' dir='ltr' id='par_1_40' title="bbox 227 4383 3650 4468">
     <span class='ocr_line' id='line_1_40' title="bbox 227 4383 3650 4468; baseline 0.003 -22"><span class='ocrx_word' id='word_1_481' title='bbox 227 4405 508 4468; x_wconf 87' lang='lat' dir='ltr'><strong>ronymo</strong></span> <span class='ocrx_word' id='word_1_482' title='bbox 551 4387 923 4466; x_wconf 82' lang='lat' dir='ltr'><strong>Apostolum</strong></span> <span class='ocrx_word' id='word_1_483' title='bbox 969 4386 1449 4450; x_wconf 90' lang='lat' dir='ltr'><strong>Commentariis</strong></span> <span class='ocrx_word' id='word_1_484' title='bbox 1490 4385 1899 4458; x_wconf 89' lang='lat' dir='ltr'><strong>illustratum,</strong></span> <span class='ocrx_word' id='word_1_485' title='bbox 1942 4383 2074 4462; x_wconf 88' lang='lat' dir='ltr'><strong>jam</strong></span> <span class='ocrx_word' id='word_1_486' title='bbox 2137 4385 2282 4445; x_wconf 90' lang='lat' dir='ltr'><strong>inde</strong></span> <span class='ocrx_word' id='word_1_487' title='bbox 2326 4403 2364 4445; x_wconf 89' lang='lat' dir='ltr'><strong>a</strong></span> <span class='ocrx_word' id='word_1_488' title='bbox 2433 4385 2785 4447; x_wconf 87' lang='lat' dir='ltr'><strong>Cassiodori</strong></span> <span class='ocrx_word' id='word_1_489' title='bbox 2855 4393 3038 4449; x_wconf 66' lang='lat' dir='ltr'><strong>astate</strong></span> <span class='ocrx_word' id='word_1_490' title='bbox 3107 4389 3393 4452; x_wconf 89' lang='lat' dir='ltr'><strong>arbitrati</strong></span> <span class='ocrx_word' id='word_1_491' title='bbox 3465 4400 3650 4456; x_wconf 91' lang='lat' dir='ltr'><strong>sunt:</strong></span> 
     </span>
    </p>
   </div>
   <div class='ocr_carea' id='block_1_41' title="bbox 228 4483 3657 4568">
    <p class='ocr_par' dir='ltr' id='par_1_41' title="bbox 228 4483 3657 4568">
     <span class='ocr_line' id='line_1_41' title="bbox 228 4483 3657 4568; baseline 0.003 -24"><span class='ocrx_word' id='word_1_492' title='bbox 228 4484 399 4546; x_wconf 92' lang='lat' dir='ltr'><strong>unde</strong></span> <span class='ocrx_word' id='word_1_493' title='bbox 447 4483 554 4546; x_wconf 90' lang='lat' dir='ltr'><strong>hic</strong></span> <span class='ocrx_word' id='word_1_494' title='bbox 600 4485 709 4545; x_wconf 92' lang='lat' dir='ltr'><strong>diu</strong></span> <span class='ocrx_word' id='word_1_495' title='bbox 754 4485 1151 4564; x_wconf 90' lang='lat' dir='ltr'><strong>multumque</strong></span> <span class='ocrx_word' id='word_1_496' title='bbox 1195 4485 1258 4545; x_wconf 92' lang='lat' dir='ltr'><strong>in</strong></span> <span class='ocrx_word' id='word_1_497' title='bbox 1301 4484 1563 4564; x_wconf 89' lang='lat' dir='ltr'><strong>reliquis</strong></span> <span class='ocrx_word' id='word_1_498' title='bbox 1606 4483 2043 4564; x_wconf 91' lang='lat' dir='ltr'><strong>perquirendis</strong></span> <span class='ocrx_word' id='word_1_499' title='bbox 2087 4483 2319 4543; x_wconf 87' lang='lat' dir='ltr'><strong>frustra</strong></span> <span class='ocrx_word' id='word_1_500' title='bbox 2364 4483 2712 4544; x_wconf 89' lang='lat' dir='ltr'><strong>desudavit.</strong></span> <span class='ocrx_word' id='word_1_501' title='bbox 2787 4486 3122 4565; x_wconf 91' lang='lat' dir='ltr'><strong>Imposuit,</strong></span> <span class='ocrx_word' id='word_1_502' title='bbox 3196 4485 3446 4568; x_wconf 91' lang='lat' dir='ltr'><strong>opinor,</strong></span> <span class='ocrx_word' id='word_1_503' title='bbox 3519 4499 3657 4555; x_wconf 91' lang='lat' dir='ltr'><strong>stu-</strong></span> 
     </span>
    </p>
   </div>
   <div class='ocr_carea' id='block_1_42' title="bbox 233 4581 3660 4668">
    <p class='ocr_par' dir='ltr' id='par_1_42' title="bbox 233 4581 3660 4668">
     <span class='ocr_line' id='line_1_42' title="bbox 233 4581 3660 4668; baseline 0.003 -26"><span class='ocrx_word' id='word_1_504' title='bbox 233 4581 432 4644; x_wconf 90' lang='lat' dir='ltr'><strong>diosis</strong></span> <span class='ocrx_word' id='word_1_505' title='bbox 477 4583 628 4644; x_wconf 91' lang='lat' dir='ltr'><strong>viris</strong></span> <span class='ocrx_word' id='word_1_506' title='bbox 671 4583 848 4644; x_wconf 90' lang='lat' dir='ltr'><strong>locus</strong></span> <span class='ocrx_word' id='word_1_507' title='bbox 889 4583 994 4644; x_wconf 90' lang='lat' dir='ltr'><strong>ille</strong></span> <span class='ocrx_word' id='word_1_508' title='bbox 1038 4583 1286 4663; x_wconf 90' lang='lat' dir='ltr'><strong>prologi</strong></span> <span class='ocrx_word' id='word_1_509' title='bbox 1328 4583 1588 4644; x_wconf 90' lang='lat' dir='ltr'><strong>alterius</strong></span> <span class='ocrx_word' id='word_1_510' title='bbox 1630 4582 1775 4643; x_wconf 91' lang='lat' dir='ltr'><strong>libri</strong></span> <span class='ocrx_word' id='word_1_511' title='bbox 1818 4581 1880 4641; x_wconf 89' lang='lat' dir='ltr'><strong>in</strong></span> <span class='ocrx_word' id='word_1_512' title='bbox 1925 4581 2122 4660; x_wconf 89' lang='lat' dir='ltr'><strong>Epist.</strong></span> <span class='ocrx_word' id='word_1_513' title='bbox 2173 4581 2253 4642; x_wconf 90' lang='lat' dir='ltr'><strong>ad</strong></span> <span class='ocrx_word' id='word_1_514' title='bbox 2297 4582 2622 4662; x_wconf 89' lang='lat' dir='ltr'><strong>Ephesios,</strong></span> <span class='ocrx_word' id='word_1_515' title='bbox 2672 4583 2778 4644; x_wconf 89' lang='lat' dir='ltr'><strong>ubi</strong></span> <span class='ocrx_word' id='word_1_516' title='bbox 2822 4583 3110 4646; x_wconf 92' lang='lat' dir='ltr'><strong>absolute</strong></span> <span class='ocrx_word' id='word_1_517' title='bbox 3155 4586 3243 4648; x_wconf 90' lang='lat' dir='ltr'><strong>ait</strong></span> <span class='ocrx_word' id='word_1_518' title='bbox 3286 4589 3352 4650; x_wconf 93' lang='lat' dir='ltr'><strong>S.</strong></span> <span class='ocrx_word' id='word_1_519' title='bbox 3399 4592 3660 4668; x_wconf 91' lang='lat' dir='ltr'><strong>Doctor,</strong></span> 
     </span>
    </p>
   </div>
   <div class='ocr_carea' id='block_1_43' title="bbox 235 4679 3667 4764">
    <p class='ocr_par' dir='ltr' id='par_1_43' title="bbox 235 4679 3667 4764">
     <span class='ocr_line' id='line_1_43' title="bbox 235 4679 3667 4764; baseline 0.003 -22"><span class='ocrx_word' id='word_1_520' title='bbox 235 4679 434 4742; x_wconf 87' lang='lat' dir='ltr'><strong>Pauli</strong></span> <span class='ocrx_word' id='word_1_521' title='bbox 472 4681 786 4764; x_wconf 82' lang='lat' dir='ltr'><strong>Epistolas</strong></span> <span class='ocrx_word' id='word_1_522' title='bbox 829 4700 1113 4743; x_wconf 87' lang='lat' dir='ltr'><strong>conamur</strong></span> <span class='ocrx_word' id='word_1_523' title='bbox 1153 4700 1485 4762; x_wconf 73' lang='lat' dir='ltr'><strong>exponere:</strong></span> <span class='ocrx_word' id='word_1_524' title='bbox 1529 4698 1602 4741; x_wconf 89' lang='lat' dir='ltr'><strong>ac</strong></span> <span class='ocrx_word' id='word_1_525' title='bbox 1646 4679 1722 4740; x_wconf 92' lang='lat' dir='ltr'><strong>de</strong></span> <span class='ocrx_word' id='word_1_526' title='bbox 1766 4679 2072 4740; x_wconf 89' lang='lat' dir='ltr'><strong>universis</strong></span> <span class='ocrx_word' id='word_1_527' title='bbox 2114 4680 2352 4741; x_wconf 91' lang='lat' dir='ltr'><strong>dictum</strong></span> <span class='ocrx_word' id='word_1_528' title='bbox 2399 4688 2801 4761; x_wconf 88' lang='lat' dir='ltr'><strong>acceperunt,</strong></span> <span class='ocrx_word' id='word_1_529' title='bbox 2850 4683 3022 4761; x_wconf 91' lang='lat' dir='ltr'><strong>quod</strong></span> <span class='ocrx_word' id='word_1_530' title='bbox 3064 4683 3169 4746; x_wconf 92' lang='lat' dir='ltr'><strong>ille</strong></span> <span class='ocrx_word' id='word_1_531' title='bbox 3214 4685 3291 4747; x_wconf 91' lang='lat' dir='ltr'><strong>de</strong></span> <span class='ocrx_word' id='word_1_532' title='bbox 3336 4686 3435 4749; x_wconf 91' lang='lat' dir='ltr'><strong>his</strong></span> <span class='ocrx_word' id='word_1_533' title='bbox 3479 4690 3667 4754; x_wconf 91' lang='lat' dir='ltr'><strong>modo</strong></span> 
     </span>
    </p>
   </div>
   <div class='ocr_carea' id='block_1_44' title="bbox 235 4777 3674 4865">
    <p class='ocr_par' dir='ltr' id='par_1_44' title="bbox 235 4777 3674 4865">
     <span class='ocr_line' id='line_1_44' title="bbox 235 4777 3674 4865; baseline 0.003 -26"><span class='ocrx_word' id='word_1_534' title='bbox 235 4797 398 4857; x_wconf 89' lang='lat' dir='ltr'><strong>quas</strong></span> <span class='ocrx_word' id='word_1_535' title='bbox 445 4780 729 4842; x_wconf 85' lang='lat' dir='ltr'><strong>habebat</strong></span> <span class='ocrx_word' id='word_1_536' title='bbox 772 4797 902 4859; x_wconf 67' lang='lat' dir='ltr'><strong>prm</strong></span> <span class='ocrx_word' id='word_1_537' title='bbox 948 4779 1261 4852; x_wconf 89' lang='lat' dir='ltr'><strong>manibus,</strong></span> <span class='ocrx_word' id='word_1_538' title='bbox 1309 4779 1487 4840; x_wconf 89' lang='lat' dir='ltr'><strong>dixit.</strong></span> <span class='ocrx_word' id='word_1_539' title='bbox 1534 4778 1879 4839; x_wconf 81' lang='lat' dir='ltr'><strong>Accesserit</strong></span> <span class='ocrx_word' id='word_1_540' title='bbox 1922 4777 2002 4839; x_wconf 87' lang='lat' dir='ltr'><strong>ad</strong></span> <span class='ocrx_word' id='word_1_541' title='bbox 2045 4777 2332 4839; x_wconf 92' lang='lat' dir='ltr'><strong>fraudem</strong></span> <span class='ocrx_word' id='word_1_542' title='bbox 2380 4779 2729 4840; x_wconf 86' lang='lat' dir='ltr'><strong>faciendam</strong></span> <span class='ocrx_word' id='word_1_543' title='bbox 2776 4781 2934 4842; x_wconf 85' lang='lat' dir='ltr'><strong>falso</strong></span> <span class='ocrx_word' id='word_1_544' title='bbox 3017 4783 3082 4842; x_wconf 91' lang='lat' dir='ltr'><strong>in</strong></span> <span class='ocrx_word' id='word_1_545' title='bbox 3147 4785 3426 4865; x_wconf 91' lang='lat' dir='ltr'><strong>antiquis</strong></span> <span class='ocrx_word' id='word_1_546' title='bbox 3497 4787 3674 4851; x_wconf 91' lang='lat' dir='ltr'><strong>libris</strong></span> 
     </span>
    </p>
   </div>
   <div class='ocr_carea' id='block_1_45' title="bbox 235 4875 3674 4966">
    <p class='ocr_par' dir='ltr' id='par_1_45' title="bbox 235 4875 3674 4966">
     <span class='ocr_line' id='line_1_45' title="bbox 235 4875 3674 4966; baseline 0.003 -30"><span class='ocrx_word' id='word_1_547' title='bbox 235 4877 629 4959; x_wconf 84' lang='lat' dir='ltr'><strong>Hieronymo</strong></span> <span class='ocrx_word' id='word_1_548' title='bbox 673 4877 984 4958; x_wconf 88' lang='lat' dir='ltr'><strong>ascriptus</strong></span> <span class='ocrx_word' id='word_1_549' title='bbox 1029 4876 1502 4939; x_wconf 84' lang='lat' dir='ltr'><strong>Commentarius</strong></span> <span class='ocrx_word' id='word_1_550' title='bbox 1547 4896 1608 4935; x_wconf 73' lang='lat' dir='ltr'><strong>in</strong></span> <span class='ocrx_word' id='word_1_551' title='bbox 1651 4895 1845 4936; x_wconf 85' lang='lat' dir='ltr'><strong>omnes</strong></span> <span class='ocrx_word' id='word_1_552' title='bbox 1891 4875 2082 4937; x_wconf 83' lang='lat' dir='ltr'><strong>Pauli</strong></span> <span class='ocrx_word' id='word_1_553' title='bbox 2117 4876 2448 4958; x_wconf 87' lang='lat' dir='ltr'><strong>Epistolas,</strong></span> <span class='ocrx_word' id='word_1_554' title='bbox 2481 4877 2590 4939; x_wconf 90' lang='lat' dir='ltr'><strong>illa</strong></span> <span class='ocrx_word' id='word_1_555' title='bbox 2635 4896 2776 4958; x_wconf 71' lang='lat' dir='ltr'><strong>qua:</strong></span> <span class='ocrx_word' id='word_1_556' title='bbox 2801 4885 2894 4939; x_wconf 92' lang='lat' dir='ltr'><strong>est</strong></span> <span class='ocrx_word' id='word_1_557' title='bbox 2937 4879 3017 4940; x_wconf 89' lang='lat' dir='ltr'><strong>ad</strong></span> <span class='ocrx_word' id='word_1_558' title='bbox 3040 4881 3336 4944; x_wconf 64' lang='lat' dir='ltr'><strong>Hebraeos</strong></span> <span class='ocrx_word' id='word_1_559' title='bbox 3368 4892 3674 4966; x_wconf 86' lang='lat' dir='ltr'><strong>excepta:</strong></span> 
     </span>
    </p>
   </div>
   <div class='ocr_carea' id='block_1_46' title="bbox 245 4974 3683 5078">
    <p class='ocr_par' dir='ltr' id='par_1_46' title="bbox 245 4974 3683 5078">
     <span class='ocr_line' id='line_1_46' title="bbox 245 4974 3683 5078; baseline 0.003 -41"><span class='ocrx_word' id='word_1_560' title='bbox 245 4977 686 5078; x_wconf 4' lang='lat' dir='ltr'><strong>quodq-tamen</strong></span> <span class='ocrx_word' id='word_1_561' title='bbox 726 4980 902 5078; x_wconf 69' lang='lat' dir='ltr'><strong>qus</strong></span> <span class='ocrx_word' id='word_1_562' title='bbox 946 4982 1190 5078; x_wconf 87' lang='lat' dir='ltr'><strong>tantum</strong></span> <span class='ocrx_word' id='word_1_563' title='bbox 1235 4977 1414 5078; x_wconf 81' lang='lat' dir='ltr'><strong>abest</strong></span> <span class='ocrx_word' id='word_1_564' title='bbox 1459 4981 1531 5078; x_wconf 76' lang='lat' dir='ltr'><strong>ut</strong></span> <span class='ocrx_word' id='word_1_565' title='bbox 1569 4974 2294 5078; x_wconf 27' lang='lat' dir='ltr'><strong>Hieronymipq‘uinimo</strong></span> <span class='ocrx_word' id='word_1_566' title='bbox 2338 4976 2418 5078; x_wconf 80' lang='lat' dir='ltr'><strong>sit</strong></span> <span class='ocrx_word' id='word_1_567' title='bbox 2466 4976 2892 5078; x_wconf 73' lang='lat' dir='ltr'><strong>infensissimi</strong></span> <span class='ocrx_word' id='word_1_568' title='bbox 2963 4977 3101 5056; x_wconf 88' lang='lat' dir='ltr'><strong>ejus</strong></span> <span class='ocrx_word' id='word_1_569' title='bbox 3168 4980 3366 5042; x_wconf 92' lang='lat' dir='ltr'><strong>hostis</strong></span> <span class='ocrx_word' id='word_1_570' title='bbox 3437 4985 3683 5078; x_wconf 67' lang='lat' dir='ltr'><strong>Pelagii</strong></span> 
     </span>
    </p>
   </div>
   <div class='ocr_carea' id='block_1_47' title="bbox 234 5071 3685 5161">
    <p class='ocr_par' dir='ltr' id='par_1_47' title="bbox 234 5071 3685 5161">
     <span class='ocr_line' id='line_1_47' title="bbox 234 5071 3685 5161; baseline 0.003 -27"><span class='ocrx_word' id='word_1_571' title='bbox 234 5074 468 5136; x_wconf 91' lang='lat' dir='ltr'><strong>nefarii</strong></span> <span class='ocrx_word' id='word_1_572' title='bbox 515 5074 980 5149; x_wconf 61' lang='lat' dir='ltr'><strong>haeresiarchas,</strong></span> <span class='ocrx_word' id='word_1_573' title='bbox 1027 5075 1208 5154; x_wconf 90' lang='lat' dir='ltr'><strong>cujus</strong></span> <span class='ocrx_word' id='word_1_574' title='bbox 1251 5075 1332 5135; x_wconf 88' lang='lat' dir='ltr'><strong>ad</strong></span> <span class='ocrx_word' id='word_1_575' title='bbox 1375 5071 1818 5135; x_wconf 89' lang='lat' dir='ltr'><strong>declinandam</strong></span> <span class='ocrx_word' id='word_1_576' title='bbox 1863 5071 2166 5134; x_wconf 89' lang='lat' dir='ltr'><strong>invidiam</strong></span> <span class='ocrx_word' id='word_1_577' title='bbox 2241 5074 2538 5148; x_wconf 90' lang='lat' dir='ltr'><strong>nominis,</strong></span> <span class='ocrx_word' id='word_1_578' title='bbox 2603 5075 3163 5155; x_wconf 86' lang='lat' dir='ltr'><strong>Hieronymianum</strong></span> <span class='ocrx_word' id='word_1_579' title='bbox 3225 5071 3685 5161; x_wconf 57' lang='lat' dir='ltr'><strong>substitueruni</strong></span> 
     </span>
    </p>
   </div>
   <div class='ocr_carea' id='block_1_48' title="bbox 235 5171 3678 5253">
    <p class='ocr_par' dir='ltr' id='par_1_48' title="bbox 235 5171 3678 5253">
     <span class='ocr_line' id='line_1_48' title="bbox 235 5171 3678 5253; baseline 0.003 -23"><span class='ocrx_word' id='word_1_580' title='bbox 235 5171 516 5248; x_wconf 88' lang='lat' dir='ltr'><strong>librarii,</strong></span> <span class='ocrx_word' id='word_1_581' title='bbox 566 5191 836 5252; x_wconf 92' lang='lat' dir='ltr'><strong>quorum</strong></span> <span class='ocrx_word' id='word_1_582' title='bbox 882 5178 944 5234; x_wconf 93' lang='lat' dir='ltr'><strong>et</strong></span> <span class='ocrx_word' id='word_1_583' title='bbox 986 5172 1463 5234; x_wconf 90' lang='lat' dir='ltr'><strong>vendibiliorem</strong></span> <span class='ocrx_word' id='word_1_584' title='bbox 1509 5190 1642 5232; x_wconf 89' lang='lat' dir='ltr'><strong>esse</strong></span> <span class='ocrx_word' id='word_1_585' title='bbox 1688 5189 1960 5231; x_wconf 92' lang='lat' dir='ltr'><strong>mercem</strong></span> <span class='ocrx_word' id='word_1_586' title='bbox 2035 5171 2358 5233; x_wconf 89' lang='lat' dir='ltr'><strong>intererat.</strong></span> <span class='ocrx_word' id='word_1_587' title='bbox 2405 5173 2525 5235; x_wconf 92' lang='lat' dir='ltr'><strong>Sed</strong></span> <span class='ocrx_word' id='word_1_588' title='bbox 2587 5173 2964 5251; x_wconf 85' lang='lat' dir='ltr'><strong>jamdudum</strong></span> <span class='ocrx_word' id='word_1_589' title='bbox 3009 5177 3230 5238; x_wconf 91' lang='lat' dir='ltr'><strong>fraude</strong></span> <span class='ocrx_word' id='word_1_590' title='bbox 3301 5178 3566 5253; x_wconf 90' lang='lat' dir='ltr'><strong>detecta,</strong></span> <span class='ocrx_word' id='word_1_591' title='bbox 3613 5180 3678 5240; x_wconf 90' lang='lat' dir='ltr'><strong>in</strong></span> 
     </span>
    </p>
   </div>
   <div class='ocr_carea' id='block_1_49' title="bbox 239 5269 3680 5350">
    <p class='ocr_par' dir='ltr' id='par_1_49' title="bbox 239 5269 3680 5350">
     <span class='ocr_line' id='line_1_49' title="bbox 239 5269 3680 5350; baseline 0.002 -19"><span class='ocrx_word' id='word_1_592' title='bbox 239 5277 647 5349; x_wconf 89' lang='lat' dir='ltr'><strong>postremum</strong></span> <span class='ocrx_word' id='word_1_593' title='bbox 693 5276 896 5332; x_wconf 90' lang='lat' dir='ltr'><strong>totum</strong></span> <span class='ocrx_word' id='word_1_594' title='bbox 941 5271 1106 5332; x_wconf 92' lang='lat' dir='ltr'><strong>inter</strong></span> <span class='ocrx_word' id='word_1_595' title='bbox 1149 5269 1549 5350; x_wconf 90' lang='lat' dir='ltr'><strong>supposititia</strong></span> <span class='ocrx_word' id='word_1_596' title='bbox 1595 5269 2011 5330; x_wconf 90' lang='lat' dir='ltr'><strong>amandatum</strong></span> <span class='ocrx_word' id='word_1_597' title='bbox 2058 5275 2170 5345; x_wconf 86' lang='lat' dir='ltr'><strong>est,</strong></span> <span class='ocrx_word' id='word_1_598' title='bbox 2223 5289 2464 5349; x_wconf 90' lang='lat' dir='ltr'><strong>nosque</strong></span> <span class='ocrx_word' id='word_1_599' title='bbox 2520 5271 2608 5331; x_wconf 91' lang='lat' dir='ltr'><strong>ibi</strong></span> <span class='ocrx_word' id='word_1_600' title='bbox 2651 5290 2764 5332; x_wconf 93' lang='lat' dir='ltr'><strong>suo</strong></span> <span class='ocrx_word' id='word_1_601' title='bbox 2810 5274 3272 5336; x_wconf 91' lang='lat' dir='ltr'><strong>recensebimus</strong></span> <span class='ocrx_word' id='word_1_602' title='bbox 3339 5276 3500 5338; x_wconf 92' lang='lat' dir='ltr'><strong>loco.</strong></span> <span class='ocrx_word' id='word_1_603' title='bbox 3570 5275 3680 5338; x_wconf 89' lang='lat' dir='ltr'><strong>His</strong></span> 
     </span>
    </p>
   </div>
   <div class='ocr_carea' id='block_1_50' title="bbox 233 5367 3676 5451">
    <p class='ocr_par' dir='ltr' id='par_1_50' title="bbox 233 5367 3676 5451">
     <span class='ocr_line' id='line_1_50' title="bbox 233 5367 3676 5451; baseline 0.003 -23"><span class='ocrx_word' id='word_1_604' title='bbox 233 5367 446 5447; x_wconf 92' lang='lat' dir='ltr'><strong>igitur</strong></span> <span class='ocrx_word' id='word_1_605' title='bbox 494 5374 770 5446; x_wconf 91' lang='lat' dir='ltr'><strong>quatuor</strong></span> <span class='ocrx_word' id='word_1_606' title='bbox 812 5370 1126 5430; x_wconf 89' lang='lat' dir='ltr'><strong>duntaxat</strong></span> <span class='ocrx_word' id='word_1_607' title='bbox 1170 5368 1560 5448; x_wconf 68' lang='lat' dir='ltr'><strong>explicandis</strong></span> <span class='ocrx_word' id='word_1_608' title='bbox 1604 5367 1980 5428; x_wconf 89' lang='lat' dir='ltr'><strong>industriam</strong></span> <span class='ocrx_word' id='word_1_609' title='bbox 2025 5387 2202 5429; x_wconf 91' lang='lat' dir='ltr'><strong>suam</strong></span> <span class='ocrx_word' id='word_1_610' title='bbox 2276 5370 2568 5448; x_wconf 88' lang='lat' dir='ltr'><strong>probavit</strong></span> <span class='ocrx_word' id='word_1_611' title='bbox 2639 5371 3079 5451; x_wconf 86' lang='lat' dir='ltr'><strong>Hieronymus.</strong></span> <span class='ocrx_word' id='word_1_612' title='bbox 3152 5374 3248 5435; x_wconf 79' lang='lat' dir='ltr'><strong>Ab</strong></span> <span class='ocrx_word' id='word_1_613' title='bbox 3318 5392 3391 5434; x_wconf 90' lang='lat' dir='ltr'><strong>ea</strong></span> <span class='ocrx_word' id='word_1_614' title='bbox 3461 5379 3676 5437; x_wconf 88' lang='lat' dir='ltr'><strong>autem</strong></span> 
     </span>
    </p>
   </div>
   <div class='ocr_carea' id='block_1_51' title="bbox 238 5465 3678 5544">
    <p class='ocr_par' dir='ltr' id='par_1_51' title="bbox 238 5465 3678 5544">
     <span class='ocr_line' id='line_1_51' title="bbox 238 5465 3678 5544; baseline 0.003 -17"><span class='ocrx_word' id='word_1_615' title='bbox 238 5483 383 5544; x_wconf 77' lang='lat' dir='ltr'><strong>quae</strong></span> <span class='ocrx_word' id='word_1_616' title='bbox 439 5465 672 5527; x_wconf 90' lang='lat' dir='ltr'><strong>ultimo</strong></span> <span class='ocrx_word' id='word_1_617' title='bbox 715 5466 855 5528; x_wconf 88' lang='lat' dir='ltr'><strong>loco</strong></span> <span class='ocrx_word' id='word_1_618' title='bbox 900 5473 1036 5529; x_wconf 90' lang='lat' dir='ltr'><strong>erat</strong></span> <span class='ocrx_word' id='word_1_619' title='bbox 1078 5467 1158 5528; x_wconf 87' lang='lat' dir='ltr'><strong>ad</strong></span> <span class='ocrx_word' id='word_1_620' title='bbox 1200 5467 1659 5540; x_wconf 91' lang='lat' dir='ltr'><strong>Philemonem,</strong></span> <span class='ocrx_word' id='word_1_621' title='bbox 1709 5465 1956 5526; x_wconf 89' lang='lat' dir='ltr'><strong>initium</strong></span> <span class='ocrx_word' id='word_1_622' title='bbox 2003 5466 2318 5528; x_wconf 89' lang='lat' dir='ltr'><strong>scribendi</strong></span> <span class='ocrx_word' id='word_1_623' title='bbox 2362 5468 2531 5539; x_wconf 89' lang='lat' dir='ltr'><strong>fecit,</strong></span> <span class='ocrx_word' id='word_1_624' title='bbox 2578 5474 2650 5530; x_wconf 91' lang='lat' dir='ltr'><strong>ut</strong></span> <span class='ocrx_word' id='word_1_625' title='bbox 2693 5487 2933 5532; x_wconf 90' lang='lat' dir='ltr'><strong>morem</strong></span> <span class='ocrx_word' id='word_1_626' title='bbox 2983 5473 3189 5533; x_wconf 65' lang='lat' dir='ltr'><strong>Paulae</strong></span> <span class='ocrx_word' id='word_1_627' title='bbox 3233 5477 3295 5531; x_wconf 90' lang='lat' dir='ltr'><strong>et</strong></span> <span class='ocrx_word' id='word_1_628' title='bbox 3335 5471 3678 5538; x_wconf 88' lang='lat' dir='ltr'><strong>Eustochio</strong></span> 
     </span>
    </p>
   </div>
   <div class='ocr_carea' id='block_1_52' title="bbox 243 5564 3682 5653">
    <p class='ocr_par' dir='ltr' id='par_1_52' title="bbox 243 5564 3682 5653">
     <span class='ocr_line' id='line_1_52' title="bbox 243 5564 3682 5653; baseline 0.004 -29"><span class='ocrx_word' id='word_1_629' title='bbox 243 5570 542 5643; x_wconf 89' lang='lat' dir='ltr'><strong>gereret:</strong></span> <span class='ocrx_word' id='word_1_630' title='bbox 594 5582 735 5642; x_wconf 56' lang='lat' dir='ltr'><strong>quae</strong></span> <span class='ocrx_word' id='word_1_631' title='bbox 777 5572 848 5626; x_wconf 93' lang='lat' dir='ltr'><strong>ut</strong></span> <span class='ocrx_word' id='word_1_632' title='bbox 888 5566 1022 5646; x_wconf 92' lang='lat' dir='ltr'><strong>ipse</strong></span> <span class='ocrx_word' id='word_1_633' title='bbox 1067 5566 1260 5627; x_wconf 89' lang='lat' dir='ltr'><strong>tradit</strong></span> <span class='ocrx_word' id='word_1_634' title='bbox 1301 5565 1520 5645; x_wconf 91' lang='lat' dir='ltr'><strong>primis</strong></span> <span class='ocrx_word' id='word_1_635' title='bbox 1563 5564 2016 5627; x_wconf 85' lang='lat' dir='ltr'><strong>Commentarii</strong></span> <span class='ocrx_word' id='word_1_636' title='bbox 2061 5565 2307 5637; x_wconf 81' lang='lat' dir='ltr'><strong>verbis,-</strong></span> <span class='ocrx_word' id='word_1_637' title='bbox 2338 5572 2731 5627; x_wconf 90' lang='lat' dir='ltr'><strong>recusantem</strong></span> <span class='ocrx_word' id='word_1_638' title='bbox 2777 5586 2842 5628; x_wconf 92' lang='lat' dir='ltr'><strong>se</strong></span> <span class='ocrx_word' id='word_1_639' title='bbox 2886 5568 3116 5629; x_wconf 83' lang='lat' dir='ltr'><strong>obnixe</strong></span> <span class='ocrx_word' id='word_1_640' title='bbox 3158 5568 3223 5626; x_wconf 89' lang='lat' dir='ltr'><strong>in</strong></span> <span class='ocrx_word' id='word_1_641' title='bbox 3288 5569 3468 5632; x_wconf 89' lang='lat' dir='ltr'><strong>Pauli</strong></span> <span class='ocrx_word' id='word_1_642' title='bbox 3529 5575 3682 5653; x_wconf 86' lang='lat' dir='ltr'><strong>Epi-</strong></span> 
     </span>
    </p>
   </div>
   <div class='ocr_carea' id='block_1_53' title="bbox 187 5661 3688 5746">
    <p class='ocr_par' dir='ltr' id='par_1_53' title="bbox 187 5661 3688 5746">
     <span class='ocr_line' id='line_1_53' title="bbox 187 5661 3688 5746; baseline 0.004 -24"><span class='ocrx_word' id='word_1_643' title='bbox 187 5691 192 5694; x_wconf 89' lang='lat'><strong><em>-</em></strong></span> <span class='ocrx_word' id='word_1_644' title='bbox 243 5663 443 5724; x_wconf 83' lang='lat' dir='ltr'><strong>stolas</strong></span> <span class='ocrx_word' id='word_1_645' title='bbox 491 5661 794 5738; x_wconf 90' lang='lat' dir='ltr'><strong>scribere,</strong></span> <span class='ocrx_word' id='word_1_646' title='bbox 842 5662 1047 5725; x_wconf 83' lang='lat' dir='ltr'><strong>saltem</strong></span> <span class='ocrx_word' id='word_1_647' title='bbox 1087 5683 1364 5746; x_wconf 87' lang='lat' dir='ltr'><strong>parvam,</strong></span> <span class='ocrx_word' id='word_1_648' title='bbox 1412 5673 1469 5724; x_wconf 89' lang='lat' dir='ltr'><strong>et</strong></span> <span class='ocrx_word' id='word_1_649' title='bbox 1508 5682 1640 5746; x_wconf 65' lang='lat' dir='ltr'><strong>quae</strong></span> <span class='ocrx_word' id='word_1_650' title='bbox 1681 5672 1748 5724; x_wconf 93' lang='lat' dir='ltr'><strong>ut</strong></span> <span class='ocrx_word' id='word_1_651' title='bbox 1787 5681 2030 5724; x_wconf 84' lang='lat' dir='ltr'><strong>numero</strong></span> <span class='ocrx_word' id='word_1_652' title='bbox 2074 5682 2370 5738; x_wconf 85' lang='lat' dir='ltr'><strong>versuum,</strong></span> <span class='ocrx_word' id='word_1_653' title='bbox 2418 5665 2504 5725; x_wconf 88' lang='lat' dir='ltr'><strong>ita</strong></span> <span class='ocrx_word' id='word_1_654' title='bbox 2545 5683 2713 5726; x_wconf 85' lang='lat' dir='ltr'><strong>sensu</strong></span> <span class='ocrx_word' id='word_1_655' title='bbox 2774 5685 3006 5746; x_wconf 80' lang='lat' dir='ltr'><strong>quoque</strong></span> <span class='ocrx_word' id='word_1_656' title='bbox 3047 5675 3102 5725; x_wconf 86' lang='lat' dir='ltr'><strong>et</strong></span> <span class='ocrx_word' id='word_1_657' title='bbox 3169 5665 3380 5730; x_wconf 85' lang='lat' dir='ltr'><strong>ordine</strong></span> <span class='ocrx_word' id='word_1_658' title='bbox 3448 5670 3688 5735; x_wconf 88' lang='lat' dir='ltr'><strong>videba-</strong></span> 
     </span>
    </p>
   </div>
   <div class='ocr_carea' id='block_1_54' title="bbox 243 5761 3694 5845">
    <p class='ocr_par' dir='ltr' id='par_1_54' title="bbox 243 5761 3694 5845">
     <span class='ocr_line' id='line_1_54' title="bbox 243 5761 3694 5845; baseline 0.003 -23"><span class='ocrx_word' id='word_1_659' title='bbox 243 5768 344 5822; x_wconf 86' lang='lat' dir='ltr'><strong>tur</strong></span> <span class='ocrx_word' id='word_1_660' title='bbox 386 5772 688 5836; x_wconf 73' lang='lat' dir='ltr'><strong>extrema,</strong></span> <span class='ocrx_word' id='word_1_661' title='bbox 725 5771 790 5823; x_wconf 87' lang='lat' dir='ltr'><strong>ut</strong></span> <span class='ocrx_word' id='word_1_662' title='bbox 830 5761 1144 5824; x_wconf 87' lang='lat' dir='ltr'><strong>dissereret</strong></span> <span class='ocrx_word' id='word_1_663' title='bbox 1184 5771 1518 5844; x_wconf 86' lang='lat' dir='ltr'><strong>coegerunt.</strong></span> <span class='ocrx_word' id='word_1_664' title='bbox 1605 5763 1866 5825; x_wconf 80' lang='lat' dir='ltr'><strong>Brevem</strong></span> <span class='ocrx_word' id='word_1_665' title='bbox 1912 5761 2196 5824; x_wconf 89' lang='lat' dir='ltr'><strong>libellum</strong></span> <span class='ocrx_word' id='word_1_666' title='bbox 2243 5781 2394 5837; x_wconf 89' lang='lat' dir='ltr'><strong>una,</strong></span> <span class='ocrx_word' id='word_1_667' title='bbox 2441 5769 2510 5824; x_wconf 91' lang='lat' dir='ltr'><strong>ut</strong></span> <span class='ocrx_word' id='word_1_668' title='bbox 2582 5783 2696 5845; x_wconf 91' lang='lat' dir='ltr'><strong>par</strong></span> <span class='ocrx_word' id='word_1_669' title='bbox 2766 5770 2858 5825; x_wconf 91' lang='lat' dir='ltr'><strong>est</strong></span> <span class='ocrx_word' id='word_1_670' title='bbox 2909 5764 3185 5840; x_wconf 89' lang='lat' dir='ltr'><strong>credere,</strong></span> <span class='ocrx_word' id='word_1_671' title='bbox 3259 5767 3694 5834; x_wconf 87' lang='lat' dir='ltr'><strong>lucubratiun-</strong></span> 
     </span>
    </p>
   </div>
   <div class='ocr_carea' id='block_1_55' title="bbox 245 5853 3702 5943">
    <p class='ocr_par' dir='ltr' id='par_1_55' title="bbox 245 5853 3702 5943">
     <span class='ocr_line' id='line_1_55' title="bbox 245 5853 3702 5943; baseline 0.004 -22"><span class='ocrx_word' id='word_1_672' title='bbox 245 5860 390 5923; x_wconf 92' lang='lat' dir='ltr'><strong>cula</strong></span> <span class='ocrx_word' id='word_1_673' title='bbox 435 5860 758 5923; x_wconf 86' lang='lat' dir='ltr'><strong>absolvit:</strong></span> <span class='ocrx_word' id='word_1_674' title='bbox 805 5860 1148 5940; x_wconf 89' lang='lat' dir='ltr'><strong>statimque</strong></span> <span class='ocrx_word' id='word_1_675' title='bbox 1181 5853 1274 5924; x_wconf 76' lang='lat' dir='ltr'><strong>ad</strong></span> <span class='ocrx_word' id='word_1_676' title='bbox 1318 5880 1478 5943; x_wconf 80' lang='lat' dir='ltr'><strong>eam</strong></span> <span class='ocrx_word' id='word_1_677' title='bbox 1505 5862 1752 5922; x_wconf 89' lang='lat' dir='ltr'><strong>transiit</strong></span> <span class='ocrx_word' id='word_1_678' title='bbox 1795 5861 2260 5940; x_wconf 87' lang='lat' dir='ltr'><strong>exponendam,</strong></span> <span class='ocrx_word' id='word_1_679' title='bbox 2306 5880 2449 5941; x_wconf 65' lang='lat' dir='ltr'><strong>quae</strong></span> <span class='ocrx_word' id='word_1_680' title='bbox 2495 5861 2731 5924; x_wconf 87' lang='lat' dir='ltr'><strong>Galatis</strong></span> <span class='ocrx_word' id='word_1_681' title='bbox 2772 5862 3076 5942; x_wconf 89' lang='lat' dir='ltr'><strong>inscripta</strong></span> <span class='ocrx_word' id='word_1_682' title='bbox 3124 5871 3255 5927; x_wconf 90' lang='lat' dir='ltr'><strong>est:</strong></span> <span class='ocrx_word' id='word_1_683' title='bbox 3332 5866 3528 5930; x_wconf 83' lang='lat' dir='ltr'><strong>Pauci</strong></span> <span class='ocrx_word' id='word_1_684' title='bbox 3593 5868 3702 5935; x_wconf 87' lang='lat' dir='ltr'><strong>ad.</strong></span> 
     </span>
    </p>
   </div>
   <div class='ocr_carea' id='block_1_56' title="bbox 247 5958 3693 6044">
    <p class='ocr_par' dir='ltr' id='par_1_56' title="bbox 247 5958 3693 6044">
     <span class='ocr_line' id='line_1_56' title="bbox 247 5958 3693 6044; baseline 0.003 -25"><span class='ocrx_word' id='word_1_685' title='bbox 247 5958 520 6034; x_wconf 85' lang='lat' dir='ltr'><strong>modum,</strong></span> <span class='ocrx_word' id='word_1_686' title='bbox 569 5959 660 6021; x_wconf 87' lang='lat' dir='ltr'><strong>ait</strong></span> <span class='ocrx_word' id='word_1_687' title='bbox 700 5960 834 6040; x_wconf 90' lang='lat' dir='ltr'><strong>ipse</strong></span> <span class='ocrx_word' id='word_1_688' title='bbox 878 5959 941 6020; x_wconf 92' lang='lat' dir='ltr'><strong>in</strong></span> <span class='ocrx_word' id='word_1_689' title='bbox 985 5959 1280 6040; x_wconf 89' lang='lat' dir='ltr'><strong>prologo,</strong></span> <span class='ocrx_word' id='word_1_690' title='bbox 1325 5959 1449 6022; x_wconf 84' lang='lat' dir='ltr'><strong>dies</strong></span> <span class='ocrx_word' id='word_1_691' title='bbox 1489 5970 1647 6030; x_wconf 86' lang='lat' dir='ltr'><strong>sunt,</strong></span> <span class='ocrx_word' id='word_1_692' title='bbox 1693 5979 1768 6020; x_wconf 74' lang='lat' dir='ltr'><strong><em>ex</em></strong></span> <span class='ocrx_word' id='word_1_693' title='bbox 1809 5978 1926 6040; x_wconf 85' lang='lat' dir='ltr'><strong>quo</strong></span> <span class='ocrx_word' id='word_1_694' title='bbox 1969 5959 2311 6041; x_wconf 84' lang='lat' dir='ltr'><strong>Epistolam</strong></span> <span class='ocrx_word' id='word_1_695' title='bbox 2381 5961 2571 6021; x_wconf 82' lang='lat' dir='ltr'><strong>Pauli</strong></span> <span class='ocrx_word' id='word_1_696' title='bbox 2631 5958 2715 6021; x_wconf 87' lang='lat' dir='ltr'><strong>ad</strong></span> <span class='ocrx_word' id='word_1_697' title='bbox 2769 5959 3174 6024; x_wconf 81' lang='lat' dir='ltr'><strong>Philemonem</strong></span> <span class='ocrx_word' id='word_1_698' title='bbox 3246 5965 3693 6044; x_wconf 65' lang='lat' dir='ltr'><strong>interpretatus,</strong></span> 
     </span>
    </p>
   </div>
   <div class='ocr_carea' id='block_1_57' title="bbox 248 6056 3693 6145">
    <p class='ocr_par' dir='ltr' id='par_1_57' title="bbox 248 6056 3693 6145">
     <span class='ocr_line' id='line_1_57' title="bbox 248 6056 3693 6145; baseline 0.001 -23"><span class='ocrx_word' id='word_1_699' title='bbox 248 6058 330 6122; x_wconf 87' lang='lat' dir='ltr'><strong>ad</strong></span> <span class='ocrx_word' id='word_1_700' title='bbox 373 6059 640 6125; x_wconf 80' lang='lat' dir='ltr'><strong>Galatas</strong></span> <span class='ocrx_word' id='word_1_701' title='bbox 682 6060 1187 6127; x_wconf 81' lang='lat' dir='ltr'><strong>transcenderam.</strong></span> <span class='ocrx_word' id='word_1_702' title='bbox 1230 6059 1458 6135; x_wconf 84' lang='lat' dir='ltr'><strong>Tribus</strong></span> <span class='ocrx_word' id='word_1_703' title='bbox 1499 6078 1660 6145; x_wconf 84' lang='lat' dir='ltr'><strong>opus</strong></span> <span class='ocrx_word' id='word_1_704' title='bbox 1701 6057 1873 6124; x_wconf 88' lang='lat' dir='ltr'><strong>istud</strong></span> <span class='ocrx_word' id='word_1_705' title='bbox 1915 6056 2092 6126; x_wconf 84' lang='lat' dir='ltr'><strong>libris</strong></span> <span class='ocrx_word' id='word_1_706' title='bbox 2133 6057 2636 6142; x_wconf 88' lang='lat' dir='ltr'><strong>comprehendit,</strong></span> <span class='ocrx_word' id='word_1_707' title='bbox 2682 6057 2749 6122; x_wconf 91' lang='lat' dir='ltr'><strong>in</strong></span> <span class='ocrx_word' id='word_1_708' title='bbox 2789 6060 3020 6140; x_wconf 90' lang='lat' dir='ltr'><strong>quibus</strong></span> <span class='ocrx_word' id='word_1_709' title='bbox 3064 6069 3134 6125; x_wconf 88' lang='lat' dir='ltr'><strong>ut</strong></span> <span class='ocrx_word' id='word_1_710' title='bbox 3177 6062 3302 6125; x_wconf 90' lang='lat' dir='ltr'><strong>sint</strong></span> <span class='ocrx_word' id='word_1_711' title='bbox 3358 6079 3509 6125; x_wconf 88' lang='lat' dir='ltr'><strong>sane</strong></span> <span class='ocrx_word' id='word_1_712' title='bbox 3552 6081 3693 6129; x_wconf 82' lang='lat' dir='ltr'><strong>om.</strong></span> 
     </span>
    </p>
   </div>
  </div>
