4182 6588
579 503 650 558 15
1813 497 1878 556 S.
1925 497 2236 559 EUSEBII
2285 496 2728 558 HlEllONYMI
3903 495 3981 554 16

565 631 674 691 nia
717 648 859 710 quae
903 635 1126 690 auctor
1167 629 1472 702 edisserit,
1522 629 1698 690 utilia
1742 649 1883 690 cum
1931 631 2150 709 primis
2193 637 2382 709 atque
2426 632 2717 703 illustria,
2763 631 3022 709 insignis
3084 632 3188 691 ille
3252 632 3832 709 przemonstrandus
3876 640 3975 694 est

562 729 762 804 locus,
812 728 918 788 ubi
962 728 1042 788 ad
1087 746 1226 806 cap.
1273 744 1316 800 ι,
1363 746 1521 787 vers.
1568 731 1626 801 4,
1676 727 1752 787 de
1797 721 1946 800 ειη
1988 730 2162 789 varia
2205 728 2674 806 significatione
2717 735 2779 788 et
2821 729 3131 806 scriptura
3174 729 3502 806 disputat:
3552 747 3680 806 quo
3725 748 3851 790 uno
3895 729 3975 790 ab

559 826 804 888 enormi
846 825 1166 887 luxatione
1210 844 1376 886 nunc
1425 826 1693 904 primum
1738 845 1775 886 a
1818 826 1999 886 nobis
2042 827 2351 896 restituto,
2402 846 2584 886 verus
2635 829 2910 898 tandem,
2960 827 3134 906 isque
3207 827 3709 903 elegantissimus
3768 828 3976 888 elucet

563 927 626 986 S.
672 924 956 987 Doctoris
998 943 1238 998 sensus,
1285 925 1546 1003 ejusque
1589 942 1834 984 summa
1877 923 2280 984 Hebrmarum
2327 925 2676 984 litterarum
2723 924 2945 1002 peritia
3000 931 3219 984 contra
3282 925 3653 984 aemulorum
3718 925 3962 985 calum-

559 1025 694 1084 nias
737 1041 879 1102 quas
921 1022 1180 1102 integris
1222 1027 1512 1082 constant
1553 1021 1746 1095 libris,
1795 1022 2114 1082 asseritur.
2167 1025 2402 1082 ltursus
2458 1031 2591 1101 post
2628 1041 2846 1101 paucos
2914 1021 3036 1080 dies
3106 1023 3185 1081 ab
3230 1041 3302 1082 eo
3375 1023 3846 1084 Commentario
3890 1022 3974 1083 ad

552 1121 918 1201 inscriptam
962 1120 1247 1200 Ephesiis
1290 1120 1636 1198 Epistolam
1683 1119 2125 1191 enarrandam,
2175 1119 2713 1197 quemadmodum
2779 1121 2840 1179 in
2907 1121 3275 1199 prmfatione
3342 1127 3624 1194 testatur,
3692 1141 3756 1182 se
3817 1140 3972 1182 con-

553 1218 720 1281 tulit.
766 1221 898 1281 Hoc
940 1224 1151 1280 autem
1194 1218 1258 1278 in
1301 1236 1490 1296 opere
1530 1217 1620 1277 ita
1661 1217 1777 1276 sibi
1821 1217 2074 1276 videtur
2122 1217 2572 1295 perplacuisse,
2630 1224 2697 1278 ut
2742 1237 2816 1277 ex
2863 1237 2935 1279 eo
2981 1217 3250 1279 voluerit
3293 1219 3635 1296 aliquando
3667 1238 3844 1280 suam
3891 1219 3970 1279 ﬂ-

552 1319 718 1392 dem,
767 1337 908 1397 quae
951 1317 1182 1378 favoris
1223 1317 1286 1376 in
1333 1315 1661 1392 Origenem
1707 1313 2047 1374 notabatur
2088 1315 2167 1373 ab
2212 1316 2480 1388 mmulis,
2535 1316 2854 1376 aestimari.
2904 1317 3183 1394 Denique
3251 1317 3330 1377 ad
3393 1317 3602 1378 Titum
3667 1337 3808 1398 quas
3867 1318 3967 1379 in-

553 1417 866 1492 scribitur,
911 1414 1102 1494 paulo
1148 1419 1288 1493 post
1329 1413 1502 1473 brevi
1545 1411 2012 1472 Commentario
2075 1413 2385 1489 exposuit.
2451 1416 2726 1493 Tempus
2797 1415 2928 1492 ipse
2995 1415 3282 1492 designat
3325 1414 3405 1475 ad
3480 1415 3702 1494 capitis
3775 1415 3972 1494 primi

551 1533 800 1576 versum
845 1513 1273 1582 undecimum,
1318 1511 1427 1570 ubi
1472 1530 1536 1570 se
1581 1511 1705 1570 ait:
1754 1516 1904 1569 Ante
1941 1529 2166 1590 paucos
2230 1529 2447 1570 menses
2489 1514 2609 1571 tria
2683 1511 2981 1572 volumina
3054 1513 3116 1571 in
3179 1513 3467 1592 Epistolas
3557 1512 3639 1572 ad
3724 1511 3968 1574 Galatas

547 1612 968 1694 explanatione
1009 1609 1277 1669 dictasse.
1320 1609 1459 1668 Jam
1507 1626 1653 1667 vero
1699 1626 1773 1666 ex
1820 1613 1949 1666 tota
1996 1607 2467 1686 Expositionum
2513 1609 2771 1669 istarum
2836 1610 2992 1670 serie
3061 1610 3441 1687 colligimus,
3515 1612 3592 1670 ad
3665 1612 3964 1670 eumdem

546 1729 766 1772 omnes
809 1727 1043 1769 annum
1089 1707 1422 1786 pertinere,
1468 1704 1648 1783 cujus
1722 1713 1783 1764 et
1853 1724 2086 1783 paucos
2158 1723 2401 1764 menses
2473 1707 2841 1786 explevisse,
2918 1708 3226 1767 subducta
3291 1709 3781 1786 uniuscujusque
3855 1727 3954 1768 ra-

548 1807 744 1881 tione,
791 1811 1182 1884 compertum
1227 1810 1342 1864 est.
1389 1803 1506 1873 Qui
1549 1810 1757 1863 autem
1803 1801 1902 1862 his
1949 1803 2199 1881 proprie
2245 1803 2452 1876 fuerit,
2503 1821 2578 1864 ex
2621 1824 2694 1863 eo
2741 1824 2926 1882 quem
2976 1806 3038 1864 in
3087 1806 3391 1882 Catalogo
3436 1807 3723 1866 obtinent
3786 1806 3964 1880 loco,

547 1904 654 1966 ubi
696 1903 1157 1976 Quaastionibus
1199 1903 1262 1962 in
1308 1901 1592 1962 Genesim
1639 1900 1920 1978 proxime
1966 1906 2444 1978 praeponuntur,
2519 1903 2699 1962 facile
2773 1903 3110 1981 intelligas,
3188 1921 3389 1981 eoque
3463 1904 3663 1982 magis
3733 1905 3970 1964 contir-

543 2019 675 2062 mes
717 1999 1078 2062 testimonio
1121 1998 1293 2077 quod
1351 1997 1545 2058 habes
1585 1998 1648 2056 in
1693 2015 1832 2075 cap.
1877 2013 1913 2058 ν
1985 1997 2180 2074 Epist.
2227 1997 2306 2056 ad
2353 1998 2673 2076 Ephesios,
2716 1999 2819 2059 ubi
2863 2018 2936 2060 eo
2981 2000 3119 2078 ipso
3194 2006 3498 2078 tempore.
3553 2001 3954 2073 Quaestionum

544 2098 985 2161 Hebraicarum
1028 2116 1187 2176 opus
1230 2095 1437 2157 moliri
1479 2114 1544 2156 se
1587 2095 1798 2156 animo
1844 2096 2192 2173 prolitetur.
2245 2095 2306 2154 Si
2375 2103 2540 2156 recte
2584 2097 2775 2174 igitur
2840 2098 3282 2158 constituimus
3348 2117 3461 2158 suo
3506 2098 3666 2169 loco,
3717 2099 3797 2158 ad
3841 2117 3963 2160 an-

540 2215 691 2258 num
731 2199 852 2259 388
898 2195 1250 2272 Quaestiones
1292 2193 1618 2254 Hebraicas
1659 2193 1723 2252 in
1770 2193 2054 2253 Genesim
2102 2191 2411 2271 pertinere
2455 2195 2603 2253 istas
2647 2195 2953 2273 superiori
2993 2195 3279 2274 proxime
3322 2196 3705 2275 octogesimo
3750 2197 3960 2276 septi-

546 2313 650 2356 mo
687 2311 880 2374 supra
907 2292 1412 2354 trecentesimum
1448 2291 1832 2363 tribuendas,
1882 2290 2037 2349 nihil
2083 2289 2203 2350 erit
2247 2290 2536 2351 dubium.

623 2394 894 2454 Tomum
937 2391 1149 2471 explet
1191 2389 1547 2470 Appendix,
1593 2408 1733 2467 quae
1781 2388 2141 2448 Brevarium
2188 2388 2253 2447 in
2300 2389 2672 2450 Psalterium
2719 2391 2822 2469 (η),
2873 2391 3155 2470 aliosque
3201 2392 3262 2452 in
3334 2393 3616 2454 Psalmos
3692 2397 3963 2454 Tracta-

546 2498 648 2553 tus
691 2491 848 2552 falso
891 2490 1195 2569 ascriptos
1238 2489 1616 2568 Hieronymo
1661 2488 1960 2560 continet,
2006 2486 2081 2545 de
2126 2486 2354 2564 quibus
2398 2488 2459 2546 in
2507 2489 2802 2566 peculiari
2869 2490 2940 2548 iis
3013 2490 3271 2568 praefixa
3342 2489 3759 2551 Admonitione
3806 2491 3967 2552 satis

551 2589 927 2668 abundeque
970 2588 1263 2649 diximus.
1311 2587 1643 2665 Reliquum
1692 2587 1878 2646 modo
1923 2592 2015 2644 est
2059 2604 2274 2659 unum,
2330 2593 2395 2645 ut
2439 2589 2692 2664 quando
2741 2607 2862 2646 non
2910 2588 3134 2647 ultima
3165 2589 3634 2667 Hieronymiani
3681 2589 3966 2650 nominis

549 2689 690 2749 laus
732 2694 868 2748 est:
916 2685 1297 2766 Principibus
1333 2685 1627 2764 placuisse
1669 2685 1855 2753 viris;
1905 2682 2067 2742 hanc
2112 2683 2272 2743 scias
2315 2684 2655 2744 editionem
2699 2692 2976 2744 nostram
3022 2686 3248 2746 debere
3281 2689 3623 2765 plurimum
3657 2687 3964 2747 illustris-

551 2787 710 2848 simo
754 2791 984 2846 nostrae
1028 2783 1218 2863 hujus
1261 2782 1552 2844 Ecclesiaa
1597 2782 1876 2860 pontiﬁci
1917 2782 2010 2841 Jo.
2058 2783 2453 2854 BltAGADENO,
2504 2783 2612 2860 qui
2656 2802 2795 2843 eam
2841 2789 2901 2842 et
2945 2802 3190 2844 summa
3255 2784 3498 2864 pridem
3573 2802 3713 2843 cum
3788 2783 3967 2844 beni-

547 2883 787 2963 gnitate
832 2883 1100 2962 excepit,
1147 2888 1208 2942 et
1251 2880 1542 2960 prmsidio
1587 2879 1996 2940 humanitatis
2040 2898 2167 2939 suae
2240 2880 2432 2952 fovit;
2481 2881 2751 2958 denique
2827 2887 2888 2940 et
2951 2881 3014 2942 in
3074 2883 3297 2960 premii
3344 2883 3488 2942 fecit
3550 2901 3724 2960 spem
3772 2881 3960 2959 erigi.

547 2981 726 3054 Quod
770 2999 888 3060 ego
931 2999 1056 3041 non
1101 2985 1230 3039 tam
1274 2997 1348 3039 eo
1392 2978 1530 3038 dico
1573 2977 1807 3052 animo,
1856 2984 1924 3038 ut
1969 2976 2290 3056 publicum
2334 2978 2563 3038 favoris
2607 2979 2740 3055 ejus
2785 2979 3243 3040 monimentum
3289 2999 3410 3040 mre
3456 2979 3792 3059 perennius
3838 2997 3960 3039 ex-

543 3085 710 3140 stare
751 3079 962 3152 velim,
1007 3095 1199 3157 quam
1242 3082 1310 3137 ut
1353 3077 1662 3136 litteratus
1705 3076 1872 3135 orbis
1916 3075 2052 3154 ejus
2096 3075 2640 3154 prolixissimeein
2687 3076 2926 3139 litteras
2970 3078 3282 3140 voluntati
3324 3080 3530 3140 fausta
3560 3077 3775 3140 omnia
3807 3095 3956 3156 pre-

545 3183 744 3252 cetur,
789 3183 854 3238 et
894 3176 1138 3256 majora
1181 3176 1242 3236 in
1287 3175 1419 3236 dies
1460 3180 1668 3254 speret
1709 3173 1983 3234 scientiae
2027 3191 2100 3234 ac
2143 3173 2394 3252 pietatis
2436 3174 2849 3237 incrementa.

615 3367 692 3439 (α)
722 3367 786 3422 In
816 3364 1328 3439 nostreeeditionis
1358 3364 1883 3439 appediceprimas
1908 3362 2134 3418 obtinet
2164 3363 2631 3439 Commentarius
2658 3364 2715 3418 in
2748 3364 2984 3434 Jobum,
3017 3381 3192 3437 quem
3225 3380 3290 3420 eo
3321 3361 3451 3432 loci,
3494 3366 3731 3434 propter
3766 3361 3957 3418 ratio-

542 3434 647 3496 nes
674 3434 734 3494 in
767 3438 1002 3495 exordio
1033 3436 1219 3510 ipsius
1250 3434 1996 3505 commentarii’expositas,
2031 3435 2462 3491 transtulimus.
2496 3435 2652 3492 Eorr.

3106 3612 3972 3643 m

540 3616 3098 3650 mm

1243 3769 1373 3873 ε.
1457 3767 2138 3871 EUSEBII
2227 3765 3250 3868 HIERONYMI

1757 3981 2274 4040 STRIDONENSIS
2315 3980 2762 4038 PRESBYTERI

1591 4152 2930 4250 COMMENTARIORUM

903 4357 1096 4486 ΙΝ
1224 4348 2523 4487 EVANGELIUM
2656 4330 3595 4477 MATTHIEI

1308 4616 1314 4625 ·
1775 4583 1939 4673 ΑΙ)
2027 4582 2719 4672 EUSEBIUM

1933 4760 2124 4817 LIBRI
2164 4759 2530 4824 QUATUOR.

1941 5021 2578 5090 PROLOGUS.

609 5368 739 5426 1-2
774 5362 978 5423 Plures
1007 5357 1208 5424 fuisse,
1241 5355 1340 5429 qui
1370 5354 1680 5427 Evangelia
1720 5355 2097 5427 scripserunt,
2129 5361 2186 5412 et
2214 5359 2268 5423 A
2302 5356 2470 5410 multi
2498 5357 2684 5410 conati
2711 5357 2837 5410 sunt
2867 5352 3134 5409 ordinare
3191 5350 3571 5405 narrationem
3602 5367 3807 5419 rerum,
3840 5369 3985 5423 qua

543 5456 728 5513 Lucas
764 5447 1126 5522 evangelista
1146 5445 1621 5512 testatur,dicens
1645 5461 1656 5500 :
1684 5447 1949 5514 Quoniam
1972 5446 2189 5518 quidem
2297 5442 2358 5500 in
2387 5445 2541 5500 nobis
2565 5445 2838 5516 completa:
2861 5445 3009 5507 sunt,
3043 5443 3184 5495 sicut
3223 5440 3587 5497 tradiderunt
3629 5439 3806 5512 nobis,
3859 5446 3979 5514 qui

615 5623 631 5655 ι
665 5618 776 5673 Sex
809 5629 952 5668 mss.
986 5610 1211 5666 codices
1243 5609 1378 5663 huic
1413 5609 1876 5679 recognoscendo
1929 5609 1986 5662 in
2047 5607 2186 5661 Mat-
2299 5605 2666 5679 prioresuduo
2698 5605 2984 5679 vetustate
3016 5605 3188 5679 atque
3220 5604 3628 5679 emendatione
3668 5603 3971 5679 insignes.

540 5690 759 5747 thaeum
795 5685 1188 5740 Commentario
1221 5681 1519 5752 suppetias
1548 5674 1824 5734 tulerunt.
1847 5680 2022 5752 Unus
2049 5696 2186 5748 prae-
2305 5679 2441 5729 ltcrn
2476 5674 2958 5752 aliuspalatinus
2989 5676 3097 5752 sub
3130 5677 3561 5752 num.__5._quem
3585 5674 3978 5752 vexatisqtan.

540 5746 745 5827 grandi
780 5756 1180 5827 forms,prob:e
1213 5746 1407 5827 autem
1443 5759 1608 5827 nota),
1635 5746 2182 5827 ex_l_3ibliotbec:a_S.
2297 5749 2604 5827 tummodo
2636 5747 2776 5800 locis
2808 5746 2862 5799 in
2889 5747 3206 5827 consilium
3248 5748 3651 5827 adhibuimus.
3688 5747 3972 5827 Denique

769 5805 831 5885 ἷῐῖ
1213 5805 1663 5894 deﬁt—ere,’l‘ries
1712 5819 2188 5896 Vaticano-[fala-
2299 5835 2448 5871 unus
2481 5817 2986 5896 Yaticaqus._olim
3023 5819 3251 5896 lieginze
3284 5820 3624 5896 Suecorum,
3658 5836 3822 5876 num.
3855 5805 3967 5896 λοξ

538 5889 647 5968 tini
675 5902 940 5966 numeris
969 5901 1094 5972 476,
1126 5899 1226 5958 177
1257 5902 1314 5956 et
1362 5889 1483 5954 18I'
1508 5894 1835 5968 praenotati,
1888 5909 1918 5948 e
1970 5891 2186 5964 quibus
2298 5905 2472 5968 quem
2504 5890 2666 5946 bonae
2700 5889 2883 5963 frugis
2914 5907 3048 5948 cum
3077 5891 3288 5965 primis
3318 5890 3539 5966 experti
3570 5907 3800 5952 sumus.
