4182 6576
524 460 605 528 19
1762 470 1829 533 8.
1874 469 2188 535 EUSEBII
2231 469 2682 534 HIERONYMI
3852 466 3937 533 20

525 600 583 654 et
608 596 715 654 5-6
744 596 848 670 qui
895 597 1057 659 solus
1116 599 1335 657 deoruo
1364 616 1395 659 e
1447 602 1666 661 meruit
1722 604 1966 662 audire:
2032 607 2169 662 Ecce
2198 606 2251 673 Α
2283 604 2495 674 (Ezech.
2528 621 2567 672 ι,
2610 604 2688 675 8).
2743 602 2907 660 Unde
2950 606 3008 660 et
3054 600 3434 676 Apocalypsis
3478 599 3745 669 Joannis,
3794 605 3928 674 post

522 695 706 744 mater
733 693 844 745 tua
872 689 1050 752 (Joan.
1074 708 1191 757 xxx,
1220 690 1330 765 27).
1368 694 1422 749 Is
1451 707 1588 749 cum
1627 698 1751 750 eset
1797 694 1854 749 in
1907 694 2063 762 Asia,
2112 699 2169 751 et

519 777 650 849 jam
680 781 822 835 tunc
851 777 1256 838 haereticorum
1296 781 1523 840 semina
1560 783 1936 857 pullularent,
1969 784 2168 841 Cerin-

526 865 641 935 thi,
670 867 928 936 Ebionis,
963 873 1020 925 et
1066 875 1407 928 caaterorum
1458 872 1563 945 qui
1611 878 1826 945 negant
1870 874 2170 931 Christum

527 955 591 1012 in
620 972 795 1013 carne
823 959 1074 1027 venisse,
1104 976 1253 1032 quos
1282 966 1337 1016 et
1378 962 1502 1033 ipse
1542 962 1602 1018 in
1645 962 1901 1035 Epistola
1930 981 2038 1020 sua
2067 981 2171 1020 an-

528 1044 830 1103 tichristos
857 1052 1025 1104 vocat
1055 1049 1139 1120 (u,
1188 1051 1343 1106 Joan.
1375 1051 1453 1121 7),
1504 1054 1561 1106 et
1607 1052 1907 1124 apostolus
1953 1052 2172 1110 Paulus

527 1134 862 1207 frequenter
910 1139 1161 1209 percutit
1191 1140 1369 1211 (Rom.
1402 1156 1488 1207 III,
1516 1142 1620 1209 20;
1661 1143 1716 1199 Il
1768 1142 1889 1197 Cor.
1943 1159 1995 1197 v.
2060 1144 2168 1212 16),

531 1228 770 1281 coactus
794 1229 880 1281 est
907 1227 979 1283 ab
1010 1227 1287 1284 omnibus
1315 1245 1462 1301 pene
1491 1233 1631 1284 tunc
1658 1231 1810 1285 Asia)
1858 1231 2168 1304 episcopis,

531 1315 592 1370 et
621 1312 941 1370 multarum
964 1314 1350 1372 Ecclesiarum
1372 1316 1785 1388 legationibus,
1808 1319 1877 1375 de
1900 1319 2173 1376 divinita-

532 1406 591 1460 te
638 1402 951 1459 Salvatoris
979 1404 1157 1462 altius
1186 1404 1458 1477 scribere,
1492 1411 1551 1462 et
1580 1408 1651 1462 ad
1703 1407 1899 1479 ipsum
1959 1410 2048 1481 (ut
2096 1411 2178 1467 ita

535 1490 749 1558 dicam)
778 1492 878 1547 Dei
907 1493 1171 1564 verbum,
1206 1511 1323 1551 non
1346 1498 1468 1550 tam
1499 1496 1729 1565 audaci,
1782 1515 1959 1570 quam
2023 1500 2176 1556 felici

532 1580 864 1637 temeritate
915 1598 1317 1655 prorumpere.
1380 1586 1449 1640 Et
1503 1584 1899 1644 ecclesiastica
1932 1594 2175 1647 narrat1

535 1668 811 1740 Historia,
845 1687 979 1727 cum
1003 1688 1039 1727 a
1068 1673 1355 1730 fratribus
1404 1679 1711 1746 cogeretur
1760 1680 1824 1731 ut
1869 1678 2176 1747 scriberet,

536 1756 619 1813 ita
649 1757 940 1815 facturum
973 1775 1035 1816 se
1067 1762 1465 1833 respondisse,
1495 1763 1543 1819 si
1595 1764 1815 1821 indicto
1851 1766 2085 1838 jejunio
2119 1769 2177 1824 in

535 1862 853 1904 commune
881 1864 1087 1905 omnes
1118 1850 1301 1906 Deum
1335 1858 1711 1923 precarentur
1738 1855 1843 1923 [Αἰ.
1899 1857 2179 1929 depreca-

533 1936 794 2010 rentur]:
836 1953 951 2009 quo
981 1937 1231 2012 expleto,
1254 1940 1602 1999 revelatione
1624 1946 2010 2017 saturatus,in
2033 1946 2177 2003 illud

535 2024 854 2098 prmmium
908 2026 1053 2084 coelo
1098 2029 1337 2086 veniens
1391 2032 1707 2089 eructavit:
1767 2038 1835 2091 In
1905 2037 2181 2108 principio

537 2119 658 2177 erat
699 2116 948 2187 Verbum,
977 2122 1029 2175 et
1063 2118 1288 2175 Verbum
1326 2128 1445 2175 erat
1493 2123 1643 2193 apud
1687 2123 1882 2192 Deum,
1930 2130 1984 2182 et
2043 2130 2184 2183 Deus

534 2208 655 2261 erat
685 2206 934 2262 Verbum:
961 2205 1061 2265 hoc
1087 2216 1213 2266 erat
1242 2210 1303 2264 in
1329 2212 1614 2283 principio
1638 2212 1785 2284 apud
1810 2216 1983 2271 Deum
2007 2217 2184 2288 (Joan.

537 2310 578 2365 ι,
634 2292 692 2365 2)
741 2294 872 2351 Haec
918 2294 1100 2367 igitur
1140 2302 1395 2369 quatuor
1452 2300 1762 2374 Evangelia
1815 2303 2003 2359 multo
2052 2312 2189 2362 ante

540 2382 837 2454 praedicta,
861 2384 1175 2442 Ezechielis
1196 2404 1430 2459 quoque
1443 2390 1713 2447 volumen
1737 2395 1967 2464 probat,
1996 2394 2052 2450 in
2072 2413 2188 2468 quo

544 2470 739 2543 prima
757 2472 903 2529 visio
934 2474 1014 2531 ita
1044 2478 1408 2535 contexitur:
1435 2484 1501 2536 Et
1530 2482 1590 2536 in
1613 2483 1797 2537 medio
1855 2485 2000 2540 sicut
2039 2488 2192 2541 simi-

548 2559 723 2616 litudo
760 2566 995 2636 quatuor
1017 2566 1392 2622 animantium
1422 2584 1435 2623 :
1466 2571 1517 2624 et
1552 2570 1732 2626 vultus
1788 2588 1978 2628 eorum
2020 2576 2191 2645 facies

546 2650 788 2707 hominis
817 2660 868 2709 et
910 2655 1086 2724 facies
1143 2656 1335 2728 leonis,
1382 2665 1435 2714 et
1476 2661 1655 2727 facies
1705 2662 1895 2731 vituli,
1944 2668 1995 2719 et
2022 2668 2191 2735 [acies

549 2741 759 2813 aquila
806 2742 1019 2808 (Ezech.
1078 2760 1121 2813 ι,
1175 2746 1231 2800 5.
1294 2746 1402 2818 10).
1461 2748 1660 2805 Prima
1716 2750 1973 2809 hominis
2017 2754 2192 2812 facies

549 2827 888 2887 Matthaeum
918 2832 1232 2906 signiﬁcat,
1266 2837 1364 2907 qui
1399 2838 1566 2908 quasi
1597 2840 1667 2895 de
1697 2838 1935 2897 homine
1952 2860 2193 2902 exorsus

547 2921 640 2977 est
666 2919 921 2977 scribere
950 2923 1111 2978 Liber
1136 2927 1503 2994 generatimiis
1531 2930 1655 2984 Jesu
1688 2928 1910 2998 Christi,
1944 2934 2058 3002 ﬁlii
2083 2935 2193 2989 Da.

548 3006 666 3073 uid,
696 3008 1112 3079 ﬁliiAbraham
1143 3013 1361 3083 (Matth.
1397 3031 1438 3077 ι,
1469 3015 1828 3085 i).Secunda
1847 3023 2192 3092 Marcum,in

550 3110 667 3169 quo
696 3096 804 3169 [Αἱ.
838 3114 954 3170 qua
958 3100 1121 3174 J,vox
1142 3101 1326 3159 leonis
1348 3121 1407 3160 1n
1432 3120 1627 3163 eremo
1650 3108 1935 3179 rugientis
1958 3111 2196 3167 auditur

551 3182 666 3241 Vox
696 3187 991 3245 clamantis
1019 3191 1079 3244 in
1109 3190 1316 3248 deserto
1363 3192 1475 3265 [ΑΙ.
1526 3198 1751 3269 eremo.]
1804 3203 1999 3270 parate
2041 3202 2195 3257 viam

550 3274 792 3343 Domini,
849 3282 1021 3334 rectas
1073 3279 1241 3355 facite
1302 3284 1521 3339 semitas
1576 3286 1693 3357 ejus
1767 3287 1953 3358 (Marc,
2015 3305 2083 3346 ι..
2114 3290 2190 3358 3).

2277 693 2698 765 expositionem
2729 693 2931 766 viginti
2965 698 3217 765 quatuor
3247 691 3541 747 seniorum
3574 690 3674 762 qui
3714 695 3920 747 tenen-

2278 787 2367 839 tes
2398 783 2653 838 citharas
2683 787 2740 838 et
2788 782 3035 854 phialas,
3094 781 3418 838 adorabunt
3477 780 3595 846 [Αι.
3646 780 3925 854 adorant]

2278 875 2511 944 Agnum
2541 871 2661 941 Dei,
2694 872 3013 927 introducit
3042 871 3294 943 fulgura,
3328 874 3384 925 et
3408 869 3696 935 tonitrua,
3729 874 3787 926 et
3841 887 3935 927 se-

2278 966 2434 1033 ptem
2458 961 2700 1033 spiritus
2724 961 3137 1025 discurrentes,
3164 965 3219 1015 et
3241 975 3403 1014 mare
3429 959 3679 1014 vitreum
3706 963 3765 1014 et
3787 975 3930 1031 qua-

2280 1055 2413 1106 tuor
2441 1050 2720 1106 animalia
2750 1050 2921 1123 plena
2952 1050 3136 1105 oculis
3170 1050 3350 1120 (Apoc.
3396 1065 3473 1113 1v,
3502 1049 3651 1115 4-6),
3685 1048 3886 1104 dicens
3918 1065 3932 1106 :

2278 1140 2500 1196 Animal
2525 1142 2784 1212 primum
2830 1140 3012 1195 simile
3074 1139 3239 1203 leoni,
3297 1144 3350 1194 et
3392 1137 3693 1193 secundum
3739 1137 3930 1195 simile

2280 1229 2450 1283 vitqu
2480 1236 2534 1284 et
2571 1230 2797 1284 tertium
2841 1229 3026 1284 simile
3062 1228 3296 1295 homini,
3347 1230 3398 1282 et
3441 1235 3699 1297 quartum
3747 1227 3933 1282 simile

2281 1318 2489 1389 aquilae
2550 1318 2763 1373 volanti
2835 1318 2996 1389 (Ibid.
3080 1320 3157 1386 7).
3245 1316 3311 1370 Et
3387 1319 3520 1388 post
3585 1313 3932 1387 paululum:

2282 1408 2457 1463 Plena
2484 1410 2667 1475 erant,
2692 1407 2902 1479 inquit,
2937 1408 3129 1471 oculis,
3158 1415 3211 1462 et
3246 1408 3486 1477 requiem
3512 1421 3626 1461 non
3665 1405 3939 1461 habebant

2284 1497 2373 1552 die
2420 1514 2485 1552 ac
2521 1501 2693 1562 nocte,
2738 1497 3020 1551 dicentia:
3080 1497 3335 1562 Sanctus,
3394 1495 3644 1565 Sanctus,
3703 1496 3936 1550 Sanctus

2288 1588 2547 1641 Dominus
2577 1591 2723 1642 Deus
2771 1588 3129 1657 omnipotens,
3180 1587 3279 1657 qui
3315 1588 3454 1650 erat,
3485 1588 3537 1639 et
3576 1586 3674 1656 qui
3727 1590 3827 1654 est,
3885 1591 3942 1640 et

2288 1677 2385 1746 qui
2416 1683 2669 1732 venturus
2698 1684 2775 1731 est
2805 1676 2963 1746 (Ibid.
2992 1677 3067 1745 8).
3108 1674 3332 1739 Quibus
3364 1674 3597 1730 cunctis
3627 1673 3937 1745 perspicue

2289 1766 2639 1834 ostenditur,
2665 1770 2916 1837 quatuor
2945 1769 3176 1820 tantum
3210 1763 3524 1836 Evangelia
3570 1763 3783 1819 debere
3829 1780 3939 1819 su-

2290 1854 2370 1910 sci
2380 1853 2457 1926 pi,
2481 1857 2537 1909 et
2558 1871 2761 1910 omnes
2784 1854 3250 1927 apocryphorum
3267 1852 3486 1909 omniss
3508 1852 3755 1908 mortuis
3777 1853 3799 1887 ³
3829 1868 3946 1908 ma-

2289 1943 2380 2016 gis
2410 1942 2719 2013 haareticis,
2755 1960 2933 2017 quam
2966 1941 3381 1999 ecclesiasticis
3435 1941 3581 1997 vivis
3625 1940 3937 1997 cauendae.

2296 2032 2565 2104 Satisque
2595 2033 2791 2099 miror,
2829 2032 3039 2088 Eusebi
3071 2032 3092 2067 ⁸
3124 2031 3526 2097 dilectissime,
3557 2046 3663 2086 cur
3694 2030 3941 2088 Romam

2297 2122 2491 2179 subito
2524 2121 3089 2193 navigaturus,hanc
3112 2121 3268 2176 tibia
3290 2138 3382 2176 me
3396 2120 3566 2191 quasi
3590 2118 3891 2176 sitarciam
3920 2120 3941 2155 ⁸

2297 2209 2423 2267 dari
2469 2210 2743 2279 volueris,
2804 2214 2869 2267 ut
2925 2209 3260 2269 Mattheeum
3311 2210 3561 2264 breviter
3620 2224 3942 2279 exponens,

2297 2300 2489 2355 verbis
2532 2300 2901 2372 stringerem,
2958 2300 3234 2356 sensibus
3273 2298 3602 2355 dilatarem.
3637 2298 3694 2354 Si
3731 2297 3942 2353 memi-

2301 2389 2490 2444 nisses
2522 2390 2920 2461 responsionis
2952 2406 3113 2457 meos,
3148 2404 3451 2459 nunquam
3488 2387 3547 2443 in
3580 2386 3782 2458 paucis
3815 2386 3942 2442 die~

2300 2478 2412 2534 bus
2442 2494 2564 2534 rem
2588 2495 2875 2535 annorum
2908 2483 3155 2551 peteres.
3188 2476 3449 2533 Primum
3497 2475 3654 2532 enim
3707 2473 3948 2532 difﬁcile

2300 2572 2390 2624 est
2420 2584 2622 2624 omnes
2643 2567 2833 2639 legere
2854 2568 2954 2640 qui
2982 2567 3041 2623 in
3071 2564 3379 2637 Evangelia
3403 2565 3528 2623 1-8
3553 2564 3947 2637 scripserunt.

2301 2656 2521 2715 Deinde
2554 2655 2737 2713 multo
2761 2655 3087 2726 difﬁcilius,
3113 2654 3376 2711 adhibito
3385 2654 3631 2727 judicio,
3650 2669 3781 2725 quas
3799 2652 3950 2726 opti-

2302 2762 2401 2802 ma
2429 2750 2569 2802 sunt
2599 2746 2872 2817 recipere.
2908 2746 3145 2817 Legisse
3177 2760 3270 2801 me
3292 2745 3477 2801 fateor
3504 2745 3526 2781 ⁸
3556 2747 3692 2799 ante
3740 2758 3950 2799 omnes

2303 2834 2590 2909 plurimos
2622 2834 2681 2892 in
2711 2835 3046 2891 Matthaeum
3076 2832 3343 2906 Origenis
3380 2832 3631 2906 vinginti
3684 2830 3950 2905 quinque

2301 2924 2624 2991 volumina,
2657 2929 2716 2980 et
2744 2923 2986 2981 totidem
3015 2926 3144 2996 ejus
3173 2922 3476 2991 Homilies,
3513 2921 3947 2979 commaticum.

2303 3030 2416 3087 que
2466 3013 2965 3086 interpretationis
3020 3027 3235 3086 genus:
3296 3022 3355 3068 et
3395 3009 3700 3085 Theophili
3750 3009 3954 3066 Antio-

2303 3102 2500 3159 chenaa
2557 3103 2722 3159 urbis
2778 3102 3033 3174 episcopi
3091 3100 3587 3157 Commentarios:
3654 3098 3956 3172 Hippolyti

2304 3208 2535 3266 quoque
2567 3192 2861 3265 martyris,
2894 3196 2951 3248 et
2980 3190 3265 3247 Theodori
3315 3188 3683 3254 Heracleotes,
3726 3185 3955 3260 Apolli-

2303 3281 2584 3353 narisque
2642 3280 2973 3353 Laodiceni,
3028 3296 3094 3337 ao
3137 3279 3369 3353 Didymi
3417 3276 3828 3344 Alexandrini;
3901 3279 3961 3334 et

555 3365 751 3423 Tertia
778 3366 968 3436 vituli,
1004 3385 1133 3441 quae
1162 3372 1577 3443 evangelistam
1612 3381 1824 3431 Lucam
1860 3394 1893 3432 α
1918 3379 2197 3436 zacharia
2227 3358 2271 3426 C
2307 3371 2669 3439 Latinorum,
2701 3369 3250 3439 Hilarii,Victorini,
3274 3366 3674 3424 Fortunatiani
3696 3366 3737 3435 ⁸,
3761 3362 3959 3437 Opus;

557 3456 858 3512 sacerdote
887 3458 1217 3531 sumpsisse
1246 3460 1480 3516 initium
1513 3463 1847 3536 przefigurat
1870 3465 2017 3536 (Luc.
2054 3483 2095 3534 ι,
2117 3467 2193 3539 5).

554 3544 771 3611 Quarta
798 3545 1084 3603 Joannem
1116 3548 1562 3621 evangelistam,
1594 3553 1691 3625 qui
1716 3554 2038 3628 assumptis
2062 3573 2198 3629 pen-

554 3631 651 3689 nis
680 3633 909 3707 aquilaa,
940 3639 999 3692 et
1027 3637 1101 3691 ad
1130 3636 1342 3695 altiora
1386 3639 1696 3710 festinans,
1735 3643 1808 3699 de
1853 3644 2044 3701 Verbo
2093 3647 2195 3703 Dei

555 3720 820 3793 disputat
846 3723 1031 3794 (Joan.
1055 3741 1095 3791 ι,
1125 3726 1193 3798 ι).
1219 3727 1570 3800 Canter-aquae
1592 3736 1928 3803 sequuntur
1946 3733 2004 3788 in
2026 3749 2197 3789 eum-

554 3809 690 3866 dem
724 3827 963 3868 sensum
987 3813 1318 3885 proﬁciunt.
1342 3818 1524 3873 Crura
1552 3835 1755 3875 eorum
1783 3826 1959 3889 recta,
1984 3826 2041 3878 et
2062 3839 2199 3895 pen-

555 3899 677 3956 nati
707 3901 885 3972 pedes
915 3906 972 3958 et
1018 3918 1367 3976 quocunque
1414 3906 1536 3964 ibat
1590 3907 1852 3981 spiritus,
1904 3910 2088 3983 ibant,
2139 3915 2197 3967 et

555 4004 673 4046 non
697 3990 1133 4048 revertebantur
1171 3994 1382 4066 (Ezech.
1434 4013 1475 4063 ι,
1523 3998 1617 4069 9):
1669 4002 1729 4054 et
1774 4000 1949 4057 dorsa
1992 4015 2195 4058 eorum

540 4078 728 4151 [plena
755 4079 942 4138 oculis
969 4082 1187 4150 (Ezech.
1227 4099 1285 4151 ι,
1337 4086 1445 4157 12),
1506 4090 1564 4142 et
1616 4087 1887 4144 scintilla;
1933 4106 2001 4146 ac
2049 4088 2196 4146 lam-

554 4167 735 4241 pades
765 4168 825 4223 in
852 4170 1043 4227 medio
1090 4171 1489 4230 discurrentes
1541 4175 1753 4246 (Ezech.
1778 4194 1818 4249 ι,
1849 4179 1927 4250 7),
1960 4182 2018 4234 et
2070 4183 2199 4235 rota

554 4256 613 4313 in
644 4261 771 4316 rota
800 4258 1013 4333 (Ezech.
1044 4277 1102 4333 x,
1140 4262 1250 4336 10),
1279 4266 1338 4319 et
1365 4263 1426 4320 in
1456 4263 1707 4336 singulis
1736 4270 1991 4338 quatuor
2018 4267 2199 4325 facies

631 4490 832 4569 'Editi
860 4490 1094 4569 legunt:
1123 4493 1279 4569 Uade
1304 4501 1358 4551 et
1402 4496 1764 4553 ecclesiastica
1808 4509 2028 4569 narrat,
2090 4505 2198 4558 etc.

561 4563 882 4654 19391199)
903 4563 1373 4654 Quaeodidk“
1404 4570 1537 4639 ροει
1566 4584 1766 4654 Vocem
1812 4563 2198 4654 ,ηηρνιιήιρθνερ

560 4636 837 4707 sequitur
854 4653 867 4703 ;
902 4639 963 4691 ut
989 4636 1352 4698 ecclesiastica
1379 4636 1596 4707 narrat,
1625 4645 1732 4696 etc.
1796 4636 1906 4697 A'lii
1948 4636 2203 4701 retinent

559 4705 1063 4797 quisid-edidimus.
1092 4705 1706 4797 Mitem—Continenti
1728 4712 1878 4769 scrie
1899 4715 2014 4797 duo
2030 4716 2199 4797 fala-
2233 4730 2279 4797 D

559 4779 1475 4866 tinivetustioresnmsszlegunt,
1503 4799 1887 4866 prorumpere,
1921 4789 1977 4841 ut
2020 4789 2203 4866 Eccle-

559 4855 1005 4931 siasticanarrat
1033 4857 1295 4931 Historia.
1321 4855 1444 4931 ’Alii
1474 4871 1609 4912 cum
1670 4855 1897 4927 pridem
1947 4857 2203 4931 vulgatis

560 4922 747 4995 libris.
775 4923 923 4982 Unde
951 4935 1004 4981 et
1032 4928 1425 4995 ecclesiastica,
1448 4934 1558 4983 etc.

632 4993 654 5026 ²
684 4992 847 5050 Unus
876 4995 933 5073 S.
966 4997 1166 5073 Crucis
1207 5015 1374 5073 mss.,
1400 4992 1477 5073 :et
1522 5000 1715 5056 omnia
1768 5002 2203 5073 apocryphorum

562 5079 771 5143 venena
786 5071 1183 5143 martum-etc.
1203 5070 1489 5143 Eusebius
1521 5088 1712 5143 porro,
1755 5070 1951 5143 quem
1970 5070 2035 5129 VS.
2091 5073 2204 5129 Do-

564 5142 689 5210 ctor
718 5138 1051 5210 compellat,
1083 5142 1496 5200 celeberrimus
1521 5138 1623 5199 ille
1653 5138 2060 5200 cremonensis
2089 5150 2199 5210 est,

566 5208 661 5269 cui
692 5212 748 5265 et
779 5209 838 5265 in
858 5208 1182 5289 ’Jeremiam
1243 5214 1709 5289 Commentarios
1765 5215 2093 5289 inscripsit,
2148 5208 2205 5273 et

566 5297 744 5355 quem
777 5282 997 5355 passim
1027 5284 1105 5340 ibi
1128 5285 1349 5341 laudat.

637 5354 660 5389 ³
688 5354 978 5411 Eusebius
1006 5354 1117 5414 iste
1146 5356 1554 5414 Cremonensis
1610 5362 1717 5426 est,
1776 5358 1871 5414 cui
1917 5358 2096 5414 etiam
2143 5358 2203 5415 in

567 5423 884 5502 {eremiam
932 5427 1405 5502 ﬂammeutarios
1462 5423 1748 5502 dedicavit
1793 5430 2202 5502 Hieronymus.

572 5494 1035 5588 Είίιζτξὶιοτειέῐιίι
1056 5500 1692 5588 ίΗέθτερηγξτιολορείοτ
1746 5502 1980 5588 vita.“
2010 5494 2206 5588 ’,Ραθ-

569 5568 807 5623 ciendos
836 5568 1301 5628 Commentarios
1332 5572 1389 5627 in
1423 5568 1785 5639 Matthmum,
1814 5572 1898 5629 uti
1928 5591 1991 5630 se
2021 5568 2204 5630 factu-

571 5654 703 5693 rum
735 5647 1103 5715 speraverat,
1123 5660 1312 5715 neque
1337 5643 1573 5715 scripsit
1602 5645 1659 5699 in
1693 5647 1993 5701 Canticum
2018 5647 2204 5701 canti-

568 5724 799 5788 corum,
825 5712 965 5781 quia
993 5714 1064 5769 ab
1093 5714 1188 5788 his
1216 5712 1490 5788 operibus
1533 5716 1900 5787 zegrolatione
1930 5718 2206 5774 diuturna

566 5781 1117 5863 acntandem,morte
1144 5781 1273 5863 ipsa
1303 5781 1711 5863 exclusus‘est.
1746 5789 1936 5845 MART.

567 5919 580 5938 9
636 5851 659 5886 ‘
681 5851 876 5938 Nostri
901 5851 1044 5938 inse.
1079 5851 1460 5938 minusrecta
1499 5860 1804 5938 scriptura,
1837 5878 1974 5938 quis
2006 5862 2205 5938 tamen

564 5925 626 5980 in
655 5925 948 5985 veteribus
976 5927 1142 5989 libris
1170 5932 1339 5992 obvia
1366 5937 1475 6002 est,
1504 5925 1985 5993 sistarchiam'aut
2009 5931 2205 5990 sistar-

1937 6098 1955 6127 1

2306 3460 2459 3529 cula;
2493 3478 2522 3516 e
2556 3461 2771 3534 quibus
2812 3459 3043 3517 etiamsi
3104 3475 3282 3532 parva
3321 3472 3641 3530 carperem,
3703 3454 3956 3528 dignum

2307 3550 2526 3624 aliquid
2559 3549 2841 3608 memoria
2864 3550 3235 3607 scriberetur.
3266 3550 3338 3603 At
3356 3546 3499 3602 tuin
3539 3543 3769 3600 duabus
3808 3542 3955 3598 heb-

2304 3640 2678 3704 domadibus,
2708 3639 3055 3695 imminente
3079 3638 3207 3708 jam
3239 3635 3481 3701 Pascha,
3505 3636 3564 3687 et
3584 3631 3959 3703 spirantibus

2303 3729 2511 3795 ventis,
2567 3729 2786 3783 dictare
2845 3742 2939 3781 me
3025 3723 3214 3796 cogis:
3293 3725 3359 3777 ut
3429 3719 3665 3791 quando
3741 3718 3958 3776 notarii

2306 3814 2621 3889 excipiant,
2679 3814 2914 3888 quando
2960 3812 3296 3869 scribantur
3343 3806 3654 3875 schedulas,
3706 3807 3953 3881 quando

2306 3906 2667 3977 emendetur,
2708 3920 2823 3975 quo
2855 3902 3042 3975 spatio
3101 3900 3445 3973 digerantur
3499 3897 3570 3954 ad
3629 3913 3844 3971 purum
3904 3898 3950 3968 ⁸,

2307 3993 2561 4050 maxime
2590 4009 2725 4050 cum
2760 3991 2914 4048 scias
2945 4008 3038 4046 me
3093 3988 3177 4045 ita
3220 3988 3409 4045 tribus
3460 3988 3765 4044 mensibus
3812 3985 3953 4043 lan-

2305 4083 2526 4156 guisse,
2557 4087 2625 4138 ut
2665 4082 2760 4139 vix
2799 4097 2955 4137 nunc
3012 4078 3239 4151 ingredi
3294 4076 3602 4149 incipiam;
3655 4092 3762 4132 nec
3820 4091 3958 4149 pos-

2308 4173 2420 4228 sim
2477 4170 2696 4227 laboris
2752 4168 3223 4243 magnitudinem
3302 4166 3582 4222 brevitate
3669 4164 3954 4238 temporis

2308 4277 2705 4334 compensare.
2742 4258 2948 4333 Igitur,
2979 4258 3197 4316 omissa
3255 4253 3603 4313 auctoritate
3651 4255 3952 4324 Veterum,

2310 4496 2474 4552 riam.
2500 4492 2718 4570 _Gr_aace
2763 4488 3013 4570 attapttla
3059 4488 3317 4570 diciturn
3342 4489 3959 4570 sonatque-commea-

2310 4571 2465 4622 tum:
2498 4563 2558 4620 in
2589 4564 2791 4620 Latino
2822 4560 3035 4635 saepius
3065 4579 3169 4635 pro
3192 4560 3446 4621 canistro
3504 4560 3778 4626 sumitur,
3835 4574 3959 4631 quo

2313 4636 2507 4694 edulia
2536 4635 2928 4692 continentur.

2383 4709 2548 4764 5Duo
2601 4725 2767 4774 mss.,
2829 4707 2985 4777 Logi,
3043 4706 3255 4775 fateor:
3312 4705 3369 4767 et
3424 4718 3559 4777 mox
3632 4699 3959 4757 Adamantii

2313 4798 2525 4836 nomen
2559 4796 2662 4851 pro
2692 4775 2972 4849 Origenis;
3005 4777 3266 4851 domum,
3293 4775 3685 4831 commaticum
3740 4787 3959 4845 quoque

2314 4869 2418 4925 pro
2451 4850 2934 4921 comma-ticuqu
2966 4850 3300 4919 praeferunt.

2381 4925 2402 4959 ⁸
2434 4923 2494 4978 ln
2516 4923 2648 4978 aliis
2680 4940 2821 4977 mss.
2854 4924 3182 4977 Fortunatus
3212 4915 3560 4991 appellatur,
3594 4915 3665 4972 de
3696 4929 3808 4984 quo
3849 4912 3957 4973 lib.

2311 4996 2379 5052 de
2409 4997 2548 5075 Viris
2591 4994 2920 5075 illustribus.
2956 5011 3105 5075 _cup_.
3155 4992 3246 5075 97.
3292 4995 3434 5075 ‘Mox
3481 5001 3952 5075 prohcarperem,

2312 5069 2463 5139 quod
2499 5066 2682 5122 nostri
2705 5082 2847 5121 mss.
2880 5059 3269 5139 substituunt,
3291 5059 3506 5139 lectum
3520 5059 3692 5113 antea
3706 5073 3963 5139 caperem

2384 5139 2572 5194 7Satis
2629 5137 2936 5210 commode
2990 5137 3106 5192 duo
3156 5132 3405 5210 Palatini
3464 5144 3626 5210 ‘mss.
3671 5128 3955 5210 .adduqt,

2310 5212 2542 5267 minime
2570 5208 2835 5266 attendas.
2859 5211 3137 5265 Caeterum
3182 5205 3297 5260 huc
3343 5204 3484 5259 sunt
3525 5200 3766 5257 omnino
3815 5200 3963 5259 refo-

2314 5284 2514 5346 renda,
2550 5299 2677 5354 quae
2706 5281 2777 5337 de
2805 5271 3676 5354 aegravaletudine,dequeipso
3699 5269 3961 5329 Μιαδωὶ

2314 5347 2739 5410 Commentario
2770 5347 2933 5423 paFia
2961 5351 3055 5407 his
3094 5350 3229 5423 ipse
3249 5348 3537 5423 memorat
3563 5347 3960 5423 Hieronymus

2315 5426 2373 5480 in
2408 5427 2520 5481 fine
2550 5425 2722 5497 epist.
2753 5415 2835 5498 73_
2853 5424 2933 5479 ad
2992 5415 3367 5498 EuangeluAm:
3393 5438 3452 5498 _«
3485 5416 3624 5498 Ego,
3684 5415 3797 5498 ait.
3822 5420 3965 5498 post

2314 5498 2549 5570 longam
2580 5485 3016 5570 aegrotationem
3046 5485 3226 5570 vix—in
3248 5485 3719 5570 Quadragesima)
3740 5485 3962 5556 diebus

2316 5558 2459 5625 febri
2482 5558 2678 5623 carere
2709 5565 2869 5642 potui
2893 5584 2907 5622 .'
2937 5570 2994 5642 et
3017 5578 3152 5619 cum
3173 5560 3343 5642 alteri
3360 5576 3452 5642 me
3473 5558 3638 5642 operi
3658 5573 3959 5642 praepara»

2315 5657 2461 5703 rem,
2496 5629 2859 5712 paucosdies
2877 5636 2977 5712 qui
3009 5638 3352 5712 supererant
3376 5633 3435 5689 in
3475 5629 3735 5712 Manlian
3777 5629 3959 5712 exne-

2316 5702 2524 5767 sitio’ne
2595 5702 2965 5778 consumpsi:
3039 5702 3317 5778 tantaque
3400 5703 3680 5778 aviditate
3757 5702 3963 5761 studia

2316 5782 2536 5861 omissa
2566 5778 2826 5861 repetivi,
2848 5773 2925 5835 ἰιι
2943 5773 3516 5861 quodeaercitationi
3554 5773 3771 5847 lingua
3813 5789 3959 5845 pro—

2316 5853 2446 5922 fuit,
2472 5849 2733 5911 nocuerit
2753 5849 3012 5923 carporis
3031 5849 3372 5909 valetudini.
3398 5869 3429 5899 »
