4182 6610
174 504 248 581 31
747 503 1268 568 COMMENTAB.
1315 506 1397 569 IN
1439 505 1956 570 EVANGELIUM
2004 505 2386 569 MAT'I‘H/El
2431 506 2579 568 LIB.
2625 505 2673 565 l.
2720 503 2896 565 CAP.
2942 498 2991 561 Ι.

177 655 320 715 quos
339 654 447 697 nec
466 636 717 712 legendi,
750 654 857 693 nec
904 640 1188 712 sequendi
1219 639 1365 695 mihi
1414 639 1659 696 facultas
1680 640 1820 697 data
1850 644 1901 709 Α
1932 640 2044 697 Nec
2075 639 2185 696 hoc
2216 640 2287 696 de
2343 638 2678 713 arrogantia
2732 641 2789 694 et
2839 633 3057 692 ﬁducia
3110 631 3331 706 ingenii
3360 632 3584 689 dictum

176 735 281 798 est,
314 726 653 785 historicam
702 727 1269 801 interpretationem,
1324 747 1501 802 quam
1536 731 1827 802 praecipue
1937 735 2129 804 putes,
2163 732 2265 786 sed
2298 731 2455 803 quod
2500 729 2805 784 ostendere
2853 725 2958 781 tibi
3008 723 3242 795 cupiam
3296 725 3584 793 quantum

176 815 507 897 postulasti,
529 817 742 890 digesti
773 817 1062 874 breviter:
1089 823 1146 874 et
1180 819 1476 885 interdum
1502 820 1827 893 spiritualis
1854 826 1873 962 '

176 904 573 962 intelligentia:
607 906 779 962 ﬂores
810 906 1044 962 miscui.
1098 909 1418 962 perfectum
1461 926 1607 962 onus
1639 926 1825 962 reser-

176 904 573 980 intelligentiaa
607 906 779 962 ﬂores
810 906 1044 976 miscui,
1098 909 1418 981 perfectum
1461 926 1607 980 Opus
1639 926 1825 964 reser-

176 1014 315 1055 vans
341 996 400 1053 in
423 1001 747 1070 posterum.
772 996 830 1052 Si
853 1000 1052 1053 autem
1076 998 1221 1054 mihi
1252 998 1371 1054 vita
1411 998 1639 1072 longior
1660 1001 1676 1035 ¹
1704 999 1826 1054 fue-

176 1088 269 1159 rit,
302 1089 407 1143 aut
432 1090 497 1142 tu
531 1086 590 1141 in
622 1086 922 1142 redeundo
956 1091 1057 1141 tua
1086 1088 1381 1161 promissa
1425 1088 1826 1162 compleveris,

1937 821 2090 892 apud
2126 837 2218 875 me
2248 820 2462 889 valeas,
2496 818 2596 891 qui
2631 815 2943 890 periclitari
2972 813 3160 885 magis
3203 811 3357 884 apud
3390 811 3591 866 doctos

1934 909 2241 977 voluerim,
2276 926 2451 982 quam
2493 907 2599 964 tibi
2648 905 2851 962 sedule
2901 901 3220 975 postulanti
3268 899 3596 974 quidquam

1938 1015 2170 1071 negare.
2204 998 2366 1055 Unde
2397 999 2659 1063 obsecro,
2694 1001 2759 1051 ut
2789 994 2838 1050 si
2880 992 3231 1065 incomptior
3261 1006 3453 1047 sermo
3485 992 3595 1046 est.

1938 1093 1995 1145 et
2023 1106 2139 1144 non
2189 1087 2360 1144 solito
2418 1086 2590 1160 lapsu
2647 1087 2831 1142 fertur
2886 1082 3094 1151 oratio,
3154 1079 3450 1137 festinatio
3490 1077 3600 1134 hoc

176 1181 311 1233 tunc
340 1174 499 1232 nitar
526 1175 771 1249 implere
800 1177 956 1249 quod
988 1176 1279 1249 reliquum
1325 1182 1435 1245 est,
1485 1179 1603 1235 imo
1652 1179 1830 1250 jactis
1937 1178 2186 1248 tribuas,
2220 1195 2335 1234 non
2393 1175 2722 1249 imperitize,
2781 1178 2838 1231 et
2892 1175 2995 1228 des
3050 1169 3426 1243 exemplaria,
3461 1184 3595 1225 cum

175 1265 597 1338 fundamentis,
630 1270 688 1321 et
736 1283 803 1322 ex
851 1272 1017 1339 parte
1074 1268 1426 1323 constructis
1484 1268 1827 1340 parietibus,

177 1354 639 1441 pulcherrimum
672 1354 906 1411 culmen
942 1356 1265 1429 imponam,
1307 1363 1371 1412 ut
1400 1358 1554 1413 scias
1586 1358 1726 1429 quid
1751 1358 1834 1412 in-

174 1444 352 1503 tersit
381 1443 538 1501 inter
568 1444 823 1501 subitam
856 1446 1114 1502 dictandi
1165 1446 1493 1513 audaciam,
1542 1452 1598 1502 et
1627 1446 1833 1502 elucu-

177 1535 407 1595 bratam
436 1533 735 1591 scribendi
767 1534 1152 1608 diligentiam.
1182 1538 1345 1593 Certe
1375 1537 1551 1603 nosti,
1580 1541 1637 1591 et
1667 1553 1830 1592 men-

174 1623 320 1681 dacii
353 1623 472 1678 mei
502 1623 912 1681 erubescerem
946 1629 1000 1681 te
1024 1629 1234 1682 testem
1256 1643 1483 1695 vocare,
1515 1627 1669 1699 quod
1694 1643 1833 1697 prae-

177 1729 309 1771 sens
338 1712 698 1785 opusculum
720 1716 885 1770 tanta
906 1714 1199 1771 celeritate
1220 1715 1582 1784 dictaverim,
1604 1719 1670 1771 ut
1694 1714 1833 1770 alic-

174 1819 247 1860 na
276 1800 469 1875 magis
500 1800 713 1875 legere,
747 1819 928 1876 quam
969 1820 1102 1861 mea
1148 1806 1398 1863 condere
1447 1822 1541 1861 me
1571 1808 1831 1879 putares.

243 1964 260 2001 ⁸
294 1962 486 2037 Penes
511 1962 856 2037 Victorium,
894 1965 1016 2037 Vile
1046 1965 1271 2036 largior,
1316 1964 1517 2037 idest,
1560 1982 1689 2037 quae
1718 1982 1835 2021 non

175 2051 326 2109 egra
351 2034 621 2109 subinde
650 2025 1297 2109 laboretﬂvaletudine':
1352 2025 1658 2109 placetque
1698 2038 1841 2093 adeo
1872 2025 1918 2089 B

176 2106 365 2189 magis
405 2106 550 2189 .haac
606 2106 1152 2189 lectio..N_imirum
1204 2106 1838 2189 Bieronymusviginti

175 2178 306 2262 plus
336 2179 761 2262 minusannos
786 2180 860 2235 ab
892 2179 1000 2262 hac
1029 2178 1547 2262 elucubrationein
1575 2178 1717 2236 vivis
1740 2200 1838 2237 su-

174 2251 432 2334 perfuit:
456 2251 721 2334 satisque
747 2251 1322 2334 imperitehnotnatum
1346 2258 1451 2334 nest
1481 2254 1839 2334 Martianaaq,

176 2322 288 2405 non
324 2322 591 2405 fuisseip
617 2322 963 2405 :poster’u‘m,
1018 2325 1077 2380 S.
1136 2325 1378 2405 Ductori
1407 2324 1733 2405 longiorem
1764 2325 1844 2380 vi-

172 2399 293 2450 tam
324 2395 398 2469 ad
430 2394 819 2465 perﬁciendos
850 2395 1316 2453 Commentarios
1365 2397 1423 2451 in
1478 2394 1841 2469 Matthaeum,

182 2470 246 2550 at
265 2482 330 2523 se
350 2467 647 2550 facturum
668 2474 1243 2550 sperave_rat,_n_eque
1264 2469 1574 2550 scripsisse
1604 2467 1845 2550 inCané-

182 2487 246 2525 ut
265 2487 330 2523 se
350 2487 647 2524 iacturum
668 2487 1026 2540 speraverat,
1050 2487 1243 2541 neque
1264 2487 1374 2525 scr:
1425 2487 1574 2525 81886
1604 2487 1664 2525 1n
1694 2487 1842 2525 uan-

182 2537 366 2598 tieum
398 2538 786 2612 canticorum,
820 2539 960 2614 quia
987 2541 1059 2599 ab
1089 2542 1185 2598 his
1214 2487 1490 2615 operigus
1516 2542 1842 2615 aegrotatio—

1940 1267 2186 1323 Romam
2217 1267 2467 1333 veneris,
2492 1265 2704 1338 virgini
2741 1262 2955 1320 Christi
3004 1260 3327 1333 Principiis,
3352 1275 3480 1331 qua:
3502 1274 3596 1315 me

1942 1358 2188 1429 rogavit,
2214 1366 2274 1412 ut
2305 1356 2366 1412 in
2407 1356 2710 1412 Canticum
2750 1354 3112 1410 canticorum
3145 1350 3461 1407 scriberem
3492 1349 3530 1403 ³.
3564 1364 3600 1404 a

1942 1463 2056 1517 quo
2080 1463 2254 1517 Opere
2287 1445 2559 1500 exclusus
2599 1443 2973 1515 aegrotatione
3008 1442 3308 1511 diuturna,
3351 1437 3593 1511 spemin

1941 1536 2207 1591 futurum
2238 1534 2443 1590 distuli
2469 1551 2481 1589 :
2506 1534 2614 1589 hac
2635 1540 2691 1589 te
2720 1533 2845 1604 lege
2889 1529 3319 1602 constringens,
3353 1532 3419 1584 ut
3446 1528 3495 1585 si
3533 1532 3594 1582 tu

1942 1626 1993 1681 ei
2026 1626 2097 1681 ad
2130 1630 2185 1680 te
2214 1623 2432 1696 scripta
2459 1622 2843 1688 subtraxeris,
2875 1620 2976 1677 illa
3022 1635 3258 1692 quoque
3287 1615 3600 1675 armariola
3670 1638 3675 1643 ·

1943 1715 2055 1771 sibi
2088 1718 2289 1787 postea
2316 1712 2622 1770 scribenda
2658 1710 2991 1767 concludat.

1950 1983 2022 2023 ne
2054 1966 2334 2021 diuturna
2365 1981 2429 2019 ac
2458 1964 2695 2019 tandem
2729 1963 2916 2016 morte
2944 1959 3074 2031 ipsa
3101 1956 3377 2013 exclusus
3411 1955 3608 2031 fuerit.

1951 2039 2152 2120 Liquet
2180 2038 2473 2120 enimvero
2504 2053 2571 2117 ex
2602 2050 2797 2089 rerum
2834 2025 3422 2120 Bieronymianarum
3457 2025 3610 2120 sepia

1949 2100 2081 2166 aliis
2111 2126 2246 2165 eum
2279 2110 2348 2164 de
2387 2108 2582 2163 causis
2634 2112 2753 2161 tam
2811 2106 2883 2159 ab
2941 2100 3072 2158 isto‘
3112 2100 3603 2170 recognoscendo,

1953 2199 2132 2255 quam
2164 2182 2235 2236 ab
2264 2181 2363 2255 illo
2393 2173 3189 2255 inchoandogCommentario
3220 2170 3598 2255 abstinuisse.

2024 2256 2044 2288 ²
2073 2258 2197 2308 Huc
2229 2254 2377 2309 refer
2404 2250 2662 2323 epistolae
2691 2251 2780 2319 65,
2815 2249 2885 2304 ad
2934 2247 3200 2323 eamdem
3235 2244 3600 2323 Ιξνιήιςξρίᾳηξε

1952 2332 2253 2397 postrema
2281 2313 2495 2397 verba:
2539 2346 2565 2373 ‹‹
2622 2326 2688 2377 ut
2733 2313 2795 2397 tu
2846 2336 2972 2397 qua:
3013 2321 3237 2397 partem
3268 2313 3603 2397 intellexisti

1954 2386 2256 2463 carminis,
2290 2396 2339 2453 si
2370 2395 2488 2451 vita
2517 2410 2712 2450 comes
2743 2386 2939 2459 fuerit,
2973 2386 3031 2447 et
3074 2394 3264 2445 totum
3295 2386 3601 2443 Canticum

1956 2469 2320 2525 canticorum
2352 2467 2665 2540 intelligas.
2701 2488 2728 2514 ››

1469 2813 1795 2900 LIBER
1854 2812 2314 2901 PRIMUS-

247 3132 298 3188 9
351 3131 568 3206 (Caput
621 3128 665 3185 Ι.
698 3128 952 3185 —Vers.
1018 3129 1094 3201 1.)
1151 3130 1168 3164 ί
1230 3129 1398 3187 Liber
1452 3128 1845 3203 generationis

178 3220 321 3278 Jesu
381 3218 684 3285 Christi,»
743 3219 808 3275 In
865 3218 1018 3275 Isaia
1072 3218 1366 3293 legimus:
1425 3221 1847 3277 Generatz'onem

177 3311 300 3383 ejus
330 3312 460 3383 quis
484 3309 769 3367 enarrabit
801 3308 926 3381 (lsa.
961 3326 1080 3376 Lm,
1111 3308 1215 3381 8)?
1252 3309 1378 3366 Non
1400 3326 1536 3383 ergo
1567 3314 1845 3382 putemus

1952 3126 2306 3183 Aminadab.
2360 3124 2687 3181 Aminadab
2745 3127 2943 3180 autem
2999 3119 3205 3195 genuit
3260 3118 3548 3175 Naasson.
3581 3135 3613 3168 »

1954 3217 2290 3274 Notandum
2332 3216 2393 3273 in
2452 3213 2792 3289 genealogia
2845 3210 3163 3269 Salvatoris
3221 3207 3445 3265 nullam
3477 3222 3614 3264 san-

1956 3310 2183 3363 ctarum
2216 3307 2443 3364 assumi
2474 3304 2790 3362 mulierum
2820 3329 2833 3372 ;
2865 3302 2967 3359 sed
2997 3318 3096 3358 eas
3139 3316 3286 3372 quas
3316 3297 3617 3370 Scriptura

177 3398 620 3474 Evangelistam
692 3398 799 3467 [Αἰ.
874 3398 1275 3470 Evangelium]
1351 3399 1648 3472 prophetae
1717 3414 1846 3455 esse
1878 3450 1919 3474 η
1958 3397 2351 3470 reprehendit,
2412 3401 2476 3452 ut
2534 3395 2633 3469 qui
2688 3396 2924 3467 propter
2978 3388 3311 3474 peccatOres
3353 3389 3612 3443 venerat.

180 3450 620 3474 —"'—w""""—
876 3450 1275 3470 ηαβετ-πη.
1354 3450 1451 3471 τη
1503 3450 1643 3455 -νη
1724 3450 1840 3455 "vv
1960 3450 2351 3470 -ντ-τ-ν--τνη
2688 3450 2706 3466 .
2799 3450 2814 3467 .
2978 3450 2997 3465 .

180 3488 577 3554 contrarium,
608 3490 675 3542 ut
706 3487 863 3557 quod
910 3486 1010 3542 ille
1057 3486 1424 3561 impossibile
1463 3450 1616 3544 ldixit
1644 3489 1844 3555 etl‘atu,
1877 3450 1919 3519 C
1960 3488 2030 3542 de
2054 3487 2501 3560 peccatoribus’
2522 3501 2788 3551 nascens,
2813 3481 3080 3538 omnium
3116 3470 3351 3552 peccata
3370 3475 3610 3532 deleret.

179 3579 276 3636 hic
338 3591 590 3634 narrare
646 3574 926 3646 incipiat:
1004 3576 1145 3648 quia
1206 3576 1289 3631 ibi
1345 3578 1417 3632 de
1474 3578 1848 3650 generatione

182 3665 544 3743 divinitatis,
577 3664 674 3720 hic
703 3664 775 3719 de
805 3663 1207 3721 incarnatione
1239 3669 1329 3721 est
1368 3666 1612 3722 dictum.
1646 3669 1691 3723 A
1722 3685 1849 3723 car-

181 3740 433 3814 natibus
456 3759 652 3811 autem
684 3752 876 3827 cmpit,
911 3758 978 3810 ut
1005 3770 1110 3828 per
1157 3754 1454 3812 hominem
1484 3757 1668 3813 Deum
1701 3740 1851 3814 dice-

187 3863 250 3903 re
277 3845 669 3919 incipiamus.

255 3937 454 4009 (Yers.
512 3935 564 4006 1,
620 3935 703 4003 2.)
763 3954 791 3984 ‹‹
852 3932 981 3989 Filii
1041 3934 1243 4006 David,
1301 3933 1405 3991 filii
1464 3936 1760 3993 Abraham
1807 3938 1848 3993 ¹.

182 4025 491 4082 Abraham
523 4023 731 4098 genuit
764 4024 943 4079 Isaac.
978 4022 1140 4079 Isaac
1169 4028 1366 4081 autem
1420 4026 1625 4099 genuit
1652 4027 1849 4083 Jacoh.

181 4114 369 4171 Jacoh
392 4118 598 4171 autem
630 4112 836 4186 genuit
853 4112 1071 4169 Judam
1121 4118 1180 4169 et
1221 4113 1428 4171 fratres
1475 4116 1675 4186 ejus.»
1702 4116 1855 4172 Ordo

183 4207 613 4278 praeposterus,
636 4202 738 4258 sed
781 4202 1110 4259 necessario
1144 4208 1563 4262 commutatus.
1589 4204 1651 4262 Si
1696 4206 1857 4262 enim

186 4294 460 4370 primum
522 4290 820 4365 posuisset
875 4292 1193 4366 Abraham,
1263 4297 1320 4348 et
1375 4299 1577 4367 postea
1633 4295 1853 4352 David:

188 4400 405 4451 rursus
471 4385 529 4438 et
583 4380 935 4453 repetendus
984 4378 1175 4438 fuerat
1215 4382 1535 4450 Abraham,
1586 4389 1653 4440 ut
1681 4401 1857 4457 gene-

187 4472 445 4532 rationis
528 4470 711 4528 series
782 4474 1092 4528 texeretur.
1170 4473 1298 4529 [deo
1353 4479 1572 4542 autem,
1636 4475 1859 4531 caeteris

188 4560 640 4638 pratermissis,
674 4560 885 4617 horum
938 4561 1125 4617 illium
1172 4564 1573 4635 nuncupavit;
1619 4565 1753 4637 quis
1783 4564 1856 4621 ad

189 4651 299 4711 hos
330 4655 577 4709 tantum
610 4654 700 4706 est
742 4650 894 4706 facta
942 4651 1014 4707 de
1073 4651 1305 4709 Christo
1356 4655 1753 4726 repromissio,
1784 4656 1856 4711 ad

190 4741 548 4809 Abraham:
625 4742 689 4797 In
738 4742 966 4809 semine,
1047 4741 1258 4815 inquit,
1316 4747 1409 4799 tuo
1477 4744 1861 4800 benedicer

1956 3576 2121 3633 Unde
2142 3583 2198 3632 et
2222 3576 2281 3631 in
2323 3573 2823 3647 consequentibus
2867 3569 3021 3626 Ruth
3049 3566 3320 3625 Moabitis
3350 3563 3611 3637 ponitur,

1956 3673 2014 3724 et
2042 3667 2364 3724 Bethsabee
2394 3682 2539 3720 uxor
2568 3663 2733 3719 Uriae.

2031 3758 2219 3831 (Vers.
2279 3757 2421 3818 4-8.)
2481 3778 2508 3807 ‹‹
2549 3754 2776 3809 Nasson
2837 3754 3031 3806 autem
3092 3745 3294 3819 genuit
3346 3742 3611 3802 Salmon.

1960 3847 2199 3904 Salmon
2235 3848 2309 3919 (a)
2340 3850 2537 3902 autem
2569 3842 2774 3916 genuit
2802 3841 2949 3896 Booz
2979 3839 3050 3894 de
3081 3835 3306 3908 Rahab,
3337 3835 3486 3891 Booz
3515 3849 3618 3889 au-

1961 3942 2079 3993 tem
2129 3938 2335 4010 genuit
2391 3935 2548 3991 Obed
2607 3950 2676 3989 ex
2733 3930 2910 3986 Ruth.
2969 3928 3127 3985 Obed
3188 3930 3384 3982 autem
3415 3922 3622 3997 genuit

1960 4028 2149 4085 Jesse.
2170 4028 2336 4083 Jesse
2359 4029 2552 4080 autem
2578 4020 2780 4095 genuit
2822 4019 3003 4076 David
3050 4033 3268 4090 regem.
3305 4016 3408 4071 10
3438 4011 3620 4069 David

1964 4123 2161 4173 autem
2193 4133 2292 4171 rex
2309 4114 2511 4187 gennit
2526 4111 2898 4169 Salomonem
2921 4124 2989 4163 ex
3012 4124 3081 4163 ea
3127 4122 3254 4178 quae
3306 4104 3420 4159 fuit
3449 4101 3620 4158 Urim.

1965 4206 2241 4263 Salomon
2279 4208 2475 4261 autem
2525 4199 2729 4274 genuit
2777 4197 3059 4253 Boboam.
3112 4194 3373 4251 Roboam
3422 4196 3622 4249 autem

1966 4295 2169 4370 genuit
2200 4294 2424 4350 Abiam.
2456 4292 2602 4348 Abia
2634 4292 2830 4346 autem
2864 4286 3069 4359 genuit
3098 4284 3233 4340 Asa.
3280 4282 3394 4370 Asia
3422 4283 3622 4335 autem

1967 4369 2173 4458 genuit
2197 4382 2495 4454 Josaghat.
2526 4378 2811 4451 Josaphat
2848 4379 3045 4432 autem
3094 4370 3296 4445 genuit
3335 4369 3557 4458 Joramg.
3591 4387 3621 4417 »

1967 4456 2083 4531 iste
2105 4478 2193 4530 est
2224 4478 2488 4528 Naasson
2520 4471 2791 4543 princeps
2820 4465 3012 4521 tribus
3036 4463 3221 4534 Judae,
3246 4462 3400 4517 sicut
3420 4459 3479 4515 in
3500 4456 3618 4513 Nu-

1968 4565 2146 4623 meris
2175 4563 2427 4636 legimus
2459 4562 2643 4632 (Num.
2679 4576 2717 4629 ι,
2747 4558 2826 4628 7).

2040 4657 2227 4727 (Vere.
2288 4651 2471 4722 8-11.)
2535 4670 2556 4697 α
2614 4649 2813 4704 Joram
2878 4649 3077 4702 antem
3135 4639 3340 4715 genuit
3396 4637 3617 4727 Oziam.

1968 4725 2135 4803 Ozias
2166 4749 2360 4800 autem
2393 4740 2594 4814 genuit
2622 4738 2896 4796 Joathan.
2928 4732 3179 4791 Joathan
3201 4734 3396 4788 autem
3419 4725 3627 4801 genuit

190 4848 386 4890 me:
416 4833 610 4902 gentes
639 4839 807 4889 terra?
845 4831 998 4902 (Gen.
1055 4849 1196 4900 xm,
1259 4833 1369 4903 18),
1425 4835 1567 4905 quod
1596 4843 1673 4890 est
1702 4835 1859 4891 Chri-
1892 4830 1937 4896 D
1966 4835 2175 4892 Achaz.
2225 4833 2415 4889 Achaz
2471 4834 2667 4885 autem
2726 4827 2929 4899 genuit
2983 4820 3313 4880 Ezechiam.
3347 4817 3629 4875 Ezechias

192 4929 309 4987 stu:
339 4921 493 4992 (Gal.
526 4936 613 4988 III,
654 4920 763 4991 16).
814 4920 899 4975 Ad
957 4920 1174 4977 David:
1239 4942 1267 4973 α
1298 4924 1373 4978 De
1422 4925 1610 4994 fructu
1654 4925 1861 4981 ventris

192 5012 284 5070 tui
307 5027 533 5086 ponam
563 5025 729 5083 super
755 5009 935 5066 sedem
962 5014 1125 5066 tuam
1153 5011 1324 5084 (Psal.
1358 5029 1548 5079 cxxxr,
1581 5014 1690 5085 11.)

265 5101 463 5175 (Vere.
525 5098 606 5172 3.)
660 5121 688 5153 ‹‹
746 5099 930 5169 Iudas
987 5104 1183 5157 autem
1257 5104 1462 5175 genuit
1514 5102 1753 5173 Phares,
1812 5107 1868 5159 et

191 5188 409 5251 Zetum
441 5189 522 5246 de
564 5188 842 5257 Thamar,
897 5189 1118 5245 Phares
1171 5195 1368 5247 autem
1424 5192 1630 5265 genuit
1658 5193 1863 5249 Esron.

194 5283 385 5337 Bsron
421 5283 625 5334 autem
673 5277 879 5352 genuit
932 5284 1137 5336 Aram.
1202 5282 1379 5337 Aram
1437 5285 1632 5337 autem
1664 5282 1869 5353 genuit

267 5425 467 5497 ιρυω
528 5419 689 5497 hinc,
739 5422 1187 5497 subsequuntur
1250 5424 1583 5497 Scriptura:
1668 5426 1867 5497 verba,

197 5496 491 5554 Abraham
522 5496 731 5564 genuit,
781 5498 887 5551 etc.
951 5496 1013 5551 in
1080 5496 1264 5552 nostri
1322 5496 1466 5553 mss.
1527 5496 1863 5553 desiderané

197 5571 316 5637 tur,
380 5566 616 5641 quibus
680 5566 940 5642 solemne
994 5572 1103 5640 est,
1164 5585 1232 5624 ea
1291 5569 1571 5625 duntaxet
1611 5571 1868 5642 proferre

201 5640 526 5706 commata,
562 5654 688 5713 quae
718 5640 1086 5713 subsequens
1113 5642 1399 5713 expositio
1439 5640 1693 5699 enarrat.

268 5713 294 5751 ⁸
326 5713 620 5769 Rabanus
650 5710 792 5784 legit
818 5711 885 5767 de
916 5710 1331 5780 peccatric'ibus.

271 5785 296 5823 ³
324 5785 435 5860 Hie
466 5799 710 5860 quoque
743 5784 1050 5860 reliquum
1096 5786 1407 5860 Scriptura:
1454 5789 1677 5844 textum
1718 5803 1863 5860 mss.

206 5856 398 5916 nostri
452 5854 676 5915 tacent.
732 5854 1095 5915 Continuant
1139 5854 1276 5917 vero
1324 5858 1444 5917 sic:
1502 5860 1603 5916 Isle
1629 5862 1708 5918 est
1736 5858 1868 5916 Sal-

1971 4929 2170 4980 autem
2203 4921 2406 4997 genuit
2444 4920 2777 4975 Manassen.
2825 4916 3126 4972 Manasses
3173 4914 3369 4967 autem
3420 4905 3631 4979 genuit

1978 5019 2191 5070 Amon.
2221 5015 2405 5067 Amon
2440 5014 2637 5065 autem
2670 5006 2872 5081 genuit
2912 5004 3158 5062 Josiam.
3208 4999 3400 5056 Josias
3430 5000 3630 5052 autem

1976 5090 2180 5177 genuit
2207 5098 2550 5158 Jechoniam
2584 5100 2643 5153 et
2697 5097 2905 5151 fratres
2961 5093 3089 5165 ejus
3128 5090 3189 5147 in
3247 5084 3633 5177 transmigra-

1981 5173 2141 5250 tione
2196 5188 2597 5263 Babylonis.»
2659 5187 2722 5241 In
2780 5186 2991 5257 quarto
3049 5182 3278 5253 Regum
3334 5173 3636 5263 volumine

1981 5284 2158 5357 (capp.
2193 5297 2278 5352 ιιι,
2312 5261 2411 5338 vm
2468 5280 2517 5333 et
2564 5275 2733 5349 seqq.)
2790 5273 3046 5346 legimus
3105 5272 3175 5326 de
3211 5269 3413 5325 Joram
3444 5261 3633 5353 tho-

1976 5441 2104 5481 mon
2132 5426 2390 5495 princeps
2420 5421 2758 5495 tribunale.
2811 5418 2907 5472 Sic
2954 5414 3093 5471 olim
3141 5407 3359 5495 vulgati
3394 5403 3631 5495 ξςιιῃιξη

1976 5515 2084 5570 pro
2111 5483 2351 5570 [Vaassen
2395 5483 2780 5570 praeferebant
2824 5502 3150 5570 perperam.
3200 5483 3474 5570 Adhpum
3506 5491 3632 5570 mo-

1978 5550 2239 5625 dum—ret
2273 5550 2332 5623 in
2392 5550 2777 5636 subsequenti
2825 5550 3104 5636 ‘per'icOpe
3149 5572 3183 5608 a
3238 5550 3451 5618 verbis,
3505 5550 3631 5636 ,ξοα-

1976 5642 2114 5697 than
2143 5643 2326 5696 autem
2370 5639 2559 5709 genuit
2596 5626 2802 5699 ἈσΙιιιχν,
2840 5626 3108 5709 reliquos
3164 5640 3369 5681 versus
3400 5626 3631 5709 praeter.

1976 5718 2157 5769 eunt:
2210 5698 2484 5783 denique,
2544 5712 2600 5765 In
2657 5715 2850 5779 quarto
2906 5698 3234 5769 Regnorum,
3293 5713 3397 5771 pro
3424 5698 3632 5763 Regum

1974 5784 2198 5860 legunt.
