4182 6598
545 517 625 580 23
1802 521 1866 583 S.
1913 518 2224 585 EUSEBII
2270 522 2715 617 HIERONYMI
3879 521 3956 583 21

545 652 701 709 siam
726 650 910 709 fuisse
942 656 1308 725 generatum,
1343 669 1457 726 quo
1480 657 1732 725 mortuo,
1754 654 2057 720 Josabeth,
2082 654 2201 709 tilia
2227 656 2281 721 Α
2312 656 2577 713 cundum
2605 656 2790 728 legem
2826 656 2875 711 ei
2906 659 3069 728 pater
3096 655 3192 712 sit.
3237 655 3467 711 Scimus
3514 652 3670 711 enim
3723 654 3833 711 hoc
3862 672 3963 727 per

544 743 702 816 regis
722 743 943 811 Joram,
968 760 1134 799 soror
1149 743 1407 799 Ochazize
1432 742 1568 799 tulit
1608 745 1742 800 Joas
1784 744 1965 799 ﬁlium
1999 744 2194 799 fratris

2307 747 2568 813 Moysen,
2604 747 2717 800 Deo
2740 746 3005 817 jubente,
3042 750 3413 817 praeceptum,
3450 749 3515 799 ut
3568 745 3617 800 si
3653 745 3830 800 frater
3862 752 3962 801 aut

546 832 1944 905 sui,eteuminternecioni,quzeexercebaturab
1966 832 2197 887 Athalia
2306 835 2672 907 proliinquus
2719 836 2940 906 absque
2996 834 3195 889 liberis
3251 839 3522 889 mortuus
3579 834 3771 906 fuerit,
3806 833 3959 890 alius

548 923 654 995 [AL
686 920 961 990 Atholia],
992 923 1304 978 subtraxit.
1367 922 1467 976 Cui
1518 923 1801 977 successit
1858 923 1913 976 in
1946 936 2192 993 regnum

545 1011 705 1067 ﬁlius
725 1012 853 1083 ejus
873 1011 1165 1077 Amasias,
1189 1015 1322 1083 post
1371 1027 1547 1082 quem
1598 1010 1855 1082 regnavit
1883 1010 2036 1065 ﬁlius
2066 1011 2195 1080 ejus

543 1101 807 1169 Azarias,
839 1100 938 1172 qui
994 1100 1323 1171 appellatur
1376 1105 1433 1155 et
1484 1100 1652 1156 Ozias
1712 1101 1816 1170 [Αἰ.
1851 1098 2191 1171 Ochozias]:
2227 1138 2246 1152 .

549 1188 644 1246 cui
665 1188 949 1245 successit
978 1188 1224 1245 Joathan
1264 1188 1419 1243 ﬁlius
1458 1189 1607 1259 ejus.
1641 1188 1838 1243 Cernis
1871 1204 2007 1259 ergo
2037 1187 2192 1258 quod

548 1279 875 1334 secundum
932 1278 1107 1333 ﬁdem
1165 1277 1419 1332 historia
1486 1282 1602 1331 tres
1661 1292 1824 1346 reges
1884 1276 1942 1330 in
2002 1276 2192 1330 medio

546 1368 785 1434 fuerint,
815 1383 964 1439 quos
1014 1366 1106 1421 hic
1149 1364 1501 1437 evangelista
1548 1364 1959 1437 pratermisit:
1995 1364 2194 1419 Joram

547 1457 763 1528 quippe
794 1472 909 1509 non
939 1454 1143 1526 genuit
1173 1453 1392 1522 Oziam,
1440 1454 1543 1509 sed
1591 1453 1900 1509 Ochoziam
1929 1471 1941 1509 :
1976 1458 2034 1508 et
2062 1453 2195 1508 reli-

548 1561 696 1616 quos
752 1560 901 1615 quos
956 1544 1455 1599 enumeravimus.
1506 1543 1725 1599 Verum
1766 1543 1905 1614 quia
1933 1544 2195 1612 Evange-

542 1632 693 1689 listze
725 1632 1098 1705 propositum
1137 1636 1263 1687 erat
1311 1638 1429 1687 tres
1485 1632 2055 1687 tessarescedecades
2087 1631 2101 1665 ¹
2136 1632 2194 1685 in

544 1723 773 1778 diverso
804 1727 1138 1793 temporum
1180 1724 1339 1777 statu
1371 1737 1605 1794 ponere,
1656 1726 1713 1775 et
1763 1721 1964 1775 Joram
1997 1720 2195 1791 generi

545 1828 608 1867 se
638 1811 957 1867 miscuerat
989 1810 1354 1881 impiissimae
1383 1810 1633 1877 Jezabel,
1667 1810 1888 1865 idcirco
1914 1826 2099 1880 usque
2122 1810 2194 1864 ad

540 1899 772 1956 tertiam
804 1900 1239 1971 generationem
1271 1900 1400 1970 ejus
1432 1899 1715 1955 memoria
1754 1898 1995 1965 tollitur,
2030 1915 2100 1953 ne
2134 1900 2192 1953 in

543 1994 759 2045 sanctae
793 1988 1114 2045 nativitatis
1146 1989 1349 2044 ordine
1378 1993 1711 2061 poneretur.

614 2080 796 2151 (Vers.
848 2080 1054 2147 12-15.)
1097 2079 1227 2133 «Et
1274 2083 1407 2150 post
1461 2078 2037 2149 transmigrationem
2083 2078 2188 2133 Ba-

540 2168 792 2242 bylonis,
870 2168 1181 2224 Jechonias
1259 2168 1464 2239 genuit
1545 2167 1845 2223 Salathiel.
1910 2166 2189 2223 Salathiel

545 2262 740 2314 autem
773 2256 977 2330 genuit
1014 2257 1348 2312 Zorobabel.
1380 2256 1693 2313 Zorobabel
1744 2261 1938 2312 autem
1988 2258 2190 2327 genuit

539 2347 749 2403 Abiud.
805 2346 993 2402 Abiud
1076 2351 1272 2401 autem
1347 2346 1551 2419 genuit
1622 2346 1883 2401 Eliacim.
1945 2346 2186 2401 Eliacim

540 2441 739 2493 autem
780 2436 983 2509 genuit
1011 2440 1179 2491 Azor.
1207 2437 1353 2491 Azor
1383 2442 1577 2491 autem
1613 2436 1813 2508 genuit
1846 2438 1940 2491 ‘ll
1978 2437 2183 2491 Sadoc.

544 2526 730 2582 Sadoc
759 2530 956 2580 autem
989 2524 1190 2597 genuit
1240 2524 1465 2579 Achim.
1520 2525 1724 2579 Achim
1757 2530 1954 2579 autem
1987 2523 2190 2595 genuit

537 2614 729 2670 Eliud.
770 2614 936 2669 Eliud
971 2617 1164 2669 autem
1196 2613 1398 2685 genuit
1427 2613 1677 2669 Eleazar.
1726 2613 1960 2669 Eleazar
1990 2619 2184 2668 autem

540 2702 743 2775 genuit
780 2702 1065 2758 Matthan.
1118 2702 1382 2757 Matthan
1431 2707 1625 2757 autem
1672 2704 1876 2774 genuit
1923 2702 2121 2757 Jacob.
2157 2723 2184 2749 ››

538 2792 597 2849 Si
629 2791 987 2847 voluerimus
1017 2790 1359 2847 Jechoniam
1391 2790 1449 2845 in
1491 2792 1607 2846 ﬁne
1654 2791 1855 2862 primae
1904 2796 2185 2846 tessares-

535 2880 842 2938 oedecadis
873 2880 978 2949 [Αἰ.
1012 2880 1485 2946 tesseradecadis]
1540 2896 1777 2951 ponere,
1828 2880 1885 2934 in
1919 2881 2184 2951 sequenti

535 2986 654 3025 non
711 2972 884 3025 erunt
931 2968 1398 3040 quatuordecim,
1445 2970 1543 3023 sed
1594 2968 1890 3023 tredecim.
1922 2970 2186 3026 Sciamus

533 3058 734 3131 igitur,
792 3056 1133 3114 Jechoniam
1193 3056 1445 3129 priorem
1503 3057 1699 3128 ipsum
1759 3074 1887 3113 esse
1927 3074 2099 3129 quem
2131 3063 2188 3114 et

532 3147 796 3205 Joacim:
831 3147 1155 3203 secundum
1196 3150 1416 3216 autem,
1462 3144 1674 3215 ﬁlium,
1726 3162 1840 3201 non
1873 3151 2094 3218 patrem
2124 3148 2182 3203 ἐ

535 3253 786 3309 quorum
831 3235 989 3308 prior
1042 3251 1143 3307 per
1198 3250 1227 3290 ε
1280 3238 1338 3289 et
1388 3251 1467 3303 m,
1525 3249 1780 3305 sequens
1839 3252 1941 3307 per
1968 3234 2030 3289 ch
2064 3240 2183 3290 etn

534 3326 846 3383 scribitur:
894 3325 1049 3397 quod
1101 3324 1454 3395 scriptorum
1505 3323 1665 3389 vitio,
1713 3328 1770 3378 et
1815 3324 2181 3397 longitudine

2304 924 2433 994 ejus
2451 923 2696 995 accipiat
2718 941 2952 978 uxorem
2980 924 3050 977 ad
3088 923 3492 977 suscitandum
3538 939 3736 978 semen
3764 922 3960 979 fratris

2303 1012 2391 1067 vel
2423 1012 2733 1084 propinqui
2764 1013 2855 1067 sui
2897 1014 3076 1083 (Deut.
3128 1015 3213 1078 ιι).
3267 1013 3454 1084 Super
3509 1011 3620 1066 hoc
3654 1016 3710 1066 et
3738 1012 3959 1068 Africa-

2304 1119 2415 1156 nus
2449 1107 2775 1173 temporum
2810 1102 3059 1172 scriptor
3088 1106 3145 1156 et
3176 1102 3460 1157 Eusebius
3494 1101 3867 1157 Caesariensis
3899 1102 3958 1157 in

2301 1188 2467 1245 libris
2499 1187 2791 1265 διαφωνίας
2828 1187 3159 1263 εὕαγγελίων
3188 1190 3376 1262 plenis
3409 1192 3807 1262 disputarunt.

2374 1278 2568 1349 (lbid.)
2603 1300 2630 1326 «
2664 1278 2870 1333 Virum
2905 1279 3120 1345 Mariae,
3151 1280 3221 1333 de
3276 1296 3391 1350 qua
3442 1285 3619 1333 natus
3647 1284 3735 1334 est
3759 1282 3959 1346 Jesus,

2304 1366 2404 1438 qui
2435 1372 2673 1422 vocatur
2702 1367 2990 1423 Christus.
3026 1390 3054 1417 »
3102 1369 3247 1423 Cum
3302 1368 3494 1424 virum
3546 1368 3829 1438 audieris,
3863 1385 3961 1423 su-

2304 1456 2487 1527 spicio
2518 1456 2622 1510 tibi
2656 1473 2770 1511 non
2813 1457 3018 1511 subeat
3066 1456 3447 1527 nuptiarum;
3502 1458 3603 1511 sed
3656 1457 3964 1512 recordare

2305 1544 2746 1600 consuetudinis
2794 1545 3248 1616 Scripturarum,
3301 1547 3457 1617 quod
3509 1546 3709 1617 sponsi
3742 1545 3871 1612 viri,
3908 1551 3966 1602 et

2305 1652 2530 1706 sponsa:
2560 1641 2841 1689 vocentur
2870 1652 3096 1690 uxores.

2374 1724 2555 1794 (Vers.
2619 1726 2730 1794 17.)
2797 1745 2817 1772 σι
2868 1729 2936 1779 Et
2982 1742 3015 1779 a
3073 1724 3588 1796 transmigratione
3647 1724 3962 1797 Babylonis

2306 1830 2489 1884 usque
2522 1814 2593 1868 ad
2623 1813 2942 1881 Christum,
2976 1814 3381 1885 generationes
3428 1814 3896 1885 quatuordecim.
3929 1837 3957 1865 ››

2301 1902 2557 1957 Numera
2596 1919 2629 1957 a
2657 1902 2938 1958 Jechonia
2969 1919 3157 1974 usque
3196 1903 3267 1958 ad
3318 1903 3558 1975 Joseph,
3609 1910 3666 1958 et
3694 1903 3958 1960 invenies

2222 2024 2267 2088 B
2301 1992 2705 2063 generationes
2739 1992 3037 2047 tredecim.
3081 1993 3299 2056 Quarta
3330 1992 3556 2047 decima
3603 2008 3739 2065 ergo
3770 2008 3958 2065 gene-

2301 2081 2448 2136 ratio
2479 2080 2538 2135 in
2570 2080 2767 2153 ipsum
2800 2080 3096 2136 Christum
3129 2082 3516 2152 reputabitur.

2369 2168 2554 2239 (Vers.
2597 2170 2703 2239 18.)
2736 2190 2764 2217 «
2796 2169 3009 2224 Christi
3043 2175 3239 2225 autem
3282 2169 3575 2241 generatio
3616 2169 3701 2226 sic
3732 2175 3877 2227 erat.
3918 2194 3946 2221 ››

2298 2257 2525 2321 Qumrat
2582 2258 2833 2329 diligens
2890 2258 3071 2314 lector
3124 2263 3181 2313 et
3254 2258 3445 2314 dicat:
3513 2260 3657 2314 Cum
3724 2260 3946 2334 Joseph

2297 2363 2412 2401 non
2446 2348 2521 2402 sit
2553 2351 2717 2417 pater
2754 2347 2985 2403 Domini
3044 2347 3378 2414 Salvatoris,
3439 2350 3538 2405 12
3596 2348 3735 2420 quid
3768 2350 3947 2419 perti-

2298 2442 2395 2490 net
2417 2437 2487 2490 ad
2517 2437 2826 2491 Dominum
2849 2437 3241 2509 generationis
3272 2438 3413 2492 ordo
3448 2437 3736 2493 deductus
3758 2455 3951 2510 usque

2298 2525 2369 2579 ad
2393 2525 2608 2597 Joseph
2630 2525 2658 2579 εἶ
2701 2526 2794 2581 cui
2826 2526 3310 2597 respondebimus
3351 2526 3633 2598 primum,
3669 2544 3785 2582 non
3818 2544 3951 2583 esse

2297 2614 2739 2669 consuetudinis
2759 2616 3213 2687 Scripturarum,
3253 2620 3316 2671 ut
3356 2616 3670 2672 mulierum
3693 2616 3753 2672 in
3777 2633 3954 2689 gene-

2296 2704 2622 2758 rationibus
2675 2705 2813 2758 ordo
2860 2709 3131 2761 texatur.
3204 2705 3422 2761 Deinde
3491 2722 3559 2761 ex
3616 2723 3733 2761 una
3790 2706 3950 2763 tribu

2296 2791 2479 2847 fuisse
2500 2791 2716 2863 Joseph
2749 2797 2803 2847 et
2838 2793 3079 2848 Mariam
3107 2809 3120 2848 :
3164 2794 3318 2849 unde
3350 2810 3418 2849 ex
3464 2795 3611 2865 Lege
3644 2811 3771 2850 eam
3802 2796 3956 2851 acci-

2294 2896 2431 2951 pere
2487 2881 2803 2952 cogebatur
2856 2885 2922 2937 ut
2977 2881 3390 2954 propinquam,
3448 2888 3505 2938 et
3560 2885 3719 2956 quod
3768 2883 3953 2940 simul

2296 2975 2572 3024 censetur
2601 2970 2659 3024 in
2694 2969 3014 3036 Bethleem,
3047 2975 3111 3025 nt
3167 2971 3237 3025 de
3293 2988 3411 3026 una
3467 2971 3735 3027 videlicet
3766 2973 3954 3046 stirpe

2294 3059 2573 3129 generati.
2636 3081 2663 3107 «
2723 3059 2869 3113 Cum
2928 3064 3084 3115 esset
3153 3060 3508 3132 desponsata
3577 3066 3765 3116 mater
3818 3062 3954 3133 ejus

2296 3146 2479 3201 Maria
2506 3145 2719 3218 Joseph
2747 3148 2785 3203 ‘.
2824 3170 2850 3197 ››
2884 3151 3071 3215 Quare
3113 3165 3228 3204 non
3281 3149 3353 3205 de
3401 3149 3655 3221 simplici
3684 3148 3951 3221 Virglne,

2295 3236 2396 3291 sed
2454 3237 2525 3291 de
2580 3236 2937 3308 desponsata
2996 3237 3366 3309 concipitur?
3416 3238 3705 3302 Primum,
3750 3241 3817 3292 ut
3849 3255 3956 3310 per

2294 3324 2748 3396 generationem,
2778 3326 3017 3398 Joseph,
3050 3326 3210 3399 origo
3242 3326 3437 3382 Mariae
3488 3329 3967 3382 monstraretur.-

533 3419 894 3487 temporum,
953 3413 1109 3485 apud
1166 3412 1395 3469 Graecos
1465 3412 1820 3485 Latinosque
1877 3415 2185 3471 confusum
2217 3399 2259 3466 C
2299 3414 2587 3482 Secundo,
2646 3432 2718 3470 ne
2770 3410 3130 3487 lapidaretur
3185 3433 3219 3471 a
3274 3414 3496 3471 Judaais
3554 3420 3621 3470 ut
3659 3414 3955 3471 adultera.

535 3509 646 3561 est.

608 3593 791 3666 (Vers.
825 3592 940 3664 46.)
975 3614 1003 3644 «
1030 3591 1210 3649 Jacob
1255 3597 1451 3647 autem
1500 3593 1705 3665 genuit
1752 3593 2043 3666 Joseph.»
2069 3594 2186 3651 Hoc

533 3682 661 3739 loco
678 3681 889 3752 objecit
912 3680 1080 3735 nobis
1099 3679 1369 3735 Julianus
1395 3686 1696 3750 Augustus
1718 3682 1739 3715 ⁸
1762 3681 2185 3738 dissonantium

535 3762 1055 3840 evangelistarum,
1089 3785 1193 3823 cur
1227 3768 1583 3841 evangelista
1630 3769 1940 3825 Matthaaus
1969 3772 2185 3843 Joseph

534 3858 749 3916 dixerit
778 3856 967 3913 ﬁlium
1006 3858 1220 3913 Jacob:
1270 3862 1327 3911 et
1373 3857 1558 3913 Lucas
1600 3874 1733 3913 eum
1778 3858 1965 3914 ﬁlium
1995 3859 2189 3932 appel-

531 3946 670 4005 larit
699 3944 863 4015 Heli;
898 3962 1013 4002 non
1047 3946 1382 4019 intelligens
1413 3948 1898 4004 consuetudinem
1933 3949 2189 4022 Scriptu-

533 4052 756 4104 rarum,
790 4035 947 4109 quod
1002 4034 1149 4092 alter
1194 4037 1520 4092 secundum
1572 4042 1865 4108 naturam,
1919 4038 2065 4095 alter
2098 4055 2186 4096 se-

608 4216 624 4250 ¹
658 4215 752 4271 Sic
780 4213 998 4288 habent
1027 4214 1292 4288 plerique
1318 4232 1523 4271 omnes
1572 4233 1716 4272 mss.
1773 4232 1842 4271 ex
1888 4215 1981 4288 his
2013 4216 2188 4288 etiam

539 4304 688 4362 quos
719 4286 984 4343 Martian.
1018 4284 1340 4343 consuluit.
1385 4288 1565 4344 Graec.
1597 4284 2184 4415 magmate-maga

539 4364 729 4415 Antea
757 4364 882 4415 erat
924 4359 1385 4415 tessaradecades.
1431 4359 1585 4415 quod
1634 4365 1690 4414 et
1790 4360 2014 4415 abanus
2046 4377 2184 4415 ure:-

538 4359 729 4486 gntea
757 4364 882 4416 erat
924 4359 1385 4431 tessaradecades,
1431 4359 1585 4431 quod
1634 4365 1690 4414 et
1738 4359 2014 4416 Rabanus
2044 4377 2189 4431 pra:-

566 4447 628 4486 er
661 4471 673 4484 .

566 4434 673 4487 ’ert.

611 4500 787 4556 ’Duo
846 4497 1114 4559 Palatin..
1157 4516 1301 4555 mss.
1360 4499 1669 4555 Secundum
1724 4506 1911 4557 autem
1959 4502 2193 4558 Joachin

540 4572 721 4643 ﬁlium
751 4587 864 4627 non
914 4579 1147 4644 patrem,
1202 4577 1329 4644 etc.
1374 4572 1599 4641 Recole,
1660 4573 1813 4644 quod
1842 4578 1896 4628 et
1924 4579 2189 4628 notatum

538 4644 872 4726 {tertianzeo
900 4647 1008 4723 est,
1038 4642 1233 4726 ipshum
1266 4642 1691 4726 Hieronymum
1714 4644 2022 4726 Latius‘hac
2043 4646 2191 4699 dere

540 4715 940 4799 disputantem
1109 4714 1536 4799 commentario
1583 4715 1652 4798 .in
1691 4715 1935 4799 “Daniel.
1970 4733 2187 4799 capri:

543 4775 806 4859 «Nemo,
841 4785 1051 4855 inquit,
1085 4791 1249 4859 putet
1277 4785 1639 4859 eumdem‘in
1690 4786 1946 4842 Danielis
1975 4775 2190 4859 princi-
2223 4775 2267 4839 D

539 4858 787 4930 piopes’se
816 4859 1042 4930 Joacz'm,
1069 4856 1166 4929 qui
1201 4858 1259 4911 in
1310 4856 1627 4930 Ezechielis
1677 4860 1910 4913 exordio
1939 4856 2191 4915 Jbachim

540 4928 851 4984 scribitur:
878 4928 985 4983 iste
1007 4928 1158 4984 enim
1184 4933 1501 4984 extremam
1526 4929 1805 4999 syllabam
1826 4930 1975 4985 chz‘m
1994 4932 2186 4996 habet,

539 4999 789 5056 ille'cz'm.
814 5000 883 5054 Et
902 5001 975 5055 ob
1003 5000 1153 5055 hanc
1175 5001 1494 5056 causamin
1520 5002 1828 5071 Evangelio
1862 5004 2184 5057 secundum

538 5071 874 5127 Matthzeum
899 5073 1258 5144 ungavidetur
1275 5074 1477 5127 deesse
1505 5074 2191 5144 generatio,quiasecun-

540 5145 616 5200 da
643 5139 1150 5218 τεσᾳαρακᾳιδὲκαςγ
1183 5143 1270 5218 ἱῐιΔ
1302 5139 1535 5218 Eadm"
1553 5144 1769 5198 desinit
1808 5139 1945 5201 'tilio
1977 5146 2186 5218 rJosize,

540 5220 596 5271 et
624 5214 1030 5289 tertia'incipit
1061 5232 1093 5270 a
1120 5214 1368 5289 Joachim
1398 5215 1516 5269 tilio
1567 5217 1990 5289 Joacz'm._Qu0d
2024 5218 2188 5289 igno-

539 5304 679 5368 rans
704 5286 1059 5368 Iforphyrius
1083 5286 1441 5368 calumniam
1483 5288 1656 5341 struit
1696 5287 1983 5368 Ecclesizf,
2018 5286 2184 5368 suam

541 5357 873 5431 ostendens
900 5357 1278 5431 imperitiam,
1329 5359 1882 5431 dumgevangelistaa
1931 5360 2187 5415 Matthrei

542 5446 786 5501 arguere
817 5427 1027 5485 nititur
1056 5428 1390 5483 falsitatem.
1426 5452 1453 5481 »
1486 5430 1631 5485 Vide
1673 5427 1737 5486 et
1779 5449 1906 5501 qum
1940 5432 1997 5487 in
2032 5433 2187 5488 hunc

541 5499 733 5554 locum
802 5504 1204 5556 observamus.
1285 5502 1411 5557 Mox
1484 5501 1660 5556 iidem
1719 5499 1967 5558 Palatini
2042 5522 2184 5559 mss.

540 5570 961 5647 legunt,]_2r1'ar
1006 5588 1105 5643 per
1158 5574 1205 5627 K
1250 5575 1303 5626 et
1361 5574 1428 5639 Μ,
1485 5591 1709 5645 sequens
1758 5592 1859 5647 per
1911 5575 1956 5629 Χ
2012 5580 2062 5632 el
2118 5578 2185 5643 Ν,

542 5642 756 5697 Graecis
786 5642 1013 5697 litteris.

614 5712 900 5786 fllectius
930 5730 1105 5785 penes
1143 5715 1468 5770 Rabanum.
1518 5717 1683 5771 Hunc
1731 5717 1923 5773 locum
1976 5718 2189 5786 objecit

542 5784 713 5866 nobis
742 5784 1016 5866 Julianus
1055 5789 1356 5866 Augustus
1405 5789 1474 5843 de
1510 5789 1899 5866 _Disso_nantia
1942 5784 2187 5861 evange-

542 5853 835 5913 listarum.
896 5853 1179 5915 Africani”
1206 5861 1380 5916 verba
1435 5861 1727 5918 subnectit
1786 5863 2063 5919 Rabanus
2091 5853 2188 5917 "ex

2299 3504 2511 3576 Tertio,
2544 3509 2609 3561 ut
2638 3504 2697 3560 in
2752 3509 3057 3578 Egyptum
3109 3505 3338 3579 fugiens
3386 3505 3627 3561 haberet
3672 3502 3957 3560 solatium

2297 3595 2491 3649 mariti
2524 3596 2565 3651 ⁸.
2600 3596 2821 3668 Martyr
2866 3595 3127 3668 Ignatius
3175 3594 3351 3649 etiam
3403 3600 3671 3664 quartam
3723 3593 3960 3649 addidit

2296 3699 2556 3748 causam,
2581 3699 2685 3737 cur
2705 3699 2738 3737 a
2760 3684 3116 3753 desponsata
3137 3686 3456 3752 conceptus
3491 3680 3569 3734 sit
3591 3696 3605 3734 :
3636 3685 3699 3733 ut
3721 3690 3958 3752 partus,

2294 3770 2590 3842 inquiens,
2623 3772 2751 3840 ejus
2784 3770 3073 3825 celaretur
3121 3766 3374 3836 diabolo,
3425 3768 3566 3823 dum
3612 3785 3745 3823 eum
3781 3775 3962 3842 putat

2296 3876 2412 3915 non
2445 3860 2515 3914 de
2544 3858 2804 3931 Virgine,
2839 3859 2939 3913 sed
2973 3859 3045 3913 de
3088 3874 3265 3913 uxore
3313 3863 3677 3930 generatum.
3711 3880 3737 3907 ‹‹
3775 3864 3962 3915 Ante-

2296 3965 2475 4020 quam
2532 3946 2927 4014 convenirent,
2986 3945 3222 4002 inventa
3265 3951 3353 4003 est
3405 3947 3464 4003 in
3509 3952 3671 4003 utero
3720 3947 3957 4006 habens

2298 4038 2370 4092 de
2394 4037 2610 4110 Spiritu
2644 4040 2868 4092 sancto.
2907 4058 2935 4085 ››
2968 4036 3094 4091 Non
3152 4037 3223 4091 ab
3280 4034 3393 4091 alio
3448 4037 3683 4093 inventa
3713 4040 3802 4093 est
3832 4037 3957 4096 nisi

2298 4214 2557 4288 Epistula
2579 4216 2649 4270 ad
2684 4215 3000 4271 Aristidem
3029 4216 3098 4269 de
3142 4214 3585 4288 Evangeliorum
3639 4215 3957 4273 dissonan-

2298 4287 2418 4343 tia:
2455 4288 2612 4344 Nobis
2641 4304 2769 4353 ergo
2800 4290 3054 4343 imminet
3098 4330 3110 4343 .
3157 4330 3168 4341 .
3215 4328 3227 4341 .
3272 4332 3287 4359 ,
3318 4287 3617 4341 secundum
3657 4292 3955 4359 veritatem

2298 4364 2449 4429 gesta
2478 4377 2577 4414 sua
2609 4359 2954 4414 tradiderunt
2983 4378 2995 4426 ;
3051 4376 3176 4430 quae
3234 4358 3557 4430 plurimum
3614 4358 3843 4414 variant
3877 4364 3957 4417 ab

2300 4432 2569 4501 Eusebio,
2606 4432 2704 4501 qui
2739 4431 2845 4485 hoc
2875 4431 3067 4501 ipsum
3099 4430 3506 4485 testimonium
3552 4430 3810 4484 Africani
3842 4430 3956 4487 lib.

2300 4521 2318 4558 1
2349 4505 2545 4557 Hister.
2580 4519 2705 4573 cap.
2739 4503 2792 4573 7,
2827 4503 3051 4558 recitat.
3098 4502 3304 4557 Confer
3350 4501 3737 4573 Nicephorum
3769 4501 3875 4558 lib.
3912 4521 3959 4573 1,

2301 4591 2427 4644 cap.
2455 4576 2539 4629 11.
2573 4577 2755 4628 MART.
3181 4589 3185 4594 '

2372 4647 2392 4679 ι
2424 4650 2530 4701 Pro
2560 4646 2751 4717 Joseph
2807 4646 3042 4699 nomine
3101 4645 3258 4715 quod
3315 4660 3458 4700 mss.
3491 4660 3695 4700 omnes
3724 4648 3955 4717 tacent,

2303 4734 2457 4772 unus
2527 4718 2895 4773 Cisterciens.
2981 4717 3305 4787 substituit,
3393 4717 3677 4784 Quaeritur
3757 4732 3959 4787 quare,

2300 4794 2408 4844 etc.

2369 4860 2627 4914 5Vocem
2692 4860 2885 4913 mariti
2942 4859 3203 4931 plerique
3267 4857 3484 4929 vulgati
3540 4856 3675 4931 libri
3732 4860 3958 4915 tacent.

2299 4932 2461 4987 Unus
2493 4948 2600 4985 ms.
2636 4928 2961 5001 Sorbunicf,
2996 4928 3329 4985 Martiaan
3374 4928 3539 4993 teste,
3568 4928 3745 4984 habet
3775 4933 3960 4986 mari-

2300 5006 2431 5083 tale,
2492 5020 2617 5083 quae
2675 5008 2736 5083 et
2802 5004 2933 5083 ipsa
3010 5005 3242 5083 videtur
3311 5002 3629 5083 abundare.
3670 5002 3957 5083 Pseudo-

2299 5072 2661 5145 Theophilus
2711 5072 3109 5129 Antiochenus
3152 5075 3253 5128 lib.
3313 5091 3331 5129 1
3386 5072 3959 5145 Commentariorum

2298 5147 2357 5200 in
2416 5142 2747 5218 Evangelia,
2806 5162 2939 5218 cum
3019 5148 3173 5201 hunc
3230 5162 3300 5201 ex
3354 5144 3697 5216 Hieronymo
3754 5142 3962 5201 locum

2298 5218 2542 5273 totidem
2574 5217 2981 5289 exscripsisset
3006 5217 3220 5281 verbis,
3253 5219 3364 5272 viri
3392 5220 3589 5271 tamen
3621 5232 3724 5288 pro
3755 5219 3964 5272 mariti

2295 5288 2453 5360 legit.
2488 5291 2735 5344 Demum
2770 5288 2902 5360 qua:-
2933 5306 3001 5343 ex
3058 5291 3116 5344 S.
3153 5290 3373 5361 lgnatio
3426 5292 3964 5361 fmartyregqguarta

2299 5358 2535 5416 additur
2564 5378 2762 5425 causa,
2795 5358 2907 5416 sub
2940 5361 3114 5433 ﬁnem
3155 5358 3285 5433 ejus
3333 5358 3722 5433 Epistolaa‘ad
3757 5358 3959 5428 Ephe-

2296 5433 2416 5488 sios
2471 5439 2769 5503 utcunque
2829 5430 3197 5487 innotescitﬁ
3238 5430 3397 5487 Hanc
3466 5448 3536 5486 ex
3586 5430 3961 5503 Hieronymo

2298 5506 2623 5584 pericopem
2650 5502 3003 5584 affert‘vetu's
3026 5520 3135 5584 ms.
3161 5503 3338 5584 cedent
3383 5502 3623 5584 capituli
3655 5502 3961 5558 Veronen-

2300 5573 2403 5639 sis,
2435 5573 2742 5631 continens
2774 5573 3044 5629 Alchuini
3075 5573 3406 5645 Opuscula:
3455 5573 3513 5629 in
3566 5590 3681 5645 quo
3730 5588 3956 5631 nomen

2300 5649 2354 5702 S.
2394 5646 2604 5717 Ignatii
2653 5645 2926 5716 martyris
2976 5644 3269 5707 reticetur,
3316 5644 3645 5718 legiturque
3693 5648 3963 5702 tantum-

2299 5716 2472 5771 modo
2506 5720 2706 5785 Quarto
2737 5725 2796 5770 ut
2827 5724 3038 5789 partus,
3070 5722 3178 5789 etc.
3219 5716 3428 5773 Verum
3463 5718 3519 5773 S.
3552 5716 3958 5789 Hieronymus

2299 5790 2492 5915 potius
2522 5805 2590 5844 ex
2618 5788 2865 5861 Origene
2894 5787 3104 5845 Homil.
3155 5807 3211 5845 v1
3268 5792 3328 5846 in
3388 5795 3623 5857 Lucam,
3665 5787 3844 5862 quam
3878 5806 3960 5848 ex

2327 5860 2521 5915 gnatio
2551 5860 2679 5915 inso
2710 5858 2983 5915 recitarit.

2326 5860 2521 5933 gnatio
2551 5860 2679 5932 ipso
2710 5858 2983 5917 recitarit.
