4182 6576
355 499 435 563 25
927 498 1444 564 COMMENTAR.
1492 500 1572 564 IN
1616 493 2137 564 EVANCELIUM
2181 498 2566 564 MATTHJEI
2609 498 2758 563 LIB.
2806 498 2855 562 I.
2899 498 3076 562 CAP.
3120 497 3199 562 II.
3690 494 3773 561 26

357 651 394 692 a
420 631 664 707 Joseph,
697 631 798 707 qui
826 650 973 708 pene
1002 633 1239 692 licentia
1285 635 1539 692 maritali
1574 636 1781 692 futurae
1810 632 2011 689 uxoris
2039 634 2095 701 Α
2124 650 2297 703 van,
2360 635 2469 707 19).
2529 639 2649 691 Hoc
2698 632 3106 690 testimonium
3156 630 3468 705 Apostolus
3524 648 3772 705 ponens,

360 724 557 781 omnia
616 732 870 780 noverat.
937 725 1099 789 Quod
1162 730 1355 781 autem
1417 726 1651 794 dicitur,
1706 727 2013 797 Antequam

356 816 748 871 convenirent:
781 832 897 870 non
928 815 1218 888 sequitur,
1250 820 1316 872 ut
1358 820 1559 888 postea
1600 814 2006 877 convenerint;

358 903 457 959 sed
489 904 784 976 Scriptura
819 905 973 976 quod
1007 905 1227 962 factum
1263 922 1378 962 non
1410 906 1507 973 sit,
1541 905 1816 963 ostendit.

426 993 614 1064 (Vers.
651 993 737 1064 19,
758 995 872 1065 20).
920 994 1139 1067 Joseph
1171 1001 1367 1052 autem
1399 996 1487 1051 vir
1535 998 1664 1068 ejus
1696 1012 1831 1051 cum
1858 997 2015 1051 esset

348 1082 572 1155 justus,
624 1088 683 1139 et
741 1083 922 1141 nollet
978 1100 1107 1140 eam
1168 1086 1495 1153 traducere,
1552 1086 1736 1142 voluit
1791 1084 2015 1141 occulte

356 1172 652 1228 dimittere
711 1190 864 1230 eam.
927 1174 1053 1229 llaec
1122 1178 1316 1230 autem
1389 1192 1454 1231 eo
1513 1176 1824 1248 cogitante,
1884 1192 2015 1231 ecce

355 1260 603 1333 angelus
679 1262 913 1318 Domini
990 1265 1265 1337 apparuit
1342 1264 1401 1320 in
1473 1266 1699 1321 somnis
1772 1264 2011 1337 Joseph,

354 1348 595 1406 dicens:
631 1372 659 1401 »
694 1352 753 1408 Si
815 1352 948 1424 quis
1008 1353 1329 1409 fornicariae
1387 1356 1784 1427 coniungitur,
1827 1371 2013 1410 unum

352 1455 569 1512 corpus
596 1432 851 1496 efficitur
905 1441 954 1513 (1
1004 1441 1125 1498 Cor.
1173 1443 1390 1515 v1,16).
1445 1445 1615 1499 Etin
1648 1443 1772 1515 lege
1800 1460 2014 1515 praece-

349 1522 525 1601 ptum
551 1533 656 1597 est,
692 1546 807 1585 non
842 1529 1034 1587 solum
1084 1548 1235 1599 reos,
1270 1533 1372 1589 sed
1423 1537 1478 1588 et
1519 1533 1785 1589 conscios
1816 1531 2012 1588 crimi-

352 1634 496 1673 num
548 1618 831 1675 obnoxios
880 1636 1009 1676 esse
1058 1623 1282 1693 peccati
1331 1624 1522 1693 (Leuit.
1575 1623 1668 1694 v);
1718 1621 2014 1695 quomodo

351 1707 572 1779 Joseph
630 1724 765 1764 cum
821 1709 1043 1767 crimen
1114 1710 1261 1768 celet
1337 1713 1445 1784 [ΑΙ.
1504 1712 1736 1785 celaret]
1794 1711 2014 1780 uxoris,

343 1797 549 1870 justus
608 1797 927 1855 scribitur:
991 1800 1103 1856 Sed
1178 1801 1287 1857 hoc
1355 1801 1760 1858 testimonium
1820 1800 2014 1857 Mariae

354 1891 465 1953 est,
498 1887 655 1959 quod
686 1887 905 1961 Joseph
938 1890 1132 1947 sciens
1160 1890 1321 1948 illius
1352 1892 1704 1960 castitatem,
1739 1896 1797 1947 et
1828 1890 2015 1947 admi-

2121 742 2236 781 non
2268 724 2433 793 dixit,
2485 728 2718 795 accepit,
2767 725 2864 781 sed
2910 723 3062 781 dedit
3111 722 3336 796 (Ephes.
3390 740 3466 793 ιν,
3510 722 3774 795 8):quia

2119 813 2201 871 ibi
2232 816 2304 870 de
2358 816 2555 871 futuro
2605 814 3000 888 signiﬁcatum
3052 817 3160 882 est,
3211 813 3367 885 quod
3424 816 3775 885 accepturus

2120 908 2312 961 esset:
2346 904 2442 960 hic
2473 906 2544 961 de
2573 921 2639 962 eo
2675 908 2875 961 narrat
2905 903 3171 974 historia,
3208 902 3309 976 qui
3333 902 3460 975 jam
3490 903 3513 938 ⁸
3543 902 3780 958 dederat

2122 996 2276 1067 quod
2307 999 2629 1067 acceperat.

2195 1085 2383 1156 (Vers.
2416 1086 2507 1153 24,
2531 1086 2647 1158 25.)
2686 1104 2707 1134 α
2761 1086 2830 1141 Εῖ
2859 1084 3084 1156 accepit
3133 1082 3444 1156 conjugem
3499 1097 3690 1152 suam,
3722 1084 3782 1137 et

2124 1190 2239 1230 non
2267 1175 2537 1247 cognovit
2567 1192 2721 1241 eam,
2752 1175 2934 1231 donec
2966 1173 3192 1247 peperit
3234 1172 3422 1228 ﬁlium
3456 1186 3632 1228 suum
3665 1170 3779 1243 pri-

2124 1264 2526 1336 mogenitum:
2562 1270 2620 1321 et
2663 1264 2887 1321 vocavit
2934 1280 3147 1320 nomen
3198 1264 3327 1335 ejus
3378 1262 3609 1327 Jesum,
3642 1282 3671 1310 »
3702 1264 3782 1315 Ex

2123 1352 2233 1408 hoc
2292 1352 2417 1409 loco
2476 1353 2716 1426 quidam
2776 1352 3216 1427 perversissime
3272 1351 3672 1424 suspicantur,
3724 1352 3783 1405 et

2124 1441 2269 1498 alios
2300 1442 2451 1498 ﬁlios
2482 1442 2763 1500 habuisse
2811 1443 3081 1513 Mariam,
3126 1442 3386 1498 dicentes
3426 1440 3781 1513 primogeni-

2122 1535 2252 1587 tum
2282 1548 2398 1587 non
2431 1532 2564 1603 dici,
2620 1532 2733 1588 nisi
2767 1532 2868 1603 qui
2899 1532 3113 1588 habeat
3158 1535 3215 1587 et
3245 1532 3490 1588 fratres:
3518 1546 3651 1585 cum
3682 1529 3779 1585 hic

2124 1637 2253 1676 mos
2286 1621 2362 1677 sit
2384 1621 2715 1677 divinarum
2747 1621 3208 1695 Scripturarum,
3233 1625 3298 1675 ut
3317 1618 3777 1693 primogenitum

2125 1727 2239 1766 non
2273 1727 2409 1766 eum
2440 1714 2873 1783 vocent,,quem
2905 1713 3008 1766 14
3055 1710 3264 1766 fratres
3296 1711 3644 1780 sequuntur,
3678 1706 3780 1763 sed

2124 1815 2258 1856 eum
2288 1800 2386 1872 qui
2419 1800 2643 1873 primus
2695 1804 2869 1857 natus
2918 1800 3014 1855 sit.
3062 1798 3209 1872 Lege
3259 1796 3664 1870 supradictum
3710 1795 3779 1851 li-

2125 1888 2348 1946 bellum
2379 1892 2660 1947 adversus
2690 1889 3035 1946 Helvidium.
3241 1900 3249 1906 ‘

359 1993 500 2076 rans
531 1978 687 2050 quod
716 1983 1043 2079 evenerat,-
1074 1981 1225 2079 celat
1270 1981 1548 2079 silentiot
1573 1982 1756 2079 cujus
1800 1984 2015 2079 myste-
2048 2012 2097 2079 Β
2166 1979 2363 2079 ’(Οαξ).
2387 1981 2476 2079 ΕΙΣ
2509 2010 2576 2021 —-
2609 1978 2775 2036 Vers.
2807 1981 2953 2079 2-1.)
2985 2001 3013 2030 ‹‹
3044 1977 3327 2079 Videmus
3361 1974 3783 2079 enimAste‘llam

360 2065 516 2122 rium
570 2066 887 2123 nesciebat.
939 2092 968 2120 «
1009 2070 1228 2142 Joseph
1284 2070 1368 2127 ﬁli
1411 2071 1591 2128 David
1622 2070 1762 2127 noli
1813 2071 2019 2126 timere

365 2154 626 2228 accipere
657 2156 899 2213 Mariam
946 2159 1256 2233 conjugem
1288 2162 1304 2196 ¹
1355 2165 1542 2216 tuam.
1572 2161 1735 2227 Quod
1767 2160 1927 2216 enim
1958 2160 2017 2215 in

366 2245 469 2302 13
500 2262 569 2302 ea
598 2249 803 2304 natum
833 2250 943 2316 est,
975 2249 1046 2303 de
1076 2248 1290 2322 Spiritu
1322 2256 1525 2307 sancto
1559 2256 1666 2307 est.
1704 2273 1733 2300 »

437 2334 621 2407 (Vers.
653 2336 768 2407 21.)
806 2357 827 2387 ι
864 2336 1055 2393 Pariet
1076 2343 1272 2395 autem
1298 2339 1506 2398 ﬁlium.
1542 2363 1571 2391 ››
1593 2340 1724 2397 Jam
1755 2344 1812 2397 et
1840 2356 2022 2413 supra

365 2423 625 2481 diximus
672 2441 923 2498 sponsas
971 2444 1181 2485 uxores
1231 2429 1532 2502 appellari,
1585 2430 1741 2503 quod
1789 2430 2021 2502 plenius

361 2510 512 2569 liber
540 2514 821 2591 adversus
853 2515 1183 2574 Helvidium
1215 2520 1420 2578 docet:
1454 2525 1512 2576 et
1545 2519 1904 2576 blandientis
1934 2520 2019 2575 af-

365 2603 517 2659 fectu
548 2604 597 2659 ei
631 2621 736 2676 per
782 2605 1082 2662 somnium
1134 2608 1378 2681 angelus
1426 2609 1704 2681 loquitur,
1756 2613 1823 2665 ut
1843 2608 2021 2680 justi-

363 2692 506 2749 tiam
558 2693 775 2750 silentii
835 2698 1259 2769 comprobaret.
1316 2698 1619 2771 Simulque
1669 2699 2018 2767 notandum,

364 2783 521 2856 quod
575 2783 796 2856 Joseph
873 2784 1030 2842 ﬁlius
1107 2803 1237 2844 esse
1309 2788 1542 2844 dicatur
1616 2788 1722 2861 [AL
1784 2787 2018 2860 dicitur]

362 2870 563 2940 David,
596 2877 662 2929 ut
718 2873 901 2930 Maria
958 2891 1194 2949 quoque
1251 2878 1324 2934 de
1381 2878 1564 2951 stirpe
1616 2878 1793 2934 David
1852 2894 2020 2933 mon-

365 2964 667 3019 straretur.
704 2984 732 3013 ‹‹
763 2963 833 3019 Εῖ
883 2965 1124 3022 vocabis
1180 2982 1393 3023 nomen
1449 2969 1577 3041 ejus
1631 2968 1856 3024 Jesum.
1892 2968 2021 3040 Ipse

365 3052 521 3108 enim
557 3051 784 3108 salvum
817 3052 987 3109 faciet
1026 3054 1310 3127 populum
1355 3073 1529 3113 suum
1581 3074 1614 3113 a
1644 3057 1894 3129 peccatis
1924 3073 2020 3113 eo-

363 3157 518 3213 rum,
550 3163 578 3191 »
615 3142 796 3199 Jssus
844 3142 1128 3200 Hebraico
1176 3161 1447 3204 sermone
1491 3146 1742 3204 Salvator
1783 3146 2017 3203 dicitur.

363 3230 785 3304 Etymologiam
818 3248 956 3305 ergo
986 3234 1244 3291 nominis
1274 3237 1403 3308 ejus
1432 3235 1795 3310 evangelista
1823 3236 2020 3310 signa-

2128 2069 2258 2142 ejus
2290 2068 2348 2123 in
2382 2068 2636 2137 Oriente,
2669 2073 2726 2125 et
2753 2069 3023 2125 venimus
3064 2068 3306 2124 adorare
3334 2083 3490 2122 eum.
3523 2063 3783 2122 Audiens

2129 2162 2325 2215 autem
2358 2159 2615 2215 Herodes
2648 2176 2765 2230 rex,
2797 2158 3070 2215 turbatus
3117 2161 3225 2230 est,
3258 2160 3317 2213 et
3358 2154 3551 2213 omnis
3582 2154 3783 2211 Hiero-

2129 2248 2357 2322 solyma
2386 2265 2522 2305 cum
2566 2247 2688 2304 illo.
2720 2250 2791 2304 Et
2836 2263 3200 2321 congregans
3253 2262 3459 2303 omnes
3488 2244 3783 2318 principes

2130 2339 2502 2395 sacerdotum
2533 2343 2588 2395 et
2618 2339 2843 2395 scribas
2888 2337 3110 2412 populi,
3159 2335 3570 2394 sciscitabatur
3597 2335 3668 2390 ab
3696 2333 3783 2390 eis

2128 2428 2230 2484 ubi
2261 2428 2530 2485 Christus
2561 2432 2918 2485 nasceretur.
2955 2450 2984 2478 »
3014 2427 3099 2483 Ad
3131 2425 3532 2483 confusionem
3558 2424 3784 2480 Judrro-

2129 2534 2285 2589 rum,
2317 2522 2383 2573 ut
2413 2517 2776 2597 nativitatem
2825 2516 3038 2575 Christi
3088 2534 3123 2573 a
3153 2515 3428 2591 gentibus
3466 2515 3778 2585 discerent,

2129 2609 2314 2665 oritur
2346 2608 2406 2663 in
2436 2607 2669 2665 Oriente
2698 2607 2887 2679 stella,
2940 2624 3119 2680 quam
3167 2608 3426 2663 futuram
3470 2603 3706 2660 Balaam
3737 2603 3777 2672 ‘,

2129 2699 2302 2770 cujus
2350 2714 2720 2754 successores
2766 2702 2951 2767 erant,
3003 2695 3276 2753 vaticinio
3324 2697 3583 2752 noverat.
3630 2693 3781 2765 Lege

2128 2788 2452 2844 Numerum
2502 2786 2721 2843 librum
2766 2788 2908 2861 (cap.
2967 2787 3143 2858 xxiv),
3194 2784 3545 2842 Deferuntur
3582 2786 3780 2839 autem

2130 2877 2285 2949 magi
2320 2876 2499 2933 stellae
2556 2876 2772 2933 indicio
2826 2876 2885 2932 in
2942 2877 3227 2942 Judaeum,
3273 2878 3338 2929 ut
3386 2873 3718 2930 sacerdotes
3751 2887 3786 2927 a

2131 2966 2320 3039 magis
2349 2967 2713 3040 interrogati,
2746 2967 2844 3023 ubi
2868 2966 3136 3023 Christus
3162 2968 3521 3030 nasceretur,
3555 2963 3786 3019 inexcu-

2130 3055 2346 3113 sabiles
2377 3057 2582 3112 ﬁerent
2612 3057 2683 3114 de
2714 3058 2968 3115 adventu
2997 3059 3146 3129 ejus.

2201 3146 2389 3215 (Vers.
2420 3148 2476 3217 5,
2507 3147 2584 3220 6).
2619 3170 2646 3198 ‹‹
2705 3149 2779 3204 At
2832 3145 2918 3202 illi
2949 3146 3223 3203 dixerunt
3249 3145 3339 3202 ei:
3396 3143 3454 3199 in
3487 3141 3782 3201 Bethleem

2128 3235 2365 3292 Judaeae.
2396 3236 2489 3292 Sic
2519 3236 2676 3293 enim
2707 3236 2995 3310 scriptum
3040 3240 3131 3294 est
3168 3252 3272 3309 per
3300 3233 3644 3308 prophetam
3670 3249 3683 3288 :
3716 3232 3785 3288 Et

362 3320 447 3376 vit
475 3321 713 3391 dicens;
747 3323 974 3379 Vocabis
1003 3339 1202 3380 nomen
1248 3328 1365 3398 ejus
1411 3328 1595 3384 Iesum
1624 3327 1684 3395 ²;
1725 3325 1864 3397 quia
1894 3327 2021 3398 ipse
2059 3390 2094 3400 _
2131 3329 2215 3393 tu,
2250 3325 2544 3382 Bethleem
2574 3330 2731 3382 terra
2755 3326 2928 3383 Juda.
2958 3340 3334 3400 nequaquam
3365 3322 3614 3379 minima
3632 3337 3696 3377 es
3727 3321 3790 3378 in

363 3410 592 3467 salvum
625 3411 798 3466 faciet
826 3412 1111 3485 p0pulum
1142 3431 1339 3471 suum.

436 3498 627 3571 (Vers.
675 3499 893 3571 22-24.)
923 3521 952 3549 ‹‹
1002 3504 1123 3557 Hoc
1166 3506 1359 3558 autem
1411 3506 1599 3559 totum
1646 3504 1867 3560 factum
1909 3508 2019 3576 est,

364 3592 433 3644 ut
462 3586 884 3659 adimpleretur
929 3589 1085 3660 quod
1134 3589 1359 3646 dictum
1410 3595 1500 3648 est
1551 3609 1584 3647 a
1620 3593 1870 3649 Domino
1920 3611 2023 3666 per

254 3712 267 3717 ι
361 3676 709 3750 prophetam
760 3677 1090 3735 dicentem:
1142 3680 1287 3736 Ecce
1334 3681 1512 3754 Virgo
1560 3681 1619 3738 in
1649 3686 1811 3739 utero
1843 3683 2019 3741 habe-

362 3765 467 3834 bit,
502 3770 559 3821 et
588 3764 777 3839 pariet
808 3765 1020 3835 filium,
1054 3771 1113 3824 et
1140 3766 1446 3826 vocabitur
1482 3788 1693 3829 nomen
1726 3774 1855 3844 ejus
1885 3773 2017 3828 Em-

362 3854 620 3923 manuel,
672 3855 827 3927 quod
877 3861 968 3911 est
1013 3855 1487 3931 interpretatum,
1535 3861 1826 3918 Nobiscum
1855 3865 2020 3931 Deus,

362 3946 697 4019 Exsurgens
726 3947 921 4000 autem
952 3945 1172 4020 Joseph
1206 3964 1241 4004 a
1271 3965 1499 4017 somno,
1532 3950 1668 4006 fecit
1698 3951 1853 4008 sicut
1881 3968 2021 4024 prae-

363 4034 513 4108 cepit
542 4036 595 4091 ei
644 4032 889 4107 angelus
941 4037 1192 4093 Domini.
1233 4060 1261 4087 ››
1295 4039 1401 4095 Pro
1450 4055 1517 4096 eo
1567 4041 1721 4112 quod
1772 4058 2018 4115 evange-

363 4123 500 4181 lista
526 4124 833 4182 Matthaaus
865 4123 1033 4192 dicit,
1063 4129 1129 4183 in
1166 4131 1322 4184 utero
1370 4129 1615 4199 habebit,
1644 4134 1704 4187 in
1736 4132 2021 4205 propheta

363 4214 650 4285 scriptum
680 4221 788 4289 est,
839 4214 899 4270 in
949 4224 1104 4275 utero
1160 4220 1391 4291 accipiet
1445 4220 1572 4292 (Isa.
1622 4237 1724 4288 vn,
1766 4222 1873 4289 14).
1907 4224 2018 4279 Sed

364 4304 674 4378 propheta,
706 4308 847 4379 quia
876 4308 1075 4363 futura
1106 4306 1386 4379 praedicit,
1438 4308 1731 4381 significat
1760 4310 1899 4383 quid
1932 4311 2021 4367 fu-

362 4398 566 4449 turum
594 4393 691 4462 sit,
725 4400 782 4452 et
812 4397 1038 4469 scribit,
1082 4398 1351 4469 accipiet:
1400 4398 1759 4471 evangelista
1796 4404 2018 4469 autem,

365 4484 507 4557 quia
536 4501 652 4541 non
685 4486 757 4542 de
787 4487 1005 4554 futuro,
1038 4486 1139 4543 sed
1172 4487 1242 4543 de
1278 4486 1569 4560 praeterito
1602 4493 1801 4544 narrat
1830 4489 2015 4546 histo-

362 4572 532 4641 riam,
566 4576 817 4632 mutavit
841 4578 1093 4649 accipiet,
1123 4580 1179 4632 et
1209 4576 1406 4649 posuit
1452 4576 1689 4635 habebit.
1721 4578 1830 4644 Qui
1860 4581 2017 4637 enim

361 4660 559 4731 habet,
597 4680 970 4739 nequaquam
1004 4669 1351 4738 accepturus
1371 4670 1478 4722 est.
1529 4666 1666 4723 Tale
1697 4669 1837 4741 quid
1869 4674 1928 4726 et
1955 4670 2017 4726 in

2052 3390 2094 3458 α
2132 3390 2500 3488 principibus
2527 3416 2700 3471 Juda.
2734 3416 2816 3472 Ex
2844 3419 2901 3472 te
2930 3390 3088 3471 enim
3131 3390 3284 3471 exist
3310 3415 3447 3480 dux,
3498 3411 3596 3483 qui
3627 3415 3793 3484 regat

2130 3505 2417 3577 populum
2467 3521 2665 3560 meum
2725 3504 2924 3560 Israel.
2956 3526 2984 3555 »
3041 3503 3441 3560 Librariorum
3501 3500 3598 3557 hic
3631 3516 3795 3555 error

2129 3598 2238 3650 est.
2275 3594 2556 3650 Putemus
2610 3592 2767 3650 enim
2825 3594 2898 3650 ab
2952 3591 3311 3666 evangelista
3361 3590 3621 3663 primum
3665 3587 3789 3645 edi-

2130 3687 2278 3751 tum,
2313 3684 2469 3740 sicut
2500 3684 2561 3739 in
2593 3683 2721 3757 ipso
2765 3670 3053 3740 Hebraico
3096 3682 3350 3755 legimus
3379 3681 3418 3748 ⁸,
3457 3679 3633 3746 ludas,
3667 3695 3785 3735 non

2126 3774 2356 3832 Iudaeae.
2390 3774 2524 3839 Quae
2555 3778 2646 3830 est
2674 3773 2831 3829 enim
2872 3772 3120 3830 aliarum
3165 3771 3428 3847 gentium
3460 3767 3782 3835 Bethleem,

2129 3868 2196 3920 ut
2224 3864 2296 3919 ad
2348 3863 2785 3920 distinctionem
2839 3864 2968 3935 ejus
3015 3863 3113 3920 hic
3154 3862 3378 3921 Judaeee
3419 3856 3785 3934 poneretur?

2127 3952 2293 4010 Judas
2315 3956 2510 4009 autem
2546 3952 2762 4009 idcirco
2790 3953 3086 4023 scribitur,
3112 3951 3254 4026 quia
3282 3956 3372 4008 est
3400 3954 3459 4008 et
3477 3949 3592 4006 alia
3619 3947 3789 4006 Beth-

2127 4041 2277 4098 leem
2306 4041 2366 4097 in
2401 4041 2657 4098 Galilma.
2691 4042 2842 4115 Lege
2890 4041 3107 4099 librum
3138 4042 3279 4099 Jesu
3326 4038 3430 4096 ﬁlii
3457 4038 3614 4097 Nave
3644 4038 3784 4112 (Jos.

2127 4148 2243 4199 xxx,
2284 4131 2384 4202 15).
2420 4130 2682 4203 Denique
2729 4135 2786 4187 et
2833 4130 2891 4186 in
2941 4131 3069 4204 ipso
3115 4130 3473 4196 testimonio,
3524 4128 3679 4202 quod
3711 4128 3785 4183 de

2128 4220 2379 4277 Michaeae
2429 4220 2733 4294 prophetia
2760 4224 3064 4293 sumptum
3098 4224 3206 4292 est,
3237 4221 3320 4275 ita
3375 4219 3664 4277 habetur:
3718 4220 3787 4275 Et

2128 4317 2211 4381 tu,
2250 4312 2548 4377 Bethleem,
2578 4314 2733 4367 terra
2764 4310 2905 4368 Juda
2934 4310 3114 4384 (Mich.
3148 4327 3206 4377 ν,
3234 4311 3313 4381 2).

2198 4400 2381 4474 (Vers.
2426 4401 2530 4472 11.)
2562 4422 2590 4451 ‹‹
2641 4405 2708 4456 Et
2754 4399 2972 4474 apertis
3019 4398 3311 4456 thesauris
3369 4396 3516 4464 suis,
3549 4393 3780 4452 obtule-

2127 4494 2266 4546 runt
2294 4490 2343 4547 ei
2376 4507 2642 4556 munera,
2677 4507 2909 4562 aurum,
2940 4489 3100 4562 thus,
3130 4494 3189 4546 et
3227 4488 3546 4563 myrrham.
3579 4507 3608 4538 »
3644 4485 3779 4541 Pul-

2129 4579 2415 4637 cherrima
2437 4596 2749 4636 munerum
2773 4583 3138 4637 sacramenta
3155 4582 3451 4636 Juvencus
3482 4575 3786 4651 presbyter

2126 4686 2244 4725 uno
2274 4668 2561 4726 versiculo
2594 4668 3076 4743 comprehendit:

363 4750 934 4861 {€311,119}???an
966 4755 1373 4861 mandaui!”
1417 4756 2021 4861 ῗωίίθιδυηδζβαρξίυαφ
2049 4770 2097 4836 D
2188 4794 2347 4861 Thus,
2376 4809 2591 4861 aurum,
2627 4796 2920 4861 myrrham,
2951 4795 3172 4861 regique
3202 4794 3534 4860 hominique.
3566 4794 3781 4859 Deoque

360 4838 525 4898 duxit
551 4844 940 4913 captivitatem
957 4861 978 4907 .·
1003 4843 1209 4916 accepit
1239 4843 1383 4901 dona
1408 4846 1470 4901 in
1499 4845 1813 4903 hominibus
1843 4848 2015 4921 (Psat.

436 4999 623 5058 ‘Tres
652 5002 897 5077 Palatin.
950 5019 1095 5060 mss.
1146 5020 1395 5061 uxorem.
1450 5021 1627 5077 quam
1678 5010 1734 5063 et
1777 5008 1834 5063 in
1878 5010 2017 5063 sub-

362 5088 512 5150 nexa
540 5076 903 5150 expositione
928 5091 1129 5132 vocem
1164 5076 1397 5150 Hieron.
1431 5078 1657 5150 probat.

432 5144 455 5177 ²
484 5149 549 5221 In
580 5144 808 5221 aliquot
837 5164 983 5221 mss.
1010 5144 1463 5221 exemplaribus,
1503 5149 1793 5205 vocabitur
1820 5168 2019 5208 nomen

361 5215 483 5287 ejus
512 5215 799 5289 Salvator;
851 5218 961 5289 vel,
993 5215 1208 5276 vocabis
1252 5215 1459 5278 nomen
1499 5222 1617 5289 eius
1656 5221 2014 5281 Satvatorem.

359 5290 544 5369 {una
574 5321 642 5331 -—
663 5291 1010 5369 lidemmss.
1038 5292 1239 5369 addito
1261 5292 1653 5369 Cisterciensi,
1679 5310 1877 5369 nomen
1897 5297 2017 5369 ejus

362 5358 719 5443 Saluatorem,
766 5366 900 5443 quia
957 5366 1073 5436 ipse
1127 5366 1341 5443 salvum
1395 5367 1585 5443 (adet,
1642 5358 1756 5423 etc.
1798 5358 2016 5443 Eadem

361 5431 675 5512 lectionem
704 5431 927 5494 in'aliis
946 5431 1679 5512 exemplaribus'Martian.
1709 5440 1944 5512 reperit.

430 5504 454 5583 ξ
486 5505 712 5583 [ιιεὶίἰε
740 5524 882 5567 mss.
915 5510 989 5583 de
1017 5504 1395 5583 eojzarratur,
1424 5512 1518 5583 qui
1530 5515 1682 5583 jam,
1725 5504 1834 5567 et'c.

359 5576 847 5704 dl'izt‘erserunt
900 5581 1019 5639 duo
1076 5580 1321 5639 Palatin.
1380 5576 1553 5640 mss:
1586 5582 1828 5641 verbum
1869 5600 2016 5658 prae-

398 5660 587 5707 uerat
593 5693 606 5707 .

434 5720 458 5800 ξ
483 5721 673 5800 Facile
702 5723 1135 5800 Nazareporum
1167 5726 1448 5800 codicem,
1495 5744 1673 5800 quem
1706 5742 1859 5800 saepe
1889 5726 2016 5783 lau-

364 5791 484 5880 dat,
518 5795 764 5880 ipseque
792 5814 863 5880 ex
900 5797 1107 5880 Crch
1161 5791 1579 5880 interpretatus
1603 5804 1744 5880 _est,
1783 5791 1876 5863 hic
1907 5799 2019 5880 sub

364 5862 630 5929 Hebraici
660 5862 1052 5946 appellatione
1093 5875 1278 5930 notat.
1312 5862 1432 5932 Nec
1475 5870 1624 5931 illud
1654 5862 1843 5945 usque
1872 5873 2017 5932 adeo

2189 4859 2339 4908 Dona
2366 4858 2565 4909 ferunt.

2128 5010 2431 5082 probatur,
2456 5009 2612 5082 quod
2645 5008 3020 5067 librariorum
3061 5009 3242 5067 errori
3288 5008 3532 5082 tribuit,
3566 5008 3782 5082 ut__lu-

2125 5077 2262 5156 dena"
2292 5100 2395 5156 pro
2416 5077 2578 5156 'Judae
2608 5083 2895 5154 scriptum
2928 5083 3061 5156 sit:
3106 5081 3401 5154 siquidem
3433 5085 3491 5156 et
3518 5077 3780 5156 inflau-

2128 5148 2310 5221 δαίανξ
2348 5155 2620 5231 Judaeum,
2669 5148 2880 5231 vocant
2928 5154 3066 5210 LXX
3111 5148 3329 5231 terram
3372 5153 3563 5231 tribus
3603 5148 3780 5231 Juda,

2129 5242 2237 5282 nec
2288 5226 2623 5283 universam
2672 5227 3047 5282 Hebraeorum
3095 5226 3335 5284 ditionis
3378 5229 3615 5290 terram,
3658 5226 3779 5275 sive

2126 5297 2507 5372 Palestinam,
2568 5298 2669 5372 sed
2692 5370 2703 5372 Α
2728 5299 3104 5372 peculiarem,
3135 5297 3449 5370 designant
3480 5291 3775 5372 regionem

2128 5387 2255 5447 qua;
2301 5365 2759 5447 regibus_Juda_
2805 5365 3349 5447 ex__David__stirpe
3391 5365 3783 5447 parebat:_et

2127 5441 2307 5516 probe
2341 5441 2454 5516 nfon
2488 5441 2783 5516 solumnab
2814 5442 2949 5500 aliis
2980 5443 3273 5516 gentibus,
3310 5441 3409 5495 sed
3444 5441 3499 5516 et
3530 5441 3778 5516 aregio-

2076 5510 2085 5519 “
2128 5510 2306 5570 nibus
2339 5513 2587 5570 aliarum
2621 5514 2881 5571 tribuum
2930 5510 3167 5572 lsi-aclis
3193 5527 3259 5568 eo
3299 5512 3537 5567 nomine
3566 5510 3780 5566 distin-

2168 5592 2424 5661 ueretur.
2453 5588 2547 5644 Sic
2580 5588 2733 5661 quod
2782 5588 2997 5661 Jierem.
3041 5601 3174 5661 xiv,
3192 5588 3247 5661 2,
3294 5583 3536 5661 ethoel.
3572 5584 3779 5661 111,29,

2168 5604 2424 5643 ueretur.
2453 5604 2547 5644 Sic
2580 5604 2733 5661 quoa
2782 5604 2997 5644 aerem.
3049 5604 3160 5650 xw,
3194 5604 3247 5647 ι,
3294 5604 3352 5640 et
3389 5604 3536 5640 aoen.
3572 5604 3655 5651 ιιι,
3686 5604 3777 5647 2U,

2126 5604 2407 5717 ﬁebraice
2439 5664 2528 5716 est
2582 5671 2735 5724 nm.
2793 5660 2985 5716 Graece
3035 5652 3275 5711 Ἰουδαία
3320 5656 3575 5713 dicitur:
3617 5655 3777 5711 etab

2129 5731 2258 5804 ipso
2315 5730 2566 5805 Vulgato
2623 5734 2947 5805 Interprete
2993 5728 3147 5805 {udae
3180 5731 3553 5805 transfertur
3583 5727 3604 5782 Ι
3636 5727 3776 5801 Reg.

2125 5795 2266 5875 ivn,
2303 5804 2327 5861 1
2363 5795 2521 5877 quvod
2551 5805 2613 5862 in
2644 5795 2840 5859 Graeco
2868 5804 2959 5858 est
2988 5795 3278 5868 Ἰουδαίας.
