4182 6588
382 470 470 540 τι·
1630 479 1696 542 S.
1743 476 2055 544 EUSEBll
2099 476 2547 542 HlERONYMI

3712 478 3804 542 εδ
3824 507 3828 510 _

451 603 618 664 Vere.
671 605 783 679 12.)
833 607 902 668 Et
950 625 1232 683 responso
1283 615 1518 686 accepto
1559 612 1620 669 in
1666 612 1910 683 somnis,
1961 629 2030 669 ne
2061 610 2114 678 Α
2146 609 2276 681 lari]
2310 616 2544 684 propter
2570 612 3002 680 contentiosos',
3026 628 3277 685 quorum
3309 610 3818 668 consuetudinem‘

382 694 643 751 redirent
673 697 744 752 ad
778 697 1083 768 Herodem,
1119 717 1220 773 per
1249 701 1422 758 aliam
1463 702 1616 758 viam
1649 703 1860 758 reversi
1894 706 2031 757 sunt

379 783 446 840 in
473 785 771 857 regionem
821 803 1014 856 suam,
1051 813 1072 840 ιι
1125 795 1233 846 etc.
1267 791 1374 857 Qui
1424 808 1669 848 munera
1698 791 2031 848 obtulerant

380 873 650 942 Domino,
704 884 1126 951 consequenter
1172 897 1517 952 responsum
1569 882 1882 954 accipiunt.
1924 883 2026 938 Re-

255 979 664 1039 ﬂdgponsum
699 977 894 1023 autem
926 969 1103 1040 (quod
1140 970 1332 1026 Graece
1380 971 1594 1027 dicitur
1626 970 2025 1046 χρηματισθὲν-

364 1053 478 1126 τις)
510 1070 629 1111 non
678 1072 783 1127 per
827 1056 1101 1130 angelum
1154 1059 1238 1126 fit,
1291 1060 1393 1114 sed
1440 1077 1540 1131 per
1587 1061 1778 1132 ipsum
1835 1061 2024 1117 Domi-

368 1159 511 1201 num
544 1144 560 1180 ¹
589 1188 605 1211 ,
633 1149 698 1199 ut
747 1145 1090 1203 meritorum
1119 1148 1338 1221 Joseph
1374 1152 1470 1207 l5
1527 1150 1890 1222 privilegium
1925 1151 2022 1204 de-

371 1237 817 1290 monstraretur.
857 1235 1249 1294 Revcrtuntur
1279 1244 1474 1293 autem
1508 1255 1612 1309 per
1641 1240 1814 1294 aliam
1848 1240 2022 1305 viam,

377 1321 516 1394 quia
545 1322 878 1380 inﬁdelitati
914 1326 1196 1384 miscendi
1227 1345 1338 1382 non
1373 1333 1540 1384 erant
1577 1334 1632 1383 et
1658 1329 2020 1384 Judzeorum.

449 1412 629 1483 (Vere.
679 1415 884 1481 13-15.)
939 1438 960 1466 ι
994 1417 1136 1472 Ecce
1181 1417 1425 1490 angelus
1474 1419 1703 1474 Domini
1755 1419 2025 1490 apparuit

377 1499 439 1556 in
470 1501 694 1558 somnis
739 1503 972 1576 Joseph,
1018 1505 1254 1562 dicens:
1306 1511 1489 1580 Surge
1537 1513 1595 1562 et
1637 1507 1833 1580 accipe
1881 1524 2024 1578 pue-

379 1605 506 1645 rum
539 1593 598 1646 et
623 1594 866 1648 matrem
900 1595 1048 1666 ejus,
1081 1599 1139 1651 et
1170 1596 1305 1668 fuge
1333 1595 1394 1652 in
1425 1600 1736 1668 Egyptum
1763 1613 1776 1650 :
1817 1601 1873 1652 et
1903 1602 2024 1652 esto

371 1677 455 1735 ibi
491 1695 677 1751 usque
706 1681 848 1737 dum
901 1683 1091 1738 dicam
1141 1683 1276 1740 tibi.
1325 1685 1611 1741 Futurum
1659 1691 1746 1742 est
1775 1685 1928 1742 enim
1963 1691 2026 1741 ut

374 1767 633 1825 Herodes
665 1777 887 1842 querat
927 1789 1176 1844 puerum
1207 1775 1278 1831 ad
1329 1775 1688 1847 perdendum
1728 1791 1883 1832 eum.
1917 1775 2024 1840 Qui

376 1873 758 1931 consurgens.
787 1861 1011 1934 accepit
1038 1879 1287 1934 puerum
1313 1869 1370 1920 et
1399 1869 1646 1922 matrem
1670 1866 1797 1935 ejus
1821 1869 1986 1922 nocte
2008 1882 2020 1919 :

2141 700 2358 756 Paulus
2390 703 2690 772 apostolus
2723 703 2934 758 habere
2965 720 3028 759 se
3075 705 3339 772 denegat,
3385 707 3441 756 et
3473 701 3790 758 Ecclesium

2139 790 2352 851 Christi
2405 793 2453 863 (I
2495 797 2619 850 Cor.
2670 810 2747 859 x1,
2804 795 2928 863 l6):
2989 797 3044 847 et
3091 791 3486 847 testimonium
3545 793 3789 864 proferi-

2139 897 2272 936 mus
2304 898 2372 936 ex
2420 882 2715 945 Numeris,
2749 883 2972 936 dicente
3013 882 3248 936 Balaam
3279 899 3292 936 :
3342 883 3481 938 Deus
3519 899 3592 938 ea:
3621 885 3787 954 κερν-

2132 978 2226 1042 plo
2257 974 2470 1026 vocavit
2501 989 2667 1027 eum:
2714 972 2900 1040 gloria
2929 972 3048 1042 ejus
3094 974 3238 1028 sicut
3281 973 3568 1028 unicornis
3599 973 3783 1043 (Num.

2135 1076 2324 1126 xxxxv,
2358 1061 2435 1129 8).
2694 1067 2702 1072 '

2207 1149 2391 1218 (Vers.
2428 1150 2630 1219 17-20.)
2667 1170 2693 1197 ‹‹
2725 1150 2887 1204 Tunc
2939 1149 3326 1220 adimpletum
3369 1154 3456 1204 est
3507 1151 3660 1222 quod
3695 1150 3780 1205 di-

2135 1241 2291 1291 ctum
2324 1241 2412 1291 est
2444 1255 2544 1308 per
2572 1237 2886 1292 Jeremiam
2913 1238 3275 1310 prophetam,
3310 1238 3636 1294 dicentem:
3662 1239 3785 1295 Vox

2132 1324 2192 1380 in
2226 1326 2409 1380 Rama
2438 1327 2640 1382 audita
2683 1333 2789 1395 est,
2843 1327 3101 1398 ploratus
3141 1332 3198 1381 et
3245 1325 3504 1382 ululatus
3535 1326 3781 1394 multus,

2136 1413 2346 1470 Rachel
2408 1414 2642 1486 plorans
2694 1415 2843 1470 ﬁlios
2901 1434 3064 1484 suos,
3123 1425 3174 1470 et
3232 1415 3421 1471 noluit
3469 1416 3781 1484 consolari,

2136 1503 2414 1575 quianon
2449 1510 2606 1560 sunt.
2663 1505 2941 1560 Defuncto
2985 1510 3179 1561 autem
3229 1505 3470 1576 Herode,
3516 1522 3646 1561 ecce
3679 1524 3781 1561 nn-

2135 1591 2300 1664 gelus
2335 1593 2558 1648 Domini
2585 1594 2855 1665 apparuit
2902 1594 2960 1649 in
2995 1596 3220 1650 somnis
3268 1593 3487 1666 Joseph
3521 1594 3578 1650 in
3614 1595 3787 1666 (Εεν-

2136 1687 2233 1754 pto
2265 1683 2502 1738 dicens:
2551 1684 2755 1755 Surge,
2806 1689 2862 1739 et
2890 1683 3082 1754 accipe
3141 1701 3386 1755 puerum
3435 1688 3494 1740 et
3533 1690 3779 1740 matrem

2134 1772 2285 1844 ejus,
2319 1774 2420 1828 16
2447 1777 2503 1828 et
2556 1774 2699 1828 vade
2752 1774 2809 1828 in
2863 1777 3078 1830 terram
3124 1773 3319 1830 Israel.
3357 1797 3379 1827 ι
3436 1773 3516 1829 De
3566 1773 3782 1829 Rachel

2136 1866 2307 1918 natus
2337 1867 2424 1918 est
2454 1861 2782 1932 Benjamin,
2831 1861 2889 1918 in
2922 1863 3091 1932 cujus
3139 1862 3294 1918 tribu
3337 1879 3452 1918 non
3491 1866 3579 1918 est
3611 1861 3778 1918 Beth-

370 1949 429 2006 et
457 1947 704 2004 secessit
729 1947 794 2049 in
822 1951 1173 2024 Egyptum;
1205 1960 1262 2009 et
1292 1958 1417 2010 erat
1462 1954 1542 2010 ibi
1575 1971 1763 2025 usque
1796 1955 1865 2009 ad
1899 1954 2022 2009 obi—
2053 1989 2100 2054 Β
2136 1948 2304 2016 leem.
2340 1951 2626 2016 Quaeritur
2663 1968 2799 2024 ergo
2830 1952 3122 2024 quomodo
3172 1951 3380 2007 Rachel
3413 1951 3564 2006 filios
3591 1951 3784 2020 Judze,

373 2038 501 2091 tum
533 2036 796 2094 Herodis.
829 2059 856 2096 η
892 2041 1133 2105 Quando
1167 2042 1319 2098 tollit
1366 2043 1472 2112 [Αἰ.
1505 2043 1660 2110 tulit)
1692 2061 1938 2116 puerum
1969 2048 2023 2098 et
2058 2036 2100 2054 "
2133 2039 2190 2094 id
2221 2045 2329 2108 est,
2361 2039 2677 2109 Bethleem,
2730 2040 2897 2111 quasi
2943 2057 3080 2095 suos
3122 2039 3355 2112 ploret?
3388 2039 3783 2112 Respondebi-

368 2129 614 2182 matrem
645 2129 791 2199 ejus,
827 2133 889 2184 ut
918 2129 975 2185 in
1006 2130 1317 2203 Egyptum
1353 2137 1819 2203 transeat,nocte
1848 2132 2019 2203 tollit,

367 2218 426 2271 et
453 2216 748 2273 tenebris:
805 2220 1041 2290 quando
1094 2237 1225 2276 vero
1280 2222 1591 2278 revertitur
1638 2223 1696 2277 in
1734 2223 2022 2288 Judasam,

364 2319 472 2360 nec
503 2322 640 2374 nox,
673 2323 778 2364 nec
808 2309 1060 2366 tenebrae
1093 2316 1396 2382 ponuntur
1426 2312 1482 2366 in
1512 2311 1841 2384 Evangelio:

2133 2145 2265 2184 mus
2297 2130 2563 2193 breviter,
2615 2129 2754 2201 quia
2786 2128 3013 2201 sepulta
3062 2130 3138 2184 sit
3177 2131 3347 2200 juxta
3394 2129 3688 2185 Bethleem
3723 2130 3779 2184 in

2132 2219 2408 2290 Ephrata,
2441 2224 2497 2273 et
2527 2237 2595 2274 ex
2640 2226 2903 2274 materno
2950 2220 3280 2291 corpusculi
3329 2219 3580 2292 hospitio
3611 2219 3631 2252 ³
3659 2235 3780 2273 ma-

2129 2308 2238 2364 tris
2269 2324 2482 2363 nomen
2515 2308 2820 2380 acceperit,
2859 2309 2988 2364 Sive
3016 2309 3292 2381 quoniam
3339 2309 3514 2376 Juda,
3547 2313 3603 2364 et
3635 2308 3778 2362 Ben-

436 2393 623 2464 (Vers.
656 2395 749 2462 45,
783 2398 895 2469 16.)
945 2421 973 2449 α
1007 2398 1081 2456 Ut
1131 2399 1554 2472 adimpleretur
1593 2401 1748 2473 quod
1800 2401 2020 2456 dictum
2121 2398 2312 2470 jamin
2347 2398 2472 2452 duae
2521 2398 2711 2453 tribus
2755 2400 2973 2468 junctae
3024 2403 3209 2468 erant,
3261 2402 3316 2453 et
3347 2397 3600 2468 Herodes
3631 2413 3780 2469 prae-

366 2485 465 2541 est
491 2499 526 2539 a
553 2483 798 2542 Domino
829 2502 928 2558 per
974 2487 1340 2561 prophetam,
1374 2489 1699 2545 dicentem:
1751 2490 1827 2544 Ex
1855 2491 2020 2563 Egy-

374 2575 474 2644 pto
526 2574 722 2632 vocavi
783 2574 969 2632 filium
1026 2593 1245 2634 meum.
1308 2579 1471 2637 Tunc
1522 2579 1774 2636 Herodes
1817 2579 2021 2636 videns

369 2662 892 2734 quoniamillusus
923 2669 1076 2724 esset
1099 2683 1134 2724 a
1165 2666 1371 2740 Magis,
1406 2667 1590 2724 iratus
1621 2673 1710 2725 est
1738 2667 1904 2725 valde
1930 2687 1943 2735 ;
1965 2673 2022 2725 et

371 2751 635 2822 mittens,
668 2753 884 2811 occidit
932 2771 1138 2813 omnes
1169 2772 1380 2830 pueros
1423 2757 1522 2831 qui
1562 2763 1728 2814 erant
1757 2758 1817 2814 in
1849 2758 2020 2814 Beth-

364 2839 537 2910 leem,
598 2846 657 2900 et
711 2843 772 2900 in
829 2844 1107 2901 omnibus
1162 2846 1400 2914 ﬁnibus,
1463 2864 1497 2904 a
1542 2847 1767 2903 bimatu
1825 2852 1881 2904 et
1929 2847 2018 2906 in-

363 2930 475 2997 fra,
509 2933 838 2991 secundum
863 2938 1099 3006 tempus
1122 2935 1274 3007 quod
1309 2936 1663 3009 exquisierat
1691 2954 1725 2992 a
1757 2936 1960 3008 Magis.
1988 2959 2015 2987 υ

369 3019 783 3092 Respondeant
813 3024 912 3096 qui
937 3023 1312 3081 Hebraeorum
1334 3024 1699 3082 voluminum
1731 3027 2022 3099 denegant

2130 2492 2362 2559 ceperat
2391 2504 2506 2542 non
2557 2487 2750 2542 solum
2803 2487 2860 2542 in
2912 2486 3206 2542 Bethleem
3255 2486 3501 2543 interﬁci
3547 2503 3779 2558 pueros,

2129 2576 2228 2632 sed
2258 2580 2316 2633 et
2346 2575 2403 2632 in
2436 2575 2712 2632 omnibus
2735 2576 2952 2632 finibus
2983 2578 3127 2650 ejus.
3164 2577 3272 2633 Per
3291 2575 3637 2632 occisionem
3664 2575 3778 2645 [AL

2128 2663 2519 2735 occasionem]
2567 2663 2861 2719 Bethleem
2911 2663 3296 2734 intelligimus
3347 2664 3562 2720 multos
3600 2663 3776 2720 etiam

2128 2753 2199 2811 de
2223 2753 2528 2825 Benjamin
2552 2753 2736 2808 fuisse
2757 2768 2959 2810 caesos.
2989 2753 3184 2810 Plorat
3215 2758 3409 2810 autem
3433 2752 3586 2809 ﬁlios
3614 2769 3776 2825 suos,

2128 2847 2184 2899 et
2215 2859 2327 2899 non
2356 2842 2562 2915 recipit
2597 2841 3074 2913 consolationem,
3127 2843 3452 2900 secundum
3485 2842 3780 2915 duplicem

2127 2931 2596 3004 intelligentiam.
2629 2932 2759 2987 Sive
2791 2933 2945 3003 quod
2985 2949 3083 2990 eos
3118 2932 3176 2988 in
3203 2937 3482 2989 internum
3517 2937 3782 2989 mortuos

2128 3023 2465 3091 aestimaret,
2527 3021 2648 3076 sive
2705 3021 2859 3092 quod
2919 3021 3210 3078 consolari
3269 3038 3332 3078 se
3361 3020 3542 3078 nollet
3589 3021 3660 3078 de
3691 3022 3784 3078 his

369 3109 695 3175 veritatem,
729 3111 829 3167 ubi
873 3111 982 3168 hoc
1031 3113 1089 3168 in
1123 3113 1261 3172 LXX
1309 3113 1537 3186 legatur
1575 3097 2274 3187 lnterpretibus.\\quos
2307 3111 2480 3168 sciret
2512 3127 2639 3166 esse
2686 3110 2962 3167 victuros.
3022 3112 3184 3177 Quod
3235 3115 3430 3168 autem
3481 3111 3697 3166 dicitur
3721 3113 3782 3167 in

373 3198 536 3266 Quod
567 3215 709 3255 cum
736 3217 852 3256 non
878 3200 1223 3274 invenerint,
1259 3219 1364 3259 nos
1386 3203 1469 3259 eis
1500 3203 1763 3258 dicemus
1785 3203 1843 3260 in
1876 3203 2020 3259 Osee

375 3288 656 3360 propheta
701 3289 986 3362 scriptum
1035 3292 1180 3364 (cap.
1212 3295 1312 3362 χι),
1365 3292 1518 3348 sicut
1563 3297 1619 3349 et
1666 3292 2021 3363 exemplaria

2129 3201 2320 3268 Roma,
2354 3216 2468 3256 non
2527 3204 2801 3266 putemus
2830 3199 2939 3256 loci
2998 3218 3214 3258 nomen
3270 3217 3418 3269 esse,
3458 3201 3629 3272 juxta
3671 3201 3783 3257 Ga-

2133 3289 2242 3346 baa
2271 3291 2312 3357 ‘,
2346 3290 2447 3344 sed
2479 3289 2662 3346 Rama
2692 3289 2968 3346 arcelsum
2985 3289 3686 3376 ﬁjﬁﬂtlinterpretatur,
3724 3293 3787 3346 ut

369 3378 619 3449 probare
652 3383 899 3452 possunt
927 3363 1057 3453 quae
1107 3398 1294 3453 nuper
1339 3381 1651 3438 edidimus.
1695 3382 2019 3438 Possumus
2052 3363 2094 3431 (ἶ
2133 3380 2210 3435 sit
2239 3395 2488 3434 sensus:
2526 3379 2634 3434 Vox
2665 3380 2723 3434 in
2767 3363 3787 3459 excelsotaudita‘esf,'id'esthnge

364 3470 561 3526 autem
592 3467 790 3526 locum
823 3469 1006 3528 istum
1036 3475 1092 3526 et
1123 3470 1291 3526 aliter
1325 3471 1630 3528 conciliare
1661 3473 1768 3540 [Αἰ.
1802 3488 2012 3527 conso-

441 3576 454 3610 ⁸
489 3575 690 3649 Fertne
722 3593 1068 3649 persuasum
1093 3577 1202 3633 fuit
1223 3577 1364 3633 olim
1392 3577 1557 3644 mihi,
1584 3579 1797 3636 cubare
1819 3578 2014 3634 locum

363 3644 548 3721 istum
579 3647 638 3703 in
675 3644 923 3718 mendo,
955 3653 1012 3705 et
1057 3666 1160 3720 pro
1208 3650 1391 3721 ipsum
1435 3651 1728 3708 Dominum
1775 3651 2012 3706 rescribi

371 3717 579 3792 debere
609 3735 724 3774 uno
756 3717 929 3792 verbo
960 3717 1312 3789 insomnium,
1355 3725 1418 3776 ut
1441 3737 1652 3776 sensus
1685 3721 1778 3775 sit.
1816 3721 2013 3792 Magos

369 3788 608 3864 quidem
640 3806 742 3864 per
761 3791 1151 3864 insomnium,
1173 3793 1231 3848 S.
1265 3788 1395 3848 vero
1425 3793 1746 3864 Josephum
1780 3788 2015 3864 respon-

372 3863 831 3935 sumaccepisse
862 3880 962 3935 per
991 3863 1284 3935 angelum.
1316 3864 1536 3935 Nempe
1569 3863 1630 3919 ut
1660 3880 1857 3920 secum
1889 3863 2014 3935 ipse

464 3931 1112 4008 Hieronymusconstet.
1147 3937 1248 4008 qui
1281 3936 1431 3992 hanc
1461 3931 1702 3992 visionis
1735 3931 2017 4008 praeroga-

370 4003 697 4080 tivamprae
753 4005 1045 4080 illa.gquaa
1077 4003 1263 4080 Magis
1313 4008 1468 4080 facta
1515 4013 1624 4075 est,
1675 4003 2016 4079 SCJosepho

370 4075 599 4148 tribuit,
631 4081 688 4132 et
712 4075 1006 4148 praedicat,
1039 4080 1149 4136 hac
1177 4075 1463 4135 nimirum
1495 4080 1565 4134 de
1586 4096 1781 4141 causa,
1816 4085 1875 4134 ut
1900 4075 2014 4134 m-

368 4147 607 4221 rilorum
632 4147 819 4221 Ioseph
841 4153 1200 4221 privilegium
1229 4151 1719 4206 demonstraretur.
1754 4151 1898 4205 Nam
1925 4167 2014 4204 se-

373 4235 478 4275 cus
509 4218 680 4295 longe
711 4218 966 4295 haberet,
999 4218 1061 4278 si?
1081 4224 1282 4295 Magos
1313 4222 1590 4295 dixitper
1619 4225 1800 4295 ipsum
1831 4222 2013 4295 Domi-

372 4307 528 4366 ηψπ,
587 4291 910 4366 Jbsephum
966 4311 1099 4352 vero
1157 4291 1259 4366 p'er
1315 4291 1589 4366 angelum
1642 4291 2016 4366 admonitum

373 4361 576 4430 fuisse,
608 4361 745 4420 cum
773 4365 872 4421 Dei
903 4361 1273 4424 admonentis
1292 4361 1529 4436 sequior
1557 4369 1710 4436 esset
1737 4363 2014 4432 conditio,

374 4438 576 4508 contra
604 4452 779 4506 quam
813 4437 1024 4496 veritas
1069 4437 1303 4508 clamat,
1337 4435 1395 4492 et
1426 4437 1484 4492 S.
1531 4437 1653 4508 ipse
1684 4435 1852 4508 Pater
1881 4451 2016 4490 con-

374 4505 556 4577 ceptis
587 4505 776 4564 verbis
805 4509 1121 4565 contendit.
1158 4505 1769 4572 Quamobrem—errore
1802 4507 2017 4562 factum

377 4576 841 4650 antiquariorum
872 4581 1140 4636 videatur
1194 4581 1267 4636 ob
1311 4579 1570 4650 aliquam
1621 4579 1772 4632 inter
1801 4594 1863 4650 se
1891 4594 2020 4650 ver-

377 4648 583 4705 borum
631 4654 817 4722 ipsum
864 4654 1157 4708 Dominum
1192 4657 1246 4707 et
1290 4648 1635 4706 insomnium
1679 4649 2016 4722 similitudi-

372 4736 527 4794 nem,
561 4739 688 4794 quae
717 4723 882 4781 facile

371 4790 484 4848 sim
516 4790 686 4865 quasi
707 4794 822 4850 duo
843 4790 1016 4851 ver’oa
1037 4795 1315 4865 accipere,
1344 4798 1480 4864 puta
1505 4794 1567 4846 in
1595 4808 1735 4865 sam.
1767 4801 1820 4865 et,
1840 4793 2020 4862 nium,

377 4879 503 4989 quae
536 4863 671 4920 cum
703 4883 806 4938 per
835 4883 896 4922 se
925 4866 1066 4922 nihil
1102 4863 1455 4938 signiﬁcent,
1501 4863 1866 4917 emendanda
1897 4880 2019 4918 cre-

421 4935 590 4989 iderit
620 4939 800 4989 insom
830 4937 888 4989 in
920 4940 1119 4989 ipsum.
1170 4942 1226 4989 et
1272 4937 1434 4989 nium
1464 4937 1520 4989 in
1570 4935 1881 4989 Dominum.
1909 4936 2019 4989 Cae-

421 4935 590 4992 iderit
620 4935 800 4994 ins‘om
830 4937 888 4992 in
920 4940 1119 5010 ipsum,
1161 4935 1228 5010 et
1272 4937 1443 5010 nium
1464 4937 1520 5010 iu
1570 4935 1881 5010 Dominum.
1905 4936 2023 5010 βω-

375 5010 501 5063 tera
530 5011 686 5066 enim
719 5014 774 5063 et
802 5005 964 5064 sacer
991 5014 1185 5064 textus
1214 5005 1446 5061 lectioni
1477 5007 1816 5060 insomnium
1846 5006 2020 5062 iidem

370 5077 530 5152 facit,
558 5085 617 5134 et
646 5080 1002 5152 suﬂ‘ragatur
1046 5079 1126 5137 rei
1177 5077 1411 5152 veritas,
1457 5077 1712 5152 denique
1753 5077 1879 5152 ipsa
1907 5078 2020 5152 _La-

369 5150 504 5224 tinge
535 5151 690 5224 vocis
713 5149 1041 5224 proprietas
1072 5166 1137 5204 ac
1162 5151 1273 5224 vis,
1306 5166 1424 5221 qua
1445 5150 1782 5224 insomnium
1808 5149 2024 5204 dicitur

370 5220 517 5294 visio
547 5221 604 5280 id
637 5220 791 5294 quod
823 5220 1028 5294 postea
1057 5221 1264 5294 accidit
1295 5220 1667 5294 portendens.

442 5293 552 5364 Sed
588 5289 938 5364 si'ment'em
975 5294 1032 5364 Sp.
1091 5289 1350 5364 Doctoris
1400 5292 1577 5364 probe
1628 5289 2018 5364 assequimur,

376 5361 523 5419 nihil
553 5379 682 5419 esse
705 5365 858 5433 quod
885 5362 977 5418 hic
1008 5363 1116 5418 loci
1138 5361 1538 5431 emendemus,
1564 5379 1623 5435 re
1644 5361 1816 5435 paulo
1844 5363 2021 5418 altius

374 5450 631 5505 expensa
661 5435 972 5489 constabit.
1006 5436 1299 5505 sentiebat
1345 5435 1557 5505 quippe
1589 5434 1703 5500 ille,
1739 5451 2023 5505 responsa
2057 5491 2070 5498 __

378 5501 507 5581 quae
533 5506 606 5581 in_
641 5508 862 5581 somnis,
912 5501 1182 5581 κατ’ὅναρ,
1239 5501 1608 5581 haberentur,
1663 5524 1789 5581 qua;
1838 5501 2016 5581 χρησ-

378 5569 516 5650 εἰοὺς
568 5577 774 5651 (irasci
821 5569 1047 5651 vocant,
1109 5569 1211 5651 per
1281 5579 1469 5651 ipsum,
1538 5569 1707 5633 Deum
1761 5569 2022 5651 ﬁeri',i'et

377 5645 799 5731 anauov‘dici,
833 5645 1057 5731 quoties
1092 5645 1367 5731 Deusper
1395 5650 1652 5731 seipsum
1687 5650 2017 5731 respondet.

372 5719 601 5794 Passim
652 5719 802 5794 hanc
848 5719 992 5792 'ejus
1041 5719 1392 5780 sententiam
1441 5719 1798 5794 dignoscere
1829 5727 1916 5776 est
1960 5722 2019 5776 in

366 5791 1299 5868 Qommentariisin_Pr0phetas,
1350 5791 1530 5866 atque
1571 5792 1747 5850 alibi:
1793 5809 1933 5868 nam
1962 5797 2022 5868 et

370 5863 445 5922 de
471 5862 806 5948 Hieronymi
837 5865 1026 5939 ipsius
1067 5862 1330 5937 nomine,
1376 5862 1576 5938 utpote
1614 5864 2021 5925 reconditioris

972 4725 1186 4802 otuerit
1230 4722 1466 4802 criticus
1517 4737 1632 4802 non
1677 4737 1848 4802 nemo
1878 4720 2020 4802 divi-
2050 4734 2101 4802 ι)

2123 3467 2358 3540 lateque
2391 3468 2678 3540 dispersa.

2123 3575 2402 3631 doctrinae
2434 3575 2714 3647 placitum
2769 3575 2843 3647 ab
2895 3574 3044 3647 ipsis
3093 3575 3305 3647 Graecis
3353 3571 3786 3647 lexicographis

2123 3644 2720 3728 admotam—mnatre;
2753 3644 3020 3728 refertur.
3042 3649 3224 3728 Sacer.
3241 3645 3438 3728 itaque
3469 3644 3785 3728 textus~hic

2123 3719 2220 3773 ubi
2255 3719 2324 3771 de
2359 3709 2768 3787 Magi's‘sérmo
2797 3721 2906 3787 est,
2937 3717 3112 3787 verbo
3169 3709 3359 3787 utitur?
3407 3709 3782 3787 xpncuwfiém,

2124 3789 2275 3861 quod
2312 3805 2346 3842 a
2375 3761 2631 3861 χρῗσμρς
2659 3761 3273 3861 nomine'derivatum,
3306 3761 3572 3861 ejusdem
3605 3761 3777 3856 planeI

2123 3855 2212 3916 est
2240 3855 2508 3914 cum'illo
2535 3855 2986 3928 signiﬁcationis
3015 3874 3028 3918 ;
3061 3856 3250 3928 deque
3283 3855 3556 3928 adeo‘illa
3584 3855 3638 3911 ὁ.
3673 3861 3777 3911 Pa-

2121 3933 2228 3987 tris
2260 3926 2709 4000 Grascorumque
2749 3927 3013 3982 doctrina
3056 3927 3272 3982 factum
3306 3926 3654 4000 intelligitur
3683 3945 3771 3983 re-

2123 4018 2408 4075 sponsum
2461 4017 2562 4072 per
2609 3999 2789 4075 ipsum
2837 4001 3174 4075 Domigium,_
3201 4004 3256 4053 et
3298 3999 3347 4054 si
3386 4016 3489 4070 per
3516 4000 3772 4072 angelum

2124 4069 2285 4131 sacer
2309 4069 2687 4127 idem'textus
2717 4073 2932 4126 iactum
2981 4069 3235 4143 Josephio
3281 4069 3629 4143 responsum
3663 4088 3772 4126 no-

2123 4151 2227 4210 tat,
2262 4162 2396 4200 cum
2453 4148 2770 4212 utrumque
2818 4147 3013 4197 tamen
3052 4137 3322 4213 xa't’ovap,
3373 4137 3493 4198 sive
3541 4146 3599 4198 in
3629 4158 3771 4199 som-

2124 4220 2212 4272 nis
2240 4224 2362 4271 tam
2393 4215 2503 4287 ipsi
2540 4216 2778 4287 factum,
2813 4230 2991 4284 quam
3027 4214 3210 4285 Magis
3240 4213 3511 4279 declaret,
3542 4221 3772 4270 utrum-

2125 4304 2235 4359 que
2262 4286 2736 4359 sane’divinitus,
2789 4286 2908 4341 sive
2955 4303 3073 4359 per_
3103 4287 3292 4359 ipsum,
3331 4287 3640 4359 Dominum
3656 4288 3774 4342 fac-

2126 4357 2254 4415 tum
2280 4363 2566 4425 testatur;
2603 4357 2673 4412 in.
2694 4373 2760 4412 eo
2793 4362 2988 4414 autem
3022 4357 3153 4428 plus
3203 4357 3415 4414 habere
3439 4357 3677 4414 honoris
3709 4373 3774 4412 ac

2125 4431 2317 4486 laudis
2342 4430 2498 4484 istud
2522 4428 2783 4501 Josephi,
2807 4429 2961 4499 quod
2985 4429 3055 4501 ab
3079 4429 3205 4501 ipso
3232 4428 3477 4484 Domino
3498 4434 3773 4500 praeterea

2127 4502 2371 4574 angelus
2398 4499 2762 4574 mittitur‘ad‘
2809 4499 3296 4574 denuntiandum,
3341 4505 3408 4574 ut
3448 4499 3774 4574 meritorum

2125 4572 2322 4644 Ioseph
2349 4573 2702 4643 privilegium
2731 4572 3216 4627 demonstraretur.
3263 4572 3435 4644 Salva
3457 4573 3770 4637 sententia,

2128 4643 2290 4704 salva
2320 4661 2411 4699 res
2438 4649 2529 4700 est
2558 4662 2569 4699 :
2608 4661 2710 4698 nec
2745 4644 2995 4714 profecto
3025 4648 3241 4699 temere
3280 4643 3604 4715 injicienda:
3634 4648 3776 4700 sunt

2132 4733 2342 4776 manus
2371 4715 2432 4770 in
2483 4717 2540 4770 S.
2602 4715 2788 4770 Patris
2846 4720 3088 4779 textum,
3145 4731 3321 4786 quem
3378 4715 3511 4770 libri
3545 4731 3773 4784 omnes,

2134 4805 2276 4870 mss.
2309 4803 2470 4858 inque
2501 4792 2675 4860 atque
2718 4786 3056 4870 editi,‘quot
3079 4792 3244 4869 sunt,
3277 4792 3533 4870 quotque
3591 4788 3771 4855 fuere,

2132 4860 2254 4931 pari
2287 4857 2598 4919 consensu,
2635 4858 2774 4930 quin
2810 4863 2864 4912 et
2895 4857 3150 4931 liturgici
3191 4857 3309 4931 ipsi
3345 4857 3775 4931 scriptoresque

2130 4947 2335 4988 omnes
2364 4935 2604 4984 tuentur
2630 4947 2693 4983 ac
2722 4931 2988 4988 probant.

2201 5004 2222 5038 ³
2252 5001 2700 5071 Imperitissima
2721 4999 2812 5056 hic
2844 5000 3012 5056 lectio
3033 5005 3123 5057 est
3150 4999 3211 5054 in
3243 4999 3408 5055 libris
3436 5001 3632 5065 editis,
3667 5000 3778 5056 sci-

2129 5072 2282 5138 licet,
2315 5075 2606 5130 Possumus
2649 5078 2833 5128 autem
2879 5074 3056 5129 locum
3104 5074 3272 5127 istum
3319 5077 3370 5126 et
3398 5072 3565 5126 aliter
3590 5087 3780 5126 conso-

2131 5147 2242 5200 lari
2280 5151 2512 5228 prapter
2558 5147 2935 5228 contaminatos.
2991 5145 3331 5228 Le‘gend‘um
3381 5143 3600 5228 itaque,
3642 5148 3778 5228 Pes:

2127 5214 2315 5273 sumus
2359 5214 2544 5273 autem
2590 5217 2767 5273 locum
2814 5219 2979 5272 istum
3025 5214 3099 5271 εί
3128 5216 3294 5270 aliter
3339 5214 3656 5285 conciliare,
3688 5215 3776 5272 vel

2128 5298 2181 5345 et
2203 5291 2370 5345 aliter
2399 5289 2792 5357 conﬁrmare...
2837 5294 2890 5344 et
2932 5288 3308 5343 testimonium
3347 5286 3680 5357 pro/erimus
3709 5302 3778 5342 ea:

2128 5363 2403 5433 Numeris,
2436 5356 2544 5416 etc.
2573 5379 2586 5430 ;
2620 5361 2838 5433 ubique
2882 5359 3038 5415 enim
3069 5357 3341 5428 legimus,
3372 5356 3432 5411 in
3463 5357 3772 5433 singulari,

2128 5435 2316 5489 vocavi
2342 5432 2543 5503 ﬁlium,
2605 5432 2722 5488 sive
2745 5430 2936 5486 'vocavi
2990 5446 3136 5493 eum,
3196 5433 3254 5482 et
3282 5444 3396 5483 non
3457 5434 3522 5486 ut
3561 5430 3777 5486 habent

2131 5505 2264 5560 LXX
2298 5505 2356 5559 in
2393 5503 2626 5576 plurali,
2656 5505 2850 5560 vocavi
2879 5504 3023 5573 ﬁlios
3048 5516 3416 5576 meos._manr.

2199 5570 2408 5631 3Mssf
2440 5576 2649 5638 nostri,
2700 5570 2933 5644 duoque
2984 5590 3018 5628 a
3074 5570 3401 5630 Martianan
3451 5570 3673 5630 laudati
3703 5587 3777 5628 ea:

2127 5650 2345 5703 interno
2374 5647 2685 5716 corpusculi
2713 5646 2968 5716 hospitio.

2199 5721 2222 5756 ι
2253 5726 2315 5772 In
2352 5718 2524 5774 Palat.
2575 5718 2769 5783 codd.,
2800 5717 2908 5773 loci
2952 5731 3149 5772 nomen
3172 5733 3305 5787 esse,
3356 5718 3455 5790 qui
3498 5719 3580 5774 est
3605 5717 3777 5791 juxta

2129 5791 2331 5848 Gabaa.
