4182 6582
826 488 1345 553 COMMENTAR.
1393 490 1473 553 IN
1517 487 2038 556 EVANGELIUM
2084 490 2471 558 MATTH'EI
2515 492 2662 555 LIB.
2709 491 2757 554 ἰ.
2803 490 2978 555 CAP.
3018 487 3128 556 III.

339 623 524 693 (Vera.
555 623 672 696 20.)
724 623 988 680 Defuncti
1035 627 1175 680 sunt
1225 623 1384 681 enim
1432 625 1532 697 qui
1584 625 1923 697 quarebant
1952 623 2334 692 Aclamantis
2382 627 2446 681 in.
2499 626 2727 695 deserto,
2783 627 2979 697 parate
3032 625 3187 680 viam
3242 624 3482 696 Domni,
3514 627 3690 684 recta:

270 713 525 771 animam
553 713 740 786 pueri.
776 736 804 764 »
836 715 916 769 Ex
945 714 1052 770 hoc
1098 714 1221 770 loco
1253 714 1642 788 intelligimus
1675 731 1791 772 non
1825 731 1917 770 so-

269 802 392 859 lum
423 803 729 875 Herodem,
764 804 863 859 sed
896 808 952 858 et
987 804 1322 860 sacerdotes
1354 809 1410 859 et
1455 804 1681 860 scribas
1713 805 1918 860 eodem

267 897 528 966 tempore
557 910 758 949 necem
789 893 1024 950 Domini
1051 894 1235 949 fuisse
1267 893 1605 950 meditatos.

337 984 523 1054 (Vers.
566 983 684 1055 21.)
733 1006 762 1034 ‹‹
809 983 920 1048 Qui
969 1001 1218 1056 surgens
1277 984 1500 1057 accepit
1553 1001 1802 1057 puerum
1863 987 1921 1039 et

264 1077 511 1129 matrem
533 1073 682 1144 ejus,
699 1077 756 1129 et
783 1074 940 1129 venit
969 1073 1029 1129 in
1053 1080 1270 1130 terram
1294 1073 1468 1130 Israel
1494 1077 1532 1130 ί.
1562 1073 1721 1129 »Non
1747 1073 1915 1143 dixit,

263 1163 487 1235 accepit
514 1162 704 1218 filium
727 1180 926 1230 suum,
949 1167 1008 1218 et
1039 1180 1277 1219 uxorem
1301 1180 1491 1230 suam,
1517 1163 1618 1219 sed
1643 1179 1914 1236 puerum,

259 1256 318 1308 et
351 1256 601 1308 matrem
633 1254 786 1324 ejus,
818 1253 985 1324 quasi
1014 1253 1313 1321 nutritius,
1351 1270 1464 1308 non
1499 1254 1769 1309 maritus.

333 1342 522 1414 (Vera.
554 1343 670 1414 2'2.)
702 1365 730 1392 α
763 1343 1021 1399 Audiens
1047 1347 1242 1398 autem
1293 1343 1449 1414 quod
1483 1341 1795 1398 Archelaus
1826 1359 1916 1398 re-

258 1435 470 1504 gnaret
501 1431 561 1486 in
589 1431 811 1495 Judaea,
843 1447 948 1503 pro
978 1431 1202 1487 Herode
1231 1435 1395 1504 patre
1427 1447 1556 1500 suo,
1585 1432 1784 1486 timuit
1815 1431 1914 1488 illo

255 1519 381 1576 ire:
416 1523 474 1576 et
519 1521 858 1576 admonitus
906 1520 964 1575 in
1017 1521 1260 1589 somnis,
1294 1520 1536 1577 secessit
1594 1521 1654 1577 in
1717 1525 1915 1593 partes

257 1607 527 1666 Galilaaa.
562 1609 729 1664 Multi
777 1609 1060 1665 labuntur
1104 1627 1298 1666 errore
1347 1616 1587 1683 propter
1637 1611 1911 1684 ignoran-

256 1699 403 1754 tiam
429 1698 708 1770 historizs,
742 1702 1015 1770 putantes
1040 1700 1314 1756 eumdem
1367 1717 1496 1756 esse
1535 1701 1848 1769 Herodem,
1881 1718 1915 1757 a

259 1804 375 1861 quo
409 1787 469 1843 in
528 1787 800 1861 passione
857 1805 966 1844 sua
1026 1789 1306 1846 Dominus
1363 1789 1661 1857 irridetur,
1696 1795 1752 1846 et
1811 1789 1913 1863 qui

258 1894 419 1933 nunc
449 1881 720 1934 mortuus
753 1895 880 1934 esse
911 1879 1180 1936 refertur.
1212 1879 1646 1955 ErgoHerodes
1685 1879 1783 1936 ille
1812 1879 1912 1952 qui

2026 718 2194 785 facite
2222 718 2448 772 semitas
2478 718 2598 787 ejus
2630 717 2782 788 (Isai.
2815 733 2905 780 XL,
2937 715 3013 786 3).
3046 713 3190 770 Cum
3223 712 3385 769 enim
3415 714 3682 772 testimo~

2030 804 2193 861 nium
2240 807 2311 861 de
2359 805 2668 873 Malachia,
2701 806 2968 877 Isaiaque
3024 807 3362 861 contextum
3395 801 3492 871 sit,
3527 819 3686 874 quie-

2028 895 2125 963 rit,
2159 897 2454 967 quomodo
2487 894 2646 952 velut
2677 896 2749 951 ab
2790 911 2906 950 uno
2956 892 3105 950 Isaia
3155 891 3486 964 exemplum
3519 897 3686 966 pute-

2029 1001 2164 1040 mus
2196 990 2593 1058 assumptum.
2627 984 2731 1041 Cui
2753 981 3144 1040 Ecclesiastici
3195 981 3303 1038 viri
3344 980 3689 1054 plenissime

2028 1073 2480 1145 responderunt.
2516 1074 2633 1129 Nos
2681 1078 2874 1129 autem
2926 1073 3035 1144 [Αὶ.
3089 1074 3211 1141 aut]
3258 1086 3474 1127 nomen
3526 1069 3688 1130 Isaia

2026 1167 2310 1234 putamus
2359 1163 2626 1219 additum
2687 1162 3040 1234 scriptorum
3098 1161 3258 1232 vitio,
3305 1160 3458 1232 quod
3516 1164 3579 1216 et:
3626 1160 3687 1218 in

2027 1251 2156 1307 aliis
2188 1252 2331 1309 locis
2365 1252 2611 1324 probare
2643 1267 2982 1325 possumus,
3019 1255 3120 1307 aut
3149 1254 3304 1306 certe
3338 1250 3410 1308 de
3436 1249 3686 1306 diversis

2024 1342 2357 1398 testimonis
2389 1341 2826 1414 Scripturarum
2887 1357 3072 1397 unum
3126 1355 3343 1412 corpus
3391 1340 3682 1398 effectum.

2025 1431 2177 1503 Lege
2206 1431 2228 1464 ‘
2276 1430 2516 1486 tertium
2567 1431 2865 1488 decimum
2924 1429 3248 1504 psalmum,
3282 1433 3340 1486 et
3386 1428 3498 1489 hoc
3527 1429 3681 1487 idem

2025 1519 2306 1591 reperies.

2093 1608 2278 1677 (Vers.
2315 1609 2395 1677 4.)
2427 1631 2455 1659 ‹‹
2490 1609 2619 1681 Ipse
2647 1612 2843 1666 autem
2893 1612 3153 1668 Joannes
3203 1607 3466 1670 habebat
3508 1608 3684 1664 vesti-

2023 1701 2290 1754 mentum
2322 1699 2423 1756 18
2455 1699 2524 1755 de
2556 1697 2688 1772 pilis
2737 1697 3120 1764 camelorum,
3152 1701 3210 1752 et
3256 1713 3462 1753 zonam
3507 1696 3681 1768 pelli—

2023 1803 2186 1844 ceam
2217 1788 2373 1844 circa
2400 1787 2636 1845 lumbos
2667 1804 2828 1844 suos.
2861 1810 2890 1839 ››
2933 1787 3015 1846 De
3061 1785 3222 1859 pilis,
3254 1785 3466 1858 inquit,
3500 1785 3678 1845 habe:

2022 1875 2144 1946 bat,
2178 1895 2294 1933 non
2327 1878 2398 1933 de
2444 1877 2600 1935 lana.
2633 1877 2807 1934 Aliud
2861 1881 3111 1936 austeris
3155 1875 3336 1934 vestis
3390 1875 3676 1934 indicium

257 1982 393 2022 cum
428 1966 611 2023 Pilato
663 1971 865 2038 postea
913 1968 1204 2024 amicitias
1254 1968 1409 2037 fecit,
1445 1967 1625 2039 hujus
1668 1968 1912 2025 Herodis
1944 2003 1990 2068 B
2021 1970 2129 2033 est,
2165 1965 2322 2022 aliud
2355 1967 2596 2024 luxuria
2647 1967 2952 2024 mollioris.
2986 1968 3142 2024 Zona
3198 1969 3395 2024 autem
3435 1963 3679 2038 pellicsa

258 2055 419 2112 filius
450 2061 560 2122 est,
593 2056 772 2112 frater
812 2056 1109 2125 Archelai;
1144 2073 1320 2130 quem
1370 2062 1426 2113 et
1451 2060 1546 2113 17
1584 2057 1780 2129 ipsum
1812 2057 1908 2114 Ti-

255 2146 456 2202 berius
488 2145 714 2202 Caesar'
743 2147 1119 2218 Lugdunum,
1164 2164 1292 2219 quae
1336 2146 1660 2203 Galliarum
1709 2151 1799 2203 est
1837 2147 1912 2202 ci-

253 2234 429 2301 vitas,
455 2233 751 2306 relegavit,
792 2236 1153 2308 fratremque
1183 2238 1312 2308 ejus
1356 2237 1644 2293 Herodem
1677 2252 1909 2294 succes-

254 2339 449 2380 sorem
483 2323 645 2396 regni
679 2323 833 2380 fecit.
860 2325 1009 2398 Lege
1037 2325 1274 2398 Iosephi
1309 2326 1638 2383 historiam.

325 2412 516 2484 (Vers.
561 2413 676 2485 23.)
717 2436 744 2465 ‹‹
793 2415 860 2470 Et
907 2414 1149 2471 veniens
1201 2415 1488 2472 habitavit
1535 2416 1594 2472 in
1651 2416 1910 2485 civitate,

253 2518 381 2576 quas
415 2507 655 2560 vocatur
684 2504 989 2570 Nazaretb,
1025 2509 1091 2562 ut
1131 2504 1556 2578 adimpleretur
1599 2507 1755 2579 quod
1788 2507 1910 2563 dic-

252 2595 383 2649 tum
429 2595 517 2648 est
555 2609 658 2665 per
702 2593 1040 2666 praphetas,
1074 2595 1355 2666 quoniam
1403 2596 1713 2652 Nazaraaus
1743 2613 1910 2653 voca-

250 2682 432 2740 bitur.
471 2704 500 2732 »
549 2683 610 2739 Si
658 2683 843 2740 fixum
891 2684 964 2740 de
1013 2685 1334 2758 Seripturis
1366 2686 1665 2757 posuisset
1715 2703 1910 2743 exem-

253 2772 442 2846 plum,
475 2789 784 2845 nunquam
815 2773 1056 2842 diceret,
1106 2775 1248 2848 quod
1293 2775 1500 2832 dictum
1535 2779 1616 2832 est
1665 2792 1766 2848 per
1789 2793 1914 2849 pro.

248 2861 490 2935 phetas;
523 2861 622 2918 sed
657 2861 1029 2936 simpliciter,
1063 2863 1220 2936 quod
1265 2864 1489 2920 dictum
1535 2869 1626 2922 est
1655 2881 1758 2938 per
1779 2883 1910 2939 pro-

255 2951 499 3024 phetam
525 2967 538 3005 :
575 2968 732 3009 nunc
766 2957 962 3009 autem
994 2953 1301 3025 pluraliter
1327 2954 1644 3027 prophetas
1673 2971 1908 3027 vocans,

255 3040 513 3100 ostendit
540 3057 604 3098 se
633 3058 750 3098 non
782 3043 958 3100 verba
986 3043 1056 3101 de
1087 3043 1405 3116 Seripturis
1435 3045 1784 3120 sumpsisse,
1808 3046 1910 3102 sed

256 3144 521 3187 sensum.
555 3130 883 3198 Nazaraaus,
908 3141 1128 3189 sanctus
1159 3133 1596 3206 interpretatur.
1630 3134 1910 3191 Sanctum

255 3224 452 3276 autem
484 3220 803 3278 Dominum
851 3223 1142 3290 futurum,
1187 3224 1380 3280 omnis
1425 3223 1725 3296 Scriptura
1753 3241 1911 3281 com-

257 3314 566 3365 memorat.
600 3314 927 3368 Possumus
971 3316 1029 3370 et
1075 3311 1248 3370 aliter
1295 3312 1506 3381 dicere,
1545 3315 1701 3386 quod
1733 3313 1911 3370 etiam

254 3399 479 3455 eisdem
507 3401 725 3472 verbis,
753 3402 925 3470 juxta
956 3401 1297 3460 Hebraicam
1340 3383 1643 3462 veritatem
1673 3403 1734 3460 in
1760 3403 1912 3461 Isaia
1943 3383 1986 3451 Ο

251 3487 546 3560 scriptum
569 3489 666 3545 sit.
710 3491 867 3546 Exiet
896 3491 1053 3561 virga
1080 3491 1146 3548 de
1192 3491 1378 3549 radice
1421 3492 1588 3559 Iesse,
1639 3501 1690 3550 et
1736 3493 1908 3551 Naza-

251 3591 410 3635 ηεαδ
436 3576 504 3632 de
528 3578 723 3635 radice
747 3578 867 3648 eius
895 3578 1209 3638 conscendet
1239 3581 1363 3651 (Isa.
1393 3596 1474 3647 ιιι,
1508 3580 1581 3652 1).

327 3666 488 3739 (Cap.
523 3666 619 3724 ΙΙΙ.
676 3697 747 3709 --
805 3667 968 3724 Vers.
1030 3669 1110 3740 2.)
1169 3691 1197 3720 «
1255 3669 1663 3729 Pmnitentiam
1719 3670 1910 3744 agite:

257 3755 758 3828 appropinquabit
785 3755 943 3814 enim
991 3773 1240 3831 regnum
1286 3757 1587 3817 caelorum.
1613 3781 1642 3810 »
1677 3759 1910 3818 Primus

257 3842 522 3916 Baptista
562 3845 821 3902 Joannes
867 3860 1115 3919 regnum
1177 3847 1456 3904 caelorum
1516 3849 1814 3921 praedicat,
1848 3854 1914 3906 ut

259 3949 588 4005 praecursor
615 3934 850 3992 Domini
881 3935 992 3993 hoc
1022 3935 1323 4009 privilegio
1351 3937 1694 3995 honoratur.

327 4022 516 4093 (Vera.
549 4023 630 4094 3.)
689 4045 719 4074 «
766 4024 872 4081 Hic
919 4029 1009 4082 est
1065 4026 1222 4082 enim
1284 4027 1383 4099 qui
1440 4027 1634 4084 dictus
1692 4033 1782 4085 est
1810 4045 1914 4102 per

259 4110 473 4169 Isaiam
514 4112 884 4186 prophetam,
934 4114 1265 4174 dicentem:
1315 4116 1439 4172 Vox
1493 4117 1806 4176 clamantis
1851 4120 1911 4176 in

259 4200 510 4270 deserto,
541 4207 741 4275 parate
768 4203 925 4260 viam
953 4203 1210 4274 Domini,
1245 4209 1435 4264 rectas
1469 4205 1638 4263 facite
1668 4207 1912 4264 semitas

257 4291 410 4363 ejus.
443 4312 474 4341 ››
509 4290 748 4350 Animas
776 4293 1142 4351 credentium
1181 4296 1566 4368 praeparabat,
1598 4295 1658 4352 in
1693 4298 1911 4369 quibus

258 4379 671 4446 ambulaturus
693 4386 817 4440 erat
834 4383 1146 4452 Dominus,
1170 4388 1238 4442 ut
1270 4402 1456 4458 purus
1485 4385 1546 4441 in
1573 4385 1685 4442 viis
1719 4387 1910 4460 puris-

257 4469 428 4527 simis
457 4470 809 4540 ambularet,
839 4473 1078 4531 dicens:
1111 4474 1378 4531 Habitabo
1426 4477 1485 4530 in
1515 4476 1616 4541 eis,
1647 4483 1699 4533 et
1727 4478 1908 4534 inam-

262 4559 495 4617 bulabo:
541 4569 596 4618 et
645 4577 736 4619 ero
785 4563 924 4620 Deus
981 4565 1249 4636 ipsorum,
1276 4569 1331 4620 et
1388 4565 1498 4636 ipsi
1551 4570 1715 4622 erant
1769 4566 1914 4624 mihi

256 4651 489 4723 populus
517 4652 710 4721 (Levii.
742 4666 893 4719 xxvr,
947 4654 1052 4721 12;
1097 4657 1153 4710 II
1205 4652 1323 4710 Cor.
1376 4669 1453 4721 v1,
1504 4654 1611 4725 16).
1648 4655 1908 4728 Porphy-

2021 2071 2138 2128 qua
2168 2056 2465 2114 accinctus
2494 2055 2603 2112 fuit
2627 2054 3354 2123 etElias,mortilicationis
3383 2054 3669 2114 indicium

2021 2146 2128 2214 [Αἱ.
2162 2145 2519 2219 symbolum]
2549 2152 2639 2202 est
2689 2148 2786 2215 (IV
2829 2149 2954 2218 Reg.
2990 2164 3027 2215 ι,
3058 2147 3134 2217 8).
3165 2145 3340 2204 Porro
3385 2144 3544 2216 quod
3576 2159 3669 2202 se-

2021 2234 2258 2308 quitur:
2300 2255 2322 2285 ι
2368 2236 2516 2291 Esca
2563 2241 2760 2293 autem
2819 2237 2950 2308 ejus
2995 2239 3120 2292 erat
3175 2233 3413 2292 locustis
3469 2239 3526 2292 et
3555 2226 3705 2292 mel'

2021 2324 2371 2381 silvestre.»
2427 2324 2747 2383 Habitatori
2808 2324 3148 2384 solitudinis
3204 2339 3534 2398 congruum
3583 2327 3674 2382 est

2021 2431 2138 2470 non
2172 2413 2414 2472 delicias
2461 2415 2750 2487 ciborum,
2782 2417 2886 2472 sed
2935 2414 3344 2472 necessitatem
3392 2413 3673 2470 humanae

2021 2504 2212 2560 carnis
2243 2503 2493 2578 explere.

2093 2593 2280 2668 (Vers.
2311 2595 2391 2667 9.)
2421 2617 2449 2647 α
2484 2599 2696 2654 Potens
2728 2599 2817 2654 est
2859 2595 3014 2654 Deus
3062 2595 3135 2654 de
3191 2591 3489 2666 lapidibus
3540 2591 3674 2651 istis

2022 2684 2308 2741 suscitare
2336 2684 2488 2742 filios
2517 2685 2782 2743 Abrahae.
2817 2706 2844 2734 »
2897 2683 3147 2758 Lapides
3189 2683 3455 2744 ethnicos
3483 2686 3673 2750 vocat,

2022 2778 2260 2847 propter
2303 2775 2498 2831 cordis
2548 2774 2848 2833 duritiam.
2885 2775 3028 2848 Lege
3075 2771 3475 2834 Eziachielem:
3506 2772 3670 2843 Aufe-

2021 2880 2163 2920 ram.
2196 2863 2409 2935 inquit,
2439 2881 2475 2920 a
2504 2866 2653 2922 vobis
2681 2881 2775 2921 cor
2829 2863 3130 2937 lapideum,
3161 2870 3214 2920 et
3256 2862 3396 2920 dabo
3423 2877 3516 2920 eos
3542 2877 3672 2920 car-

2019 2969 2188 3010 neum
2239 2953 2453 3026 (Ezech.
2512 2971 2707 3020 xxxvr,
2763 2954 2874 3026 26).
2937 2953 3002 3010 In
3059 2951 3252 3024 lapide
3311 2949 3550 3022 duritia,
3608 2949 3671 3009 in

2022 3059 2195 3099 carne
2252 3042 2562 3100 mollitudo
2594 3043 2702 3116 [AL
2762 3042 3032 3114 mollitia]
3094 3043 3478 3100 monstratur.
3540 3038 3670 3098 Sive

2020 3132 2369 3206 simpliciter
2393 3132 2615 3190 indicat
2646 3133 2744 3190 Dei
2777 3132 3120 3206 potentiam,
3153 3131 3310 3204 quod
3341 3129 3440 3203 qui
3474 3129 3544 3186 de
3575 3128 3666 3186 ni-

2021 3221 2142 3279 hilo
2197 3227 2410 3280 cuncta
2438 3223 2656 3293 fecerit,
2691 3223 2878 3296 possit
2921 3225 2978 3280 et
3023 3223 3094 3282 de
3144 3219 3301 3281 saxis
3329 3219 3670 3279 durissimis

2021 3311 2308 3385 populum
2340 3328 2662 3385 procreare.
3633 3368 3642 3378 ,

2092 3405 2282 3470 (Vers.
2317 3405 2404 3474 10,
2440 3404 2552 3476 11.)
2583 3404 2605 3438 ⁸
2637 3425 2665 3454 ‹‹
2693 3403 2828 3460 Jam
2869 3403 3028 3462 enim
3063 3401 3290 3460 securis
3317 3401 3387 3457 ad
3415 3399 3672 3458 radicem

2019 3491 2297 3548 arborum
2330 3492 2523 3564 posita
2568 3495 2676 3550 est.
2727 3491 2934 3548 Omnis
2986 3507 3124 3569 ergo
3149 3490 3327 3550 arbor
3379 3506 3509 3561 quae
3557 3505 3673 3545 non

2020 3581 2159 3636 facit
2189 3581 2444 3638 fructum
2491 3581 2734 3644 bonum,
2783 3579 3086 3638 excidatur
3111 3583 3172 3636 et
3201 3579 3263 3635 in
3307 3579 3504 3652 ignem
3535 3577 3672 3635 mit.-

2019 3674 2196 3727 tetur.
2230 3671 2345 3742 Ego
2376 3670 2614 3743 quidem
2661 3669 2888 3744 baptizo
2930 3686 3035 3726 vos
3081 3668 3142 3725 in
3185 3685 3360 3742 aqua,
3392 3667 3451 3724 in
3484 3667 3670 3740 pmni-

2017 3760 2302 3817 tentiam:
2335 3760 2434 3833 qui
2467 3764 2661 3817 autem
2691 3764 2826 3832 post
2871 3775 2964 3817 me
3009 3763 3295 3817 venturus
3325 3761 3434 3829 est,
3468 3756 3680 3814 fortior

2020 3854 2249 3907 meest.
2282 3873 2310 3900 ››
2358 3849 2693 3907 Pmdicatio
2742 3848 3030 3907 sermonis
3078 3846 3417 3921 evangelici,
3451 3847 3552 3920 qui
3600 3863 3675 3904 ex

1985 3969 1988 3972 ~
2019 3943 2269 4013 utraque
2291 3944 2455 4012 parte
2471 3944 2681 3995 acutus
2698 3943 2789 3996 est
2807 3938 3290 4013 gladiumsecuris
3321 3936 3670 4010 appellatur,

2011 4029 2183 4100 juxta
2221 4027 2532 4085 Jeremiam
2579 4027 2948 4100 prophetam,
2998 4026 3096 4099 qui
3148 4027 3389 4084 verbum
3435 4024 3671 4082 Domini

2019 4117 2212 4175 securi
2251 4120 2552 4190 comparat
2589 4117 2828 4173 credenti
2863 4121 3090 4188 petram
3122 4117 3340 4188 (Jerem.
3370 4131 3524 4183 XLVI,
3553 4115 3670 4186 2.2).

2025 4230 2047 4258 ι
2082 4207 2262 4279 Cujus
2313 4223 2428 4263 non
2461 4222 2593 4264 sum
2647 4205 2865 4277 dignus
2920 4205 3306 4262 calciamenta
3359 4208 3672 4276 portare.»

2019 4303 2085 4354 In
2115 4297 2229 4354 alio
2259 4296 2603 4369 Evangelio:
2640 4295 2829 4364 Cuius,
2864 4294 2966 4361 ait,
2995 4309 3104 4351 non
3152 4310 3277 4351 sum
3322 4293 3524 4363 dignus
3551 4293 3672 4348 sol-

2019 4403 2142 4444 vere
2166 4387 2466 4457 corrigiam
2519 4384 2871 4443 calciamenti
2915 4385 3067 4456 (Luc.
3100 4401 3184 4450 ιιι,
3243 4382 3364 4455 16);
3415 4381 3510 4438 hic
3555 4381 3667 4438 hu-

2020 4476 2263 4541 militas,
2293 4475 2373 4532 ibi
2423 4475 2768 4549 mysterium
2817 4474 3274 4539 demonstratur,
3311 4471 3466 4545 quod
3503 4470 3668 4528 Chri-

2017 4570 2149 4622 stus
2181 4581 2436 4638 sponsus
2465 4565 2561 4636 sit,
2594 4569 2651 4622 et
2679 4566 2932 4623 Joannes
2982 4579 3095 4619 non
3143 4567 3440 4620 mereatur
3467 4561 3671 4635 sponsi

2020 4655 2332 4727 corrigiam
2379 4655 2624 4720 solvere,
2656 4671 2730 4710 ne
2782 4658 3021 4712 vocetur
3070 4655 3282 4710 domus
3332 4653 3459 4724 eius
3500 4653 3671 4723 juxta

261 4738 382 4796 rius
413 4740 594 4797 istum
617 4739 814 4798 locum
835 4741 1013 4799 Marci
1033 4741 1404 4815 evangelistae
1428 4741 1716 4816 principio
1747 4761 1911 4802 com-
1943 4763 1990 4829 Ι)
2019 4743 2208 4818 legem
2239 4744 2407 4812 Mosi,
2438 4748 2496 4800 et
2525 4742 2859 4816 exemplum
2895 4742 3072 4811 Ruth,
3105 4743 3318 4802 domus
3345 4739 3671 4799 discalciati

263 4835 447 4902 parat,
481 4831 541 4886 in
567 4848 683 4904 quo
729 4830 1017 4904 scriptum
1048 4836 1176 4890 est:
1210 4832 1439 4889 Initium
1469 4834 1760 4906 Evangelii
1785 4837 1913 4894 Iesu

264 4919 486 4988 Christi,
517 4921 658 4978 Filii
701 4922 822 4992 Dei,
852 4923 994 4979 sicut
1033 4923 1306 4995 scriptum
1361 4925 1546 4980 estin
1597 4924 1738 4982 Isaia
1783 4941 1934 4996 pro-

259 5011 496 5083 pheta‘:
551 5012 685 5068 Ecce
732 5012 894 5068 mitto
949 5014 1215 5082 angelum
1281 5029 1463 5070 meum
1528 5017 1659 5070 ante
1713 5017 1915 5086 faciem

261 5102 536 5176 Μαριιί
560 5102 908 5176 praeparabit
929 5103 1072 5158 viam
1101 5104 1260 5160 tuam
1279 5103 1530 5176 (Malach.
1566 5119 1650 5170 ιιι,
1687 5104 1761 5175 1).
1797 5110 1914 5164 νοτε

334 5277 352 5314 ί
384 5279 736 5354 Ιὶάθωιιιιειι.
769 5298 875 5354 pro
903 5281 1119 5352 verbis,
1150 5286 1204 5340 et
1234 5283 1386 5341 venit
1416 5283 1478 5340 in
1508 5289 1716 5340 terram
1741 5283 1912 5342 Israel

260 5353 494 5410 tantum
523 5353 747 5410 addunt
769 5353 944 5411 nocte.

331 5423 353 5457 ²
383 5428 652 5500 Attamen
699 5425 847 5500 ipse,
897 5425 1066 5498 cujus
1110 5425 1593 5500 bistoriaeﬁdem
1636 5426 1908 5500 appellat,

261 5492 556 5572 ggsephus
583 5496 685 5572 lib.
715 5492 856 5570 ivu,
909 5492 1036 5572 ca'p.
1097 5499 1184 5572 13,
1219 5515 1333 5554 non
1384 5492 1759 5572 Lugdunum,
1807 5492 1908 5556 sed

261 5564 546 5642 Yienham
564 5564 937 5642 deportatum
959 5564 1244 5642 Herodem
1269 5571 1446 5642 tradit
1469 5564 1908 5642 Tiberiijussu:

267 5633 744 5717 8_ob<-oinntj§iov
789 5639 1221 5717 a61ﬁ1_Blcvvap
1261 5640 1424 5698 πόλιν
1471 5648 1576 5712 τῆς
1614 5648 1652 5698 Γ
1655 5633 1907 5706 aiming.

269 5712 470 5768 Confer
497 5718 553 5769 et
581 5712 792 5771 Euseb.
827 5715 886 5770 in
916 5712 1222 5773 Chronico.

336 5783 357 5818 ⁸
385 5784 666 5862 Pleraque
696 5791 903 5862 tamen
925 5786 1122 5862 Graeca
1161 5788 1340 5862 hujus
1391 5786 1684 5862 Evangelii
1716 5804 1910 5862 exem-

271 5852 454 5927 plaria
481 5855 533 5914 tv
562 5852 681 5922 ἑοῖς
712 5859 1030 5937 Προφήταις
1055 5860 1166 5920 hoc
1217 5852 1342 5926 loco
1399 5877 1503 5934 pro
1543 5852 1601 5919 ἓν
1629 5863 1710 5935 τῷ
1744 5855 1912 5934 Ἰσαΐᾳ

2021 4835 2196 4905 (Deut.
2232 4851 2362 4905 xxv,
2393 4834 2478 4905 10,
2511 4841 2563 4890 et
2591 4833 2753 4890 Ruth.
2784 4849 2859 4904 ιν,
2891 4833 3068 4903 8-11).

2091 4923 2277 4995 (Vers.
2311 4923 2516 4991 11,12.
2566 4946 2594 4974 (ι
2634 4923 2766 4996 Ipse
2819 4940 2921 4981 vos
2965 4921 3288 4996 baptizabit
3331 4920 3391 4979 in
3441 4919 3666 4994 Spiritu

2021 5019 2226 5071 sancto
2263 5018 2322 5069 et
2351 5013 2505 5087 igne.
2540 5013 2721 5086 Cujus
2757 5012 3151 5072 ventilabrum
3197 5013 3256 5070 in
3305 5028 3485 5069 manu
3534 5025 3663 5074 sua,

2021 5109 2079 5161 et
2108 5103 2526 5177 permundabit
2573 5119 2770 5160 aream
2815 5119 3024 5160 suam:
3058 5109 3116 5159 et
3143 5099 3522 5176 congregabit
3563 5097 3666 5156 tri-

2021 5283 2357 5360 preferunt.
3453 5347 3464 5360 ι

2059 5357 2113 5438 ,δ
2142 5361 2282 5438 (tum
2315 5355 2426 5438 iste
2444 5353 2665 5438 tertius
2711 5354 2975 5438 decimus
3023 5355 3294 5438 psalmus.
3325 5351 3667 5438 minimest:

2059 5428 2290 5486 luribus
2347 5427 2702 5484 testimoniis
2750 5427 3055 5484 contextus
3111 5427 3394 5486 videatur,
3426 5427 3668 5492 conjicit

2063 5501 2298 5563 lericus,
2340 5499 2413 5573 ab
2473 5499 2805 5573 Hieronymi
2858 5506 3016 5556 textu
3076 5495 3299 5573 aliquid
3332 5493 3663 5573 ‘egrcidisse,

2020 5573 2374 5646 suppletque
2402 5571 2482 5625 ita
2511 5568 2709 5646 locum
2732 5588 2744 5628 :
2781 5573 2918 5646 Lege
2942 5570 3244 5646 Epist-alam
3273 5568 3664 5646 ad_'Rom_anos,

2015 5654 2072 5702 et
2099 5639 2372 5703 decimam
2403 5644 2628 5728 tertium
2655 5639 3062 5728 palma-infla
3095 5639 3228 5728 ‘illa‘
3267 5640 3425 5728 enim
3479 5639 3661 5712 Epist.

2020 5735 2144 5788 cap.
2183 5735 2268 5785 ιιι,
2304 5715 2566 5789 psalmus
2595 5712 2706 5773 iste
2738 5731 2852 5770 non
2886 5712 3062 5769 semel
3095 5712 3392 5770 laudatur.

2090 5789 2110 5824 ⁵
2141 5790 2333 5846 Nostri
2363 5791 2568 5844 omnes
2600 5804 2742 5862 mss.
2775 5789 2832 5842 et
2886 5789 3140 5858 quatuor
3195 5802 3373 5862 penes
3431 5782 3667 5840 Martia-

2020 5874 2234 5937 naeum,
2267 5863 2403 5922 Ecce
2433 5859 2660 5939 securis.
