4182 6572
438 470 513 539 81
1180 487 1184 491 ‘
1674 476 1741 539 S.
1786 471 2100 538 EUSEBIl
2146 471 2595 536 HIERONYMI
3760 468 3841 531 32

437 609 621 668 ticum
651 610 713 668 in
739 609 1016 670 horreum
1057 626 1264 669 suum:
1300 609 1498 684 paleas
1542 615 1730 668 autem
1781 609 2086 665 comburet
2112 608 2166 673 Α
2195 605 2359 677 ginta
2387 605 2592 663 diebus
2624 610 2679 662 et
2708 603 3098 679 quadraginta
3149 603 3417 661 noctibus
3462 606 3668 675 postea
3704 618 3838 661 esu-

440 699 565 774 igni
596 701 1084 775 inexstinguibili.
1120 724 1148 751 »
1182 701 1313 757 Sive
1358 702 1498 773 quia
1526 700 1680 771 ignis
1719 704 1807 754 est
1832 698 2088 770 Spiritus

442 794 706 857 sanctus,
739 795 805 845 ut
832 794 973 847 Acta
1003 793 1403 863 apostolorum
1436 791 1663 856 docent,
1698 805 1813 860 quo
1844 788 2086 842 descen-

444 878 620 935 dente
651 879 997 952 sedit,quasi
1028 880 1181 953 ignis
1204 897 1381 952 super
1409 879 1675 951 singulos
1706 879 1811 950 [AL
1831 874 2086 949 linguas]

446 968 809 1024 credentium
841 969 977 1040 (Act.
1012 987 1070 1040 ιι,
1103 971 1157 1042 3)
1183 988 1195 1036 ;
1228 974 1285 1024 et
1331 968 1607 1041 impletus
1637 973 1726 1023 est
1751 983 1943 1022 sermo
1972 966 2086 1021 Do-

448 1056 594 1112 mini
628 1057 911 1114 dicentis:
948 1061 1133 1130 Ignem
1188 1060 1315 1115 veni
1366 1060 1585 1114 mittere
1635 1073 1806 1128 super
1843 1060 2053 1111 terram
2070 1069 2087 1106 :

448 1150 504 1202 et
530 1163 690 1218 quem
719 1146 829 1222 [ΑΙ.
861 1150 1046 1220 quam]
1105 1147 1228 1205 volo
1284 1152 1344 1203 ut
1389 1148 1576 1203 ardeat
1626 1148 1774 1215 (Luc.
1824 1136 1923 1209 xu,
1974 1144 2085 1208 49).

449 1234 581 1291 Sive
611 1237 749 1308 quia
797 1236 857 1292 in
912 1238 1202 1310 prasenti,
1262 1236 1466 1308 spiritu
1519 1236 1900 1306 baptizamur,
1934 1238 1990 1287 et
2029 1230 2086 1283 in

450 1324 670 1392 futuro,
712 1325 863 1399 igne.
915 1327 1189 1399 Apostolo
1239 1342 1468 1397 quoque
1517 1324 1652 1379 huic
1704 1322 1903 1379 sensui
1952 1338 2088 1376 con-

451 1419 728 1487 gruente:
784 1417 1219 1487 Uniuscujusque
1274 1415 1375 1469 19
1434 1430 1569 1486 opus
1624 1414 1786 1485 quale
1822 1415 1917 1480 sit,
1950 1411 2092 1482 ignis

445 1503 698 1575 probabit
726 1504 771 1575 (Ι
803 1504 921 1559 Cor.
956 1522 1040 1575 ιιι,
1076 1505 1187 1572 13).

519 1591 706 1663 (Vers.
764 1593 977 1664 43-15.)
1045 1616 1074 1643 ‹‹
1132 1593 1296 1649 Tunc
1345 1593 1500 1649 venit
1548 1593 1721 1648 Jesus
1779 1608 1813 1646 a
1859 1588 2097 1644 Galilzea

450 1679 513 1736 in
541 1681 855 1737 Jordanem
890 1682 961 1737 ad
1010 1682 1294 1740 Joannem
1344 1688 1410 1738 ut
1454 1682 1846 1753 baptizaretur
1893 1679 1965 1734 ab
2005 1694 2092 1733 eo.

450 1769 707 1827 Joannes
739 1776 933 1827 autem
979 1772 1325 1845 prohibebat
1370 1789 1528 1839 eum,
1559 1772 1759 1827 dicens
1781 1788 1800 1825 :
1833 1770 1946 1840 Ego
1979 1786 2012 1823 a
2041 1772 2097 1822 te

455 1859 636 1915 debeo
684 1860 983 1932 baptizari,
1016 1866 1072 1917 et
1114 1866 1179 1917 tu
1226 1862 1387 1918 venis
1444 1862 1515 1917 ad
1557 1859 2097 1931 me?Respondens

454 1952 650 2004 autem
679 1950 869 2050 Iesus,
903 1950 1046 2005 dixit
1076 1951 1146 2006 ei.
1179 1971 1208 2001 »
1243 1950 1554 2023 Triplicem
1594 1950 1668 2005 ob
1699 1964 1940 2004 causam
1972 1945 2096 2002 Sal-
2129 1985 2177 2050 B

454 2040 619 2094 vator
647 2054 681 2093 a
733 2037 957 2095 Joanne
1013 2041 1237 2114 accepit
1291 2040 1673 2112 baptismum.
1716 2036 2001 2103 Primum,
2035 2040 2101 2090 ut

427 2127 596 2212 .quia
625 2126 799 2183 homo
831 2134 1003 2185 natus
1051 2134 1192 2197 erat,
1225 2145 1457 2185 omnem
1495 2128 1788 2200 justitiam
1819 2132 1877 2183 et
1906 2125 2098 2180 humi-

458 2215 680 2271 litatem
732 2218 901 2290 Legis
947 2219 1235 2291 impleret.
1296 2220 1582 2285 Secundo,
1635 2222 1700 2273 ut
1747 2216 2101 2289 baptismate

461 2321 566 2361 suo
598 2304 846 2363 Joannis
878 2307 1171 2380 baptisma
1200 2311 1626 2381 comprobaret.
1657 2307 1872 2374 Tertio,
1905 2304 2105 2360 utJor-

460 2393 630 2449 danis
662 2412 847 2467 aquas
877 2398 1273 2465 sanctiﬁcans,
1297 2416 1400 2470 per
1420 2398 1859 2453 descensionem
1885 2394 2103 2449 colum-

463 2483 570 2553 bae,
604 2483 856 2556 Spiritus
883 2487 1071 2543 sancti
1119 2488 1177 2542 in
1235 2487 1458 2543 lavacro
1520 2484 1882 2542 credentium
1935 2500 2102 2538 mon-

453 2575 676 2631 .straret
705 2575 1040 2632 adventum.
1074 2600 1101 2626 ‹‹
1146 2577 1282 2633 Sine
1336 2578 1527 2633 modo.
1582 2598 1610 2625 ››
1647 2574 1892 2629 Pulchre
1938 2570 2103 2637 dixit,

462 2663 585 2716 sine
611 2663 768 2720 modo
789 2665 827 2734 ί,
862 2669 927 2721 ut
954 2667 1284 2723 ostenderet
1311 2666 1608 2723 Christum
1645 2664 1702 2719 in
1733 2679 1906 2735 aqua.
1939 2663 2106 2717 Joan-

465 2766 600 2806 nem
635 2769 668 2807 a
697 2752 931 2811 Christo
960 2754 1018 2810 in
1046 2755 1256 2828 spiritu
1289 2755 1724 2828 baptizandum.
1758 2752 1882 2807 Sive
1912 2750 2100 2817 aliter,

466 2841 589 2896 sine
616 2842 777 2900 modo
797 2861 816 2899 :
848 2849 911 2898 ut
941 2845 1039 2917 qui
1073 2845 1223 2900 servi
1253 2845 1494 2901 formam
1517 2839 2105 2915 assumpsi,expleam

467 2931 526 2984 et
554 2929 949 2989 humilitatem
981 2934 1129 3005 ejus.
1162 2934 1436 3005 Alioquin
1469 2932 1635 3003 scito,
1666 2936 1723 2986 te
1752 2931 1812 2985 in
1845 2926 2109 3000 diejudi-

467 3016 542 3073 cii
571 3035 699 3075 meo
729 3035 859 3076 esse
900 3021 1251 3094 baptismate
1297 3021 1734 3093 baptizandum.
1764 3021 1901 3076 Sine
1927 3017 2107 3083 modo,

468 3105 609 3162 dicit
644 3110 925 3167 Dominus
950 3111 1147 3181 Jesus,
1177 3111 1361 3167 habeo
1391 3116 1447 3166 et
1474 3109 1629 3166 aliud
1665 3108 1962 3181 baptisma
1992 3122 2108 3177 quo

470 3196 858 3270 baptizandus
890 3216 1019 3255 sum
1054 3200 1203 3272 (Luc.
1243 3218 1343 3267 xu,
1374 3200 1488 3256 50).
1517 3200 1602 3255 Tu
1636 3215 1729 3255 me
1762 3197 2020 3269 baptizas
2050 3195 2109 3250 in

470 3302 643 3359 aqua,
674 3291 737 3343 ut
765 3304 870 3361 ego
902 3293 959 3346 te
990 3289 1278 3362 baptizem
1305 3307 1408 3362 pro
1452 3305 1545 3344 me
1578 3288 1637 3343 in
1669 3287 1955 3359 sanguine
1986 3290 2104 3340 tuo.

538 3358 725 3449 (Vers.
761 3358 917 3450 16.)»
939 3378 1030 3435 Sic
1060 3358 1217 3435 enim
1237 3358 1400 3435 decet
1441 3395 1546 3434 nos
1577 3358 1820 3449 implere
1868 3390 2103 3431 omnem
2141 3358 2184 3425 C
2294 3377 2477 3451 (Vers.
2509 3378 2589 3447 5.)
2622 3401 2649 3427 ‹‹

461 3466 779 3539 justitiam.
831 3469 995 3525 Tunc
1039 3469 1266 3525 dimisit
1310 3486 1465 3525 eum.
1525 3467 1862 3539 Baptizatus
1918 3470 2112 3520 autem

466 3558 638 3613 tesus
668 3558 974 3616 confestim
1006 3559 1267 3615 ascendit
1313 3559 1386 3614 de
1432 3575 1603 3631 aqua.
1633 3579 1661 3607 »
1708 3556 1832 3611 Non
1866 3554 2111 3622 addidit,

464 3645 758 3718 justitiam
818 3648 1008 3721 Legis,
1051 3649 1170 3703 sive
1218 3651 1462 3713 naturae,
1514 3650 1579 3701 ut
1634 3662 1743 3699 nos
1799 3649 2115 3721 utrumqiLe

471 3733 913 3807 intelligamus:
949 3741 1014 3791 ut
1053 3735 1104 3792 si
1152 3740 1302 3792 Deus
1360 3736 1433 3790 ab
1483 3733 1717 3790 homine
1766 3732 1983 3805 accepit
2014 3734 2115 3787 ba-

474 3823 715 3896 ptisma,
751 3823 950 3881 nullus
982 3842 1015 3881 a
1042 3841 1319 3881 conservo
1348 3823 1698 3896 dedignatur
1726 3821 2006 3893 accipere.

546 3911 733 3985 (Vers.
775 3914 856 3979 16,
887 3913 999 3982 17.)
1030 3936 1058 3964 u
1093 3914 1191 3972 Eb
1207 3928 1339 3968 ecce
1386 3911 1570 3984 aperti
1615 3915 1755 3966 sunt
1800 3910 1851 3965 ei
1884 3909 2031 3975 caeli,
2064 3913 2123 3964 et

473 4001 619 4057 vidit
648 4002 933 4074 Spiritum
965 4001 1065 4058 Dei
1097 4001 1545 4058 descendentem
1577 3999 1734 4055 sicut
1763 3997 2118 4068 columbam,

476 4094 536 4148 et
562 4090 890 4148 venientem
939 4108 1118 4164 super
1146 4108 1228 4148 se.
1263 4092 1333 4147 Et
1378 4106 1510 4147 ecce
1561 4106 1670 4146 vox
1718 4090 1787 4144 de
1818 4087 2001 4154 caelis,
2034 4087 2121 4143 di-

478 4196 652 4238 cens:
686 4180 792 4238 Hic
835 4186 925 4238 est
970 4181 1150 4238 Filius
1194 4197 1361 4238 meus
1408 4180 1684 4244 dilectus,
1716 4180 1774 4233 in
1825 4194 1942 4249 quo
1975 4176 2121 4232 mihi

475 4270 825 4343 complacui.
857 4293 887 4323 »
920 4272 1263 4345 Mysterium
1309 4268 1615 4326 Trinitatis
1662 4266 1721 4323 in
1772 4266 2124 4338 baptismate

477 4360 954 4416 demonstratur:
1008 4359 1291 4416 Dominus
1341 4357 1690 4429 baptizatur,
1723 4355 1977 4427 Spiritus
2032 4355 2127 4410 de-

473 4447 704 4504 scendit
732 4449 793 4503 in
822 4447 1026 4504 habitu
1060 4449 1167 4511 (Al.
1197 4446 1412 4520 specie)
1443 4444 1747 4513 columbae,
1782 4444 1967 4500 Patris
1993 4461 2121 4511 vox,

474 4537 879 4597 testimonium
915 4536 1057 4593 Filio
1090 4535 1452 4609 perhibentis
1481 4534 1739 4591 auditur.
1764 4533 2125 4606 Aperiuntur

479 4630 676 4682 autem
707 4626 833 4681 coeli
864 4643 982 4683 non
1012 4626 1367 4681 reseratione
1393 4624 1839 4695 elementorum,
1874 4623 1977 4679 sed
2009 4622 2126 4694 spi-

2196 695 2313 750 riit.
2345 697 2411 751 Et
2443 698 2723 752 accedens
2772 702 3043 765 tentator,
3094 695 3237 750 dixit
3287 694 3377 750 ei:
3423 693 3480 749 Si
3518 692 3696 748 Filius
3735 691 3838 747 Dei

2195 801 2277 839 es.
2316 806 2342 833 η
2376 785 2437 839 In
2470 786 2579 840 isto
2621 803 2862 840 numero
2912 786 3374 857 quadragesimae
3429 783 3595 838 nobis
3642 788 3839 837 osten-

2196 874 2355 928 ditur
2379 881 2837 943 sacramentum,
2872 876 2928 929 in
2978 892 3093 946 quo
3125 880 3181 929 et
3230 874 3418 929 Moses
3458 871 3749 943 jejunavit
3780 871 3839 926 in

2198 967 2394 1018 monte
2425 964 2564 1021 Sina
2595 966 2785 1036 (Exod.
2834 982 2983 1031 xxxv,
3042 964 3151 1034 18),
3182 968 3238 1019 et
3284 963 3438 1018 Elias
3477 963 3650 1033 juxta
3680 978 3845 1016 mon-

2196 1054 2313 1106 tem
2372 1052 2519 1108 Oreb
2582 1054 2678 1125 (IlI
2739 1056 2861 1124 Reg.
2908 1071 3022 1119 xxx,
3081 1055 3156 1123 8).
3221 1050 3588 1107 Permittitur
3641 1054 3841 1105 autem

2198 1141 2417 1196 esurire
2449 1158 2679 1215 corpus,
2709 1149 2771 1199 ut
2802 1143 3028 1198 diabolo
3067 1141 3331 1197 tentandi
3357 1141 3648 1195 tribuatur
3676 1156 3841 1195 occa-

2198 1245 2305 1283 310.

2270 1318 2457 1389 (Vers.
2491 1320 2572 1391 3.)
2606 1342 2634 1370 ‹‹
2667 1321 2769 1376 Dic
2824 1326 2889 1375 ut
2941 1320 3165 1393 lapides
3218 1320 3315 1375 isti
3374 1334 3555 1391 panes
3611 1319 3775 1373 ﬁant.
3810 1338 3841 1369 »

2202 1408 2491 1464 Esurienti
2522 1426 2780 1482 congrue
2826 1410 3079 1466 dicitur:
3112 1412 3207 1465 Dic
3249 1417 3309 1464 ut
3364 1409 3570 1481 lapides
3618 1409 3712 1463 isti
3740 1424 3842 1478 pa-

2200 1513 2295 1552 nes
2329 1499 2496 1555 ﬁant:
2530 1500 2628 1554 sed
2665 1500 2893 1555 duobus
2924 1499 3231 1555 contrariis
3260 1500 3497 1564 teneris,
3531 1514 3563 1553 o
3593 1495 3843 1552 diabole.

2202 1586 2259 1641 Si
2292 1587 2361 1641 ad
2397 1588 2710 1671 imperium
2751 1591 2878 1660 ejus
2923 1594 3171 1661 possunt
3217 1588 3441 1661 lapides
3491 1604 3668 1660 panes
3700 1586 3847 1656 fieri,

2204 1692 2339 1747 ergo
2385 1678 2603 1733 frustra
2650 1683 2839 1735 tentus
2887 1697 3021 1735 eum
3071 1680 3169 1751 qui
3221 1682 3390 1733 tanta:
3439 1676 3705 1750 potentiae
3736 1680 3846 1732 est.

2203 1765 2303 1819 Sin
2334 1770 2529 1823 autem
2574 1785 2689 1823 non
2738 1774 2929 1841 potest
2982 1771 3187 1835 facere,
3239 1768 3457 1823 frustra
3500 1765 3711 1822 Filium
3745 1764 3849 1820 Dei

2207 1856 2521 1926 suspicaris
2544 1859 2583 1911 ³.
2618 1858 2679 1913 Si
2699 1859 2875 1914 Filius
2902 1860 2998 1914 Dei
3027 1875 3105 1929 es,
3150 1858 3237 1913 dic
3275 1861 3335 1913 ut
3380 1857 3593 1929 lapides
3623 1857 3716 1911 isti
3743 1872 3851 1927 pa-

2205 1961 2299 2000 nes
2325 1946 2484 2015 ﬁant.

2277 2034 2463 2103 (Vers.
2497 2037 2573 2108 4.)
2607 2057 2635 2085 ‹‹
2668 2035 2775 2103 Qui
2832 2037 3212 2109 respondens,
3247 2036 3362 2091 ait:
3414 2034 3706 2106 Scriptum
3738 2036 3850 2089 est.

2209 2123 2334 2179 Non
2357 2124 2415 2178 in
2448 2125 2573 2180 solo
2603 2144 2752 2197 pane
2782 2126 2923 2181 vivit
2971 2126 3186 2193 homo;
3222 2126 3320 2180 sed
3357 2124 3414 2179 in
3468 2122 3627 2179 omni
3676 2122 3854 2177 verbo

2209 2214 2364 2284 quod
2398 2216 2655 2286 procedit
2681 2216 2750 2271 de
2780 2232 2878 2271 ore
2915 2216 3029 2271 Dei.
3065 2238 3093 2266 »
3139 2214 3564 2271 Testimonium
3608 2211 3679 2267 de
3709 2212 3857 2267 Deu-

2208 2304 2532 2359 teronomio
2563 2311 2866 2377 sumptum
2915 2311 3003 2361 est
3034 2306 3175 2376 (cap.
3234 2322 3362 2371 vm,
3418 2319 3558 2358 vers.
3606 2302 3683 2372 3).
3721 2302 3857 2357 Ideo

2211 2397 2406 2448 autem
2457 2394 2541 2449 sic
2598 2395 2899 2466 respondit
2956 2395 3261 2458 Dominus,
3302 2392 3439 2465 quia
3488 2392 3857 2465 propositum

2212 2486 2335 2537 erat
2358 2483 2432 2550 ei,
2452 2484 2784 2540 humilitate
2816 2484 3114 2540 diabolum
3147 2485 3395 2549 vincere,
3425 2499 3539 2537 non
3572 2480 3855 2553 potentia.

2214 2573 2522 2644 Simulque
2574 2575 3181 2640 animadvertendum,
3217 2573 3371 2644 quod
3433 2570 3544 2626 nisi
3587 2570 3859 2641 jejunare

2215 2664 2483 2735 coepisset
2528 2664 2834 2733 Dominus,
2870 2665 3130 2720 tentandi
3191 2663 3418 2719 occasio
3477 2679 3591 2717 non
3651 2660 3861 2715 fuisset

2215 2752 2465 2820 diabolo,
2501 2755 2826 2808 secundum
2877 2752 3060 2809 illud:
3113 2755 3250 2823 Fili,
3303 2751 3559 2807 accedens
3592 2749 3662 2805 ad
3688 2750 3860 2805 servi-

2218 2844 2390 2897 tutem
2432 2843 2547 2907 Dei,
2579 2850 2662 2897 sta
2719 2843 2777 2897 in
2827 2844 3049 2915 justitia
3104 2848 3155 2898 et
3210 2844 3446 2897 timore:
3498 2844 3553 2896 et
3601 2855 3864 2912 purpura

2214 2934 2465 2987 animam
2504 2935 2665 2986 tuam
2711 2932 2783 2986 ad
2820 2934 3174 2988 tentationem
3222 2932 3407 3003 (Eccli.
3443 2947 3501 2985 ιι.
3551 2930 3624 3000 1).
3660 2928 3770 2984 Sed
3800 2931 3863 2984 et

2217 3020 2347 3093 ipsa
2376 3020 2678 3092 responsio
2711 3021 3049 3090 Salvatoris,
3074 3021 3371 3077 hominem
3404 3018 3583 3074 fuisse
3614 3015 3858 3081 indicat,

2217 3111 2318 3183 qui
2347 3114 2608 3166 tentatus
2637 3115 2742 3165 est.
2776 3111 2892 3165 Non
2924 3112 2978 3165 in
3019 3112 3132 3166 solo
3174 3126 3317 3179 pane
3362 3110 3499 3165 vivit
3554 3107 3735 3176 homo,
3765 3104 3862 3161 sed

2219 3202 2277 3255 in
2308 3202 2461 3256 omni
2488 3200 2644 3255 verbo
2674 3202 2821 3271 quod
2849 3202 3095 3271 procedit
3115 3199 3180 3254 de
3206 3215 3299 3255 ore
3329 3201 3444 3254 Dei.
3468 3197 3529 3254 Si
3562 3196 3693 3269 quis
3722 3211 3861 3266 ergo

2222 3307 2337 3347 non
2367 3288 2624 3343 vescitur
2650 3291 2824 3344 verbo
2854 3289 2974 3355 Dei,
3008 3289 3119 3344 iste
3150 3304 3263 3343 non
3295 3288 3453 3342 vivit.

2709 3380 2868 3434 'l‘unc
2925 3378 3250 3450 assumpsit
3307 3393 3441 3433 eum
3497 3374 3767 3431 diabolus
3804 3371 3867 3427 in

2226 3473 2488 3525 sanctam
2521 3467 2834 3523 civitatem.
2875 3491 2901 3517 ››
2933 3468 3271 3540 Assumptio
3320 3466 3433 3522 ista
3475 3482 3603 3538 quae
3635 3462 3871 3528 dicitur,

2227 3575 2343 3614 non
2375 3574 2442 3611 ex
2474 3557 2871 3613 imbecillitate
2919 3557 3154 3614 Domini
3201 3556 3378 3624 venit,
3413 3554 3514 3610 sed
3549 3554 3620 3607 de
3653 3549 3879 3606 inimici

2227 3646 2523 3718 superbia,
2555 3646 2655 3717 qui
2686 3645 3050 3701 voluntatem
3105 3641 3423 3698 Salvatoris
3468 3638 3885 3694 necessitatem

2229 3740 2414 3808 putat.
2450 3735 2529 3790 Ex
2558 3734 2667 3789 hoc
2698 3739 2893 3789 autem
2925 3732 3052 3786 loco
3084 3728 3437 3801 intelligitur
3466 3726 3607 3798 quid
3640 3726 3717 3780 sit
3737 3725 3883 3781 illud

2230 3825 2382 3897 quod
2438 3824 2496 3879 in
2528 3824 2640 3879 alio
2699 3821 2980 3877 scribitur
3030 3820 3193 3875 loco:
3246 3819 3510 3874 Abierant
3538 3818 3596 3871 in
3626 3820 3883 3871 sanctam

2229 3916 2588 3985 civitatem,et
2615 3913 2807 3967 multis
2836 3912 3215 3983 apparuerunt
3245 3908 3453 3979 (Matth.
3487 3922 3663 3974 xxvn,
3694 3906 3807 3971 53).

2302 4006 2491 4074 (Vers.
2523 4003 2602 4075 6.)
2639 4023 2666 4054 α
2695 4002 2765 4057 Et
2810 4000 3017 4057 statuit
3063 4015 3199 4055 eum
3252 4014 3439 4069 supra
3494 3992 3884 4067 pinnaculum

2232 4091 2457 4164 templi,
2489 4096 2545 4148 et
2594 4091 2739 4147 dixit
2783 4091 2862 4148 ei.
2924 4114 2948 4140 κ
2983 4088 3057 4145 Ut
3108 4104 3284 4160 quem
3327 4086 3479 4141 fame
3538 4085 3884 4151 tentaverat,

2231 4185 2480 4237 tentaret
2509 4185 2567 4235 et
2595 4197 2743 4235 vana
2794 4179 2999 4253 gloria.
3036 4199 3064 4227 «
3117 4176 3174 4232 Si
3237 4174 3421 4232 Filius
3452 4173 3551 4229 Dei
3610 4189 3692 4228 es.
3749 4192 3777 4222 ››
3818 4174 3885 4226 ln

2232 4272 2508 4327 omnibus
2538 4270 2962 4324 tentationibus
2993 4266 3103 4321 hoc
3134 4264 3254 4336 agit
3298 4262 3590 4333 diobolus,
3625 4265 3690 4316 ut
3716 4260 3890 4315 intel-

2233 4359 2378 4432 ligat
2400 4359 2447 4415 si
2474 4357 2658 4414 Filius
2689 4357 2791 4413 Dei
2822 4356 2935 4411 sit:
2973 4356 3072 4410 sed
3108 4353 3391 4408 Dominus
3439 4352 3523 4407 sic
3550 4348 3886 4422 responsio-

2234 4464 2368 4504 nem
2399 4451 2781 4518 temperat,ut
2811 4462 2946 4500 eum
2978 4442 3275 4515 relinquat
3302 4442 3701 4515 ambiguum.«
3723 4438 3888 4495 Mitte

2234 4543 2291 4593 te
2321 4538 2625 4592 deorsum.
2662 4537 2955 4605 Scriptum
3015 4536 3105 4588 est
3155 4532 3333 4587 enim.
3382 4553 3410 4582 »
3463 4530 3586 4586 Vox
3643 4527 3888 4598 diaboli,

2234 4627 2334 4698 qui
2368 4626 2478 4695 [Αἱ.
2512 4626 2660 4696 quae]
2696 4640 2927 4695 semper
2957 4638 3163 4677 omnes
3192 4622 3397 4677 cadere
3428 4620 3704 4675 deorsum
3733 4617 3892 4674 desi-

477 4713 793 4771 ritualibus
824 4714 1009 4772 oculis
1037 4733 1049 4783 ;
1074 4714 1289 4787 quibus
1328 4717 1385 4768 et
1433 4710 1695 4768 Ezechiel
1742 4711 1802 4766 in
1835 4710 2122 4783 principio
2154 4725 2202 4789 D
2235 4716 2417 4782 derat,
2454 4716 2613 4771 Mitte
2644 4724 2715 4784 te,
2748 4711 2961 4783 inquit,
2993 4711 3269 4776 deorsum,
3294 4708 3644 4782 persuadere
3672 4710 3886 4779 potest,

476 4802 795 4859 voluminis
821 4805 916 4861 sui
946 4809 1176 4877 apertos
1207 4819 1306 4859 eos
1337 4819 1466 4858 esse
1495 4805 1937 4858 commemorat.
1964 4800 2127 4855 Sedit
2235 4804 2596 4877 praecipitare
2626 4820 2739 4858 non
2764 4805 2975 4873 potest.
3019 4802 3114 4858 2|
3156 4821 3185 4850 «
3217 4798 3454 4871 Angelis
3485 4796 3610 4853 suis
3640 4795 3890 4852 manda-

480 4907 715 4964 quoque
746 4893 1018 4949 columba
1056 4909 1234 4965 super
1261 4896 1438 4964 caput
1481 4891 1643 4959 Jesu,
1676 4907 1749 4946 ne
1789 4889 1921 4962 quis
1954 4894 2123 4961 puta-

478 4985 566 5037 ret
592 4998 792 5038 vocem
824 4983 1010 5038 Patris
1040 4983 1108 5037 ad
1141 4982 1429 5038 Joannem
1452 4981 1810 5049 factam,non
1841 4978 1913 5035 ad
1934 4976 2128 5034 Domi-

478 5088 642 5127 num.

550 5160 711 5234 (Cap.
748 5161 842 5218 IV.
876 5193 944 5203 -—-
972 5161 1135 5218 Vers.
1165 5160 1236 5231 l.)
1272 5184 1296 5209 ‹‹
1346 5161 1509 5219 Tunc
1555 5161 1729 5216 Jesus
1775 5159 1989 5214 ductus
2037 5160 2126 5213 est

478 5250 539 5308 in
569 5251 871 5309 desertum
927 5269 963 5307 a
1016 5250 1260 5323 Spiritu.
1316 5272 1344 5299 ››
1393 5250 1561 5306 Haud
1616 5248 1863 5304 dubium
1918 5247 2060 5319 quin
2092 5262 2126 5302 a

480 5346 679 5397 sancto
713 5340 958 5414 Spiritu.
991 5338 1269 5412 Sequitur
1314 5340 1512 5397 enim:
1563 5361 1591 5388 ‹‹
1640 5338 1711 5395 Ut
1739 5341 2063 5393 tentaretur
2089 5352 2124 5391 a

484 5427 732 5486 diabolo.
768 5453 796 5480 »
830 5430 1072 5487 Ducitur
1099 5433 1294 5485 autem
1328 5445 1444 5484 non
1487 5429 1708 5484 invitus
1755 5431 1857 5483 aut
1889 5431 2119 5499 captus,

482 5518 583 5572 sed
612 5518 907 5577 voluntate
938 5519 1261 5593 pugnandi.

552 5608 654 5664 20
683 5611 870 5678 (Vers.
901 5613 955 5682 2,
989 5612 1067 5683 3.)
1099 5632 1129 5661 «
1188 5609 1255 5665 Et
1305 5624 1438 5665 cum
1479 5608 1810 5679 jejunasset
1865 5605 2121 5679 quadra-

548 5823 565 5858 ί
596 5820 882 5883 Voculam
910 5826 1031 5882 sine
1053 5824 1147 5884 hic
1175 5825 1360 5886 nostri
1389 5840 1535 5887 mss.
1566 5826 1873 5898 respuunt-

2234 4894 2316 4949 vit
2345 4894 2416 4949 de
2445 4896 2586 4958 te,et
2617 4891 2687 4947 in-
2708 4889 2984 4946 manibus
3013 4888 3220 4945 tollent
3248 4892 3325 4958 te,
3349 4902 3419 4943 ne
3451 4887 3595 4943 forte
3626 4884 3889 4941 offendas

2235 4983 2306 5040 ad
2338 4981 2593 5055 lapidem
2636 4981 2840 5054 pedem
2898 4985 3088 5035 tuum.
3152 5001 3174 5027 ι»
3229 4977 3348 5033 Hoc
3395 4976 3456 5032 in
3506 4971 3887 5046 nonagesimo

2236 5072 2463 5145 psalmo
2494 5070 2785 5145 legimus;
2820 5086 3021 5125 verum
3070 5067 3153 5122 ibi
3208 5082 3325 5122 non
3376 5066 3448 5122 de
3495 5063 3746 5134 Christo,
3780 5062 3886 5118 sed

2233 5163 2306 5217 de
2336 5162 2457 5218 viro
2489 5165 2691 5217 sancto
2742 5159 3049 5233 prophetia
3098 5160 3206 5213 est.
3238 5154 3384 5211 Male
3424 5170 3560 5227 ergo
3600 5152 3890 5223 interpre-

2234 5256 2393 5307 tatur
2421 5252 2753 5323 Scripturas
2783 5248 3073 5305 diabolus.
3106 5247 3271 5303 Certe
3300 5245 3349 5301 si
3386 5259 3530 5299 .vere
3578 5242 3650 5297 de
3695 5241 3893 5297 Salva-

2231 5345 2357 5396 tore
2405 5340 2691 5414 scriptum
2746 5341 3006 5405 noverat,
3044 5336 3327 5392 debuerat
3382 5336 3441 5388 et
3488 5329 3637 5385 illud
3670 5330 3890 5401 dicere,

2231 5431 2386 5503 quod
2418 5430 2478 5485 in
2511 5431 2715 5485 eodem
2747 5426 2974 5499 psalmo
3006 5428 3211 5481 contra
3256 5438 3319 5479 se
3371 5420 3676 5493 sequitur:
3709 5418 3893 5488 Super

2229 5519 2473 5591 aspidem
2522 5522 2574 5574 et
2631 5518 2949 5573 basiliscum
3016 5512 3349 5581 ambulabis,
3415 5515 3468 5567 et
3533 5508 3886 5579 conculcabis

2230 5609 2440 5665 leonem
2470 5616 2520 5664 et
2572 5607 2887 5663 draconem.
2922 5607 3001 5658 De
3056 5601 3401 5675 angelorum
3459 5597 3678 5656 auxilio
3719 5599 3884 5671 quasi

2226 5820 2257 5888 ᾖ
2299 5822 2322 5860 ³
2347 5820 2526 5881 Addit
2548 5817 2868 5892 Victorius,
2897 5816 3106 5877 dicens.
