4182 6588
333 451 409 512 33
893 450 1412 513 COMMENTAR.
1460 452 1540 511 IN
1585 449 2112 514 EVANGELIUM
2156 452 2539 514 MATTH/El
2584 454 2732 514 LlB.
2780 453 2856 514 II.
2904 454 3076 516 CAP.
3107 456 3180 516 V.
3665 463 3748 524 34

333 587 414 642 ad
439 587 722 657 inﬁrmum
753 584 1049 657 loquitur:
1083 585 1154 640 de
1185 602 1296 640 sua
1339 586 1446 655 [Αἱ.
1503 584 1616 658 sui]
1675 584 1980 641 conculca-
2013 588 2062 653 Α
2095 589 2152 640 et
2182 585 2410 642 dicere:
2447 586 2851 643 Poenitentiam
2874 588 3048 659 agite,
3071 591 3560 663 apprOpinquavit
3579 594 3739 653 enim

337 676 488 732 tione
518 675 687 748 quasi
719 675 1132 748 tergiversator
1165 679 1335 730 tacet.

404 765 589 837 (Vers.
621 767 699 831 7.)
733 787 761 814 «
794 765 886 819 Ait
915 764 998 819 illi
1023 764 1233 820 Jesus:
1269 765 1525 819 Rursum
1553 765 1838 837 scriptum
1862 767 1976 820 est:

332 858 457 909 Non
491 854 744 910 tentabis
806 854 1114 909 Dominum
1148 855 1331 909 Deum
1390 859 1582 909 tuum.
1617 876 1644 904 ››
1681 854 1878 910 Falsas
1911 854 1981 908 de

333 943 650 1016 Scripturis
718 943 934 999 diaboli
996 943 1240 1016 sagittas
1315 945 1468 999 veris
1543 943 1979 1016 Scripturarum

332 1033 547 1104 frangit
577 1032 814 1106 clypeis.
849 1034 919 1089 Et
953 1035 1277 1089 notandum
1311 1034 1464 1106 quod
1510 1034 1850 1090 testimonia
1880 1049 1978 1087 ne-

331 1123 584 1178 cessaria
625 1124 697 1179 de
759 1123 1209 1179 Deuteronomio
1271 1129 1497 1180 tantum
1557 1123 1882 1195 protulerit,
1917 1125 1983 1177 ut

331 1213 602 1268 secundae
634 1212 782 1285 legis
813 1218 1183 1269 sacramenta
1212 1218 1584 1269 monstraret.

404 1302 585 1371 (Vers.
617 1304 672 1367 8,
704 1303 782 1374 9).
819 1325 846 1353 «
880 1303 1094 1359 Iterum
1152 1303 1477 1374 assumpsit
1528 1319 1663 1358 eum
1712 1300 1982 1357 diabolus

325 1391 388 1446 in
419 1396 679 1447 montem
713 1392 1008 1448 excelsum
1040 1392 1205 1448 valde
1234 1408 1246 1447 :
1283 1397 1339 1446 et
1371 1391 1628 1446 ostendit
1684 1391 1735 1446 ei
1786 1390 1984 1446 omnia

325 1496 507 1552 regna
544 1482 772 1548 mundi,
808 1487 865 1536 et
908 1481 1155 1554 gloriam
1213 1497 1438 1546 eorum,
1500 1483 1556 1536 et
1613 1479 1759 1534 dixit
1789 1480 1914 1534 ei”:
1953 1501 1980 1528 ››

325 1569 528 1626 Gloria
561 1571 784 1637 mundi,
817 1587 942 1642 quae
977 1587 1111 1626 cum
1145 1571 1366 1626 mundo
1398 1569 1760 1642 praeteritura
1784 1573 1891 1634 est,
1920 1569 1979 1622 in

324 1663 549 1725 monte,
583 1659 728 1715 etin
787 1660 1100 1732 supercilio
1159 1661 1635 1716 demonstratur:
1696 1657 1981 1714 Dominus

325 1757 526 1803 autem
559 1749 632 1804 ad
664 1747 915 1803 humilia
944 1748 1247 1802 descendit
1277 1753 1334 1802 et
1356 1746 1726 1818 campestria,
1761 1751 1825 1800 ut
1855 1745 1978 1800 dia-

324 1836 530 1893 bolum
563 1837 892 1893 humilitate
925 1842 1246 1910 superaret.
1279 1837 1455 1893 Porro
1479 1836 1748 1892 diabolus
1771 1836 1981 1891 ducere

322 1944 464 1982 eum
496 1927 732 1982 festinat
763 1928 835 1982 ad
867 1931 1119 1994 montes,
1155 1931 1220 1982 ut
1250 1944 1353 1998 per
1397 1944 1545 1998 quos
1595 1927 1721 1998 ipse
1747 1942 1978 1981 corrue-

322 2021 439 2085 rat,
477 2016 651 2072 etiam
679 2017 869 2072 caeteri
928 2021 1222 2087 corruant,
1275 2017 1446 2086 juxta
1503 2015 1646 2070 illud
1678 2014 1977 2087 Apostoli:

319 2111 410 2163 Ne
439 2107 663 2175 inﬂatus
685 2106 893 2161 incidat
925 2107 986 2161 in
1005 2105 1282 2176 judicium
1307 2105 1515 2160 diaboli
1544 2106 1594 2176 (Ι
1612 2106 1748 2160 Tim.
1785 2121 1869 2175 ιιι,
1901 2103 1979 2174 6).

399 2194 580 2264 (Vers.
644 2195 724 2267 9.)
757 2219 783 2245 «
838 2195 968 2251 Haec
1024 2195 1222 2251 omnia
1278 2195 1385 2250 tibi
1442 2195 1616 2262 dabo,
1679 2195 1726 2250 si
1769 2195 1982 2250 cadens

321 2285 660 2342 adoraveris
690 2301 803 2340 me.
831 2308 858 2335 »
893 2288 1188 2359 Arrogans
1219 2289 1278 2341 et
1308 2285 1600 2357 superbus
1664 2283 1840 2340 etiam
1874 2284 1983 2340 hoc

320 2375 396 2431 de
430 2375 707 2444 iactantia
746 2373 1046 2445 loquitur:
1104 2391 1220 2429 non
1276 2374 1431 2445 quod
1490 2373 1549 2428 in
1604 2377 1725 2428 toto
1759 2373 1980 2427 mundo

319 2465 539 2520 habeat
570 2468 936 2535 potestatem,
971 2464 1103 2519 autﬁ
1161 2464 1350 2535 possit
1380 2463 1578 2518 omnia
1635 2480 1813 2536 regna
1844 2463 1982 2518 dare

318 2554 615 2622 diabolus,
650 2571 784 2609 cum
813 2554 1072 2609 sciamus
1100 2553 1410 2625 plerosque
1468 2557 1701 2608 sanctos
1758 2552 1914 2608 viros
1946 2570 1981 2608 a

317 2645 441 2700 Deo
472 2661 636 2717 reges
666 2644 867 2699 factos.
903 2643 965 2699 Si
992 2643 1206 2708 cadens,
1237 2643 1449 2715 inquit,
1511 2643 1828 2698 adoraveris
1869 2659 1976 2698 me.

319 2734 476 2806 Ergo
509 2733 608 2805 qui
643 2733 924 2789 adoratus
956 2738 1044 2789 est
1074 2733 1396 2798 diabolum,
1431 2739 1564 2788 ante
1595 2732 1832 2788 corruit.

394 2822 587 2895 (Vers.
624 2823 736 2893 10.)
769 2845 797 2873 ‹‹
857 2824 1023 2878 Tunc
1070 2823 1213 2879 dicit
1261 2822 1311 2878 ei
1364 2826 1570 2878 Jesus:
1622 2822 1780 2876 Vade
1799 2822 1841 2889 3,
1877 2822 1978 2876 Sa-

322 2916 509 2970 tana:
545 2913 842 2984 Scriptum
893 2919 982 2968 est
1033 2913 1211 2969 enim.
1250 2934 1278 2963 ››
1309 2912 1432 2968 Non
1483 2917 1549 2967 ut
1578 2911 1841 2984 plerique
1873 2928 1978 2983 pu-

321 3006 476 3070 tant,
509 3003 712 3058 eadem
746 3003 998 3059 Satanas
1027 3007 1084 3058 et
1109 3001 1410 3074 apostolus
1441 3002 1646 3058 Petrus
1693 2999 1982 3057 sententia

325 3093 816 3148 condemnentur.
849 3093 1019 3148 Petro
1050 3093 1206 3148 enim
1239 3092 1491 3148 dicitur:
1520 3091 1677 3147 Vade
1701 3095 1843 3146 retro
1872 3106 1976 3161 me,

325 3182 560 3250 Satana,
593 3181 804 3253 (Matth.
851 3199 966 3250 xvr,
999 3183 1112 3253 23),
1174 3183 1230 3237 id
1263 3187 1372 3250 est,
1433 3198 1678 3254 sequere
1716 3199 1828 3250 me,
1881 3179 1979 3253 qui

329 3271 659 3329 contrarius
691 3288 754 3328 es
781 3272 1068 3328 voluntati
1101 3289 1279 3328 meze:
1315 3271 1412 3327 hic
1440 3289 1574 3328 vero
1607 3272 1791 3339 audit,
1827 3271 1977 3338 vade,

2090 691 2336 747 regnum
2379 675 2677 732 caelorum.
2731 676 3058 733 Ambulans
3107 683 3303 734 autem
3356 681 3527 738 Jesus
3569 685 3742 756 juxta

2091 781 2251 820 mare
2283 764 2550 834 Galilaeaa,
2584 766 2729 822 vidit
2785 767 2934 822 duos
2983 769 3214 834 fratres,
3265 769 3584 842 Simonem,
3637 774 3738 846 qui

2088 859 2331 911 vocatur
2358 857 2580 923 Petrus,
2606 862 2662 911 et
2689 857 2985 913 Andream
3029 858 3267 914 fratrem
3313 861 3465 930 ejus,
3497 862 3738 920 mitten-

2088 949 2176 999 tes
2201 950 2319 1000 rete
2341 945 2395 999 in
2418 962 2578 1000 mare
2603 963 2617 1012 ;
2639 949 2805 1000 erant
2826 947 2979 1014 enim
3009 947 3344 1019 piscatores.
3373 950 3442 1005 Et
3463 950 3689 1008 aitillis.
3708 975 3737 1004 »

2087 1033 2314 1089 Joanne
2338 1035 2572 1106 tradito,
2626 1039 2778 1090 recte
2810 1036 2934 1108 ipse
2983 1036 3192 1109 incipit
3239 1039 3591 1109 praedicare;
3639 1041 3738 1096 de-

2091 1122 2318 1178 sinente
2348 1123 2514 1195 Lege,
2543 1130 2970 1195 eonsequenter
2999 1125 3187 1181 oritur
3211 1127 3618 1200 Evangelium.
3663 1130 3724 1185 Si

2091 1216 2284 1266 autem
2344 1213 2548 1268 eadem
2613 1213 2887 1284 praedicat
2941 1213 3222 1286 Salvator,
3283 1232 3410 1288 quae
3484 1217 3747 1276 Joannes

2092 1299 2360 1372 Baptista
2392 1301 2758 1372 praedixerat,
2793 1303 3049 1359 ostendit
3079 1321 3140 1361 se
3168 1306 3434 1376 ejusdem
3484 1306 3582 1364 Dei
3611 1324 3741 1365 esse

2093 1388 2327 1456 Filium,
2359 1391 2526 1461 cujus
2557 1391 2654 1446 ille
2685 1391 2973 1464 propheta
3002 1394 3098 1448 sit.

2162 1477 2326 1533 Vers.
2364 1478 2448 1546 19,
2484 1481 2652 1548 2.0.)u
2707 1481 2908 1536 Venite
2957 1486 3088 1554 post
3136 1499 3249 1554 me,
3299 1489 3357 1540 et
3406 1486 3614 1544 faciam
3640 1504 3742 1546 vos

2093 1567 2215 1623 fieri
2251 1567 2568 1639 piscatores
2601 1569 2930 1626 hominum.
2963 1572 3140 1626 Atilli
3173 1575 3472 1644 continuo,
3523 1577 3743 1635 relictis

2091 1658 2335 1723 retibus,
2370 1658 2553 1714 secuti
2585 1664 2724 1714 sunt
2753 1676 2909 1715 eum.
2946 1682 2974 1710 »
3010 1660 3111 1716 Isti
3143 1663 3315 1733 primi
3363 1667 3544 1721 vocati
3580 1669 3740 1738 sunt,

2091 1751 2156 1802 ut
2191 1748 2501 1802 Dominum
2535 1753 2957 1819 sequerentur;
3009 1749 3329 1820 piscatores
3374 1759 3431 1809 et
3459 1754 3744 1812 illitterati

2092 1837 2409 1893 mittuntur
2439 1839 2509 1893 ad
2546 1839 3006 1910 praedicandum,
3057 1857 3128 1895 ne
3175 1840 3321 1897 fides
3377 1845 3741 1901 credentium

2091 1944 2206 1982 non
2239 1927 2452 1983 virtute
2480 1927 2603 1996 Dei,
2637 1927 2738 1982 sed
2768 1927 3102 2000 eloquentia
3132 1935 3309 2002 atque
3332 1933 3598 1990 doctrina
3615 1934 3742 1991 fieri

2093 2021 2416 2088 putaretur.

2166 2106 2348 2178 (Vers.
2381 2107 2470 2177 2’1,
2503 2107 2618 2179 25.)
2651 2130 2678 2157 ‹‹
2715 2109 2782 2162 Et
2812 2107 3123 2178 lunaticos,
3167 2114 3224 2165 et
3271 2111 3642 2184 paralyticos,
3683 2118 3743 2171 et

2093 2197 2319 2252 curavit
2340 2213 2458 2253 eos.
2484 2197 2553 2250 Et
2575 2202 2786 2252 secutae
2810 2201 2950 2253 sunt
2971 2215 3104 2254 eum
3119 2200 3303 2255 turbae
3324 2202 3522 2258 multa;
3543 2202 3613 2260 de
3634 2202 3742 2259 Ga-

2092 2285 2243 2342 lilaza
2269 2291 2326 2342 et
2349 2286 2636 2358 Decapoli,
2671 2291 2726 2341 et
2747 2287 2817 2342 de
2848 2287 3288 2362 Hierosolymis,
3319 2295 3378 2346 et
3407 2291 3478 2347 de
3514 2291 3739 2360 Judaea,

2091 2380 2149 2430 et
2168 2376 2240 2430 de
2283 2380 2447 2430 trans
2490 2375 2828 2432 Jordanem.
2865 2399 2893 2426 »
2939 2377 3062 2433 Non
3112 2395 3241 2434 vere
3279 2378 3590 2452 lunaticos,
3635 2383 3738 2439 sed

2093 2465 2191 2535 qui
2227 2467 2584 2536 putabantur
2612 2465 2876 2533 lunatici,
2913 2468 2984 2522 ob
3033 2468 3371 2524 demonum
3424 2470 3737 2541 fallaciam,

2092 2554 2189 2626 qui
2219 2555 2594 2610 observantes
2624 2554 2854 2610 lunaria
2884 2561 3167 2629 tempora,
3218 2563 3548 2615 creaturam
3590 2561 3739 2618 infa-

2091 2661 2254 2699 mare
2283 2644 2616 2717 cupiebant,
2648 2649 2710 2700 ut
2744 2645 2803 2700 in
2854 2645 3184 2703 Creatorem
3233 2647 3614 2720 blasphemia:
3647 2669 3737 2709 re-

2091 2734 2444 2788 dundarent.

2163 2824 2318 2895 (Cap.
2353 2821 2419 2877 V.
2454 2855 2522 2864 --
2566 2823 2732 2880 Vers.
2769 2826 2819 2895 1,
2881 2824 2960 2895 2.)
2994 2847 3021 2875 ‹‹
3070 2824 3288 2882 Videns
3337 2831 3534 2884 autem
3565 2829 3740 2888 Jesus

2089 2913 2314 2977 turbas,
2347 2913 2611 2968 ascendit
2641 2913 2698 2968 in
2732 2917 3012 2982 montem,
3045 2918 3101 2969 et
3129 2931 3261 2970 cum
3319 2916 3588 2984 sedisset,
3635 2936 3736 2976 ac-

2091 3006 2395 3058 cesserunt
2425 3003 2494 3057 ad
2527 3019 2662 3058 eum
2694 3002 2968 3075 discipuli
3018 3005 3167 3075 ejus,
3219 3009 3277 3060 et
3321 3006 3587 3077 aperiens
3633 3010 3733 3066 23

2093 3109 2157 3147 os
2190 3109 2386 3158 suum,
2420 3092 2665 3147 docebat
2693 3109 2812 3160 eos,
2847 3092 3064 3149 dicens.
3103 3115 3131 3143 »
3163 3094 3446 3151 Dominus
3469 3097 3540 3153 ad
3574 3115 3738 3156 mon-

2089 3185 2228 3236 tana
2257 3181 2619 3249 conscendit,
2653 3185 2717 3236 ut
2736 3182 2940 3238 turbas
2963 3182 3034 3237 ad
3059 3181 3266 3238 altiora
3296 3200 3495 3240 secum
3521 3188 3735 3246 trahat.

2090 3271 2199 3326 Sed
2249 3271 2435 3326 turbae
2487 3272 2802 3327 ascendere
2846 3288 2962 3327 non
3009 3271 3224 3340 valent,
3294 3273 3361 3328 Et
3409 3282 3740 3348 sequuntur

327 3366 576 3420 Satana:
601 3365 660 3418 et
690 3379 805 3417 non
829 3361 880 3416 ei
903 3361 1139 3429 dicitur,
1168 3364 1337 3417 restro
1355 3379 1458 3426 me,
1483 3366 1548 3417 ut
1573 3361 1978 3429 subaudiatur,
2014 3345 2056 3412 (ἶ
2097 3359 2389 3432 discipuli,
2435 3360 2653 3432 quibus
2691 3366 2749 3416 et
2779 3361 2923 3434 ipsis
2955 3361 3060 3431 [Αι.
3094 3362 3241 3436 ipse]
3275 3380 3390 3419 non
3422 3345 3608 3435 stans,
3633 3367 3736 3424 sed

328 3452 482 3507 vade.
512 3452 572 3506 in
601 3450 796 3522 ignem
829 3455 1134 3521 zeternum,
1167 3451 1266 3522 qui
1319 3455 1681 3523 praeparatus
1732 3455 1822 3507 est
1851 3450 1980 3522 tibi,

325 3547 388 3597 et
420 3539 648 3611 angelis
679 3539 817 3595 tuis.
847 3539 947 3596 22
983 3559 1011 3589 «
1038 3538 1353 3594 Dominum
1412 3542 1594 3595 Deum
1644 3545 1814 3595 tuum
1842 3540 1985 3596 ado-

325 3629 492 3686 rabis
524 3631 582 3683 et
633 3627 716 3682 illi
770 3627 879 3684 soli
911 3627 1145 3684 servies.
1182 3649 1209 3678 »
1246 3629 1454 3685 Dicens
1497 3628 1766 3685 diabolus
1793 3627 1984 3685 Salva-

325 3717 444 3775 tori
472 3735 484 3774 :
523 3740 550 3767 ‹‹
579 3717 635 3772 Si
669 3718 884 3772 cadens
936 3717 1270 3773 adoraveris
1301 3733 1395 3772 me
1424 3736 1436 3773 :
1470 3739 1498 3768 »
1529 3719 1855 3773 econtrario
1883 3735 1984 3774 au-

325 3807 436 3877 dit,
467 3807 624 3880 quod
655 3807 781 3879 ipse
804 3807 997 3880 magis
1017 3807 1259 3863 adorare
1285 3823 1419 3863 eum
1443 3807 1650 3865 debeat
1671 3808 1986 3864 Dominum

325 3902 387 3956 et
416 3897 604 3953 Deum
636 3913 837 3954 suum.

405 3989 592 4061 (Vers.
630 3988 742 4059 11.)
777 4009 805 4037 «
865 3987 1030 4042 Tunc
1084 3986 1321 4059 reliquit
1377 4003 1511 4043 eum
1572 3986 1881 4056 diabolus;
1933 3993 1989 4044 et

331 4093 467 4134 ecce
495 4076 688 4150 angeli
722 4080 1118 4134 accesserunt;
1143 4081 1199 4132 et
1230 4077 1644 4134 ministrabant
1676 4078 1747 4132 ei.
1785 4100 1813 4127 ››
1845 4081 1992 4132 Prae-

337 4166 495 4223 cedit
525 4165 788 4237 tentatio,
822 4170 887 4222 ut
945 4169 1226 4238 sequatur
1282 4166 1546 4222 victoria.
1578 4165 1782 4239 Angeli
1814 4166 1990 4223 mini-

333 4261 551 4324 strant,
585 4260 650 4311 ut
673 4255 912 4312 victoris
943 4255 1200 4328 dignitas
1231 4258 1666 4329 comprobetur.

413 4347 604 4418 (Vers.
641 4345 727 4411 15,
763 4347 872 4413 16.)
909 4366 937 4396 «
967 4347 1147 4401 Terra
1178 4345 1436 4402 Zabulon
1493 4350 1551 4402 et
1607 4351 1762 4403 terra
1791 4347 1991 4420 Neph-

337 4434 574 4506 thalim,
607 4434 700 4490 via
733 4433 908 4491 maris
928 4439 1091 4491 trans
1116 4435 1431 4491 Jordanem
1451 4435 1696 4492 Galilaeze
1729 4437 1991 4509 gentium

336 4523 598 4599 populus
629 4524 729 4597 qui
758 4524 1141 4581 ambulabat‘
1169 4524 1228 4579 in
1287 4525 1566 4594 tenebris,
1623 4525 1771 4581 vidit
1798 4525 1992 4582 lucem

337 4631 643 4688 magnam,
676 4619 735 4670 et
765 4615 1107 4670 sedentibus
1137 4613 1198 4669 in
1228 4614 1464 4686 regione
1524 4615 1744 4670 umbrae
1785 4615 1994 4672 mortis

2093 3451 2304 3506 sedens
2333 3453 2391 3506 et
2421 3455 2754 3506 contractus
2786 3450 3066 3522 loquitur.
3091 3456 3214 3507 Non
3237 3452 3392 3508 enim
3416 3453 3740 3528 intelligere

2095 3543 2362 3611 poterant
2391 3540 2451 3594 in
2496 3556 2605 3595 sua
2651 3541 2960 3609 majestate
3011 3538 3352 3612 fulgentem.
3402 3541 3740 3601 Secundum

2093 3627 2641 3699 litteram,nonnulli
2658 3627 3086 3700 simpliciorum
3109 3629 3356 3684 fratrum
3383 3636 3739 3703 putanteum

2099 3717 2515 3783 beatitudines,
2548 3722 2606 3773 et
2636 3721 2840 3774 caetera
2869 3734 2996 3790 qua:
3047 3722 3393 3790 sequuntur,
3425 3719 3484 3775 in
3534 3721 3740 3779 Oliveti

2096 3813 2298 3864 monte
2328 3808 2618 3876 docuisse,
2652 3808 2807 3879 quod
2842 3823 3216 3880 nequaquam
3249 3808 3329 3865 ita
3352 3814 3442 3866 est
3464 3828 3478 3878 ;
3503 3827 3571 3867 ex
3601 3829 3744 3885 pra:—

2097 3898 2440 3954 cedentibus
2471 3898 2625 3954 enim
2658 3903 2713 3952 et
2741 3898 3125 3968 sequentibus
3155 3898 3216 3954 in
3265 3899 3503 3956 Galilma
3541 3918 3742 3959 mons-

2097 3991 2285 4042 tratur
2315 3986 2498 4056 locus,
2532 4003 2706 4058 quem
2740 3991 3018 4058 putamus
3065 4002 3194 4043 esse
3238 3987 3327 4043 vel
3374 3989 3624 4062 Thabor,
3655 3989 3746 4048 vel

2099 4075 2420 4148 quemlibet
2449 4075 2630 4130 alium
2659 4075 2953 4131 excelsum
2985 4081 3270 4132 montem.
3301 4077 3564 4152 Denique
3592 4085 3754 4152 post-

2100 4182 2278 4238 quam
2312 4165 2499 4219 ﬁnivit
2528 4180 2826 4220 sermones
2851 4180 2990 4220 suos
3022 4166 3222 4221 statim
3272 4168 3576 4234 sequitur:
3611 4170 3749 4226 Cum

2100 4260 2276 4312 autem
2303 4257 2580 4311 introisset
2613 4253 2998 4326 Capharnaum
3031 4253 3239 4325 (Matth.
3273 4272 3400 4322 vm,
3433 4258 3512 4326 5).

2172 4345 2354 4417 (Vers.
2391 4346 2468 4415 3.)
2500 4346 2656 4400 Beati
2685 4360 2972 4417 pauperes
3004 4343 3235 4417 spiritu,
3269 4345 3550 4417 quoniam
3581 4345 3748 4419 ipso-

2102 4453 2234 4490 rum
2265 4439 2354 4491 est
2383 4451 2630 4508 regnum
2680 4433 2982 4490 caelorum.
3018 4456 3045 4484 »
3095 4438 3214 4490 Hoc
3264 4438 3355 4491 est
3401 4437 3556 4509 quod
3605 4435 3749 4494 alibi

2102 4524 2392 4597 legimus:
2423 4526 2489 4580 Et
2517 4525 2751 4580 humiles
2779 4525 2979 4597 spiritu
3034 4524 3272 4582 salvabit
3316 4525 3495 4597 (Psat.
3546 4544 3746 4596 χχχιιι,

2105 4616 2224 4686 19):
2280 4614 2360 4670 Ne
2405 4614 2538 4686 quis
2585 4618 2778 4670 autem
2825 4618 3056 4686 putaret
3121 4619 3551 4688 paupertatem,
3620 4633 3748 4690 qua

336 4703 443 4760 lux
473 4709 599 4760 orta
627 4708 716 4760 est
775 4705 880 4760 eis.
912 4727 934 4758 ι
973 4704 1043 4760 Hi
1097 4703 1358 4777 primum
1409 4703 1646 4760 audiere
1678 4704 1992 4761 Dominum
2027 4725 2075 4790 D
2106 4705 2575 4772 nonnunquam‘5
2635 4703 2982 4760 necessitate
3051 4708 3340 4776 portatur,
3413 4722 3445 4761 a
3501 4706 3749 4763 Domino

337 4795 783 4868 praedicantem,
842 4798 909 4850 ut
957 4793 1060 4850 ubi
1119 4793 1352 4850 Israelis
1409 4793 1599 4849 fuerat
1627 4794 1699 4850 ab
1741 4794 1998 4867 Assyriis
2107 4793 2432 4867 praedicari,
2466 4793 2752 4864 adjunxit,
2784 4795 3020 4862 spiritu:
3054 4798 3120 4850 ut
3149 4793 3544 4852 humilitatem
3587 4797 3756 4854 intel-

340 4884 537 4960 prima
592 4884 919 4959 captivitas,

341 4979 688 5034 nasceretur
706 4977 747 5032 ‘.

1026 4884 1106 4940 ibi
1166 4883 1576 4956 Redemptoris
1637 4883 1996 4957 praeconium

2107 4883 2339 4955 ligeres,
2367 4899 2483 4938 non
2513 4880 2843 4955 penuriam.
2877 4881 3038 4938 Beati
3068 4899 3354 4956 pauperes
3386 4884 3618 4959 spiritu,
3653 4885 3755 4958 qui

2107 4978 2344 5046 propter
2360 4971 2645 5044 Spiritum
2663 4976 2931 5028 sanctum
2954 4971 3251 5030 voluntate
3274 4979 3414 5031 sunt
3444 4992 3751 5048 pauperes.

417 5066 604 5138 (Vers.
641 5065 842 5137 17-19).
881 5085 911 5116 «
941 5065 1022 5121 Ex
1051 5064 1188 5121 inde
1237 5065 1411 5137 coepit
1463 5065 1638 5121 Jesus
1681 5063 1998 5136 praedicare
2107 5063 2270 5120 Unde
2299 5079 2478 5134 super
2506 5061 2914 5132 hujuscemodi
2972 5063 3334 5136 pauperibus
3391 5069 3449 5121 et
3493 5064 3756 5121 Salvator

418 5172 441 5207 ⁸
469 5174 680 5244 Verba,
711 5174 762 5229 et
789 5171 937 5228 discit
964 5173 1040 5241 ei,
1059 5188 1216 5244 mss.
1255 5171 1433 5228 nostri
1494 5187 1698 5227 omnes
1730 5171 1992 5228 reticent.

344 5248 479 5300 Mox
506 5243 754 5313 peritura
783 5244 1023 5316 quidam
1055 5243 1279 5316 legunt,
1313 5261 1415 5316 pro
1436 5246 1816 5316 praeteritum.

420 5318 702 5400 fgeetius
730 5333 914 5400 penes
946 5316 1092 5372 Rab.
1126 5321 1208 5371 ut.

420 5390 442 5424 ο
475 5386 772 5445 Interserit
803 5388 1041 5444 Cisterc.
1076 5404 1188 5444 ms.
1221 5391 1367 5443 retro
1398 5387 1594 5458 (atque
1626 5387 1778 5442 infra
1808 5386 1996 5442 COhZD-

341 5465 565 5530 renter,
599 5461 772 5524 audit.
797 5461 1139 5524 vade,'retro
1167 5459 1397 5515 Satana.
1452 5460 1584 5515 Jam
1634 5475 1788 5525 vero,
1838 5459 1992 5530 quod

343 5533 529 5591 semel
559 5539 732 5602 atque
763 5533 972 5588 iterum
1006 5532 1367 5598 monuimus,
1426 5530 1594 5586 aliter
1649 5546 1800 5602 saepe
1849 5548 1992 5586 mss.

345 5549 529 5591 semel
559 5549 615 5588 at
665 5549 732 5588 ue
763 5549 972 5588 Iterum
1006 5549 1367 5598 monulmus,
1426 5549 1594 5586 auter
1649 5549 1800 5602 saepe
1849 5549 1990 5586 mss.

345 5613 528 5679 atque
583 5549 719 5659 egiti
793 5604 925 5659 libri
980 5605 1287 5679 Scriptores
1361 5603 1661 5679 metuendi:
1722 5607 1990 5670 nectunt;

345 5676 696 5752 plerumque
729 5683 923 5759 autem
953 5677 1270 5759 versiculos
1304 5676 1588 5757 quosdam
1625 5679 1992 5748 prmtereunt,

348 5750 498 5825 quos
534 5766 634 5805 nec
666 5750 928 5804 subnexa
957 5750 1239 5821 expositio
1269 5750 1476 5821 tangit.

423 5825 440 5862 ¹
476 5821 768 5882 Rescribit
803 5819 1036 5894 Victor.,
1067 5820 1298 5892 sedebat,
1361 5837 1430 5879 ex
1484 5818 1656 5899 Vulg.
1713 5822 1770 5879 et
1797 5817 1994 5879 Graeco

2104 5170 2238 5240 x1615
2254 5189 2410 5244 μενρς
2437 5187 2459 5244 :7
2486 5186 2686 5242 quam,
2715 5169 2930 5242 inquit,
2963 5167 3270 5244 lectionem
3303 5170 3530 5244 ipsein
3579 5173 3750 5244 Gom-

2106 5240 2662 5324 mentariisjn'lsaq
2695 5240 2823 5324 cap:
2857 5259 2961 5324 13,.
2985 5243 3287 5324 S.'do_cto.r
3328 5240 3557 5324 probat.
3602 5240 3752 5324 Quin

2104 5315 2280 5372 etiam
2317 5315 2370 5369 in
2397 5313 2651 5386 Mattheo
2680 5312 2915 5381 sedebat,
2948 5312 3007 5368 in
3061 5316 3210 5370 Isaia
3243 5312 3352 5386 legi
3407 5313 3528 5386 vult
3557 5313 3750 5369 ambu-

2107 5387 2280 5457 labat,
2312 5403 2379 5441 ex
2409 5403 2474 5459 eo
2525 5385 2860 5459 Hieronymi
2909 5390 3066 5459 textu
3095 5383 3374 5459 verbis—7r
3415 5383 3499 5438 Ita
3546 5389 3613 5459 ut
3651 5402 3748 5459 po-

2087 5453 2302 5530 pulus,
2333 5457 2432 5530 qui
2464 5457 2549 5512 vel
2583 5453 2844 5522 sedebat,
2876 5457 2963 5512 vel
2993 5455 3332 5513 ambulabat
3361 5453 3420 5509 in
3464 5453 3746 5530 tenebris,

2130 5547 2295 5588 ueem
2324 5530 2566 5585 videret.
2605 5552 2624 5578 υ

2179 5605 2192 5637 ¹
2227 5603 2288 5658 In
2317 5601 2521 5657 Cister.
2561 5619 2668 5658 ms.
2707 5617 2941 5672 unoque
2973 5598 3232 5672 Palatino
3260 5603 3591 5659 nosceretur.

2180 5677 2192 5710 ¹
2232 5675 2390 5730 Idem
2423 5691 2534 5730 ms.
2567 5691 2675 5746 qua
2704 5669 3098 5746 nonnunquam
3130 5669 3202 5746 de
3233 5675 3555 5730 necessitate
3583 5677 3747 5744 puta-

2103 5749 2213 5803 tur.
2265 5746 2534 5804 Fortasse
2575 5742 2804 5802 ‘verius
2858 5742 3014 5817 apud
3071 5743 3321 5819 Raban.,
3379 5742 3749 5808 necessitatem

2099 5820 2340 5895 patitur.
3623 5831 3634 5872 .‘
