  <div class='ocr_page' id='page_1' title='image "/cluster/home/n/w/nwhite01/storage/ocr_20150623/26/umn.31951002477320a/023.png"; bbox 0 0 4182 6604; ppageno 0'>
   <div class='ocr_carea' id='block_1_1' title="bbox 427 454 2601 529">
    <p class='ocr_par' dir='ltr' id='par_1_1' title="bbox 427 454 2601 529">
     <span class='ocr_line' id='line_1_1' title="bbox 427 454 2601 529; baseline -0.006 0"><span class='ocrx_word' id='word_1_1' title='bbox 427 465 517 529; x_wconf 77' lang='grc'><strong>’35</strong></span> <span class='ocrx_word' id='word_1_2' title='bbox 1689 460 1757 520; x_wconf 89' lang='lat' dir='ltr'><strong>S.</strong></span> <span class='ocrx_word' id='word_1_3' title='bbox 1799 455 2114 521; x_wconf 80' lang='lat' dir='ltr'><strong>EUSEBII</strong></span> <span class='ocrx_word' id='word_1_4' title='bbox 2162 454 2601 518; x_wconf 78' lang='lat' dir='ltr'><strong>HIEBONYMI</strong></span> 
     </span>
    </p>
   </div>
   <div class='ocr_carea' id='block_1_2' title="bbox 3765 458 3850 520">
    <p class='ocr_par' dir='ltr' id='par_1_2' title="bbox 3765 458 3850 520">
     <span class='ocr_line' id='line_1_2' title="bbox 3765 458 3850 520; baseline 0 -3"><span class='ocrx_word' id='word_1_5' title='bbox 3765 458 3850 520; x_wconf 76' lang='lat'><strong><em>36</em></strong></span> 
     </span>
    </p>
   </div>
   <div class='ocr_carea' id='block_1_3' title="bbox 423 585 3847 670">
    <p class='ocr_par' dir='ltr' id='par_1_3' title="bbox 423 585 3847 670">
     <span class='ocr_line' id='line_1_3' title="bbox 423 585 3847 670; baseline -0.002 -16"><span class='ocrx_word' id='word_1_6' title='bbox 423 614 538 670; x_wconf 76' lang='lat' dir='ltr'><strong>‘per</strong></span> <span class='ocrx_word' id='word_1_7' title='bbox 569 595 780 652; x_wconf 82' lang='lat' dir='ltr'><strong>Isaiam</strong></span> <span class='ocrx_word' id='word_1_8' title='bbox 813 592 1118 666; x_wconf 76' lang='lat' dir='ltr'><strong>loquitur:</strong></span> <span class='ocrx_word' id='word_1_9' title='bbox 1157 591 1422 648; x_wconf 75' lang='lat' dir='ltr'><strong>Dominus</strong></span> <span class='ocrx_word' id='word_1_10' title='bbox 1476 591 1640 646; x_wconf 71' lang='lat' dir='ltr'><strong>unxit</strong></span> <span class='ocrx_word' id='word_1_11' title='bbox 1684 605 1812 651; x_wconf 83' lang='lat' dir='ltr'><strong>me;</strong></span> <span class='ocrx_word' id='word_1_12' title='bbox 1864 593 2089 661; x_wconf 78' lang='lat' dir='ltr'><strong>propter</strong></span> <span class='ocrx_word' id='word_1_13' title='bbox 2114 591 2163 656; x_wconf 78' lang='grc' dir='ltr'><strong>Α</strong></span> <span class='ocrx_word' id='word_1_14' title='bbox 2199 588 2400 643; x_wconf 78' lang='lat' dir='ltr'><strong>fertur.</strong></span> <span class='ocrx_word' id='word_1_15' title='bbox 2426 588 2588 644; x_wconf 87' lang='lat' dir='ltr'>Unde</span> <span class='ocrx_word' id='word_1_16' title='bbox 2613 591 2670 642; x_wconf 90' lang='lat' dir='ltr'><strong>et</strong></span> <span class='ocrx_word' id='word_1_17' title='bbox 2700 585 3031 658; x_wconf 81' lang='lat' dir='ltr'><strong>specialiter</strong></span> <span class='ocrx_word' id='word_1_18' title='bbox 3068 587 3329 643; x_wconf 84' lang='lat' dir='ltr'><strong>deﬁnivit</strong></span> <span class='ocrx_word' id='word_1_19' title='bbox 3375 603 3502 660; x_wconf 68' lang='lat' dir='ltr'><strong>quae</strong></span> <span class='ocrx_word' id='word_1_20' title='bbox 3550 587 3628 644; x_wconf 87' lang='lat' dir='ltr'><strong>sit</strong></span> <span class='ocrx_word' id='word_1_21' title='bbox 3671 589 3847 646; x_wconf 86' lang='lat' dir='ltr'><strong>beata</strong></span> 
     </span>
    </p>
   </div>
   <div class='ocr_carea' id='block_1_4' title="bbox 415 679 2082 761">
    <p class='ocr_par' dir='ltr' id='par_1_4' title="bbox 415 679 2082 761">
     <span class='ocr_line' id='line_1_4' title="bbox 415 679 2082 761; baseline -0.006 -19"><span class='ocrx_word' id='word_1_22' title='bbox 415 685 577 761; x_wconf 69' lang='lat' dir='ltr'><strong>quod</strong></span> <span class='ocrx_word' id='word_1_23' title='bbox 593 686 987 756; x_wconf 68' lang='lat' dir='ltr'><strong>evangelz‘nare</strong></span> <span class='ocrx_word' id='word_1_24' title='bbox 1012 682 1349 754; x_wconf 75' lang='lat' dir='ltr'><strong>pauperibus</strong></span> <span class='ocrx_word' id='word_1_25' title='bbox 1376 682 1531 736; x_wconf 76' lang='lat' dir='ltr'><strong>misit</strong></span> <span class='ocrx_word' id='word_1_26' title='bbox 1573 695 1662 735; x_wconf 80' lang='lat' dir='ltr'><strong>me</strong></span> <span class='ocrx_word' id='word_1_27' title='bbox 1705 679 1830 750; x_wconf 86' lang='lat' dir='ltr'><strong>(lsa.</strong></span> <span class='ocrx_word' id='word_1_28' title='bbox 1866 695 1974 746; x_wconf 78' lang='lat' dir='ltr'><strong>un,</strong></span> <span class='ocrx_word' id='word_1_29' title='bbox 2011 679 2082 749; x_wconf 93' lang='lat'><strong>1).</strong></span> 
     </span>
    </p>
   </div>
   <div class='ocr_carea' id='block_1_5' title="bbox 508 767 2084 847">
    <p class='ocr_par' dir='ltr' id='par_1_5' title="bbox 508 767 2084 847">
     <span class='ocr_line' id='line_1_5' title="bbox 508 767 2084 847; baseline -0.004 -18"><span class='ocrx_word' id='word_1_30' title='bbox 508 775 693 847; x_wconf 80' lang='lat' dir='ltr'><strong>(Vers.</strong></span> <span class='ocrx_word' id='word_1_31' title='bbox 727 775 803 845; x_wconf 79' lang='grc'><strong>4.)</strong></span> <span class='ocrx_word' id='word_1_32' title='bbox 834 795 862 823; x_wconf 83' lang='grc'>‹‹</span> <span class='ocrx_word' id='word_1_33' title='bbox 897 772 1056 828; x_wconf 97' lang='lat' dir='ltr'><strong>Beati</strong></span> <span class='ocrx_word' id='word_1_34' title='bbox 1113 771 1307 840; x_wconf 80' lang='lat' dir='ltr'><strong>mites,</strong></span> <span class='ocrx_word' id='word_1_35' title='bbox 1359 769 1634 840; x_wconf 88' lang='lat' dir='ltr'><strong>quoniam</strong></span> <span class='ocrx_word' id='word_1_36' title='bbox 1678 767 1790 840; x_wconf 83' lang='lat' dir='ltr'><strong>ipsi</strong></span> <span class='ocrx_word' id='word_1_37' title='bbox 1823 767 2084 840; x_wconf 90' lang='lat' dir='ltr'><strong>posside-</strong></span> 
     </span>
    </p>
   </div>
   <div class='ocr_carea' id='block_1_6' title="bbox 422 857 2086 931">
    <p class='ocr_par' dir='ltr' id='par_1_6' title="bbox 422 857 2086 931">
     <span class='ocr_line' id='line_1_6' title="bbox 422 857 2086 931; baseline -0.006 -10"><span class='ocrx_word' id='word_1_38' title='bbox 422 865 590 921; x_wconf 81' lang='lat' dir='ltr'><strong>bunt</strong></span> <span class='ocrx_word' id='word_1_39' title='bbox 619 870 858 920; x_wconf 88' lang='lat' dir='ltr'><strong>terram.</strong></span> <span class='ocrx_word' id='word_1_40' title='bbox 893 883 922 912; x_wconf 84' lang='grc'>››</span> <span class='ocrx_word' id='word_1_41' title='bbox 953 865 1078 916; x_wconf 84' lang='lat' dir='ltr'><strong>Non</strong></span> <span class='ocrx_word' id='word_1_42' title='bbox 1106 863 1324 916; x_wconf 88' lang='lat' dir='ltr'><strong>terram</strong></span> <span class='ocrx_word' id='word_1_43' title='bbox 1351 859 1518 914; x_wconf 74' lang='lat' dir='ltr'><strong>Judae</strong></span> <span class='ocrx_word' id='word_1_44' title='bbox 1546 858 1652 931; x_wconf 79' lang='lat' dir='ltr'><strong>[AL</strong></span> <span class='ocrx_word' id='word_1_45' title='bbox 1683 857 1944 928; x_wconf 64' lang='lat' dir='ltr'><strong>Judaew],</strong></span> <span class='ocrx_word' id='word_1_46' title='bbox 1979 871 2086 912; x_wconf 88' lang='lat' dir='ltr'><strong>nec</strong></span> 
     </span>
    </p>
   </div>
   <div class='ocr_carea' id='block_1_7' title="bbox 435 945 2080 1016">
    <p class='ocr_par' dir='ltr' id='par_1_7' title="bbox 435 945 2080 1016">
     <span class='ocr_line' id='line_1_7' title="bbox 435 945 2080 1016; baseline -0.007 -5"><span class='ocrx_word' id='word_1_47' title='bbox 435 959 654 1010; x_wconf 87' lang='lat' dir='ltr'><strong>terram</strong></span> <span class='ocrx_word' id='word_1_48' title='bbox 701 951 873 1008; x_wconf 82' lang='lat' dir='ltr'><strong>istius</strong></span> <span class='ocrx_word' id='word_1_49' title='bbox 921 950 1171 1016; x_wconf 90' lang='lat' dir='ltr'><strong>mundi;</strong></span> <span class='ocrx_word' id='word_1_50' title='bbox 1223 965 1338 1004; x_wconf 92' lang='lat' dir='ltr'><strong>non</strong></span> <span class='ocrx_word' id='word_1_51' title='bbox 1409 952 1626 1003; x_wconf 89' lang='lat' dir='ltr'><strong>terram</strong></span> <span class='ocrx_word' id='word_1_52' title='bbox 1690 945 2080 1010; x_wconf 88' lang='lat' dir='ltr'><strong>maledictam,</strong></span> 
     </span>
    </p>
   </div>
   <div class='ocr_carea' id='block_1_8' title="bbox 438 1037 2083 1115">
    <p class='ocr_par' dir='ltr' id='par_1_8' title="bbox 438 1037 2083 1115">
     <span class='ocr_line' id='line_1_8' title="bbox 438 1037 2083 1115; baseline -0.006 -16"><span class='ocrx_word' id='word_1_53' title='bbox 438 1043 640 1115; x_wconf 85' lang='lat' dir='ltr'><strong>spinas</strong></span> <span class='ocrx_word' id='word_1_54' title='bbox 670 1046 727 1098; x_wconf 89' lang='lat' dir='ltr'><strong>et</strong></span> <span class='ocrx_word' id='word_1_55' title='bbox 754 1041 1008 1096; x_wconf 84' lang='lat' dir='ltr'><strong>tribulos</strong></span> <span class='ocrx_word' id='word_1_56' title='bbox 1035 1040 1366 1095; x_wconf 73' lang='lat' dir='ltr'><strong>efferentem</strong></span> <span class='ocrx_word' id='word_1_57' title='bbox 1405 1037 1616 1108; x_wconf 78' lang='lat' dir='ltr'><strong>(Cenes.</strong></span> <span class='ocrx_word' id='word_1_58' title='bbox 1654 1053 1738 1107; x_wconf 84' lang='lat' dir='ltr'><strong>Ill,</strong></span> <span class='ocrx_word' id='word_1_59' title='bbox 1764 1037 1874 1106; x_wconf 88' lang='lat'><strong>18),</strong></span> <span class='ocrx_word' id='word_1_60' title='bbox 1907 1051 2083 1106; x_wconf 85' lang='lat' dir='ltr'><strong>quam</strong></span> 
     </span>
    </p>
   </div>
   <div class='ocr_carea' id='block_1_9' title="bbox 437 1125 2080 1201">
    <p class='ocr_par' dir='ltr' id='par_1_9' title="bbox 437 1125 2080 1201">
     <span class='ocr_line' id='line_1_9' title="bbox 437 1125 2080 1201; baseline -0.005 -14"><span class='ocrx_word' id='word_1_61' title='bbox 437 1130 884 1187; x_wconf 87' lang='lat' dir='ltr'><strong>crudelissimus</strong></span> <span class='ocrx_word' id='word_1_62' title='bbox 915 1129 1167 1201; x_wconf 88' lang='lat' dir='ltr'><strong>quisque</strong></span> <span class='ocrx_word' id='word_1_63' title='bbox 1197 1133 1254 1184; x_wconf 90' lang='lat' dir='ltr'><strong>et</strong></span> <span class='ocrx_word' id='word_1_64' title='bbox 1282 1127 1530 1182; x_wconf 81' lang='lat' dir='ltr'><strong>bellator</strong></span> <span class='ocrx_word' id='word_1_65' title='bbox 1557 1126 1746 1198; x_wconf 89' lang='lat' dir='ltr'><strong>magis</strong></span> <span class='ocrx_word' id='word_1_66' title='bbox 1787 1125 2080 1197; x_wconf 81' lang='lat' dir='ltr'><strong>possidet;</strong></span> 
     </span>
    </p>
   </div>
   <div class='ocr_carea' id='block_1_10' title="bbox 440 1214 2080 1290">
    <p class='ocr_par' dir='ltr' id='par_1_10' title="bbox 440 1214 2080 1290">
     <span class='ocr_line' id='line_1_10' title="bbox 440 1214 2080 1290; baseline -0.004 -16"><span class='ocrx_word' id='word_1_67' title='bbox 440 1221 542 1276; x_wconf 90' lang='lat' dir='ltr'><strong>sed</strong></span> <span class='ocrx_word' id='word_1_68' title='bbox 605 1225 822 1276; x_wconf 87' lang='lat' dir='ltr'><strong>terram</strong></span> <span class='ocrx_word' id='word_1_69' title='bbox 889 1234 1067 1290; x_wconf 89' lang='lat' dir='ltr'><strong>quam</strong></span> <span class='ocrx_word' id='word_1_70' title='bbox 1137 1217 1448 1272; x_wconf 89' lang='lat' dir='ltr'><strong>Psalmista</strong></span> <span class='ocrx_word' id='word_1_71' title='bbox 1503 1216 1817 1280; x_wconf 86' lang='lat' dir='ltr'><strong>desiderat,</strong></span> <span class='ocrx_word' id='word_1_72' title='bbox 1842 1214 2080 1269; x_wconf 88' lang='lat' dir='ltr'><strong>dicens:</strong></span> 
     </span>
    </p>
   </div>
   <div class='ocr_carea' id='block_1_11' title="bbox 444 1305 2084 1365">
    <p class='ocr_par' dir='ltr' id='par_1_11' title="bbox 444 1305 2084 1365">
     <span class='ocr_line' id='line_1_11' title="bbox 444 1305 2084 1365; baseline -0.004 -2"><span class='ocrx_word' id='word_1_73' title='bbox 444 1307 615 1365; x_wconf 81' lang='lat' dir='ltr'><strong>Credo</strong></span> <span class='ocrx_word' id='word_1_74' title='bbox 679 1308 859 1363; x_wconf 78' lang='lat' dir='ltr'><strong>videre</strong></span> <span class='ocrx_word' id='word_1_75' title='bbox 917 1308 1054 1363; x_wconf 81' lang='lat' dir='ltr'><strong>bona</strong></span> <span class='ocrx_word' id='word_1_76' title='bbox 1129 1306 1349 1361; x_wconf 71' lang='lat' dir='ltr'><strong>Domini</strong></span> <span class='ocrx_word' id='word_1_77' title='bbox 1420 1306 1481 1359; x_wconf 80' lang='lat' dir='ltr'><strong>in</strong></span> <span class='ocrx_word' id='word_1_78' title='bbox 1555 1313 1706 1360; x_wconf 86' lang='lat' dir='ltr'><strong>terra</strong></span> <span class='ocrx_word' id='word_1_79' title='bbox 1781 1305 2084 1358; x_wconf 79' lang='lat' dir='ltr'><strong>viventium</strong></span> 
     </span>
    </p>
   </div>
   <div class='ocr_carea' id='block_1_12' title="bbox 435 1393 2084 1468">
    <p class='ocr_par' dir='ltr' id='par_1_12' title="bbox 435 1393 2084 1468">
     <span class='ocr_line' id='line_1_12' title="bbox 435 1393 2084 1468; baseline -0.004 -15"><span class='ocrx_word' id='word_1_80' title='bbox 435 1398 601 1468; x_wconf 82' lang='lat' dir='ltr'><strong>(Psat.</strong></span> <span class='ocrx_word' id='word_1_81' title='bbox 641 1412 790 1466; x_wconf 76' lang='lat' dir='ltr'><strong>xxvi,</strong></span> <span class='ocrx_word' id='word_1_82' title='bbox 846 1397 950 1466; x_wconf 88' lang='grc'><strong>13).</strong></span> <span class='ocrx_word' id='word_1_83' title='bbox 1006 1393 1420 1465; x_wconf 85' lang='lat' dir='ltr'><strong>Hujuscemodi</strong></span> <span class='ocrx_word' id='word_1_84' title='bbox 1467 1409 1792 1466; x_wconf 81' lang='lat' dir='ltr'><strong>possessor,</strong></span> <span class='ocrx_word' id='word_1_85' title='bbox 1851 1395 1910 1447; x_wconf 92' lang='lat' dir='ltr'><strong>et</strong></span> <span class='ocrx_word' id='word_1_86' title='bbox 1951 1395 2084 1463; x_wconf 79' lang='lat' dir='ltr'><strong>post</strong></span> 
     </span>
    </p>
   </div>
   <div class='ocr_carea' id='block_1_13' title="bbox 431 1478 2083 1554">
    <p class='ocr_par' dir='ltr' id='par_1_13' title="bbox 431 1478 2083 1554">
     <span class='ocr_line' id='line_1_13' title="bbox 431 1478 2083 1554; baseline -0.004 -14"><span class='ocrx_word' id='word_1_87' title='bbox 431 1485 732 1540; x_wconf 80' lang='lat' dir='ltr'><strong>victoriam</strong></span> <span class='ocrx_word' id='word_1_88' title='bbox 800 1482 1220 1554; x_wconf 78' lang='lat' dir='ltr'><strong>triumphator,</strong></span> <span class='ocrx_word' id='word_1_89' title='bbox 1284 1481 1464 1538; x_wconf 81' lang='lat' dir='ltr'><strong>etiam</strong></span> <span class='ocrx_word' id='word_1_90' title='bbox 1534 1483 1594 1536; x_wconf 93' lang='lat' dir='ltr'><strong>in</strong></span> <span class='ocrx_word' id='word_1_91' title='bbox 1627 1478 2083 1552; x_wconf 88' lang='lat' dir='ltr'><strong>quadragesimo</strong></span> 
     </span>
    </p>
   </div>
   <div class='ocr_carea' id='block_1_14' title="bbox 432 1568 2079 1646">
    <p class='ocr_par' dir='ltr' id='par_1_14' title="bbox 432 1568 2079 1646">
     <span class='ocr_line' id='line_1_14' title="bbox 432 1568 2079 1646; baseline -0.002 -18"><span class='ocrx_word' id='word_1_92' title='bbox 432 1578 639 1645; x_wconf 87' lang='lat' dir='ltr'><strong>quarto</strong></span> <span class='ocrx_word' id='word_1_93' title='bbox 661 1573 890 1646; x_wconf 85' lang='lat' dir='ltr'><strong>psalmo</strong></span> <span class='ocrx_word' id='word_1_94' title='bbox 913 1571 1302 1627; x_wconf 83' lang='lat' dir='ltr'><strong>describitur:</strong></span> <span class='ocrx_word' id='word_1_95' title='bbox 1327 1573 1392 1626; x_wconf 86' lang='lat' dir='ltr'><strong>Et</strong></span> <span class='ocrx_word' id='word_1_96' title='bbox 1411 1571 1656 1633; x_wconf 82' lang='lat' dir='ltr'><strong>intende,</strong></span> <span class='ocrx_word' id='word_1_97' title='bbox 1675 1585 1956 1641; x_wconf 84' lang='lat' dir='ltr'><strong>prospere.</strong></span> <span class='ocrx_word' id='word_1_98' title='bbox 1972 1568 2079 1640; x_wconf 82' lang='lat' dir='ltr'><strong>(At.</strong></span> 
     </span>
    </p>
   </div>
   <div class='ocr_carea' id='block_1_15' title="bbox 428 1659 2084 1734">
    <p class='ocr_par' dir='ltr' id='par_1_15' title="bbox 428 1659 2084 1734">
     <span class='ocr_line' id='line_1_15' title="bbox 428 1659 2084 1734; baseline -0.002 -17"><span class='ocrx_word' id='word_1_99' title='bbox 428 1667 485 1718; x_wconf 89' lang='lat' dir='ltr'><strong>et</strong></span> <span class='ocrx_word' id='word_1_100' title='bbox 517 1662 816 1734; x_wconf 85' lang='lat' dir='ltr'><strong>prosperel</strong></span> <span class='ocrx_word' id='word_1_101' title='bbox 845 1659 1080 1731; x_wconf 86' lang='lat' dir='ltr'><strong>procede</strong></span> <span class='ocrx_word' id='word_1_102' title='bbox 1123 1663 1173 1713; x_wconf 86' lang='lat' dir='ltr'><strong>et</strong></span> <span class='ocrx_word' id='word_1_103' title='bbox 1223 1675 1414 1730; x_wconf 88' lang='lat' dir='ltr'><strong>regna,</strong></span> <span class='ocrx_word' id='word_1_104' title='bbox 1464 1663 1684 1730; x_wconf 82' lang='lat' dir='ltr'><strong>propter</strong></span> <span class='ocrx_word' id='word_1_105' title='bbox 1712 1659 1998 1713; x_wconf 78' lang='lat' dir='ltr'><strong>veritatem</strong></span> <span class='ocrx_word' id='word_1_106' title='bbox 2027 1666 2084 1713; x_wconf 89' lang='lat' dir='ltr'><strong>et</strong></span> 
     </span>
    </p>
   </div>
   <div class='ocr_carea' id='block_1_16' title="bbox 427 1747 2080 1820">
    <p class='ocr_par' dir='ltr' id='par_1_16' title="bbox 427 1747 2080 1820">
     <span class='ocr_line' id='line_1_16' title="bbox 427 1747 2080 1820; baseline -0.003 -14"><span class='ocrx_word' id='word_1_107' title='bbox 427 1750 907 1806; x_wconf 73' lang='lat' dir='ltr'><strong>mansuetudinem</strong></span> <span class='ocrx_word' id='word_1_108' title='bbox 950 1757 1001 1803; x_wconf 85' lang='lat' dir='ltr'><strong>et</strong></span> <span class='ocrx_word' id='word_1_109' title='bbox 1043 1749 1324 1820; x_wconf 77' lang='lat' dir='ltr'><strong>justitiam</strong></span> <span class='ocrx_word' id='word_1_110' title='bbox 1375 1749 1545 1819; x_wconf 86' lang='lat' dir='ltr'><strong>(Psat.</strong></span> <span class='ocrx_word' id='word_1_111' title='bbox 1596 1764 1743 1818; x_wconf 78' lang='lat' dir='ltr'><strong>xuv,</strong></span> <span class='ocrx_word' id='word_1_112' title='bbox 1791 1748 1866 1818; x_wconf 85' lang='lat'><strong>5).</strong></span> <span class='ocrx_word' id='word_1_113' title='bbox 1902 1747 2080 1802; x_wconf 82' lang='lat' dir='ltr'><strong>Nemo</strong></span> 
     </span>
    </p>
   </div>
   <div class='ocr_carea' id='block_1_17' title="bbox 430 1837 2083 1909">
    <p class='ocr_par' dir='ltr' id='par_1_17' title="bbox 430 1837 2083 1909">
     <span class='ocr_line' id='line_1_17' title="bbox 430 1837 2083 1909; baseline -0.003 -13"><span class='ocrx_word' id='word_1_114' title='bbox 430 1839 587 1896; x_wconf 88' lang='lat' dir='ltr'><strong>enim</strong></span> <span class='ocrx_word' id='word_1_115' title='bbox 621 1845 837 1895; x_wconf 87' lang='lat' dir='ltr'><strong>terram</strong></span> <span class='ocrx_word' id='word_1_116' title='bbox 887 1837 1066 1893; x_wconf 86' lang='lat' dir='ltr'><strong>istam</strong></span> <span class='ocrx_word' id='word_1_117' title='bbox 1114 1854 1216 1909; x_wconf 91' lang='lat' dir='ltr'><strong>per</strong></span> <span class='ocrx_word' id='word_1_118' title='bbox 1263 1837 1795 1908; x_wconf 84' lang='lat' dir='ltr'><strong>mansuetudinem,</strong></span> <span class='ocrx_word' id='word_1_119' title='bbox 1845 1837 1945 1893; x_wconf 89' lang='lat' dir='ltr'><strong>sed</strong></span> <span class='ocrx_word' id='word_1_120' title='bbox 1979 1851 2083 1908; x_wconf 90' lang='lat' dir='ltr'><strong>per</strong></span> 
     </span>
    </p>
   </div>
   <div class='ocr_carea' id='block_1_18' title="bbox 413 1927 1083 2000">
    <p class='ocr_par' dir='ltr' id='par_1_18' title="bbox 413 1927 1083 2000">
     <span class='ocr_line' id='line_1_18' title="bbox 413 1927 1083 2000; baseline -0.006 -16"><span class='ocrx_word' id='word_1_121' title='bbox 413 1928 772 2000; x_wconf 76' lang='lat' dir='ltr'><strong>superbiam</strong></span> <span class='ocrx_word' id='word_1_122' title='bbox 804 1927 1083 1999; x_wconf 80' lang='lat' dir='ltr'><strong>possidet.</strong></span> 
     </span>
    </p>
   </div>
   <div class='ocr_carea' id='block_1_19' title="bbox 505 2013 2077 2088">
    <p class='ocr_par' dir='ltr' id='par_1_19' title="bbox 505 2013 2077 2088">
     <span class='ocr_line' id='line_1_19' title="bbox 505 2013 2077 2088; baseline -0.003 -16"><span class='ocrx_word' id='word_1_123' title='bbox 505 2020 693 2083; x_wconf 88' lang='lat' dir='ltr'><strong>(Vere.</strong></span> <span class='ocrx_word' id='word_1_124' title='bbox 725 2018 807 2088; x_wconf 84' lang='lat'><strong>5.)</strong></span> <span class='ocrx_word' id='word_1_125' title='bbox 840 2040 866 2065; x_wconf 86' lang='lat'><strong>«</strong></span> <span class='ocrx_word' id='word_1_126' title='bbox 902 2015 1062 2071; x_wconf 85' lang='lat' dir='ltr'><strong>Beati</strong></span> <span class='ocrx_word' id='word_1_127' title='bbox 1099 2015 1198 2086; x_wconf 93' lang='lat' dir='ltr'><strong>qui</strong></span> <span class='ocrx_word' id='word_1_128' title='bbox 1223 2013 1447 2086; x_wconf 85' lang='lat' dir='ltr'><strong>lugent,</strong></span> <span class='ocrx_word' id='word_1_129' title='bbox 1470 2015 1748 2087; x_wconf 88' lang='lat' dir='ltr'><strong>quoniam</strong></span> <span class='ocrx_word' id='word_1_130' title='bbox 1798 2013 1910 2086; x_wconf 82' lang='lat' dir='ltr'><strong>ipsi</strong></span> <span class='ocrx_word' id='word_1_131' title='bbox 1942 2029 2077 2068; x_wconf 89' lang='lat' dir='ltr'><strong>con-</strong></span> 
     </span>
    </p>
   </div>
   <div class='ocr_carea' id='block_1_20' title="bbox 430 2104 2078 2176">
    <p class='ocr_par' dir='ltr' id='par_1_20' title="bbox 430 2104 2078 2176">
     <span class='ocr_line' id='line_1_20' title="bbox 430 2104 2078 2176; baseline -0.003 -14"><span class='ocrx_word' id='word_1_132' title='bbox 430 2105 800 2162; x_wconf 84' lang='lat' dir='ltr'><strong>solabuntur.</strong></span> <span class='ocrx_word' id='word_1_133' title='bbox 841 2127 860 2154; x_wconf 75' lang='lat' dir='ltr'><strong>n</strong></span> <span class='ocrx_word' id='word_1_134' title='bbox 900 2109 1110 2160; x_wconf 88' lang='lat' dir='ltr'><strong>Luctus</strong></span> <span class='ocrx_word' id='word_1_135' title='bbox 1135 2104 1226 2160; x_wconf 91' lang='lat' dir='ltr'><strong>hic</strong></span> <span class='ocrx_word' id='word_1_136' title='bbox 1270 2121 1385 2160; x_wconf 92' lang='lat' dir='ltr'><strong>non</strong></span> <span class='ocrx_word' id='word_1_137' title='bbox 1436 2109 1804 2160; x_wconf 89' lang='lat' dir='ltr'><strong>mortuorum</strong></span> <span class='ocrx_word' id='word_1_138' title='bbox 1840 2104 2078 2176; x_wconf 85' lang='lat' dir='ltr'><strong>ponitur</strong></span> 
     </span>
    </p>
   </div>
   <div class='ocr_carea' id='block_1_21' title="bbox 429 2192 2072 2267">
    <p class='ocr_par' dir='ltr' id='par_1_21' title="bbox 429 2192 2072 2267">
     <span class='ocr_line' id='line_1_21' title="bbox 429 2192 2072 2267; baseline -0.003 -16"><span class='ocrx_word' id='word_1_139' title='bbox 429 2194 728 2251; x_wconf 89' lang='lat' dir='ltr'><strong>communi</strong></span> <span class='ocrx_word' id='word_1_140' title='bbox 759 2193 886 2267; x_wconf 89' lang='lat' dir='ltr'><strong>lege</strong></span> <span class='ocrx_word' id='word_1_141' title='bbox 917 2197 1156 2260; x_wconf 65' lang='lat' dir='ltr'><strong>naturae,</strong></span> <span class='ocrx_word' id='word_1_142' title='bbox 1192 2193 1292 2248; x_wconf 87' lang='lat' dir='ltr'><strong>sed</strong></span> <span class='ocrx_word' id='word_1_143' title='bbox 1324 2193 1576 2264; x_wconf 88' lang='lat' dir='ltr'><strong>peccatis</strong></span> <span class='ocrx_word' id='word_1_144' title='bbox 1627 2197 1684 2250; x_wconf 91' lang='lat' dir='ltr'><strong>et</strong></span> <span class='ocrx_word' id='word_1_145' title='bbox 1731 2192 1889 2247; x_wconf 81' lang='lat' dir='ltr'><strong>vitiis</strong></span> <span class='ocrx_word' id='word_1_146' title='bbox 1920 2207 2072 2247; x_wconf 89' lang='lat' dir='ltr'><strong>mor-</strong></span> 
     </span>
    </p>
   </div>
   <div class='ocr_carea' id='block_1_22' title="bbox 411 2279 2072 2354">
    <p class='ocr_par' dir='ltr' id='par_1_22' title="bbox 411 2279 2072 2354">
     <span class='ocr_line' id='line_1_22' title="bbox 411 2279 2072 2354; baseline -0.002 -16"><span class='ocrx_word' id='word_1_147' title='bbox 411 2289 684 2340; x_wconf 86' lang='lat' dir='ltr'><strong>.tuorum.</strong></span> <span class='ocrx_word' id='word_1_148' title='bbox 718 2284 812 2339; x_wconf 88' lang='lat' dir='ltr'><strong>Sic</strong></span> <span class='ocrx_word' id='word_1_149' title='bbox 841 2283 997 2338; x_wconf 87' lang='lat' dir='ltr'><strong>ﬂevit</strong></span> <span class='ocrx_word' id='word_1_150' title='bbox 1027 2287 1084 2338; x_wconf 89' lang='lat' dir='ltr'><strong>et</strong></span> <span class='ocrx_word' id='word_1_151' title='bbox 1129 2281 1362 2337; x_wconf 90' lang='lat' dir='ltr'><strong>Samuel</strong></span> <span class='ocrx_word' id='word_1_152' title='bbox 1406 2281 1664 2344; x_wconf 86' lang='lat' dir='ltr'><strong>Saulem,</strong></span> <span class='ocrx_word' id='word_1_153' title='bbox 1718 2280 1856 2354; x_wconf 88' lang='lat' dir='ltr'><strong>quia</strong></span> <span class='ocrx_word' id='word_1_154' title='bbox 1887 2279 2072 2353; x_wconf 64' lang='lat' dir='ltr'><strong>paeni-</strong></span> 
     </span>
    </p>
   </div>
   <div class='ocr_carea' id='block_1_23' title="bbox 425 2368 2074 2443">
    <p class='ocr_par' dir='ltr' id='par_1_23' title="bbox 425 2368 2074 2443">
     <span class='ocr_line' id='line_1_23' title="bbox 425 2368 2074 2443; baseline -0.002 -15"><span class='ocrx_word' id='word_1_155' title='bbox 425 2377 618 2428; x_wconf 88' lang='lat' dir='ltr'><strong>tuerat</strong></span> <span class='ocrx_word' id='word_1_156' title='bbox 634 2373 817 2428; x_wconf 92' lang='lat' dir='ltr'><strong>Deum</strong></span> <span class='ocrx_word' id='word_1_157' title='bbox 845 2372 1001 2443; x_wconf 92' lang='lat' dir='ltr'><strong>quod</strong></span> <span class='ocrx_word' id='word_1_158' title='bbox 1023 2371 1292 2426; x_wconf 83' lang='lat' dir='ltr'><strong>unxisset</strong></span> <span class='ocrx_word' id='word_1_159' title='bbox 1311 2387 1445 2427; x_wconf 89' lang='lat' dir='ltr'><strong>eum</strong></span> <span class='ocrx_word' id='word_1_160' title='bbox 1473 2387 1667 2442; x_wconf 86' lang='lat' dir='ltr'><strong>regem</strong></span> <span class='ocrx_word' id='word_1_161' title='bbox 1689 2387 1864 2442; x_wconf 91' lang='lat' dir='ltr'><strong>super</strong></span> <span class='ocrx_word' id='word_1_162' title='bbox 1896 2368 2074 2425; x_wconf 87' lang='lat' dir='ltr'><strong>Israel</strong></span> 
     </span>
    </p>
   </div>
   <div class='ocr_carea' id='block_1_24' title="bbox 426 2458 2072 2533">
    <p class='ocr_par' dir='ltr' id='par_1_24' title="bbox 426 2458 2072 2533">
     <span class='ocr_line' id='line_1_24' title="bbox 426 2458 2072 2533; baseline -0.002 -16"><span class='ocrx_word' id='word_1_163' title='bbox 426 2463 469 2533; x_wconf 80' lang='grc' dir='ltr'><strong>(Ι</strong></span> <span class='ocrx_word' id='word_1_164' title='bbox 504 2463 748 2531; x_wconf 78' lang='lat' dir='ltr'><strong>Reg.xv,</strong></span> <span class='ocrx_word' id='word_1_165' title='bbox 781 2461 890 2532; x_wconf 88' lang='lat'><strong>11).</strong></span> <span class='ocrx_word' id='word_1_166' title='bbox 939 2460 1032 2516; x_wconf 86' lang='lat' dir='ltr'><strong>Sic</strong></span> <span class='ocrx_word' id='word_1_167' title='bbox 1080 2465 1136 2515; x_wconf 90' lang='lat' dir='ltr'><strong>et</strong></span> <span class='ocrx_word' id='word_1_168' title='bbox 1183 2459 1404 2515; x_wconf 81' lang='lat' dir='ltr'><strong>Paulus</strong></span> <span class='ocrx_word' id='word_1_169' title='bbox 1462 2458 1788 2531; x_wconf 80' lang='lat' dir='ltr'><strong>apostolus,</strong></span> <span class='ocrx_word' id='word_1_170' title='bbox 1840 2460 1976 2514; x_wconf 88' lang='lat' dir='ltr'><strong>ﬂere</strong></span> <span class='ocrx_word' id='word_1_171' title='bbox 2005 2475 2072 2514; x_wconf 88' lang='lat' dir='ltr'><strong>ac</strong></span> 
     </span>
    </p>
   </div>
   <div class='ocr_carea' id='block_1_25' title="bbox 413 2547 2072 2622">
    <p class='ocr_par' dir='ltr' id='par_1_25' title="bbox 413 2547 2072 2622">
     <span class='ocr_line' id='line_1_25' title="bbox 413 2547 2072 2622; baseline -0.002 -17"><span class='ocrx_word' id='word_1_172' title='bbox 413 2550 629 2622; x_wconf 75' lang='lat' dir='ltr'><strong>fugere</strong></span> <span class='ocrx_word' id='word_1_173' title='bbox 659 2564 721 2604; x_wconf 88' lang='lat' dir='ltr'><strong>se</strong></span> <span class='ocrx_word' id='word_1_174' title='bbox 747 2548 887 2604; x_wconf 86' lang='lat' dir='ltr'><strong>dicit</strong></span> <span class='ocrx_word' id='word_1_175' title='bbox 915 2563 1036 2617; x_wconf 90' lang='lat' dir='ltr'><strong>eos,</strong></span> <span class='ocrx_word' id='word_1_176' title='bbox 1069 2549 1169 2620; x_wconf 90' lang='lat' dir='ltr'><strong>qui</strong></span> <span class='ocrx_word' id='word_1_177' title='bbox 1201 2552 1331 2621; x_wconf 90' lang='lat' dir='ltr'><strong>post</strong></span> <span class='ocrx_word' id='word_1_178' title='bbox 1367 2547 1810 2605; x_wconf 86' lang='lat' dir='ltr'><strong>fornicationem</strong></span> <span class='ocrx_word' id='word_1_179' title='bbox 1859 2553 1916 2603; x_wconf 91' lang='lat' dir='ltr'><strong>et</strong></span> <span class='ocrx_word' id='word_1_180' title='bbox 1960 2549 2072 2603; x_wconf 87' lang='lat' dir='ltr'><strong>im-</strong></span> 
     </span>
    </p>
   </div>
   <div class='ocr_carea' id='block_1_26' title="bbox 411 2638 2067 2710">
    <p class='ocr_par' dir='ltr' id='par_1_26' title="bbox 411 2638 2067 2710">
     <span class='ocr_line' id='line_1_26' title="bbox 411 2638 2067 2710; baseline 0.001 -17"><span class='ocrx_word' id='word_1_181' title='bbox 411 2638 786 2694; x_wconf 86' lang='lat' dir='ltr'><strong>munditiam</strong></span> <span class='ocrx_word' id='word_1_182' title='bbox 817 2653 934 2693; x_wconf 91' lang='lat' dir='ltr'><strong>non</strong></span> <span class='ocrx_word' id='word_1_183' title='bbox 963 2643 1212 2710; x_wconf 87' lang='lat' dir='ltr'><strong>egerunt</strong></span> <span class='ocrx_word' id='word_1_184' title='bbox 1259 2639 1662 2709; x_wconf 76' lang='lat' dir='ltr'><strong>pmnitentiam</strong></span> <span class='ocrx_word' id='word_1_185' title='bbox 1711 2639 1784 2710; x_wconf 88' lang='grc' dir='ltr'><strong>(Η</strong></span> <span class='ocrx_word' id='word_1_186' title='bbox 1814 2638 1934 2693; x_wconf 84' lang='lat' dir='ltr'><strong>Cor.</strong></span> <span class='ocrx_word' id='word_1_187' title='bbox 1965 2654 2067 2710; x_wconf 83' lang='lat' dir='ltr'><strong>xu,</strong></span> 
     </span>
    </p>
   </div>
   <div class='ocr_carea' id='block_1_27' title="bbox 426 2728 538 2797">
    <p class='ocr_par' dir='ltr' id='par_1_27' title="bbox 426 2728 538 2797">
     <span class='ocr_line' id='line_1_27' title="bbox 426 2728 538 2797; baseline 0.018 -16"><span class='ocrx_word' id='word_1_188' title='bbox 426 2728 538 2797; x_wconf 76' lang='lat'><strong>21).</strong></span> 
     </span>
    </p>
   </div>
   <div class='ocr_carea' id='block_1_28' title="bbox 493 2814 2073 2889">
    <p class='ocr_par' dir='ltr' id='par_1_28' title="bbox 493 2814 2073 2889">
     <span class='ocr_line' id='line_1_28' title="bbox 493 2814 2073 2889; baseline -0.001 -16"><span class='ocrx_word' id='word_1_189' title='bbox 493 2816 808 2889; x_wconf 73' lang='lat' dir='ltr'><strong>24(Vers.</strong></span> <span class='ocrx_word' id='word_1_190' title='bbox 859 2817 940 2888; x_wconf 88' lang='lat'><strong>6.)</strong></span> <span class='ocrx_word' id='word_1_191' title='bbox 991 2838 1019 2867; x_wconf 76' lang='grc' dir='ltr'><strong>ιι</strong></span> <span class='ocrx_word' id='word_1_192' title='bbox 1070 2814 1226 2871; x_wconf 86' lang='lat' dir='ltr'><strong>Beati</strong></span> <span class='ocrx_word' id='word_1_193' title='bbox 1273 2817 1373 2887; x_wconf 88' lang='lat' dir='ltr'><strong>qui</strong></span> <span class='ocrx_word' id='word_1_194' title='bbox 1431 2816 1718 2884; x_wconf 89' lang='lat' dir='ltr'><strong>esuriunt,</strong></span> <span class='ocrx_word' id='word_1_195' title='bbox 1769 2822 1825 2872; x_wconf 89' lang='lat' dir='ltr'><strong>et</strong></span> <span class='ocrx_word' id='word_1_196' title='bbox 1865 2817 2073 2872; x_wconf 88' lang='lat' dir='ltr'><strong>sitiunt</strong></span> 
     </span>
    </p>
   </div>
   <div class='ocr_carea' id='block_1_29' title="bbox 410 2904 2072 2977">
    <p class='ocr_par' dir='ltr' id='par_1_29' title="bbox 410 2904 2072 2977">
     <span class='ocr_line' id='line_1_29' title="bbox 410 2904 2072 2977; baseline -0.001 -15"><span class='ocrx_word' id='word_1_197' title='bbox 410 2905 739 2976; x_wconf 82' lang='lat' dir='ltr'><strong>justitiam,</strong></span> <span class='ocrx_word' id='word_1_198' title='bbox 763 2905 1042 2977; x_wconf 85' lang='lat' dir='ltr'><strong>quoniam</strong></span> <span class='ocrx_word' id='word_1_199' title='bbox 1076 2904 1189 2976; x_wconf 89' lang='lat' dir='ltr'><strong>ipsi</strong></span> <span class='ocrx_word' id='word_1_200' title='bbox 1220 2906 1669 2961; x_wconf 88' lang='lat' dir='ltr'><strong>saturabuntur.</strong></span> <span class='ocrx_word' id='word_1_201' title='bbox 1705 2927 1733 2954; x_wconf 83' lang='grc'><strong>››</strong></span> <span class='ocrx_word' id='word_1_202' title='bbox 1755 2905 1880 2961; x_wconf 90' lang='lat' dir='ltr'><strong>Non</strong></span> <span class='ocrx_word' id='word_1_203' title='bbox 1902 2905 2072 2962; x_wconf 89' lang='lat' dir='ltr'><strong>nobis</strong></span> 
     </span>
    </p>
   </div>
   <div class='ocr_carea' id='block_1_30' title="bbox 417 2993 2069 3066">
    <p class='ocr_par' dir='ltr' id='par_1_30' title="bbox 417 2993 2069 3066">
     <span class='ocr_line' id='line_1_30' title="bbox 417 2993 2069 3066; baseline -0.001 -16"><span class='ocrx_word' id='word_1_204' title='bbox 417 2995 640 3050; x_wconf 81' lang='lat' dir='ltr'><strong>sufﬁcit</strong></span> <span class='ocrx_word' id='word_1_205' title='bbox 666 2993 814 3049; x_wconf 82' lang='lat' dir='ltr'><strong>velle</strong></span> <span class='ocrx_word' id='word_1_206' title='bbox 836 2993 1153 3064; x_wconf 84' lang='lat' dir='ltr'><strong>justitiam,</strong></span> <span class='ocrx_word' id='word_1_207' title='bbox 1203 2993 1317 3049; x_wconf 86' lang='lat' dir='ltr'><strong>nisi</strong></span> <span class='ocrx_word' id='word_1_208' title='bbox 1369 2994 1616 3065; x_wconf 74' lang='lat' dir='ltr'><strong>justitiaa</strong></span> <span class='ocrx_word' id='word_1_209' title='bbox 1664 2994 1958 3066; x_wconf 87' lang='lat' dir='ltr'><strong>patiamur</strong></span> <span class='ocrx_word' id='word_1_210' title='bbox 1987 2995 2069 3050; x_wconf 81' lang='lat' dir='ltr'><strong>fa-</strong></span> 
     </span>
    </p>
   </div>
   <div class='ocr_carea' id='block_1_31' title="bbox 405 3082 2070 3154">
    <p class='ocr_par' dir='ltr' id='par_1_31' title="bbox 405 3082 2070 3154">
     <span class='ocr_line' id='line_1_31' title="bbox 405 3082 2070 3154; baseline 0 -15"><span class='ocrx_word' id='word_1_211' title='bbox 405 3099 583 3139; x_wconf 83' lang='lat' dir='ltr'><strong>mem</strong></span> <span class='ocrx_word' id='word_1_212' title='bbox 613 3099 627 3137; x_wconf 91' lang='lat'><strong>:</strong></span> <span class='ocrx_word' id='word_1_213' title='bbox 663 3087 730 3137; x_wconf 90' lang='lat' dir='ltr'><strong>ut</strong></span> <span class='ocrx_word' id='word_1_214' title='bbox 773 3083 885 3138; x_wconf 87' lang='lat' dir='ltr'><strong>sub</strong></span> <span class='ocrx_word' id='word_1_215' title='bbox 935 3082 1044 3138; x_wconf 85' lang='lat' dir='ltr'><strong>hoc</strong></span> <span class='ocrx_word' id='word_1_216' title='bbox 1097 3082 1362 3153; x_wconf 79' lang='lat' dir='ltr'><strong>exemplo</strong></span> <span class='ocrx_word' id='word_1_217' title='bbox 1419 3099 1724 3154; x_wconf 90' lang='lat' dir='ltr'><strong>nunquam</strong></span> <span class='ocrx_word' id='word_1_218' title='bbox 1777 3100 1880 3138; x_wconf 90' lang='lat' dir='ltr'><strong>nos</strong></span> <span class='ocrx_word' id='word_1_219' title='bbox 1925 3083 2070 3139; x_wconf 87' lang='lat' dir='ltr'><strong>satis</strong></span> 
     </span>
    </p>
   </div>
   <div class='ocr_carea' id='block_1_32' title="bbox 410 3170 2068 3243">
    <p class='ocr_par' dir='ltr' id='par_1_32' title="bbox 410 3170 2068 3243">
     <span class='ocr_line' id='line_1_32' title="bbox 410 3170 2068 3243; baseline -0.002 -15"><span class='ocrx_word' id='word_1_220' title='bbox 410 3173 630 3243; x_wconf 79' lang='lat' dir='ltr'><strong>,justos,</strong></span> <span class='ocrx_word' id='word_1_221' title='bbox 663 3171 761 3228; x_wconf 90' lang='lat' dir='ltr'><strong>sed</strong></span> <span class='ocrx_word' id='word_1_222' title='bbox 798 3186 1030 3243; x_wconf 85' lang='lat' dir='ltr'><strong>semper</strong></span> <span class='ocrx_word' id='word_1_223' title='bbox 1077 3170 1301 3226; x_wconf 90' lang='lat' dir='ltr'><strong>esurire</strong></span> <span class='ocrx_word' id='word_1_224' title='bbox 1341 3171 1588 3242; x_wconf 72' lang='lat' dir='ltr'><strong>justitiaa</strong></span> <span class='ocrx_word' id='word_1_225' title='bbox 1636 3187 1812 3243; x_wconf 88' lang='lat' dir='ltr'><strong>opera</strong></span> <span class='ocrx_word' id='word_1_226' title='bbox 1850 3171 2068 3227; x_wconf 87' lang='lat' dir='ltr'><strong>intelli-</strong></span> 
     </span>
    </p>
   </div>
   <div class='ocr_carea' id='block_1_33' title="bbox 402 3277 653 3334">
    <p class='ocr_par' dir='ltr' id='par_1_33' title="bbox 402 3277 653 3334">
     <span class='ocr_line' id='line_1_33' title="bbox 402 3277 653 3334; baseline -0.008 -18"><span class='ocrx_word' id='word_1_227' title='bbox 402 3277 653 3334; x_wconf 80' lang='lat' dir='ltr'><strong>gamus.</strong></span> 
     </span>
    </p>
   </div>
   <div class='ocr_carea' id='block_1_34' title="bbox 488 3350 889 3422">
    <p class='ocr_par' dir='ltr' id='par_1_34' title="bbox 488 3350 889 3422">
     <span class='ocr_line' id='line_1_34' title="bbox 488 3350 889 3422; baseline 0 -18"><span class='ocrx_word' id='word_1_228' title='bbox 488 3351 678 3421; x_wconf 84' lang='lat' dir='ltr'><strong>(Vera.</strong></span> <span class='ocrx_word' id='word_1_229' title='bbox 724 3350 804 3422; x_wconf 90' lang='lat'><strong>7.)</strong></span> <span class='ocrx_word' id='word_1_230' title='bbox 862 3371 889 3399; x_wconf 87' lang='grc'><strong>‹‹</strong></span> 
     </span>
    </p>
   </div>
   <div class='ocr_carea' id='block_1_35' title="bbox 403 3439 2068 3510">
    <p class='ocr_par' dir='ltr' id='par_1_35' title="bbox 403 3439 2068 3510">
     <span class='ocr_line' id='line_1_35' title="bbox 403 3439 2068 3510; baseline -0.001 -15"><span class='ocrx_word' id='word_1_231' title='bbox 403 3439 886 3496; x_wconf 81' lang='lat' dir='ltr'><strong>misericordiam</strong></span> <span class='ocrx_word' id='word_1_232' title='bbox 918 3442 1374 3510; x_wconf 74' lang='lat' dir='ltr'><strong>consequentur.</strong></span> <span class='ocrx_word' id='word_1_233' title='bbox 1434 3461 1454 3490; x_wconf 72' lang='grc' dir='ltr'>ι</span> <span class='ocrx_word' id='word_1_234' title='bbox 1511 3439 1910 3494; x_wconf 87' lang='lat' dir='ltr'><strong>Misericordia</strong></span> <span class='ocrx_word' id='word_1_235' title='bbox 1956 3457 2068 3495; x_wconf 92' lang='lat' dir='ltr'><strong>non</strong></span> 
     </span>
    </p>
   </div>
   <div class='ocr_carea' id='block_1_36' title="bbox 402 3528 2068 3603">
    <p class='ocr_par' dir='ltr' id='par_1_36' title="bbox 402 3528 2068 3603">
     <span class='ocr_line' id='line_1_36' title="bbox 402 3528 2068 3603; baseline 0.003 -23"><span class='ocrx_word' id='word_1_236' title='bbox 402 3528 609 3586; x_wconf 66' lang='lat' dir='ltr'><strong>:solum</strong></span> <span class='ocrx_word' id='word_1_237' title='bbox 659 3529 718 3585; x_wconf 90' lang='lat' dir='ltr'><strong>in</strong></span> <span class='ocrx_word' id='word_1_238' title='bbox 759 3528 1152 3603; x_wconf 72' lang='lat' dir='ltr'><strong>eleemosynis</strong></span> <span class='ocrx_word' id='word_1_239' title='bbox 1204 3528 1586 3601; x_wconf 88' lang='lat' dir='ltr'><strong>intelligitur;</strong></span> <span class='ocrx_word' id='word_1_240' title='bbox 1640 3529 1740 3585; x_wconf 89' lang='lat' dir='ltr'><strong>sed</strong></span> <span class='ocrx_word' id='word_1_241' title='bbox 1798 3528 1857 3583; x_wconf 93' lang='lat' dir='ltr'><strong>in</strong></span> <span class='ocrx_word' id='word_1_242' title='bbox 1910 3528 2068 3585; x_wconf 90' lang='lat' dir='ltr'><strong>omni</strong></span> 
     </span>
    </p>
   </div>
   <div class='ocr_carea' id='block_1_37' title="bbox 423 3617 2068 3691">
    <p class='ocr_par' dir='ltr' id='par_1_37' title="bbox 423 3617 2068 3691">
     <span class='ocr_line' id='line_1_37' title="bbox 423 3617 2068 3691; baseline 0.001 -17"><span class='ocrx_word' id='word_1_243' title='bbox 423 3624 658 3691; x_wconf 86' lang='lat' dir='ltr'><strong>peccato</strong></span> <span class='ocrx_word' id='word_1_244' title='bbox 708 3619 926 3686; x_wconf 86' lang='lat' dir='ltr'><strong>fratris,</strong></span> <span class='ocrx_word' id='word_1_245' title='bbox 979 3620 1028 3674; x_wconf 87' lang='lat' dir='ltr'><strong>si</strong></span> <span class='ocrx_word' id='word_1_246' title='bbox 1072 3617 1216 3675; x_wconf 88' lang='lat' dir='ltr'><strong>alter</strong></span> <span class='ocrx_word' id='word_1_247' title='bbox 1275 3619 1515 3675; x_wconf 87' lang='lat' dir='ltr'><strong>alterius</strong></span> <span class='ocrx_word' id='word_1_248' title='bbox 1565 3636 1742 3675; x_wconf 90' lang='lat' dir='ltr'><strong>onera</strong></span> <span class='ocrx_word' id='word_1_249' title='bbox 1768 3625 2068 3690; x_wconf 81' lang='lat' dir='ltr'><strong>portemus</strong></span> 
     </span>
    </p>
   </div>
   <div class='ocr_carea' id='block_1_38' title="bbox 419 3707 839 3778">
    <p class='ocr_par' dir='ltr' id='par_1_38' title="bbox 419 3707 839 3778">
     <span class='ocr_line' id='line_1_38' title="bbox 419 3707 839 3778; baseline -0.002 -16"><span class='ocrx_word' id='word_1_250' title='bbox 419 3707 622 3778; x_wconf 83' lang='lat' dir='ltr'><strong>(Galat.</strong></span> <span class='ocrx_word' id='word_1_251' title='bbox 655 3721 732 3772; x_wconf 84' lang='lat' dir='ltr'><strong>v1,</strong></span> <span class='ocrx_word' id='word_1_252' title='bbox 761 3707 839 3777; x_wconf 87' lang='grc'><strong>2).</strong></span> 
     </span>
    </p>
   </div>
   <div class='ocr_carea' id='block_1_39' title="bbox 489 3793 2066 3867">
    <p class='ocr_par' dir='ltr' id='par_1_39' title="bbox 489 3793 2066 3867">
     <span class='ocr_line' id='line_1_39' title="bbox 489 3793 2066 3867; baseline 0.001 -19"><span class='ocrx_word' id='word_1_253' title='bbox 489 3794 678 3865; x_wconf 81' lang='lat' dir='ltr'><strong>(Vere.</strong></span> <span class='ocrx_word' id='word_1_254' title='bbox 707 3795 788 3865; x_wconf 91' lang='lat'><strong>8.)</strong></span> <span class='ocrx_word' id='word_1_255' title='bbox 823 3817 851 3844; x_wconf 88' lang='lat'>«</span> <span class='ocrx_word' id='word_1_256' title='bbox 901 3793 1062 3850; x_wconf 83' lang='lat' dir='ltr'><strong>Beati</strong></span> <span class='ocrx_word' id='word_1_257' title='bbox 1113 3794 1334 3850; x_wconf 90' lang='lat' dir='ltr'><strong>mundo</strong></span> <span class='ocrx_word' id='word_1_258' title='bbox 1382 3795 1579 3862; x_wconf 88' lang='lat' dir='ltr'><strong>corde,</strong></span> <span class='ocrx_word' id='word_1_259' title='bbox 1625 3793 1901 3866; x_wconf 86' lang='lat' dir='ltr'><strong>quoniam</strong></span> <span class='ocrx_word' id='word_1_260' title='bbox 1953 3795 2066 3867; x_wconf 76' lang='lat' dir='ltr'><strong>ipsi</strong></span> 
     </span>
    </p>
   </div>
   <div class='ocr_carea' id='block_1_40' title="bbox 419 3883 2071 3956">
    <p class='ocr_par' dir='ltr' id='par_1_40' title="bbox 419 3883 2071 3956">
     <span class='ocr_line' id='line_1_40' title="bbox 419 3883 2071 3956; baseline -0.001 -15"><span class='ocrx_word' id='word_1_261' title='bbox 419 3888 602 3942; x_wconf 84' lang='lat' dir='ltr'><strong>Deum</strong></span> <span class='ocrx_word' id='word_1_262' title='bbox 651 3884 961 3939; x_wconf 89' lang='lat' dir='ltr'><strong>videbunt.</strong></span> <span class='ocrx_word' id='word_1_263' title='bbox 1018 3904 1040 3934; x_wconf 74' lang='grc' dir='ltr'><strong>ι</strong></span> <span class='ocrx_word' id='word_1_264' title='bbox 1091 3885 1250 3950; x_wconf 86' lang='lat' dir='ltr'><strong>Quos</strong></span> <span class='ocrx_word' id='word_1_265' title='bbox 1295 3899 1410 3938; x_wconf 91' lang='lat' dir='ltr'><strong>non</strong></span> <span class='ocrx_word' id='word_1_266' title='bbox 1467 3883 1661 3956; x_wconf 87' lang='lat' dir='ltr'><strong>arguit</strong></span> <span class='ocrx_word' id='word_1_267' title='bbox 1717 3884 2071 3940; x_wconf 88' lang='lat' dir='ltr'><strong>conscientia</strong></span> 
     </span>
    </p>
   </div>
   <div class='ocr_carea' id='block_1_41' title="bbox 418 3972 2069 4046">
    <p class='ocr_par' dir='ltr' id='par_1_41' title="bbox 418 3972 2069 4046">
     <span class='ocr_line' id='line_1_41' title="bbox 418 3972 2069 4046; baseline 0 -16"><span class='ocrx_word' id='word_1_268' title='bbox 418 3973 539 4031; x_wconf 89' lang='lat' dir='ltr'><strong>ulla</strong></span> <span class='ocrx_word' id='word_1_269' title='bbox 587 3973 831 4046; x_wconf 85' lang='lat' dir='ltr'><strong>peccati.</strong></span> <span class='ocrx_word' id='word_1_270' title='bbox 888 3972 1144 4028; x_wconf 88' lang='lat' dir='ltr'><strong>Mundus</strong></span> <span class='ocrx_word' id='word_1_271' title='bbox 1195 3973 1415 4028; x_wconf 91' lang='lat' dir='ltr'><strong>mundo</strong></span> <span class='ocrx_word' id='word_1_272' title='bbox 1458 3973 1628 4029; x_wconf 90' lang='lat' dir='ltr'><strong>corde</strong></span> <span class='ocrx_word' id='word_1_273' title='bbox 1670 3973 2069 4046; x_wconf 87' lang='lat' dir='ltr'><strong>conspicitur:</strong></span> 
     </span>
    </p>
   </div>
   <div class='ocr_carea' id='block_1_42' title="bbox 417 4061 1710 4136">
    <p class='ocr_par' dir='ltr' id='par_1_42' title="bbox 417 4061 1710 4136">
     <span class='ocr_line' id='line_1_42' title="bbox 417 4061 1710 4136; baseline 0 -18"><span class='ocrx_word' id='word_1_274' title='bbox 417 4062 703 4136; x_wconf 89' lang='lat' dir='ltr'><strong>templum</strong></span> <span class='ocrx_word' id='word_1_275' title='bbox 739 4061 836 4118; x_wconf 90' lang='lat' dir='ltr'><strong>Dei</strong></span> <span class='ocrx_word' id='word_1_276' title='bbox 871 4078 987 4117; x_wconf 90' lang='lat' dir='ltr'><strong>non</strong></span> <span class='ocrx_word' id='word_1_277' title='bbox 1017 4065 1210 4135; x_wconf 87' lang='lat' dir='ltr'><strong>potest</strong></span> <span class='ocrx_word' id='word_1_278' title='bbox 1239 4078 1367 4118; x_wconf 88' lang='lat' dir='ltr'><strong>esse</strong></span> <span class='ocrx_word' id='word_1_279' title='bbox 1397 4061 1710 4134; x_wconf 90' lang='lat' dir='ltr'><strong>pollutum.</strong></span> 
     </span>
    </p>
   </div>
   <div class='ocr_carea' id='block_1_43' title="bbox 393 4151 2067 4225">
    <p class='ocr_par' dir='ltr' id='par_1_43' title="bbox 393 4151 2067 4225">
     <span class='ocr_line' id='line_1_43' title="bbox 393 4151 2067 4225; baseline 0.001 -18"><span class='ocrx_word' id='word_1_280' title='bbox 393 4199 396 4201; x_wconf 96' lang='lat'><strong>.</strong></span> <span class='ocrx_word' id='word_1_281' title='bbox 485 4155 676 4225; x_wconf 89' lang='lat' dir='ltr'><strong>(Vers.</strong></span> <span class='ocrx_word' id='word_1_282' title='bbox 703 4152 764 4208; x_wconf 82' lang='lat'><strong>.9.</strong></span> <span class='ocrx_word' id='word_1_283' title='bbox 799 4151 817 4224; x_wconf 93' lang='lat'><strong>)</strong></span> <span class='ocrx_word' id='word_1_284' title='bbox 850 4175 876 4202; x_wconf 66' lang='grc' dir='ltr'><strong>τι</strong></span> <span class='ocrx_word' id='word_1_285' title='bbox 911 4151 1071 4208; x_wconf 84' lang='lat' dir='ltr'><strong>Beati</strong></span> <span class='ocrx_word' id='word_1_286' title='bbox 1104 4152 1354 4225; x_wconf 86' lang='lat' dir='ltr'><strong>paciﬁci,</strong></span> <span class='ocrx_word' id='word_1_287' title='bbox 1387 4152 1665 4224; x_wconf 87' lang='lat' dir='ltr'><strong>quoniam</strong></span> <span class='ocrx_word' id='word_1_288' title='bbox 1698 4151 1803 4209; x_wconf 89' lang='lat' dir='ltr'><strong>ﬁlii</strong></span> <span class='ocrx_word' id='word_1_289' title='bbox 1835 4153 1934 4209; x_wconf 90' lang='lat' dir='ltr'><strong>Dei</strong></span> <span class='ocrx_word' id='word_1_290' title='bbox 1963 4170 2067 4209; x_wconf 86' lang='lat' dir='ltr'><strong>vo-</strong></span> 
     </span>
    </p>
   </div>
   <div class='ocr_carea' id='block_1_44' title="bbox 414 4241 2069 4314">
    <p class='ocr_par' dir='ltr' id='par_1_44' title="bbox 414 4241 2069 4314">
     <span class='ocr_line' id='line_1_44' title="bbox 414 4241 2069 4314; baseline -0.003 -13"><span class='ocrx_word' id='word_1_291' title='bbox 414 4243 726 4301; x_wconf 86' lang='lat' dir='ltr'><strong>cabuntur.</strong></span> <span class='ocrx_word' id='word_1_292' title='bbox 764 4265 792 4292; x_wconf 77' lang='grc'>»</span> <span class='ocrx_word' id='word_1_293' title='bbox 827 4241 933 4309; x_wconf 85' lang='lat' dir='ltr'><strong>Qui</strong></span> <span class='ocrx_word' id='word_1_294' title='bbox 966 4241 1222 4314; x_wconf 86' lang='lat' dir='ltr'><strong>primum</strong></span> <span class='ocrx_word' id='word_1_295' title='bbox 1271 4241 1332 4297; x_wconf 90' lang='lat' dir='ltr'><strong>in</strong></span> <span class='ocrx_word' id='word_1_296' title='bbox 1373 4243 1542 4297; x_wconf 90' lang='lat' dir='ltr'><strong>corde</strong></span> <span class='ocrx_word' id='word_1_297' title='bbox 1593 4259 1720 4310; x_wconf 90' lang='lat' dir='ltr'><strong>suo,</strong></span> <span class='ocrx_word' id='word_1_298' title='bbox 1772 4243 1981 4298; x_wconf 91' lang='lat' dir='ltr'><strong>deinde</strong></span> <span class='ocrx_word' id='word_1_299' title='bbox 2010 4246 2069 4297; x_wconf 89' lang='lat' dir='ltr'><strong>et</strong></span> 
     </span>
    </p>
   </div>
   <div class='ocr_carea' id='block_1_45' title="bbox 418 4330 2065 4403">
    <p class='ocr_par' dir='ltr' id='par_1_45' title="bbox 418 4330 2065 4403">
     <span class='ocr_line' id='line_1_45' title="bbox 418 4330 2065 4403; baseline -0.002 -15"><span class='ocrx_word' id='word_1_300' title='bbox 418 4333 569 4390; x_wconf 91' lang='lat' dir='ltr'><strong>inter</strong></span> <span class='ocrx_word' id='word_1_301' title='bbox 600 4333 811 4388; x_wconf 89' lang='lat' dir='ltr'><strong>fratres</strong></span> <span class='ocrx_word' id='word_1_302' title='bbox 843 4331 1200 4388; x_wconf 89' lang='lat' dir='ltr'><strong>dissidentes</strong></span> <span class='ocrx_word' id='word_1_303' title='bbox 1221 4345 1421 4403; x_wconf 89' lang='lat' dir='ltr'><strong>pacem</strong></span> <span class='ocrx_word' id='word_1_304' title='bbox 1453 4331 1695 4387; x_wconf 86' lang='lat' dir='ltr'><strong>faciunt.</strong></span> <span class='ocrx_word' id='word_1_305' title='bbox 1729 4330 1875 4394; x_wconf 87' lang='lat' dir='ltr'><strong>Quid</strong></span> <span class='ocrx_word' id='word_1_306' title='bbox 1909 4332 2065 4386; x_wconf 86' lang='lat' dir='ltr'><strong>enim</strong></span> 
     </span>
    </p>
   </div>
   <div class='ocr_carea' id='block_1_46' title="bbox 420 4419 2068 4493">
    <p class='ocr_par' dir='ltr' id='par_1_46' title="bbox 420 4419 2068 4493">
     <span class='ocr_line' id='line_1_46' title="bbox 420 4419 2068 4493; baseline -0.001 -16"><span class='ocrx_word' id='word_1_307' title='bbox 420 4422 660 4493; x_wconf 85' lang='lat' dir='ltr'><strong>prodest</strong></span> <span class='ocrx_word' id='word_1_308' title='bbox 689 4420 835 4476; x_wconf 90' lang='lat' dir='ltr'><strong>alios</strong></span> <span class='ocrx_word' id='word_1_309' title='bbox 867 4437 969 4492; x_wconf 89' lang='lat' dir='ltr'><strong>per</strong></span> <span class='ocrx_word' id='word_1_310' title='bbox 998 4424 1055 4476; x_wconf 88' lang='lat' dir='ltr'><strong>te</strong></span> <span class='ocrx_word' id='word_1_311' title='bbox 1085 4420 1304 4492; x_wconf 86' lang='lat' dir='ltr'><strong>pacari,</strong></span> <span class='ocrx_word' id='word_1_312' title='bbox 1335 4435 1469 4474; x_wconf 91' lang='lat' dir='ltr'><strong>cum</strong></span> <span class='ocrx_word' id='word_1_313' title='bbox 1500 4419 1558 4476; x_wconf 92' lang='lat' dir='ltr'><strong>in</strong></span> <span class='ocrx_word' id='word_1_314' title='bbox 1591 4424 1691 4475; x_wconf 91' lang='lat' dir='ltr'><strong>tuo</strong></span> <span class='ocrx_word' id='word_1_315' title='bbox 1723 4419 1917 4475; x_wconf 88' lang='lat' dir='ltr'><strong>animo</strong></span> <span class='ocrx_word' id='word_1_316' title='bbox 1948 4419 2068 4476; x_wconf 90' lang='lat' dir='ltr'><strong>sint</strong></span> 
     </span>
    </p>
   </div>
   <div class='ocr_carea' id='block_1_47' title="bbox 420 4509 926 4566">
    <p class='ocr_par' dir='ltr' id='par_1_47' title="bbox 420 4509 926 4566">
     <span class='ocr_line' id='line_1_47' title="bbox 420 4509 926 4566; baseline -0.004 0"><span class='ocrx_word' id='word_1_317' title='bbox 420 4509 574 4566; x_wconf 87' lang='lat' dir='ltr'><strong>bella</strong></span> <span class='ocrx_word' id='word_1_318' title='bbox 601 4509 878 4565; x_wconf 85' lang='lat' dir='ltr'><strong>vitiorum</strong></span> <span class='ocrx_word' id='word_1_319' title='bbox 904 4512 926 4563; x_wconf 75' lang='grc' dir='ltr'>Ρ</span> 
     </span>
    </p>
   </div>
   <div class='ocr_carea' id='block_1_48' title="bbox 491 4597 2068 4670">
    <p class='ocr_par' dir='ltr' id='par_1_48' title="bbox 491 4597 2068 4670">
     <span class='ocr_line' id='line_1_48' title="bbox 491 4597 2068 4670; baseline 0 -15"><span class='ocrx_word' id='word_1_320' title='bbox 491 4599 674 4669; x_wconf 86' lang='lat' dir='ltr'><strong>(Vere.</strong></span> <span class='ocrx_word' id='word_1_321' title='bbox 707 4598 816 4670; x_wconf 92' lang='grc'><strong>10.)</strong></span> <span class='ocrx_word' id='word_1_322' title='bbox 863 4619 885 4649; x_wconf 86' lang='grc' dir='ltr'>ι</span> <span class='ocrx_word' id='word_1_323' title='bbox 919 4597 1078 4654; x_wconf 90' lang='lat' dir='ltr'><strong>Beati</strong></span> <span class='ocrx_word' id='word_1_324' title='bbox 1101 4597 1199 4670; x_wconf 90' lang='lat' dir='ltr'><strong>qui</strong></span> <span class='ocrx_word' id='word_1_325' title='bbox 1244 4597 1709 4670; x_wconf 86' lang='lat' dir='ltr'><strong>persecutionem</strong></span> <span class='ocrx_word' id='word_1_326' title='bbox 1762 4598 2068 4670; x_wconf 87' lang='lat' dir='ltr'><strong>patiuntur</strong></span> 
     </span>
    </p>
   </div>
   <div class='ocr_carea' id='block_1_49' title="bbox 2198 676 3846 743">
    <p class='ocr_par' dir='ltr' id='par_1_49' title="bbox 2198 676 3846 743">
     <span class='ocr_line' id='line_1_49' title="bbox 2198 676 3846 743; baseline 0.001 -11"><span class='ocrx_word' id='word_1_327' title='bbox 2198 676 2566 732; x_wconf 87' lang='lat' dir='ltr'><strong>maledictio:</strong></span> <span class='ocrx_word' id='word_1_328' title='bbox 2621 676 2808 742; x_wconf 86' lang='lat' dir='ltr'><strong>Omne,</strong></span> <span class='ocrx_word' id='word_1_329' title='bbox 2864 677 3086 743; x_wconf 90' lang='lat' dir='ltr'><strong>dicens,</strong></span> <span class='ocrx_word' id='word_1_330' title='bbox 3138 677 3492 732; x_wconf 82' lang='lat' dir='ltr'><strong>maledictum</strong></span> <span class='ocrx_word' id='word_1_331' title='bbox 3553 677 3846 734; x_wconf 76' lang='lat' dir='ltr'><strong>adversum</strong></span> 
     </span>
    </p>
   </div>
   <div class='ocr_carea' id='block_1_50' title="bbox 2196 766 3841 839">
    <p class='ocr_par' dir='ltr' id='par_1_50' title="bbox 2196 766 3841 839">
     <span class='ocr_line' id='line_1_50' title="bbox 2196 766 3841 839; baseline 0.002 -18"><span class='ocrx_word' id='word_1_332' title='bbox 2196 782 2306 832; x_wconf 81' lang='lat' dir='ltr'><strong>vos,</strong></span> <span class='ocrx_word' id='word_1_333' title='bbox 2339 768 2658 822; x_wconf 83' lang='lat' dir='ltr'><strong>mentientes</strong></span> <span class='ocrx_word' id='word_1_334' title='bbox 2703 771 2926 838; x_wconf 81' lang='lat' dir='ltr'><strong>propter</strong></span> <span class='ocrx_word' id='word_1_335' title='bbox 2971 783 3076 822; x_wconf 86' lang='lat' dir='ltr'><strong>me.</strong></span> <span class='ocrx_word' id='word_1_336' title='bbox 3131 766 3234 821; x_wconf 89' lang='lat' dir='ltr'><strong>Ubi</strong></span> <span class='ocrx_word' id='word_1_337' title='bbox 3293 783 3428 839; x_wconf 91' lang='lat' dir='ltr'><strong>ergo</strong></span> <span class='ocrx_word' id='word_1_338' title='bbox 3479 767 3747 823; x_wconf 89' lang='lat' dir='ltr'><strong>Christus</strong></span> <span class='ocrx_word' id='word_1_339' title='bbox 3779 769 3841 824; x_wconf 90' lang='lat' dir='ltr'><strong>in</strong></span> 
     </span>
    </p>
   </div>
   <div class='ocr_carea' id='block_1_51' title="bbox 2196 855 3494 926">
    <p class='ocr_par' dir='ltr' id='par_1_51' title="bbox 2196 855 3494 926">
     <span class='ocr_line' id='line_1_51' title="bbox 2196 855 3494 926; baseline 0.002 -17"><span class='ocrx_word' id='word_1_340' title='bbox 2196 871 2374 910; x_wconf 86' lang='lat' dir='ltr'><strong>causa</strong></span> <span class='ocrx_word' id='word_1_341' title='bbox 2402 862 2509 925; x_wconf 90' lang='lat' dir='ltr'><strong>est,</strong></span> <span class='ocrx_word' id='word_1_342' title='bbox 2542 855 2621 910; x_wconf 92' lang='lat' dir='ltr'><strong>ibi</strong></span> <span class='ocrx_word' id='word_1_343' title='bbox 2655 860 2714 910; x_wconf 91' lang='lat' dir='ltr'><strong>et</strong></span> <span class='ocrx_word' id='word_1_344' title='bbox 2743 855 2998 926; x_wconf 84' lang='lat' dir='ltr'><strong>Optanda</strong></span> <span class='ocrx_word' id='word_1_345' title='bbox 3029 855 3357 910; x_wconf 89' lang='lat' dir='ltr'><strong>maledictio</strong></span> <span class='ocrx_word' id='word_1_346' title='bbox 3389 862 3494 911; x_wconf 90' lang='lat' dir='ltr'><strong>est.</strong></span> 
     </span>
    </p>
   </div>
   <div class='ocr_carea' id='block_1_52' title="bbox 2267 943 3838 1017">
    <p class='ocr_par' dir='ltr' id='par_1_52' title="bbox 2267 943 3838 1017">
     <span class='ocr_line' id='line_1_52' title="bbox 2267 943 3838 1017; baseline 0.004 -21"><span class='ocrx_word' id='word_1_347' title='bbox 2267 943 2454 1014; x_wconf 83' lang='lat' dir='ltr'><strong>(Vere.</strong></span> <span class='ocrx_word' id='word_1_348' title='bbox 2489 944 2600 1014; x_wconf 83' lang='grc'><strong>12.)</strong></span> <span class='ocrx_word' id='word_1_349' title='bbox 2635 967 2663 993; x_wconf 91' lang='grc'><strong>‹‹</strong></span> <span class='ocrx_word' id='word_1_350' title='bbox 2731 944 2988 999; x_wconf 87' lang='lat' dir='ltr'><strong>Gaudete</strong></span> <span class='ocrx_word' id='word_1_351' title='bbox 3054 949 3110 1000; x_wconf 92' lang='lat' dir='ltr'><strong>et</strong></span> <span class='ocrx_word' id='word_1_352' title='bbox 3175 944 3487 1014; x_wconf 89' lang='lat' dir='ltr'><strong>exsultate,</strong></span> <span class='ocrx_word' id='word_1_353' title='bbox 3557 947 3838 1017; x_wconf 88' lang='lat' dir='ltr'><strong>quoniam</strong></span> 
     </span>
    </p>
   </div>
   <div class='ocr_carea' id='block_1_53' title="bbox 2197 1033 3838 1108">
    <p class='ocr_par' dir='ltr' id='par_1_53' title="bbox 2197 1033 3838 1108">
     <span class='ocr_line' id='line_1_53' title="bbox 2197 1033 3838 1108; baseline 0.002 -21"><span class='ocrx_word' id='word_1_354' title='bbox 2197 1049 2417 1088; x_wconf 89' lang='lat' dir='ltr'><strong>merces</strong></span> <span class='ocrx_word' id='word_1_355' title='bbox 2445 1039 2634 1088; x_wconf 84' lang='lat' dir='ltr'><strong>vestra</strong></span> <span class='ocrx_word' id='word_1_356' title='bbox 2663 1033 2898 1104; x_wconf 89' lang='lat' dir='ltr'><strong>copiosa</strong></span> <span class='ocrx_word' id='word_1_357' title='bbox 2926 1039 3014 1089; x_wconf 87' lang='lat' dir='ltr'><strong>est</strong></span> <span class='ocrx_word' id='word_1_358' title='bbox 3047 1035 3103 1088; x_wconf 92' lang='lat' dir='ltr'><strong>in</strong></span> <span class='ocrx_word' id='word_1_359' title='bbox 3137 1034 3316 1090; x_wconf 70' lang='lat' dir='ltr'><strong>caelis.</strong></span> <span class='ocrx_word' id='word_1_360' title='bbox 3370 1035 3463 1089; x_wconf 86' lang='lat' dir='ltr'><strong>Sic</strong></span> <span class='ocrx_word' id='word_1_361' title='bbox 3511 1036 3666 1090; x_wconf 87' lang='lat' dir='ltr'><strong>enim</strong></span> <span class='ocrx_word' id='word_1_362' title='bbox 3708 1053 3838 1108; x_wconf 87' lang='lat' dir='ltr'><strong>per-</strong></span> 
     </span>
    </p>
   </div>
   <div class='ocr_carea' id='block_1_54' title="bbox 2194 1123 3839 1195">
    <p class='ocr_par' dir='ltr' id='par_1_54' title="bbox 2194 1123 3839 1195">
     <span class='ocr_line' id='line_1_54' title="bbox 2194 1123 3839 1195; baseline 0.002 -18"><span class='ocrx_word' id='word_1_363' title='bbox 2194 1124 2376 1178; x_wconf 88' lang='lat' dir='ltr'><strong>secuti</strong></span> <span class='ocrx_word' id='word_1_364' title='bbox 2409 1129 2549 1178; x_wconf 88' lang='lat' dir='ltr'><strong>sunt</strong></span> <span class='ocrx_word' id='word_1_365' title='bbox 2580 1123 2893 1195; x_wconf 87' lang='lat' dir='ltr'><strong>prophetas</strong></span> <span class='ocrx_word' id='word_1_366' title='bbox 2913 1124 3010 1195; x_wconf 90' lang='lat' dir='ltr'><strong>qui</strong></span> <span class='ocrx_word' id='word_1_367' title='bbox 3031 1125 3266 1179; x_wconf 83' lang='lat' dir='ltr'><strong>luerunt</strong></span> <span class='ocrx_word' id='word_1_368' title='bbox 3283 1129 3415 1179; x_wconf 89' lang='lat' dir='ltr'><strong>ante</strong></span> <span class='ocrx_word' id='word_1_369' title='bbox 3432 1141 3551 1180; x_wconf 88' lang='lat' dir='ltr'><strong>vos.</strong></span> <span class='ocrx_word' id='word_1_370' title='bbox 3577 1147 3604 1174; x_wconf 87' lang='grc'><strong>››</strong></span> <span class='ocrx_word' id='word_1_371' title='bbox 3630 1124 3839 1182; x_wconf 86' lang='lat' dir='ltr'><strong>Nescio</strong></span> 
     </span>
    </p>
   </div>
   <div class='ocr_carea' id='block_1_55' title="bbox 2195 1211 3842 1285">
    <p class='ocr_par' dir='ltr' id='par_1_55' title="bbox 2195 1211 3842 1285">
     <span class='ocr_line' id='line_1_55' title="bbox 2195 1211 3842 1285; baseline 0.004 -19"><span class='ocrx_word' id='word_1_372' title='bbox 2195 1212 2328 1284; x_wconf 88' lang='lat' dir='ltr'><strong>quis</strong></span> <span class='ocrx_word' id='word_1_373' title='bbox 2373 1211 2482 1266; x_wconf 93' lang='lat' dir='ltr'><strong>hoc</strong></span> <span class='ocrx_word' id='word_1_374' title='bbox 2535 1217 2800 1268; x_wconf 89' lang='lat' dir='ltr'><strong>nostrum</strong></span> <span class='ocrx_word' id='word_1_375' title='bbox 2865 1212 3052 1284; x_wconf 91' lang='lat' dir='ltr'><strong>possit</strong></span> <span class='ocrx_word' id='word_1_376' title='bbox 3116 1212 3380 1285; x_wconf 88' lang='lat' dir='ltr'><strong>implere,</strong></span> <span class='ocrx_word' id='word_1_377' title='bbox 3436 1218 3501 1268; x_wconf 93' lang='lat' dir='ltr'><strong>ut</strong></span> <span class='ocrx_word' id='word_1_378' title='bbox 3550 1213 3842 1272; x_wconf 86' lang='lat' dir='ltr'><strong>laceretur</strong></span> 
     </span>
    </p>
   </div>
   <div class='ocr_carea' id='block_1_56' title="bbox 2193 1301 3837 1374">
    <p class='ocr_par' dir='ltr' id='par_1_56' title="bbox 2193 1301 3837 1374">
     <span class='ocr_line' id='line_1_56' title="bbox 2193 1301 3837 1374; baseline 0.002 -18"><span class='ocrx_word' id='word_1_379' title='bbox 2193 1301 2521 1374; x_wconf 81' lang='lat' dir='ltr'><strong>opprobriis</strong></span> <span class='ocrx_word' id='word_1_380' title='bbox 2588 1302 2742 1356; x_wconf 87' lang='lat' dir='ltr'><strong>fama</strong></span> <span class='ocrx_word' id='word_1_381' title='bbox 2808 1307 3026 1363; x_wconf 90' lang='lat' dir='ltr'><strong>nostra,</strong></span> <span class='ocrx_word' id='word_1_382' title='bbox 3095 1307 3150 1357; x_wconf 91' lang='lat' dir='ltr'><strong>et</strong></span> <span class='ocrx_word' id='word_1_383' title='bbox 3199 1319 3306 1358; x_wconf 91' lang='lat' dir='ltr'><strong>nos</strong></span> <span class='ocrx_word' id='word_1_384' title='bbox 3366 1302 3727 1360; x_wconf 87' lang='lat' dir='ltr'><strong>exsultemus</strong></span> <span class='ocrx_word' id='word_1_385' title='bbox 3775 1304 3837 1360; x_wconf 91' lang='lat' dir='ltr'><strong>in</strong></span> 
     </span>
    </p>
   </div>
   <div class='ocr_carea' id='block_1_57' title="bbox 2193 1389 3836 1465">
    <p class='ocr_par' dir='ltr' id='par_1_57' title="bbox 2193 1389 3836 1465">
     <span class='ocr_line' id='line_1_57' title="bbox 2193 1389 3836 1465; baseline 0.003 -20"><span class='ocrx_word' id='word_1_386' title='bbox 2193 1389 2460 1446; x_wconf 89' lang='lat' dir='ltr'><strong>Domino.</strong></span> <span class='ocrx_word' id='word_1_387' title='bbox 2484 1389 2602 1446; x_wconf 88' lang='lat' dir='ltr'><strong>Hoc</strong></span> <span class='ocrx_word' id='word_1_388' title='bbox 2623 1389 2722 1460; x_wconf 90' lang='lat' dir='ltr'><strong>qui</strong></span> <span class='ocrx_word' id='word_1_389' title='bbox 2752 1407 2962 1446; x_wconf 81' lang='lat' dir='ltr'><strong>vanam</strong></span> <span class='ocrx_word' id='word_1_390' title='bbox 2994 1395 3248 1446; x_wconf 86' lang='lat' dir='ltr'><strong>sectatur</strong></span> <span class='ocrx_word' id='word_1_391' title='bbox 3293 1391 3558 1463; x_wconf 88' lang='lat' dir='ltr'><strong>gloriam;</strong></span> <span class='ocrx_word' id='word_1_392' title='bbox 3591 1392 3836 1465; x_wconf 88' lang='lat' dir='ltr'><strong>implere</strong></span> 
     </span>
    </p>
   </div>
   <div class='ocr_carea' id='block_1_58' title="bbox 2193 1479 3836 1551">
    <p class='ocr_par' dir='ltr' id='par_1_58' title="bbox 2193 1479 3836 1551">
     <span class='ocr_line' id='line_1_58' title="bbox 2193 1479 3836 1551; baseline 0.002 -16"><span class='ocrx_word' id='word_1_393' title='bbox 2193 1496 2308 1535; x_wconf 92' lang='lat' dir='ltr'><strong>non</strong></span> <span class='ocrx_word' id='word_1_394' title='bbox 2333 1483 2545 1551; x_wconf 88' lang='lat' dir='ltr'><strong>potest.</strong></span> <span class='ocrx_word' id='word_1_395' title='bbox 2570 1479 2829 1536; x_wconf 72' lang='lat' dir='ltr'><strong>Gaudere</strong></span> <span class='ocrx_word' id='word_1_396' title='bbox 2852 1480 3030 1551; x_wconf 88' lang='lat' dir='ltr'><strong>igitur</strong></span> <span class='ocrx_word' id='word_1_397' title='bbox 3051 1486 3107 1536; x_wconf 91' lang='lat' dir='ltr'><strong>et</strong></span> <span class='ocrx_word' id='word_1_398' title='bbox 3126 1481 3414 1537; x_wconf 86' lang='lat' dir='ltr'><strong>exsultare</strong></span> <span class='ocrx_word' id='word_1_399' title='bbox 3446 1483 3744 1551; x_wconf 89' lang='lat' dir='ltr'><strong>debemus,</strong></span> <span class='ocrx_word' id='word_1_400' title='bbox 3768 1490 3836 1540; x_wconf 92' lang='lat' dir='ltr'><strong>ut</strong></span> 
     </span>
    </p>
   </div>
   <div class='ocr_carea' id='block_1_59' title="bbox 2192 1567 3838 1644">
    <p class='ocr_par' dir='ltr' id='par_1_59' title="bbox 2192 1567 3838 1644">
     <span class='ocr_line' id='line_1_59' title="bbox 2192 1567 3838 1644; baseline 0.004 -21"><span class='ocrx_word' id='word_1_401' title='bbox 2192 1585 2416 1624; x_wconf 89' lang='lat' dir='ltr'><strong>merces</strong></span> <span class='ocrx_word' id='word_1_402' title='bbox 2438 1567 2607 1624; x_wconf 88' lang='lat' dir='ltr'><strong>nobis</strong></span> <span class='ocrx_word' id='word_1_403' title='bbox 2638 1569 2693 1623; x_wconf 91' lang='lat' dir='ltr'><strong>in</strong></span> <span class='ocrx_word' id='word_1_404' title='bbox 2727 1568 3057 1624; x_wconf 75' lang='lat' dir='ltr'><strong>cmlestibus</strong></span> <span class='ocrx_word' id='word_1_405' title='bbox 3107 1576 3487 1642; x_wconf 67' lang='lat' dir='ltr'><strong>praeparetur.</strong></span> <span class='ocrx_word' id='word_1_406' title='bbox 3531 1571 3838 1644; x_wconf 85' lang='lat' dir='ltr'><strong>Eleganter</strong></span> 
     </span>
    </p>
   </div>
   <div class='ocr_carea' id='block_1_60' title="bbox 2192 1658 3836 1733">
    <p class='ocr_par' dir='ltr' id='par_1_60' title="bbox 2192 1658 3836 1733">
     <span class='ocr_line' id='line_1_60' title="bbox 2192 1658 3836 1733; baseline 0.004 -21"><span class='ocrx_word' id='word_1_407' title='bbox 2192 1658 2249 1712; x_wconf 91' lang='lat' dir='ltr'><strong>in</strong></span> <span class='ocrx_word' id='word_1_408' title='bbox 2282 1659 2535 1729; x_wconf 89' lang='lat' dir='ltr'><strong>quodam</strong></span> <span class='ocrx_word' id='word_1_409' title='bbox 2571 1658 2861 1714; x_wconf 83' lang='lat' dir='ltr'><strong>volumine</strong></span> <span class='ocrx_word' id='word_1_410' title='bbox 2892 1658 3174 1728; x_wconf 90' lang='lat' dir='ltr'><strong>scriptum</strong></span> <span class='ocrx_word' id='word_1_411' title='bbox 3207 1659 3458 1731; x_wconf 79' lang='lat' dir='ltr'><strong>legimus</strong></span> <span class='ocrx_word' id='word_1_412' title='bbox 3484 1677 3495 1716; x_wconf 88' lang='lat'><strong>:</strong></span> <span class='ocrx_word' id='word_1_413' title='bbox 3520 1684 3547 1711; x_wconf 86' lang='lat'>«</span> <span class='ocrx_word' id='word_1_414' title='bbox 3572 1661 3652 1717; x_wconf 81' lang='lat' dir='ltr'><strong>Ne</strong></span> <span class='ocrx_word' id='word_1_415' title='bbox 3683 1680 3836 1733; x_wconf 77' lang='lat' dir='ltr'><strong>qua:-</strong></span> 
     </span>
    </p>
   </div>
   <div class='ocr_carea' id='block_1_61' title="bbox 2192 1746 3835 1822">
    <p class='ocr_par' dir='ltr' id='par_1_61' title="bbox 2192 1746 3835 1822">
     <span class='ocr_line' id='line_1_61' title="bbox 2192 1746 3835 1822; baseline 0.003 -20"><span class='ocrx_word' id='word_1_416' title='bbox 2192 1765 2286 1803; x_wconf 91' lang='lat' dir='ltr'><strong>ras</strong></span> <span class='ocrx_word' id='word_1_417' title='bbox 2325 1746 2594 1819; x_wconf 89' lang='lat' dir='ltr'><strong>gloriam,</strong></span> <span class='ocrx_word' id='word_1_418' title='bbox 2626 1753 2826 1803; x_wconf 90' lang='lat' dir='ltr'><strong>etnon</strong></span> <span class='ocrx_word' id='word_1_419' title='bbox 2878 1747 3100 1804; x_wconf 89' lang='lat' dir='ltr'><strong>dolebis</strong></span> <span class='ocrx_word' id='word_1_420' title='bbox 3147 1766 3281 1804; x_wconf 88' lang='lat' dir='ltr'><strong>cum</strong></span> <span class='ocrx_word' id='word_1_421' title='bbox 3329 1749 3616 1822; x_wconf 87' lang='lat' dir='ltr'><strong>inglorius</strong></span> <span class='ocrx_word' id='word_1_422' title='bbox 3655 1752 3835 1807; x_wconf 82' lang='lat' dir='ltr'><strong>fueris</strong></span> 
     </span>
    </p>
   </div>
   <div class='ocr_carea' id='block_1_62' title="bbox 2191 1837 2700 1907">
    <p class='ocr_par' dir='ltr' id='par_1_62' title="bbox 2191 1837 2700 1907">
     <span class='ocr_line' id='line_1_62' title="bbox 2191 1837 2700 1907; baseline -0.01 -17"><span class='ocrx_word' id='word_1_423' title='bbox 2191 1837 2382 1907; x_wconf 78' lang='lat' dir='ltr'><strong>(Eccti.</strong></span> <span class='ocrx_word' id='word_1_424' title='bbox 2417 1852 2492 1905; x_wconf 81' lang='lat' dir='ltr'><strong>Ix,</strong></span> <span class='ocrx_word' id='word_1_425' title='bbox 2533 1837 2636 1906; x_wconf 83' lang='lat'><strong>16).</strong></span> <span class='ocrx_word' id='word_1_426' title='bbox 2672 1858 2700 1884; x_wconf 74' lang='grc' dir='ltr'><strong>υ</strong></span> 
     </span>
    </p>
   </div>
   <div class='ocr_carea' id='block_1_63' title="bbox 2260 1925 3833 1999">
    <p class='ocr_par' dir='ltr' id='par_1_63' title="bbox 2260 1925 3833 1999">
     <span class='ocr_line' id='line_1_63' title="bbox 2260 1925 3833 1999; baseline 0.002 -18"><span class='ocrx_word' id='word_1_427' title='bbox 2260 1926 2441 1997; x_wconf 90' lang='lat' dir='ltr'><strong>(Vers.</strong></span> <span class='ocrx_word' id='word_1_428' title='bbox 2478 1926 2586 1995; x_wconf 88' lang='grc'><strong>13.)</strong></span> <span class='ocrx_word' id='word_1_429' title='bbox 2625 1946 2647 1972; x_wconf 74' lang='grc' dir='ltr'>ι</span> <span class='ocrx_word' id='word_1_430' title='bbox 2681 1925 2794 1981; x_wconf 85' lang='lat' dir='ltr'><strong>Vos</strong></span> <span class='ocrx_word' id='word_1_431' title='bbox 2825 1925 2968 1981; x_wconf 89' lang='lat' dir='ltr'><strong>estis</strong></span> <span class='ocrx_word' id='word_1_432' title='bbox 2997 1925 3081 1981; x_wconf 87' lang='lat' dir='ltr'><strong>sal</strong></span> <span class='ocrx_word' id='word_1_433' title='bbox 3114 1931 3302 1982; x_wconf 74' lang='lat' dir='ltr'><strong>terres.</strong></span> <span class='ocrx_word' id='word_1_434' title='bbox 3335 1949 3362 1975; x_wconf 73' lang='grc' dir='ltr'><strong>ι»</strong></span> <span class='ocrx_word' id='word_1_435' title='bbox 3397 1926 3493 1982; x_wconf 91' lang='lat' dir='ltr'><strong>Sal</strong></span> <span class='ocrx_word' id='word_1_436' title='bbox 3534 1927 3833 1999; x_wconf 85' lang='lat' dir='ltr'><strong>appellan-</strong></span> 
     </span>
    </p>
   </div>
   <div class='ocr_carea' id='block_1_64' title="bbox 2187 2015 3833 2087">
    <p class='ocr_par' dir='ltr' id='par_1_64' title="bbox 2187 2015 3833 2087">
     <span class='ocr_line' id='line_1_64' title="bbox 2187 2015 3833 2087; baseline 0.003 -18"><span class='ocrx_word' id='word_1_437' title='bbox 2187 2018 2284 2070; x_wconf 88' lang='lat' dir='ltr'><strong>tur</strong></span> <span class='ocrx_word' id='word_1_438' title='bbox 2311 2015 2583 2087; x_wconf 87' lang='lat' dir='ltr'><strong>apostoli,</strong></span> <span class='ocrx_word' id='word_1_439' title='bbox 2617 2015 2756 2086; x_wconf 86' lang='lat' dir='ltr'><strong>quia</strong></span> <span class='ocrx_word' id='word_1_440' title='bbox 2803 2032 2904 2086; x_wconf 91' lang='lat' dir='ltr'><strong>per</strong></span> <span class='ocrx_word' id='word_1_441' title='bbox 2951 2015 3083 2071; x_wconf 90' lang='lat' dir='ltr'><strong>illos</strong></span> <span class='ocrx_word' id='word_1_442' title='bbox 3136 2016 3472 2072; x_wconf 86' lang='lat' dir='ltr'><strong>universum</strong></span> <span class='ocrx_word' id='word_1_443' title='bbox 3523 2017 3833 2074; x_wconf 88' lang='lat' dir='ltr'><strong>hominum</strong></span> 
     </span>
    </p>
   </div>
   <div class='ocr_carea' id='block_1_65' title="bbox 2185 2105 3832 2176">
    <p class='ocr_par' dir='ltr' id='par_1_65' title="bbox 2185 2105 3832 2176">
     <span class='ocr_line' id='line_1_65' title="bbox 2185 2105 3832 2176; baseline 0.002 -16"><span class='ocrx_word' id='word_1_444' title='bbox 2185 2105 2455 2160; x_wconf 88' lang='lat' dir='ltr'><strong>conditur</strong></span> <span class='ocrx_word' id='word_1_445' title='bbox 2484 2121 2688 2176; x_wconf 90' lang='lat' dir='ltr'><strong>genus.</strong></span> <span class='ocrx_word' id='word_1_446' title='bbox 2741 2105 2836 2161; x_wconf 68' lang='lat'><strong>25</strong></span> <span class='ocrx_word' id='word_1_447' title='bbox 2873 2127 2900 2153; x_wconf 86' lang='grc'><strong>‹‹</strong></span> <span class='ocrx_word' id='word_1_448' title='bbox 2953 2105 3115 2168; x_wconf 87' lang='lat' dir='ltr'><strong>Quod</strong></span> <span class='ocrx_word' id='word_1_449' title='bbox 3165 2105 3213 2161; x_wconf 85' lang='lat' dir='ltr'><strong>si</strong></span> <span class='ocrx_word' id='word_1_450' title='bbox 3263 2105 3350 2161; x_wconf 86' lang='lat' dir='ltr'><strong>sal</strong></span> <span class='ocrx_word' id='word_1_451' title='bbox 3403 2106 3722 2174; x_wconf 89' lang='lat' dir='ltr'><strong>evanuerit,</strong></span> <span class='ocrx_word' id='word_1_452' title='bbox 3773 2107 3832 2163; x_wconf 90' lang='lat' dir='ltr'><strong>in</strong></span> 
     </span>
    </p>
   </div>
   <div class='ocr_carea' id='block_1_66' title="bbox 2185 2189 3832 2267">
    <p class='ocr_par' dir='ltr' id='par_1_66' title="bbox 2185 2189 3832 2267">
     <span class='ocr_line' id='line_1_66' title="bbox 2185 2189 3832 2267; baseline 0.002 -18"><span class='ocrx_word' id='word_1_453' title='bbox 2185 2211 2301 2267; x_wconf 89' lang='lat' dir='ltr'><strong>quo</strong></span> <span class='ocrx_word' id='word_1_454' title='bbox 2332 2189 2576 2249; x_wconf 74' lang='lat' dir='ltr'><strong>salietur</strong></span> <span class='ocrx_word' id='word_1_455' title='bbox 2596 2193 2624 2248; x_wconf 69' lang='grc' dir='ltr'><strong><em>Ἰ</em></strong></span> <span class='ocrx_word' id='word_1_456' title='bbox 2656 2216 2682 2243; x_wconf 85' lang='grc'><strong>››</strong></span> <span class='ocrx_word' id='word_1_457' title='bbox 2718 2193 2776 2248; x_wconf 91' lang='lat' dir='ltr'><strong>Si</strong></span> <span class='ocrx_word' id='word_1_458' title='bbox 2809 2194 3009 2249; x_wconf 90' lang='lat' dir='ltr'><strong>doctor</strong></span> <span class='ocrx_word' id='word_1_459' title='bbox 3037 2195 3331 2264; x_wconf 88' lang='lat' dir='ltr'><strong>erraverit,</strong></span> <span class='ocrx_word' id='word_1_460' title='bbox 3361 2212 3396 2250; x_wconf 86' lang='lat' dir='ltr'><strong>a</strong></span> <span class='ocrx_word' id='word_1_461' title='bbox 3426 2212 3540 2266; x_wconf 89' lang='lat' dir='ltr'><strong>quo</strong></span> <span class='ocrx_word' id='word_1_462' title='bbox 3589 2195 3702 2251; x_wconf 86' lang='lat' dir='ltr'><strong>alio</strong></span> <span class='ocrx_word' id='word_1_463' title='bbox 3730 2198 3832 2253; x_wconf 85' lang='lat' dir='ltr'><strong>do-</strong></span> 
     </span>
    </p>
   </div>
   <div class='ocr_carea' id='block_1_67' title="bbox 2183 2282 3831 2352">
    <p class='ocr_par' dir='ltr' id='par_1_67' title="bbox 2183 2282 3831 2352">
     <span class='ocr_line' id='line_1_67' title="bbox 2183 2282 3831 2352; baseline 0.004 -16"><span class='ocrx_word' id='word_1_464' title='bbox 2183 2287 2340 2339; x_wconf 88' lang='lat' dir='ltr'><strong>ctore</strong></span> <span class='ocrx_word' id='word_1_465' title='bbox 2370 2282 2824 2339; x_wconf 84' lang='lat' dir='ltr'><strong>emendabitur?</strong></span> <span class='ocrx_word' id='word_1_466' title='bbox 2859 2306 2879 2332; x_wconf 71' lang='grc' dir='ltr'><strong>α</strong></span> <span class='ocrx_word' id='word_1_467' title='bbox 2913 2283 2996 2337; x_wconf 85' lang='lat' dir='ltr'><strong>Ad</strong></span> <span class='ocrx_word' id='word_1_468' title='bbox 3030 2282 3280 2338; x_wconf 90' lang='lat' dir='ltr'><strong>nihilum</strong></span> <span class='ocrx_word' id='word_1_469' title='bbox 3309 2283 3459 2340; x_wconf 84' lang='lat' dir='ltr'><strong>valet</strong></span> <span class='ocrx_word' id='word_1_470' title='bbox 3498 2283 3675 2352; x_wconf 89' lang='lat' dir='ltr'><strong>ultra,</strong></span> <span class='ocrx_word' id='word_1_471' title='bbox 3716 2285 3831 2343; x_wconf 89' lang='lat' dir='ltr'><strong>nisi</strong></span> 
     </span>
    </p>
   </div>
   <div class='ocr_carea' id='block_1_68' title="bbox 2183 2371 3828 2435">
    <p class='ocr_par' dir='ltr' id='par_1_68' title="bbox 2183 2371 3828 2435">
     <span class='ocr_line' id='line_1_68' title="bbox 2183 2371 3828 2435; baseline 0.001 -7"><span class='ocrx_word' id='word_1_472' title='bbox 2183 2378 2247 2428; x_wconf 90' lang='lat' dir='ltr'><strong>ut</strong></span> <span class='ocrx_word' id='word_1_473' title='bbox 2277 2372 2548 2428; x_wconf 89' lang='lat' dir='ltr'><strong>mittatur</strong></span> <span class='ocrx_word' id='word_1_474' title='bbox 2577 2373 2753 2435; x_wconf 84' lang='lat' dir='ltr'><strong>foras,</strong></span> <span class='ocrx_word' id='word_1_475' title='bbox 2785 2376 2841 2427; x_wconf 90' lang='lat' dir='ltr'><strong>et</strong></span> <span class='ocrx_word' id='word_1_476' title='bbox 2870 2371 3243 2428; x_wconf 89' lang='lat' dir='ltr'><strong>conculcetur</strong></span> <span class='ocrx_word' id='word_1_477' title='bbox 3271 2373 3342 2428; x_wconf 85' lang='lat' dir='ltr'><strong>ab</strong></span> <span class='ocrx_word' id='word_1_478' title='bbox 3399 2373 3742 2430; x_wconf 90' lang='lat' dir='ltr'><strong>hominibus</strong></span> <span class='ocrx_word' id='word_1_479' title='bbox 3777 2397 3828 2430; x_wconf 69' lang='grc' dir='ltr'><strong>ι).</strong></span> 
     </span>
    </p>
   </div>
   <div class='ocr_carea' id='block_1_69' title="bbox 2181 2460 3833 2534">
    <p class='ocr_par' dir='ltr' id='par_1_69' title="bbox 2181 2460 3833 2534">
     <span class='ocr_line' id='line_1_69' title="bbox 2181 2460 3833 2534; baseline 0.002 -18"><span class='ocrx_word' id='word_1_480' title='bbox 2181 2460 2524 2534; x_wconf 82' lang='lat' dir='ltr'><strong>Exemplum</strong></span> <span class='ocrx_word' id='word_1_481' title='bbox 2547 2463 2616 2517; x_wconf 92' lang='lat' dir='ltr'><strong>de</strong></span> <span class='ocrx_word' id='word_1_482' title='bbox 2633 2461 2990 2534; x_wconf 84' lang='lat' dir='ltr'><strong>agricultura</strong></span> <span class='ocrx_word' id='word_1_483' title='bbox 3015 2467 3318 2534; x_wconf 90' lang='lat' dir='ltr'><strong>sumptum</strong></span> <span class='ocrx_word' id='word_1_484' title='bbox 3341 2467 3447 2518; x_wconf 89' lang='lat' dir='ltr'><strong>est.</strong></span> <span class='ocrx_word' id='word_1_485' title='bbox 3474 2463 3571 2518; x_wconf 90' lang='lat' dir='ltr'><strong>Sal</strong></span> <span class='ocrx_word' id='word_1_486' title='bbox 3613 2463 3833 2521; x_wconf 87' lang='lat' dir='ltr'><strong>etenim</strong></span> 
     </span>
    </p>
   </div>
   <div class='ocr_carea' id='block_1_70' title="bbox 2182 2549 3830 2619">
    <p class='ocr_par' dir='ltr' id='par_1_70' title="bbox 2182 2549 3830 2619">
     <span class='ocr_line' id='line_1_70' title="bbox 2182 2549 3830 2619; baseline 0.002 -14"><span class='ocrx_word' id='word_1_487' title='bbox 2182 2550 2332 2606; x_wconf 91' lang='lat' dir='ltr'><strong>sicut</strong></span> <span class='ocrx_word' id='word_1_488' title='bbox 2360 2549 2420 2605; x_wconf 90' lang='lat' dir='ltr'><strong>in</strong></span> <span class='ocrx_word' id='word_1_489' title='bbox 2467 2551 2730 2606; x_wconf 89' lang='lat' dir='ltr'><strong>ciborum</strong></span> <span class='ocrx_word' id='word_1_490' title='bbox 2779 2551 3243 2619; x_wconf 89' lang='lat' dir='ltr'><strong>condimentum,</strong></span> <span class='ocrx_word' id='word_1_491' title='bbox 3293 2556 3349 2606; x_wconf 91' lang='lat' dir='ltr'><strong>et</strong></span> <span class='ocrx_word' id='word_1_492' title='bbox 3409 2551 3481 2607; x_wconf 86' lang='lat' dir='ltr'><strong>ad</strong></span> <span class='ocrx_word' id='word_1_493' title='bbox 3522 2551 3830 2609; x_wconf 82' lang='lat' dir='ltr'><strong>siccandas</strong></span> 
     </span>
    </p>
   </div>
   <div class='ocr_carea' id='block_1_71' title="bbox 2181 2639 3830 2706">
    <p class='ocr_par' dir='ltr' id='par_1_71' title="bbox 2181 2639 3830 2706">
     <span class='ocr_line' id='line_1_71' title="bbox 2181 2639 3830 2706; baseline 0.002 -12"><span class='ocrx_word' id='word_1_494' title='bbox 2181 2656 2386 2696; x_wconf 87' lang='lat' dir='ltr'><strong>carnes</strong></span> <span class='ocrx_word' id='word_1_495' title='bbox 2416 2639 2813 2695; x_wconf 86' lang='lat' dir='ltr'><strong>necessarium</strong></span> <span class='ocrx_word' id='word_1_496' title='bbox 2843 2644 2967 2706; x_wconf 87' lang='lat' dir='ltr'><strong>est;</strong></span> <span class='ocrx_word' id='word_1_497' title='bbox 3004 2640 3086 2695; x_wconf 89' lang='lat' dir='ltr'><strong>ita</strong></span> <span class='ocrx_word' id='word_1_498' title='bbox 3115 2640 3298 2696; x_wconf 89' lang='lat' dir='ltr'><strong>alium</strong></span> <span class='ocrx_word' id='word_1_499' title='bbox 3350 2658 3525 2697; x_wconf 90' lang='lat' dir='ltr'><strong>usum</strong></span> <span class='ocrx_word' id='word_1_500' title='bbox 3576 2659 3692 2698; x_wconf 90' lang='lat' dir='ltr'><strong>non</strong></span> <span class='ocrx_word' id='word_1_501' title='bbox 3725 2641 3830 2699; x_wconf 84' lang='lat' dir='ltr'><strong>ha-</strong></span> 
     </span>
    </p>
   </div>
   <div class='ocr_carea' id='block_1_72' title="bbox 2181 2727 3827 2802">
    <p class='ocr_par' dir='ltr' id='par_1_72' title="bbox 2181 2727 3827 2802">
     <span class='ocr_line' id='line_1_72' title="bbox 2181 2727 3827 2802; baseline 0.004 -20"><span class='ocrx_word' id='word_1_502' title='bbox 2181 2729 2300 2783; x_wconf 91' lang='lat' dir='ltr'><strong>bet.</strong></span> <span class='ocrx_word' id='word_1_503' title='bbox 2341 2729 2504 2784; x_wconf 86' lang='lat' dir='ltr'><strong>Certe</strong></span> <span class='ocrx_word' id='word_1_504' title='bbox 2533 2727 2780 2800; x_wconf 86' lang='lat' dir='ltr'><strong>legimus</strong></span> <span class='ocrx_word' id='word_1_505' title='bbox 2812 2729 2869 2782; x_wconf 93' lang='lat' dir='ltr'><strong>in</strong></span> <span class='ocrx_word' id='word_1_506' title='bbox 2903 2728 3241 2801; x_wconf 87' lang='lat' dir='ltr'><strong>Scriptnris,</strong></span> <span class='ocrx_word' id='word_1_507' title='bbox 3299 2731 3477 2786; x_wconf 88' lang='lat' dir='ltr'><strong>urbes</strong></span> <span class='ocrx_word' id='word_1_508' title='bbox 3516 2732 3827 2802; x_wconf 87' lang='lat' dir='ltr'><strong>quasdam,</strong></span> 
     </span>
    </p>
   </div>
   <div class='ocr_carea' id='block_1_73' title="bbox 2179 2815 3826 2889">
    <p class='ocr_par' dir='ltr' id='par_1_73' title="bbox 2179 2815 3826 2889">
     <span class='ocr_line' id='line_1_73' title="bbox 2179 2815 3826 2889; baseline 0.004 -18"><span class='ocrx_word' id='word_1_509' title='bbox 2179 2815 2267 2872; x_wconf 88' lang='lat' dir='ltr'><strong>ira</strong></span> <span class='ocrx_word' id='word_1_510' title='bbox 2293 2818 2398 2888; x_wconf 71' lang='lat' dir='ltr'><strong>(At.</strong></span> <span class='ocrx_word' id='word_1_511' title='bbox 2431 2816 2534 2889; x_wconf 81' lang='lat' dir='ltr'><strong>ita]</strong></span> <span class='ocrx_word' id='word_1_512' title='bbox 2567 2817 2851 2872; x_wconf 89' lang='lat' dir='ltr'><strong>victorum</strong></span> <span class='ocrx_word' id='word_1_513' title='bbox 2884 2816 3002 2872; x_wconf 88' lang='lat' dir='ltr'><strong>sale</strong></span> <span class='ocrx_word' id='word_1_514' title='bbox 3034 2818 3372 2885; x_wconf 81' lang='lat' dir='ltr'><strong>semiustas,</strong></span> <span class='ocrx_word' id='word_1_515' title='bbox 3406 2825 3472 2874; x_wconf 91' lang='lat' dir='ltr'><strong>ut</strong></span> <span class='ocrx_word' id='word_1_516' title='bbox 3502 2819 3732 2876; x_wconf 89' lang='lat' dir='ltr'><strong>nullum</strong></span> <span class='ocrx_word' id='word_1_517' title='bbox 3764 2821 3826 2878; x_wconf 88' lang='lat' dir='ltr'><strong>in</strong></span> 
     </span>
    </p>
   </div>
   <div class='ocr_carea' id='block_1_74' title="bbox 2181 2905 3828 2984">
    <p class='ocr_par' dir='ltr' id='par_1_74' title="bbox 2181 2905 3828 2984">
     <span class='ocr_line' id='line_1_74' title="bbox 2181 2905 3828 2984; baseline 0.004 -25"><span class='ocrx_word' id='word_1_518' title='bbox 2181 2905 2324 2976; x_wconf 89' lang='lat' dir='ltr'><strong>ipsis</strong></span> <span class='ocrx_word' id='word_1_519' title='bbox 2373 2922 2613 2977; x_wconf 85' lang='lat' dir='ltr'><strong>germen</strong></span> <span class='ocrx_word' id='word_1_520' title='bbox 2664 2907 2913 2961; x_wconf 88' lang='lat' dir='ltr'><strong>oriretur</strong></span> <span class='ocrx_word' id='word_1_521' title='bbox 2969 2907 3195 2976; x_wconf 73' lang='lat' dir='ltr'><strong>(Iudith.</strong></span> <span class='ocrx_word' id='word_1_522' title='bbox 3259 2910 3355 2976; x_wconf 84' lang='lat' dir='ltr'><strong>Ix).</strong></span> <span class='ocrx_word' id='word_1_523' title='bbox 3405 2912 3655 2965; x_wconf 84' lang='lat' dir='ltr'><strong>Cavesnt</strong></span> <span class='ocrx_word' id='word_1_524' title='bbox 3689 2925 3828 2984; x_wconf 83' lang='lat' dir='ltr'><strong>ergo</strong></span> 
     </span>
    </p>
   </div>
   <div class='ocr_carea' id='block_1_75' title="bbox 2179 2995 3829 3072">
    <p class='ocr_par' dir='ltr' id='par_1_75' title="bbox 2179 2995 3829 3072">
     <span class='ocr_line' id='line_1_75' title="bbox 2179 2995 3829 3072; baseline 0.005 -23"><span class='ocrx_word' id='word_1_525' title='bbox 2179 2995 2444 3050; x_wconf 89' lang='lat' dir='ltr'><strong>doctores</strong></span> <span class='ocrx_word' id='word_1_526' title='bbox 2479 3000 2535 3050; x_wconf 88' lang='lat' dir='ltr'><strong>et</strong></span> <span class='ocrx_word' id='word_1_527' title='bbox 2562 2995 2841 3066; x_wconf 89' lang='lat' dir='ltr'><strong>episcopi,</strong></span> <span class='ocrx_word' id='word_1_528' title='bbox 2896 3001 2957 3052; x_wconf 79' lang='lat' dir='ltr'><strong>et.</strong></span> <span class='ocrx_word' id='word_1_529' title='bbox 3014 2996 3283 3053; x_wconf 90' lang='lat' dir='ltr'><strong>videant:</strong></span> <span class='ocrx_word' id='word_1_530' title='bbox 3342 2999 3593 3055; x_wconf 80' lang='lat' dir='ltr'><strong>Potentes</strong></span> <span class='ocrx_word' id='word_1_531' title='bbox 3636 3009 3829 3072; x_wconf 83' lang='lat' dir='ltr'><strong>poten-</strong></span> 
     </span>
    </p>
   </div>
   <div class='ocr_carea' id='block_1_76' title="bbox 2177 3086 3829 3160">
    <p class='ocr_par' dir='ltr' id='par_1_76' title="bbox 2177 3086 3829 3160">
     <span class='ocr_line' id='line_1_76' title="bbox 2177 3086 3829 3160; baseline 0.004 -21"><span class='ocrx_word' id='word_1_532' title='bbox 2177 3088 2261 3139; x_wconf 85' lang='lat' dir='ltr'><strong>ter</strong></span> <span class='ocrx_word' id='word_1_533' title='bbox 2305 3088 2578 3139; x_wconf 85' lang='lat' dir='ltr'><strong>tormenta</strong></span> <span class='ocrx_word' id='word_1_534' title='bbox 2618 3087 2891 3140; x_wconf 82' lang='lat' dir='ltr'><strong>sustinere</strong></span> <span class='ocrx_word' id='word_1_535' title='bbox 2933 3086 3082 3157; x_wconf 72' lang='grc' dir='ltr'><strong>(δίῳ.</strong></span> <span class='ocrx_word' id='word_1_536' title='bbox 3128 3103 3202 3152; x_wconf 81' lang='grc' dir='ltr'><strong>νι,</strong></span> <span class='ocrx_word' id='word_1_537' title='bbox 3257 3087 3350 3157; x_wconf 91' lang='lat'><strong>7):</strong></span> <span class='ocrx_word' id='word_1_538' title='bbox 3406 3087 3669 3160; x_wconf 88' lang='lat' dir='ltr'><strong>nihilque</strong></span> <span class='ocrx_word' id='word_1_539' title='bbox 3699 3104 3829 3145; x_wconf 86' lang='lat' dir='ltr'><strong>esse</strong></span> 
     </span>
    </p>
   </div>
   <div class='ocr_carea' id='block_1_77' title="bbox 2178 3173 3828 3244">
    <p class='ocr_par' dir='ltr' id='par_1_77' title="bbox 2178 3173 3828 3244">
     <span class='ocr_line' id='line_1_77' title="bbox 2178 3173 3828 3244; baseline 0.004 -16"><span class='ocrx_word' id='word_1_540' title='bbox 2178 3174 2466 3242; x_wconf 87' lang='lat' dir='ltr'><strong>remedii;</strong></span> <span class='ocrx_word' id='word_1_541' title='bbox 2502 3173 2603 3228; x_wconf 89' lang='lat' dir='ltr'><strong>sed</strong></span> <span class='ocrx_word' id='word_1_542' title='bbox 2666 3174 2956 3244; x_wconf 88' lang='lat' dir='ltr'><strong>majorum</strong></span> <span class='ocrx_word' id='word_1_543' title='bbox 3009 3174 3210 3232; x_wconf 87' lang='lat' dir='ltr'><strong>ruinas</strong></span> <span class='ocrx_word' id='word_1_544' title='bbox 3266 3176 3337 3232; x_wconf 87' lang='lat' dir='ltr'><strong>ad</strong></span> <span class='ocrx_word' id='word_1_545' title='bbox 3393 3182 3681 3233; x_wconf 85' lang='lat' dir='ltr'><strong>tartarum</strong></span> <span class='ocrx_word' id='word_1_546' title='bbox 3713 3178 3828 3234; x_wconf 87' lang='lat' dir='ltr'><strong>du-</strong></span> 
     </span>
    </p>
   </div>
   <div class='ocr_carea' id='block_1_78' title="bbox 2177 3273 3345 3317">
    <p class='ocr_par' dir='ltr' id='par_1_78' title="bbox 2177 3273 3345 3317">
     <span class='ocr_line' id='line_1_78' title="bbox 2177 3273 3345 3317; baseline -0.01 0"><span class='ocrx_word' id='word_1_547' title='bbox 2177 3278 2324 3317; x_wconf 87' lang='lat' dir='ltr'><strong>cere.</strong></span> <span class='ocrx_word' id='word_1_548' title='bbox 3335 3273 3345 3282; x_wconf 90' lang='lat'><strong>&#39;</strong></span> 
     </span>
    </p>
   </div>
   <div class='ocr_carea' id='block_1_79' title="bbox 949 3337 3828 3427">
    <p class='ocr_par' dir='ltr' id='par_1_79' title="bbox 949 3337 3828 3427">
     <span class='ocr_line' id='line_1_79' title="bbox 949 3337 3828 3427; baseline 0.001 -23"><span class='ocrx_word' id='word_1_549' title='bbox 949 3349 1108 3404; x_wconf 87' lang='lat' dir='ltr'><strong>Beati</strong></span> <span class='ocrx_word' id='word_1_550' title='bbox 1165 3348 1596 3419; x_wconf 89' lang='lat' dir='ltr'><strong>misericordes,</strong></span> <span class='ocrx_word' id='word_1_551' title='bbox 1649 3349 1927 3422; x_wconf 89' lang='lat' dir='ltr'><strong>quoniam</strong></span> <span class='ocrx_word' id='word_1_552' title='bbox 1957 3350 2069 3422; x_wconf 91' lang='lat' dir='ltr'><strong>ipsi</strong></span> <span class='ocrx_word' id='word_1_553' title='bbox 2103 3337 2145 3404; x_wconf 83' lang='lat' dir='ltr'>C</span> <span class='ocrx_word' id='word_1_554' title='bbox 2257 3351 2441 3418; x_wconf 85' lang='lat' dir='ltr'><strong>(Vere.</strong></span> <span class='ocrx_word' id='word_1_555' title='bbox 2476 3350 2637 3405; x_wconf 68' lang='lat'><strong>14-16</strong></span> <span class='ocrx_word' id='word_1_556' title='bbox 2667 3351 2683 3422; x_wconf 94' lang='lat'><strong>)</strong></span> <span class='ocrx_word' id='word_1_557' title='bbox 2720 3374 2746 3400; x_wconf 85' lang='grc'><strong>‹‹</strong></span> <span class='ocrx_word' id='word_1_558' title='bbox 2778 3351 2893 3406; x_wconf 89' lang='lat' dir='ltr'><strong>Vos</strong></span> <span class='ocrx_word' id='word_1_559' title='bbox 2924 3352 3066 3407; x_wconf 87' lang='lat' dir='ltr'><strong>estis</strong></span> <span class='ocrx_word' id='word_1_560' title='bbox 3097 3351 3196 3407; x_wconf 85' lang='lat' dir='ltr'><strong>lux</strong></span> <span class='ocrx_word' id='word_1_561' title='bbox 3227 3354 3452 3410; x_wconf 89' lang='lat' dir='ltr'><strong>mundi.</strong></span> <span class='ocrx_word' id='word_1_562' title='bbox 3485 3354 3608 3410; x_wconf 86' lang='lat' dir='ltr'><strong>Non</strong></span> <span class='ocrx_word' id='word_1_563' title='bbox 3633 3357 3828 3427; x_wconf 87' lang='lat' dir='ltr'><strong>potest</strong></span> 
     </span>
    </p>
   </div>
   <div class='ocr_carea' id='block_1_80' title="bbox 2181 3440 3825 3514">
    <p class='ocr_par' dir='ltr' id='par_1_80' title="bbox 2181 3440 3825 3514">
     <span class='ocr_line' id='line_1_80' title="bbox 2181 3440 3825 3514; baseline 0.002 -20"><span class='ocrx_word' id='word_1_564' title='bbox 2181 3440 2381 3495; x_wconf 84' lang='lat' dir='ltr'><strong>civitas</strong></span> <span class='ocrx_word' id='word_1_565' title='bbox 2446 3440 2723 3496; x_wconf 81' lang='lat' dir='ltr'><strong>abscondi</strong></span> <span class='ocrx_word' id='word_1_566' title='bbox 2785 3458 2963 3512; x_wconf 90' lang='lat' dir='ltr'><strong>supra</strong></span> <span class='ocrx_word' id='word_1_567' title='bbox 3026 3448 3281 3498; x_wconf 87' lang='lat' dir='ltr'><strong>montem</strong></span> <span class='ocrx_word' id='word_1_568' title='bbox 3341 3444 3567 3514; x_wconf 84' lang='lat' dir='ltr'><strong>posita;</strong></span> <span class='ocrx_word' id='word_1_569' title='bbox 3636 3458 3825 3514; x_wconf 90' lang='lat' dir='ltr'><strong>neque</strong></span> 
     </span>
    </p>
   </div>
   <div class='ocr_carea' id='block_1_81' title="bbox 2180 3529 3822 3603">
    <p class='ocr_par' dir='ltr' id='par_1_81' title="bbox 2180 3529 3822 3603">
     <span class='ocr_line' id='line_1_81' title="bbox 2180 3529 3822 3603; baseline 0.002 -19"><span class='ocrx_word' id='word_1_570' title='bbox 2180 3530 2507 3585; x_wconf 86' lang='lat' dir='ltr'><strong>accendunt</strong></span> <span class='ocrx_word' id='word_1_571' title='bbox 2541 3529 2860 3598; x_wconf 86' lang='lat' dir='ltr'><strong>lucernam,</strong></span> <span class='ocrx_word' id='word_1_572' title='bbox 2894 3536 2950 3586; x_wconf 90' lang='lat' dir='ltr'><strong>et</strong></span> <span class='ocrx_word' id='word_1_573' title='bbox 2984 3536 3209 3603; x_wconf 92' lang='lat' dir='ltr'><strong>ponunt</strong></span> <span class='ocrx_word' id='word_1_574' title='bbox 3266 3548 3392 3587; x_wconf 87' lang='lat' dir='ltr'><strong>eam</strong></span> <span class='ocrx_word' id='word_1_575' title='bbox 3451 3534 3560 3589; x_wconf 91' lang='lat' dir='ltr'><strong>sub</strong></span> <span class='ocrx_word' id='word_1_576' title='bbox 3607 3531 3822 3600; x_wconf 73' lang='lat' dir='ltr'><strong>nzodio,</strong></span> 
     </span>
    </p>
   </div>
   <div class='ocr_carea' id='block_1_82' title="bbox 2179 3620 3822 3692">
    <p class='ocr_par' dir='ltr' id='par_1_82' title="bbox 2179 3620 3822 3692">
     <span class='ocr_line' id='line_1_82' title="bbox 2179 3620 3822 3692; baseline 0.001 -18"><span class='ocrx_word' id='word_1_577' title='bbox 2179 3621 2281 3674; x_wconf 88' lang='lat' dir='ltr'><strong>sed</strong></span> <span class='ocrx_word' id='word_1_578' title='bbox 2307 3636 2483 3690; x_wconf 88' lang='lat' dir='ltr'><strong>super</strong></span> <span class='ocrx_word' id='word_1_579' title='bbox 2511 3620 2950 3688; x_wconf 86' lang='lat' dir='ltr'><strong>candelabrum,</strong></span> <span class='ocrx_word' id='word_1_580' title='bbox 2987 3625 3049 3674; x_wconf 86' lang='lat' dir='ltr'><strong>ut</strong></span> <span class='ocrx_word' id='word_1_581' title='bbox 3077 3620 3268 3675; x_wconf 86' lang='lat' dir='ltr'><strong>luceat</strong></span> <span class='ocrx_word' id='word_1_582' title='bbox 3296 3621 3571 3675; x_wconf 90' lang='lat' dir='ltr'><strong>omnibus</strong></span> <span class='ocrx_word' id='word_1_583' title='bbox 3629 3622 3728 3692; x_wconf 89' lang='lat' dir='ltr'><strong>qui</strong></span> <span class='ocrx_word' id='word_1_584' title='bbox 3761 3621 3822 3676; x_wconf 88' lang='lat' dir='ltr'><strong>in</strong></span> 
     </span>
    </p>
   </div>
   <div class='ocr_carea' id='block_1_83' title="bbox 2179 3706 3826 3765">
    <p class='ocr_par' dir='ltr' id='par_1_83' title="bbox 2179 3706 3826 3765">
     <span class='ocr_line' id='line_1_83' title="bbox 2179 3706 3826 3765; baseline 0.001 -3"><span class='ocrx_word' id='word_1_585' title='bbox 2179 3708 2352 3762; x_wconf 89' lang='lat' dir='ltr'><strong>domo</strong></span> <span class='ocrx_word' id='word_1_586' title='bbox 2385 3712 2543 3762; x_wconf 89' lang='lat' dir='ltr'><strong>sunt.</strong></span> <span class='ocrx_word' id='word_1_587' title='bbox 2581 3708 2674 3761; x_wconf 88' lang='lat' dir='ltr'><strong>Sic</strong></span> <span class='ocrx_word' id='word_1_588' title='bbox 2707 3708 2896 3762; x_wconf 89' lang='lat' dir='ltr'><strong>luceat</strong></span> <span class='ocrx_word' id='word_1_589' title='bbox 2927 3706 3026 3760; x_wconf 82' lang='lat' dir='ltr'><strong>lux</strong></span> <span class='ocrx_word' id='word_1_590' title='bbox 3076 3712 3270 3761; x_wconf 86' lang='lat' dir='ltr'><strong>vestra</strong></span> <span class='ocrx_word' id='word_1_591' title='bbox 3325 3723 3517 3760; x_wconf 88' lang='lat' dir='ltr'><strong>coram</strong></span> <span class='ocrx_word' id='word_1_592' title='bbox 3569 3707 3826 3765; x_wconf 86' lang='lat' dir='ltr'><strong>homini-</strong></span> 
     </span>
    </p>
   </div>
   <div class='ocr_carea' id='block_1_84' title="bbox 2180 3793 3826 3867">
    <p class='ocr_par' dir='ltr' id='par_1_84' title="bbox 2180 3793 3826 3867">
     <span class='ocr_line' id='line_1_84' title="bbox 2180 3793 3826 3867; baseline 0.004 -19"><span class='ocrx_word' id='word_1_593' title='bbox 2180 3795 2311 3858; x_wconf 90' lang='lat' dir='ltr'><strong>bus,</strong></span> <span class='ocrx_word' id='word_1_594' title='bbox 2346 3799 2409 3848; x_wconf 91' lang='lat' dir='ltr'><strong>ut</strong></span> <span class='ocrx_word' id='word_1_595' title='bbox 2440 3793 2669 3848; x_wconf 86' lang='lat' dir='ltr'><strong>videant</strong></span> <span class='ocrx_word' id='word_1_596' title='bbox 2701 3809 2874 3864; x_wconf 89' lang='lat' dir='ltr'><strong>opera</strong></span> <span class='ocrx_word' id='word_1_597' title='bbox 2911 3798 3102 3849; x_wconf 87' lang='lat' dir='ltr'><strong>vestra</strong></span> <span class='ocrx_word' id='word_1_598' title='bbox 3158 3794 3328 3860; x_wconf 89' lang='lat' dir='ltr'><strong>bona,</strong></span> <span class='ocrx_word' id='word_1_599' title='bbox 3388 3799 3444 3850; x_wconf 90' lang='lat' dir='ltr'><strong>ct</strong></span> <span class='ocrx_word' id='word_1_600' title='bbox 3500 3795 3826 3867; x_wconf 88' lang='lat' dir='ltr'><strong>gloriﬁcent</strong></span> 
     </span>
    </p>
   </div>
   <div class='ocr_carea' id='block_1_85' title="bbox 2178 3881 3823 3953">
    <p class='ocr_par' dir='ltr' id='par_1_85' title="bbox 2178 3881 3823 3953">
     <span class='ocr_line' id='line_1_85' title="bbox 2178 3881 3823 3953; baseline 0.002 -15"><span class='ocrx_word' id='word_1_601' title='bbox 2178 3883 2406 3938; x_wconf 88' lang='lat' dir='ltr'><strong>Patrem</strong></span> <span class='ocrx_word' id='word_1_602' title='bbox 2437 3886 2694 3936; x_wconf 68' lang='lat' dir='ltr'><strong>vestrum</strong></span> <span class='ocrx_word' id='word_1_603' title='bbox 2749 3881 2848 3953; x_wconf 93' lang='lat' dir='ltr'><strong>qui</strong></span> <span class='ocrx_word' id='word_1_604' title='bbox 2905 3882 2964 3936; x_wconf 94' lang='lat' dir='ltr'><strong>in</strong></span> <span class='ocrx_word' id='word_1_605' title='bbox 3023 3881 3182 3937; x_wconf 76' lang='lat' dir='ltr'><strong>cmlis</strong></span> <span class='ocrx_word' id='word_1_606' title='bbox 3239 3888 3345 3938; x_wconf 91' lang='lat' dir='ltr'><strong>est.</strong></span> <span class='ocrx_word' id='word_1_607' title='bbox 3382 3906 3410 3932; x_wconf 83' lang='lat'>»</span> <span class='ocrx_word' id='word_1_608' title='bbox 3443 3884 3616 3940; x_wconf 87' lang='lat' dir='ltr'><strong>Docet</strong></span> <span class='ocrx_word' id='word_1_609' title='bbox 3671 3888 3823 3942; x_wconf 89' lang='lat' dir='ltr'><strong>tidu-</strong></span> 
     </span>
    </p>
   </div>
   <div class='ocr_carea' id='block_1_86' title="bbox 2180 3970 3822 4043">
    <p class='ocr_par' dir='ltr' id='par_1_86' title="bbox 2180 3970 3822 4043">
     <span class='ocr_line' id='line_1_86' title="bbox 2180 3970 3822 4043; baseline 0.003 -16"><span class='ocrx_word' id='word_1_610' title='bbox 2180 3972 2331 4028; x_wconf 87' lang='lat' dir='ltr'><strong>ciam</strong></span> <span class='ocrx_word' id='word_1_611' title='bbox 2392 3970 2769 4043; x_wconf 70' lang='lat' dir='ltr'><strong>praedicandi,</strong></span> <span class='ocrx_word' id='word_1_612' title='bbox 2833 3986 2906 4025; x_wconf 91' lang='lat' dir='ltr'><strong>ne</strong></span> <span class='ocrx_word' id='word_1_613' title='bbox 2959 3971 3205 4042; x_wconf 90' lang='lat' dir='ltr'><strong>apostoli</strong></span> <span class='ocrx_word' id='word_1_614' title='bbox 3255 3974 3693 4031; x_wconf 87' lang='lat' dir='ltr'><strong>abscondantur</strong></span> <span class='ocrx_word' id='word_1_615' title='bbox 3747 3977 3822 4032; x_wconf 93' lang='lat' dir='ltr'><strong>ob</strong></span> 
     </span>
    </p>
   </div>
   <div class='ocr_carea' id='block_1_87' title="bbox 2181 4059 3819 4129">
    <p class='ocr_par' dir='ltr' id='par_1_87' title="bbox 2181 4059 3819 4129">
     <span class='ocr_line' id='line_1_87' title="bbox 2181 4059 3819 4129; baseline 0.003 -12"><span class='ocrx_word' id='word_1_616' title='bbox 2181 4066 2426 4129; x_wconf 90' lang='lat' dir='ltr'><strong>metum,</strong></span> <span class='ocrx_word' id='word_1_617' title='bbox 2461 4065 2517 4115; x_wconf 88' lang='lat' dir='ltr'><strong>et</strong></span> <span class='ocrx_word' id='word_1_618' title='bbox 2548 4060 2668 4115; x_wconf 88' lang='lat' dir='ltr'><strong>sint</strong></span> <span class='ocrx_word' id='word_1_619' title='bbox 2699 4059 2922 4115; x_wconf 86' lang='lat' dir='ltr'><strong>similes</strong></span> <span class='ocrx_word' id='word_1_620' title='bbox 2981 4059 3228 4117; x_wconf 76' lang='lat' dir='ltr'><strong>lucernae</strong></span> <span class='ocrx_word' id='word_1_621' title='bbox 3288 4063 3398 4118; x_wconf 90' lang='lat' dir='ltr'><strong>sub</strong></span> <span class='ocrx_word' id='word_1_622' title='bbox 3455 4064 3672 4129; x_wconf 90' lang='lat' dir='ltr'><strong>modio,</strong></span> <span class='ocrx_word' id='word_1_623' title='bbox 3717 4065 3819 4122; x_wconf 86' lang='lat' dir='ltr'><strong>sed</strong></span> 
     </span>
    </p>
   </div>
   <div class='ocr_carea' id='block_1_88' title="bbox 2177 4138 3820 4223">
    <p class='ocr_par' dir='ltr' id='par_1_88' title="bbox 2177 4138 3820 4223">
     <span class='ocr_line' id='line_1_88' title="bbox 2177 4138 3820 4223; baseline 0.003 -16"><span class='ocrx_word' id='word_1_624' title='bbox 2177 4155 2298 4207; x_wconf 88' lang='lat' dir='ltr'><strong>tota</strong></span> <span class='ocrx_word' id='word_1_625' title='bbox 2327 4149 2594 4204; x_wconf 88' lang='lat' dir='ltr'><strong>libertate</strong></span> <span class='ocrx_word' id='word_1_626' title='bbox 2627 4164 2688 4204; x_wconf 90' lang='lat' dir='ltr'><strong>se</strong></span> <span class='ocrx_word' id='word_1_627' title='bbox 2745 4150 3014 4220; x_wconf 91' lang='lat' dir='ltr'><strong>prodant,</strong></span> <span class='ocrx_word' id='word_1_628' title='bbox 3071 4156 3136 4206; x_wconf 87' lang='lat' dir='ltr'><strong>ut</strong></span> <span class='ocrx_word' id='word_1_629' title='bbox 3195 4153 3345 4223; x_wconf 92' lang='lat' dir='ltr'><strong>quod</strong></span> <span class='ocrx_word' id='word_1_630' title='bbox 3405 4153 3718 4210; x_wconf 89' lang='lat' dir='ltr'><strong>audierunt</strong></span> <span class='ocrx_word' id='word_1_631' title='bbox 3749 4138 3820 4212; x_wconf 77' lang='lat' dir='ltr'><strong>in</strong></span> 
     </span>
    </p>
   </div>
   <div class='ocr_carea' id='block_1_89' title="bbox 2177 4238 3592 4313">
    <p class='ocr_par' dir='ltr' id='par_1_89' title="bbox 2177 4238 3592 4313">
     <span class='ocr_line' id='line_1_89' title="bbox 2177 4238 3592 4313; baseline -0.001 -16"><span class='ocrx_word' id='word_1_632' title='bbox 2177 4239 2488 4309; x_wconf 87' lang='lat' dir='ltr'><strong>cubiculis,</strong></span> <span class='ocrx_word' id='word_1_633' title='bbox 2523 4238 2836 4310; x_wconf 56' lang='lat' dir='ltr'><strong>praedicent</strong></span> <span class='ocrx_word' id='word_1_634' title='bbox 2866 4239 2924 4294; x_wconf 92' lang='lat' dir='ltr'><strong>in</strong></span> <span class='ocrx_word' id='word_1_635' title='bbox 2957 4241 3121 4296; x_wconf 88' lang='lat' dir='ltr'><strong>tectis</strong></span> <span class='ocrx_word' id='word_1_636' title='bbox 3153 4241 3363 4310; x_wconf 76' lang='lat' dir='ltr'><strong>(Matth.</strong></span> <span class='ocrx_word' id='word_1_637' title='bbox 3397 4259 3452 4308; x_wconf 75' lang='grc' dir='ltr'><strong>χ,</strong></span> <span class='ocrx_word' id='word_1_638' title='bbox 3481 4243 3592 4313; x_wconf 85' lang='grc'><strong>27).</strong></span> 
     </span>
    </p>
   </div>
   <div class='ocr_carea' id='block_1_90' title="bbox 2249 4327 3820 4402">
    <p class='ocr_par' dir='ltr' id='par_1_90' title="bbox 2249 4327 3820 4402">
     <span class='ocr_line' id='line_1_90' title="bbox 2249 4327 3820 4402; baseline 0.005 -20"><span class='ocrx_word' id='word_1_639' title='bbox 2249 4329 2433 4401; x_wconf 85' lang='lat' dir='ltr'><strong>(Vers.</strong></span> <span class='ocrx_word' id='word_1_640' title='bbox 2471 4327 2583 4399; x_wconf 85' lang='lat'><strong>17.)</strong></span> <span class='ocrx_word' id='word_1_641' title='bbox 2617 4351 2642 4377; x_wconf 83' lang='lat'><strong>«</strong></span> <span class='ocrx_word' id='word_1_642' title='bbox 2678 4327 2864 4383; x_wconf 88' lang='lat' dir='ltr'><strong>Nolite</strong></span> <span class='ocrx_word' id='word_1_643' title='bbox 2895 4334 3098 4401; x_wconf 88' lang='lat' dir='ltr'><strong>putare</strong></span> <span class='ocrx_word' id='word_1_644' title='bbox 3129 4332 3403 4402; x_wconf 88' lang='lat' dir='ltr'><strong>quoniam</strong></span> <span class='ocrx_word' id='word_1_645' title='bbox 3436 4332 3564 4387; x_wconf 89' lang='lat' dir='ltr'><strong>veni</strong></span> <span class='ocrx_word' id='word_1_646' title='bbox 3598 4332 3820 4390; x_wconf 88' lang='lat' dir='ltr'><strong>solvere</strong></span> 
     </span>
    </p>
   </div>
   <div class='ocr_carea' id='block_1_91' title="bbox 2177 4411 3821 4491">
    <p class='ocr_par' dir='ltr' id='par_1_91' title="bbox 2177 4411 3821 4491">
     <span class='ocr_line' id='line_1_91' title="bbox 2177 4411 3821 4491; baseline 0.002 -17"><span class='ocrx_word' id='word_1_647' title='bbox 2177 4419 2388 4491; x_wconf 87' lang='lat' dir='ltr'><strong>legem,</strong></span> <span class='ocrx_word' id='word_1_648' title='bbox 2423 4420 2526 4474; x_wconf 89' lang='lat' dir='ltr'><strong>aut</strong></span> <span class='ocrx_word' id='word_1_649' title='bbox 2557 4417 2890 4489; x_wconf 88' lang='lat' dir='ltr'><strong>prophetas.</strong></span> <span class='ocrx_word' id='word_1_650' title='bbox 2925 4419 3051 4474; x_wconf 86' lang='lat' dir='ltr'><strong>Non</strong></span> <span class='ocrx_word' id='word_1_651' title='bbox 3101 4411 3232 4476; x_wconf 85' lang='lat' dir='ltr'><strong>veni</strong></span> <span class='ocrx_word' id='word_1_652' title='bbox 3290 4421 3532 4487; x_wconf 86' lang='lat' dir='ltr'><strong>solvere,</strong></span> <span class='ocrx_word' id='word_1_653' title='bbox 3588 4422 3688 4477; x_wconf 88' lang='lat' dir='ltr'><strong>sed</strong></span> <span class='ocrx_word' id='word_1_654' title='bbox 3722 4422 3821 4478; x_wconf 90' lang='lat' dir='ltr'><strong>ad-</strong></span> 
     </span>
    </p>
   </div>
   <div class='ocr_carea' id='block_1_92' title="bbox 2176 4507 3820 4582">
    <p class='ocr_par' dir='ltr' id='par_1_92' title="bbox 2176 4507 3820 4582">
     <span class='ocr_line' id='line_1_92' title="bbox 2176 4507 3820 4582; baseline 0.002 -19"><span class='ocrx_word' id='word_1_655' title='bbox 2176 4507 2440 4580; x_wconf 90' lang='lat' dir='ltr'><strong>implere.</strong></span> <span class='ocrx_word' id='word_1_656' title='bbox 2476 4528 2504 4556; x_wconf 82' lang='lat'><strong>»</strong></span> <span class='ocrx_word' id='word_1_657' title='bbox 2537 4507 2664 4562; x_wconf 89' lang='lat' dir='ltr'><strong>Sive</strong></span> <span class='ocrx_word' id='word_1_658' title='bbox 2696 4508 2849 4577; x_wconf 90' lang='lat' dir='ltr'><strong>quod</strong></span> <span class='ocrx_word' id='word_1_659' title='bbox 2893 4508 2968 4562; x_wconf 91' lang='lat' dir='ltr'><strong>de</strong></span> <span class='ocrx_word' id='word_1_660' title='bbox 3026 4525 3086 4564; x_wconf 91' lang='lat' dir='ltr'><strong>se</strong></span> <span class='ocrx_word' id='word_1_661' title='bbox 3143 4525 3246 4580; x_wconf 90' lang='lat' dir='ltr'><strong>per</strong></span> <span class='ocrx_word' id='word_1_662' title='bbox 3298 4509 3444 4565; x_wconf 89' lang='lat' dir='ltr'><strong>alios</strong></span> <span class='ocrx_word' id='word_1_663' title='bbox 3473 4510 3820 4582; x_wconf 87' lang='lat' dir='ltr'><strong>prophetata</strong></span> 
     </span>
    </p>
   </div>
   <div class='ocr_carea' id='block_1_93' title="bbox 2175 4595 3817 4670">
    <p class='ocr_par' dir='ltr' id='par_1_93' title="bbox 2175 4595 3817 4670">
     <span class='ocr_line' id='line_1_93' title="bbox 2175 4595 3817 4670; baseline 0 -16"><span class='ocrx_word' id='word_1_664' title='bbox 2175 4595 2574 4669; x_wconf 79' lang='lat' dir='ltr'><strong>cempleverit,</strong></span> <span class='ocrx_word' id='word_1_665' title='bbox 2609 4595 2728 4651; x_wconf 89' lang='lat' dir='ltr'><strong>sive</strong></span> <span class='ocrx_word' id='word_1_666' title='bbox 2759 4595 2896 4668; x_wconf 89' lang='lat' dir='ltr'><strong>quia</strong></span> <span class='ocrx_word' id='word_1_667' title='bbox 2926 4611 2993 4653; x_wconf 84' lang='lat' dir='ltr'><strong>ea</strong></span> <span class='ocrx_word' id='word_1_668' title='bbox 3024 4615 3151 4670; x_wconf 72' lang='lat' dir='ltr'><strong>quae</strong></span> <span class='ocrx_word' id='word_1_669' title='bbox 3183 4604 3317 4654; x_wconf 90' lang='lat' dir='ltr'><strong>ante</strong></span> <span class='ocrx_word' id='word_1_670' title='bbox 3374 4603 3610 4670; x_wconf 88' lang='lat' dir='ltr'><strong>propter</strong></span> <span class='ocrx_word' id='word_1_671' title='bbox 3654 4599 3817 4655; x_wconf 88' lang='lat' dir='ltr'><strong>inﬁr-</strong></span> 
     </span>
    </p>
   </div>
   <div class='ocr_carea' id='block_1_94' title="bbox 421 4686 3816 4778">
    <p class='ocr_par' dir='ltr' id='par_1_94' title="bbox 421 4686 3816 4778">
     <span class='ocr_line' id='line_1_94' title="bbox 421 4686 3816 4778; baseline 0.001 -35"><span class='ocrx_word' id='word_1_672' title='bbox 421 4692 657 4762; x_wconf 87' lang='lat' dir='ltr'><strong>propter</strong></span> <span class='ocrx_word' id='word_1_673' title='bbox 678 4687 996 4760; x_wconf 86' lang='lat' dir='ltr'><strong>justitiam,</strong></span> <span class='ocrx_word' id='word_1_674' title='bbox 1043 4687 1321 4759; x_wconf 90' lang='lat' dir='ltr'><strong>quoniam</strong></span> <span class='ocrx_word' id='word_1_675' title='bbox 1368 4686 1632 4759; x_wconf 87' lang='lat' dir='ltr'><strong>ipsorum</strong></span> <span class='ocrx_word' id='word_1_676' title='bbox 1679 4693 1769 4743; x_wconf 85' lang='lat' dir='ltr'><strong>est</strong></span> <span class='ocrx_word' id='word_1_677' title='bbox 1819 4704 2064 4760; x_wconf 88' lang='lat' dir='ltr'><strong>regnum</strong></span> <span class='ocrx_word' id='word_1_678' title='bbox 2093 4713 2140 4778; x_wconf 84' lang='lat' dir='ltr'><strong>D</strong></span> <span class='ocrx_word' id='word_1_679' title='bbox 2176 4687 2439 4744; x_wconf 86' lang='lat' dir='ltr'><strong>mitatem</strong></span> <span class='ocrx_word' id='word_1_680' title='bbox 2475 4686 2838 4742; x_wconf 88' lang='lat' dir='ltr'><strong>audientium</strong></span> <span class='ocrx_word' id='word_1_681' title='bbox 2872 4688 3041 4744; x_wconf 88' lang='lat' dir='ltr'><strong>rudia</strong></span> <span class='ocrx_word' id='word_1_682' title='bbox 3073 4694 3128 4744; x_wconf 90' lang='lat' dir='ltr'><strong>et</strong></span> <span class='ocrx_word' id='word_1_683' title='bbox 3180 4689 3520 4762; x_wconf 86' lang='lat' dir='ltr'><strong>imperfecta</strong></span> <span class='ocrx_word' id='word_1_684' title='bbox 3566 4691 3816 4761; x_wconf 81' lang='lat' dir='ltr'><strong>fuerant,</strong></span> 
     </span>
    </p>
   </div>
   <div class='ocr_carea' id='block_1_95' title="bbox 419 4775 3819 4850">
    <p class='ocr_par' dir='ltr' id='par_1_95' title="bbox 419 4775 3819 4850">
     <span class='ocr_line' id='line_1_95' title="bbox 419 4775 3819 4850; baseline 0.001 -18"><span class='ocrx_word' id='word_1_685' title='bbox 419 4776 719 4833; x_wconf 80' lang='lat' dir='ltr'><strong>cCelorum.</strong></span> <span class='ocrx_word' id='word_1_686' title='bbox 770 4799 798 4828; x_wconf 73' lang='grc' dir='ltr'><strong>ι)</strong></span> <span class='ocrx_word' id='word_1_687' title='bbox 848 4776 1157 4850; x_wconf 84' lang='lat' dir='ltr'><strong>Signanter</strong></span> <span class='ocrx_word' id='word_1_688' title='bbox 1203 4775 1428 4832; x_wconf 84' lang='lat' dir='ltr'><strong>addidit</strong></span> <span class='ocrx_word' id='word_1_689' title='bbox 1457 4775 1567 4849; x_wconf 79' lang='grc' dir='ltr'><strong>[Αι.</strong></span> <span class='ocrx_word' id='word_1_690' title='bbox 1619 4776 1799 4846; x_wconf 87' lang='lat' dir='ltr'><strong>dicit],</strong></span> <span class='ocrx_word' id='word_1_691' title='bbox 1843 4781 2065 4850; x_wconf 87' lang='lat' dir='ltr'><strong>propter</strong></span> <span class='ocrx_word' id='word_1_692' title='bbox 2094 4775 2129 4778; x_wconf 57' lang='grc'><strong>⁷</strong></span> <span class='ocrx_word' id='word_1_693' title='bbox 2175 4795 2284 4833; x_wconf 89' lang='lat' dir='ltr'><strong>sua</strong></span> <span class='ocrx_word' id='word_1_694' title='bbox 2313 4776 2720 4849; x_wconf 72' lang='lat' dir='ltr'><strong>przedicatione</strong></span> <span class='ocrx_word' id='word_1_695' title='bbox 2751 4777 3142 4849; x_wconf 87' lang='lat' dir='ltr'><strong>compleverit,</strong></span> <span class='ocrx_word' id='word_1_696' title='bbox 3185 4778 3329 4836; x_wconf 87' lang='lat' dir='ltr'><strong>iram</strong></span> <span class='ocrx_word' id='word_1_697' title='bbox 3382 4778 3612 4847; x_wconf 89' lang='lat' dir='ltr'><strong>tollens,</strong></span> <span class='ocrx_word' id='word_1_698' title='bbox 3644 4785 3702 4836; x_wconf 90' lang='lat' dir='ltr'><strong>et</strong></span> <span class='ocrx_word' id='word_1_699' title='bbox 3731 4780 3819 4836; x_wconf 90' lang='lat' dir='ltr'><strong>vi-</strong></span> 
     </span>
    </p>
   </div>
   <div class='ocr_carea' id='block_1_96' title="bbox 409 4865 2065 4940">
    <p class='ocr_par' dir='ltr' id='par_1_96' title="bbox 409 4865 2065 4940">
     <span class='ocr_line' id='line_1_96' title="bbox 409 4865 2065 4940; baseline 0.001 -18"><span class='ocrx_word' id='word_1_700' title='bbox 409 4867 714 4940; x_wconf 76' lang='lat' dir='ltr'><strong>justttz&#39;am.</strong></span> <span class='ocrx_word' id='word_1_701' title='bbox 750 4866 916 4922; x_wconf 87' lang='lat' dir='ltr'><strong>Multi</strong></span> <span class='ocrx_word' id='word_1_702' title='bbox 966 4865 1122 4923; x_wconf 89' lang='lat' dir='ltr'><strong>enim</strong></span> <span class='ocrx_word' id='word_1_703' title='bbox 1171 4865 1637 4938; x_wconf 87' lang='lat' dir='ltr'><strong>persecutionem</strong></span> <span class='ocrx_word' id='word_1_704' title='bbox 1679 4871 1916 4939; x_wconf 90' lang='lat' dir='ltr'><strong>propter</strong></span> <span class='ocrx_word' id='word_1_705' title='bbox 1957 4884 2065 4924; x_wconf 90' lang='lat' dir='ltr'><strong>sua</strong></span> 
     </span>
    </p>
   </div>
   <div class='ocr_carea' id='block_1_97' title="bbox 383 4955 2064 5029">
    <p class='ocr_par' dir='ltr' id='par_1_97' title="bbox 383 4955 2064 5029">
     <span class='ocr_line' id='line_1_97' title="bbox 383 4955 2064 5029; baseline 0.002 -18"><span class='ocrx_word' id='word_1_706' title='bbox 383 4961 668 5029; x_wconf 73' lang='lat' dir='ltr'><strong>.peccata</strong></span> <span class='ocrx_word' id='word_1_707' title='bbox 715 4955 1037 5028; x_wconf 87' lang='lat' dir='ltr'><strong>patiuntur,</strong></span> <span class='ocrx_word' id='word_1_708' title='bbox 1088 4959 1146 5011; x_wconf 89' lang='lat' dir='ltr'><strong>et</strong></span> <span class='ocrx_word' id='word_1_709' title='bbox 1199 4971 1312 5010; x_wconf 91' lang='lat' dir='ltr'><strong>non</strong></span> <span class='ocrx_word' id='word_1_710' title='bbox 1361 4959 1501 5010; x_wconf 88' lang='lat' dir='ltr'><strong>sunt</strong></span> <span class='ocrx_word' id='word_1_711' title='bbox 1543 4955 1714 5025; x_wconf 86' lang='lat' dir='ltr'><strong>justi.</strong></span> <span class='ocrx_word' id='word_1_712' title='bbox 1759 4956 2064 5029; x_wconf 89' lang='lat' dir='ltr'><strong>Simulque</strong></span> 
     </span>
    </p>
   </div>
   <div class='ocr_carea' id='block_1_98' title="bbox 423 5043 2062 5117">
    <p class='ocr_par' dir='ltr' id='par_1_98' title="bbox 423 5043 2062 5117">
     <span class='ocr_line' id='line_1_98' title="bbox 423 5043 2062 5117; baseline 0 -15"><span class='ocrx_word' id='word_1_713' title='bbox 423 5045 750 5116; x_wconf 87' lang='lat' dir='ltr'><strong>considera,</strong></span> <span class='ocrx_word' id='word_1_714' title='bbox 783 5045 938 5117; x_wconf 90' lang='lat' dir='ltr'><strong>quod</strong></span> <span class='ocrx_word' id='word_1_715' title='bbox 967 5049 1171 5100; x_wconf 86' lang='lat' dir='ltr'><strong>octava</strong></span> <span class='ocrx_word' id='word_1_716' title='bbox 1200 5061 1345 5101; x_wconf 74' lang='lat' dir='ltr'><strong>verna</strong></span> <span class='ocrx_word' id='word_1_717' title='bbox 1375 5043 1838 5101; x_wconf 86' lang='lat' dir='ltr'><strong>circumcisionis</strong></span> <span class='ocrx_word' id='word_1_718' title='bbox 1875 5046 2062 5102; x_wconf 88' lang='lat' dir='ltr'><strong>beati-</strong></span> 
     </span>
    </p>
   </div>
   <div class='ocr_carea' id='block_1_99' title="bbox 415 5133 1268 5206">
    <p class='ocr_par' dir='ltr' id='par_1_99' title="bbox 415 5133 1268 5206">
     <span class='ocr_line' id='line_1_99' title="bbox 415 5133 1268 5206; baseline -0.005 -14"><span class='ocrx_word' id='word_1_719' title='bbox 415 5137 558 5192; x_wconf 93' lang='lat' dir='ltr'><strong>tudo</strong></span> <span class='ocrx_word' id='word_1_720' title='bbox 592 5135 870 5206; x_wconf 85' lang='lat' dir='ltr'><strong>martyrio</strong></span> <span class='ocrx_word' id='word_1_721' title='bbox 904 5133 1268 5190; x_wconf 89' lang='lat' dir='ltr'><strong>terminetur.</strong></span> 
     </span>
    </p>
   </div>
   <div class='ocr_carea' id='block_1_100' title="bbox 487 5220 2055 5296">
    <p class='ocr_par' dir='ltr' id='par_1_100' title="bbox 487 5220 2055 5296">
     <span class='ocr_line' id='line_1_100' title="bbox 487 5220 2055 5296; baseline 0.001 -17"><span class='ocrx_word' id='word_1_722' title='bbox 487 5225 673 5296; x_wconf 87' lang='lat' dir='ltr'><strong>(Vers.</strong></span> <span class='ocrx_word' id='word_1_723' title='bbox 708 5224 821 5295; x_wconf 89' lang='grc'><strong>11.)</strong></span> <span class='ocrx_word' id='word_1_724' title='bbox 860 5245 888 5273; x_wconf 79' lang='grc' dir='ltr'><strong>ι(</strong></span> <span class='ocrx_word' id='word_1_725' title='bbox 920 5223 1082 5278; x_wconf 90' lang='lat' dir='ltr'><strong>Beati</strong></span> <span class='ocrx_word' id='word_1_726' title='bbox 1113 5223 1257 5278; x_wconf 86' lang='lat' dir='ltr'><strong>estis</strong></span> <span class='ocrx_word' id='word_1_727' title='bbox 1288 5239 1423 5277; x_wconf 88' lang='lat' dir='ltr'><strong>cum</strong></span> <span class='ocrx_word' id='word_1_728' title='bbox 1454 5220 1861 5278; x_wconf 84' lang='lat' dir='ltr'><strong>maledixerint</strong></span> <span class='ocrx_word' id='word_1_729' title='bbox 1892 5225 2055 5282; x_wconf 91' lang='lat' dir='ltr'><strong>vobis</strong></span> 
     </span>
    </p>
   </div>
   <div class='ocr_carea' id='block_1_101' title="bbox 413 5311 2055 5386">
    <p class='ocr_par' dir='ltr' id='par_1_101' title="bbox 413 5311 2055 5386">
     <span class='ocr_line' id='line_1_101' title="bbox 413 5311 2055 5386; baseline 0.001 -16"><span class='ocrx_word' id='word_1_730' title='bbox 413 5315 704 5386; x_wconf 88' lang='lat' dir='ltr'><strong>homines,</strong></span> <span class='ocrx_word' id='word_1_731' title='bbox 741 5316 798 5369; x_wconf 87' lang='lat' dir='ltr'><strong>et</strong></span> <span class='ocrx_word' id='word_1_732' title='bbox 826 5311 1114 5384; x_wconf 82' lang='lat' dir='ltr'><strong>persecuti</strong></span> <span class='ocrx_word' id='word_1_733' title='bbox 1147 5327 1248 5367; x_wconf 89' lang='lat' dir='ltr'><strong>vos</strong></span> <span class='ocrx_word' id='word_1_734' title='bbox 1279 5311 1515 5379; x_wconf 87' lang='lat' dir='ltr'><strong>fuerint,</strong></span> <span class='ocrx_word' id='word_1_735' title='bbox 1541 5311 1863 5368; x_wconf 81' lang='lat' dir='ltr'><strong>etdixerint</strong></span> <span class='ocrx_word' id='word_1_736' title='bbox 1883 5331 2055 5372; x_wconf 91' lang='lat' dir='ltr'><strong>omne</strong></span> 
     </span>
    </p>
   </div>
   <div class='ocr_carea' id='block_1_102' title="bbox 415 5401 2046 5474">
    <p class='ocr_par' dir='ltr' id='par_1_102' title="bbox 415 5401 2046 5474">
     <span class='ocr_line' id='line_1_102' title="bbox 415 5401 2046 5474; baseline 0.001 -15"><span class='ocrx_word' id='word_1_737' title='bbox 415 5403 636 5460; x_wconf 79' lang='lat' dir='ltr'><strong>malum</strong></span> <span class='ocrx_word' id='word_1_738' title='bbox 668 5403 974 5459; x_wconf 89' lang='lat' dir='ltr'><strong>adversum</strong></span> <span class='ocrx_word' id='word_1_739' title='bbox 1031 5417 1154 5468; x_wconf 88' lang='lat' dir='ltr'><strong>vos,</strong></span> <span class='ocrx_word' id='word_1_740' title='bbox 1204 5401 1550 5456; x_wconf 89' lang='lat' dir='ltr'><strong>mentientes</strong></span> <span class='ocrx_word' id='word_1_741' title='bbox 1597 5408 1834 5474; x_wconf 85' lang='lat' dir='ltr'><strong>prepter</strong></span> <span class='ocrx_word' id='word_1_742' title='bbox 1875 5421 1988 5460; x_wconf 91' lang='lat' dir='ltr'><strong>me.</strong></span> <span class='ocrx_word' id='word_1_743' title='bbox 2023 5431 2046 5461; x_wconf 79' lang='grc' dir='ltr'><strong><em>ι</em></strong></span> 
     </span>
    </p>
   </div>
   <div class='ocr_carea' id='block_1_103' title="bbox 417 5489 2053 5563">
    <p class='ocr_par' dir='ltr' id='par_1_103' title="bbox 417 5489 2053 5563">
     <span class='ocr_line' id='line_1_103' title="bbox 417 5489 2053 5563; baseline 0.002 -16"><span class='ocrx_word' id='word_1_744' title='bbox 417 5491 564 5548; x_wconf 90' lang='lat' dir='ltr'><strong>Illud</strong></span> <span class='ocrx_word' id='word_1_745' title='bbox 596 5490 971 5547; x_wconf 89' lang='lat' dir='ltr'><strong>maledictum</strong></span> <span class='ocrx_word' id='word_1_746' title='bbox 1003 5489 1495 5546; x_wconf 90' lang='lat' dir='ltr'><strong>contemnendum</strong></span> <span class='ocrx_word' id='word_1_747' title='bbox 1527 5496 1635 5559; x_wconf 90' lang='lat' dir='ltr'><strong>est,</strong></span> <span class='ocrx_word' id='word_1_748' title='bbox 1668 5493 1821 5563; x_wconf 91' lang='lat' dir='ltr'><strong>quod</strong></span> <span class='ocrx_word' id='word_1_749' title='bbox 1869 5494 2053 5551; x_wconf 89' lang='lat' dir='ltr'><strong>beati-</strong></span> 
     </span>
    </p>
   </div>
   <div class='ocr_carea' id='block_1_104' title="bbox 410 5577 2052 5656">
    <p class='ocr_par' dir='ltr' id='par_1_104' title="bbox 410 5577 2052 5656">
     <span class='ocr_line' id='line_1_104' title="bbox 410 5577 2052 5656; baseline 0.003 -20"><span class='ocrx_word' id='word_1_750' title='bbox 410 5578 676 5636; x_wconf 87' lang='lat' dir='ltr'><strong>tudinem</strong></span> <span class='ocrx_word' id='word_1_751' title='bbox 706 5585 882 5645; x_wconf 85' lang='lat' dir='ltr'><strong>creat,</strong></span> <span class='ocrx_word' id='word_1_752' title='bbox 909 5579 1066 5651; x_wconf 89' lang='lat' dir='ltr'><strong>quod</strong></span> <span class='ocrx_word' id='word_1_753' title='bbox 1121 5577 1267 5635; x_wconf 86' lang='lat' dir='ltr'><strong>falso</strong></span> <span class='ocrx_word' id='word_1_754' title='bbox 1318 5579 1719 5637; x_wconf 77' lang='lat' dir='ltr'><strong>maledicentia</strong></span> <span class='ocrx_word' id='word_1_755' title='bbox 1767 5598 1864 5639; x_wconf 89' lang='lat' dir='ltr'><strong>ore</strong></span> <span class='ocrx_word' id='word_1_756' title='bbox 1914 5600 2052 5656; x_wconf 92' lang='lat' dir='ltr'><strong>pro-</strong></span> 
     </span>
    </p>
   </div>
   <div class='ocr_carea' id='block_1_105' title="bbox 2173 4865 3816 4933">
    <p class='ocr_par' dir='ltr' id='par_1_105' title="bbox 2173 4865 3816 4933">
     <span class='ocr_line' id='line_1_105' title="bbox 2173 4865 3816 4933; baseline 0.002 -10"><span class='ocrx_word' id='word_1_757' title='bbox 2173 4883 2298 4924; x_wconf 90' lang='lat' dir='ltr'><strong>cem</strong></span> <span class='ocrx_word' id='word_1_758' title='bbox 2330 4867 2563 4922; x_wconf 87' lang='lat' dir='ltr'><strong>talionis</strong></span> <span class='ocrx_word' id='word_1_759' title='bbox 2595 4865 2928 4933; x_wconf 87' lang='lat' dir='ltr'><strong>excludens,</strong></span> <span class='ocrx_word' id='word_1_760' title='bbox 2961 4873 3018 4923; x_wconf 91' lang='lat' dir='ltr'><strong>et</strong></span> <span class='ocrx_word' id='word_1_761' title='bbox 3046 4867 3332 4925; x_wconf 83' lang='lat' dir='ltr'><strong>occultam</strong></span> <span class='ocrx_word' id='word_1_762' title='bbox 3364 4868 3422 4924; x_wconf 90' lang='lat' dir='ltr'><strong>in</strong></span> <span class='ocrx_word' id='word_1_763' title='bbox 3457 4873 3649 4926; x_wconf 91' lang='lat' dir='ltr'><strong>mente</strong></span> <span class='ocrx_word' id='word_1_764' title='bbox 3678 4867 3816 4926; x_wconf 86' lang='lat' dir='ltr'><strong>con-</strong></span> 
     </span>
    </p>
   </div>
   <div class='ocr_carea' id='block_1_106' title="bbox 2172 4955 3846 5029">
    <p class='ocr_par' dir='ltr' id='par_1_106' title="bbox 2172 4955 3846 5029">
     <span class='ocr_line' id='line_1_106' title="bbox 2172 4955 3846 5029; baseline 0.001 -17"><span class='ocrx_word' id='word_1_765' title='bbox 2172 4956 2590 5028; x_wconf 88' lang='lat' dir='ltr'><strong>cupiscentiam</strong></span> <span class='ocrx_word' id='word_1_766' title='bbox 2616 4957 2636 4989; x_wconf 73' lang='grc'><strong>⁵</strong></span> <span class='ocrx_word' id='word_1_767' title='bbox 2666 4956 2869 5027; x_wconf 81' lang='lat' dir='ltr'><strong>(Matth.</strong></span> <span class='ocrx_word' id='word_1_768' title='bbox 2908 4975 2962 5024; x_wconf 85' lang='grc' dir='ltr'><strong>ν,</strong></span> <span class='ocrx_word' id='word_1_769' title='bbox 2994 4959 3083 5024; x_wconf 83' lang='grc'>22,</span> <span class='ocrx_word' id='word_1_770' title='bbox 3118 4958 3228 5029; x_wconf 84' lang='grc'><strong>39).</strong></span> <span class='ocrx_word' id='word_1_771' title='bbox 3834 4955 3846 4962; x_wconf 84' lang='grc'><strong>’</strong></span> 
     </span>
    </p>
   </div>
   <div class='ocr_carea' id='block_1_107' title="bbox 2243 5045 3809 5118">
    <p class='ocr_par' dir='ltr' id='par_1_107' title="bbox 2243 5045 3809 5118">
     <span class='ocr_line' id='line_1_107' title="bbox 2243 5045 3809 5118; baseline 0 -19"><span class='ocrx_word' id='word_1_772' title='bbox 2243 5046 2428 5118; x_wconf 87' lang='lat' dir='ltr'><strong>(Vers.</strong></span> <span class='ocrx_word' id='word_1_773' title='bbox 2467 5045 2577 5116; x_wconf 92' lang='lat'><strong>18.)</strong></span> <span class='ocrx_word' id='word_1_774' title='bbox 2611 5068 2637 5094; x_wconf 82' lang='grc'><strong>‹‹</strong></span> <span class='ocrx_word' id='word_1_775' title='bbox 2678 5050 2864 5100; x_wconf 86' lang='lat' dir='ltr'><strong>Donec</strong></span> <span class='ocrx_word' id='word_1_776' title='bbox 2921 5050 3185 5102; x_wconf 87' lang='lat' dir='ltr'><strong>transeat</strong></span> <span class='ocrx_word' id='word_1_777' title='bbox 3239 5047 3441 5104; x_wconf 64' lang='lat' dir='ltr'><strong>caelum</strong></span> <span class='ocrx_word' id='word_1_778' title='bbox 3489 5054 3545 5102; x_wconf 89' lang='lat' dir='ltr'><strong>et</strong></span> <span class='ocrx_word' id='word_1_779' title='bbox 3575 5051 3748 5103; x_wconf 87' lang='lat' dir='ltr'><strong>terra.</strong></span> <span class='ocrx_word' id='word_1_780' title='bbox 3787 5071 3809 5099; x_wconf 78' lang='grc' dir='ltr'><strong>ι</strong></span> 
     </span>
    </p>
   </div>
   <div class='ocr_carea' id='block_1_108' title="bbox 2170 5135 3815 5209">
    <p class='ocr_par' dir='ltr' id='par_1_108' title="bbox 2170 5135 3815 5209">
     <span class='ocr_line' id='line_1_108' title="bbox 2170 5135 3815 5209; baseline 0.001 -18"><span class='ocrx_word' id='word_1_781' title='bbox 2170 5137 2603 5191; x_wconf 88' lang='lat' dir='ltr'><strong>Promittuntur</strong></span> <span class='ocrx_word' id='word_1_782' title='bbox 2634 5135 2803 5190; x_wconf 90' lang='lat' dir='ltr'><strong>nobis</strong></span> <span class='ocrx_word' id='word_1_783' title='bbox 2835 5135 2961 5190; x_wconf 79' lang='lat' dir='ltr'><strong>cmli</strong></span> <span class='ocrx_word' id='word_1_784' title='bbox 2995 5136 3147 5206; x_wconf 87' lang='lat' dir='ltr'><strong>novi,</strong></span> <span class='ocrx_word' id='word_1_785' title='bbox 3178 5141 3234 5192; x_wconf 88' lang='lat' dir='ltr'><strong>et</strong></span> <span class='ocrx_word' id='word_1_786' title='bbox 3293 5141 3446 5192; x_wconf 89' lang='lat' dir='ltr'><strong>terra</strong></span> <span class='ocrx_word' id='word_1_787' title='bbox 3487 5153 3652 5207; x_wconf 87' lang='lat' dir='ltr'><strong>nova,</strong></span> <span class='ocrx_word' id='word_1_788' title='bbox 3686 5155 3815 5209; x_wconf 65' lang='lat' dir='ltr'><strong>quas</strong></span> 
     </span>
    </p>
   </div>
   <div class='ocr_carea' id='block_1_109' title="bbox 2176 5224 3816 5298">
    <p class='ocr_par' dir='ltr' id='par_1_109' title="bbox 2176 5224 3816 5298">
     <span class='ocr_line' id='line_1_109' title="bbox 2176 5224 3816 5298; baseline 0.002 -18"><span class='ocrx_word' id='word_1_789' title='bbox 2176 5227 2437 5282; x_wconf 83' lang='lat' dir='ltr'><strong>facturus</strong></span> <span class='ocrx_word' id='word_1_790' title='bbox 2463 5230 2554 5279; x_wconf 87' lang='lat' dir='ltr'><strong>est</strong></span> <span class='ocrx_word' id='word_1_791' title='bbox 2577 5224 2856 5280; x_wconf 89' lang='lat' dir='ltr'><strong>Dominus</strong></span> <span class='ocrx_word' id='word_1_792' title='bbox 2884 5227 3050 5281; x_wconf 85' lang='lat' dir='ltr'><strong>Deus.</strong></span> <span class='ocrx_word' id='word_1_793' title='bbox 3085 5227 3143 5282; x_wconf 90' lang='lat' dir='ltr'><strong>Si</strong></span> <span class='ocrx_word' id='word_1_794' title='bbox 3202 5242 3337 5298; x_wconf 86' lang='lat' dir='ltr'><strong>ergo</strong></span> <span class='ocrx_word' id='word_1_795' title='bbox 3388 5243 3534 5281; x_wconf 86' lang='lat' dir='ltr'><strong>nova</strong></span> <span class='ocrx_word' id='word_1_796' title='bbox 3562 5228 3816 5284; x_wconf 88' lang='lat' dir='ltr'><strong>creanda</strong></span> 
     </span>
    </p>
   </div>
   <div class='ocr_carea' id='block_1_110' title="bbox 2172 5315 3812 5386">
    <p class='ocr_par' dir='ltr' id='par_1_110' title="bbox 2172 5315 3812 5386">
     <span class='ocr_line' id='line_1_110' title="bbox 2172 5315 3812 5386; baseline 0.001 -15"><span class='ocrx_word' id='word_1_797' title='bbox 2172 5321 2329 5386; x_wconf 90' lang='lat' dir='ltr'><strong>sunt,</strong></span> <span class='ocrx_word' id='word_1_798' title='bbox 2363 5318 2787 5385; x_wconf 83' lang='lat' dir='ltr'><strong>consequenter</strong></span> <span class='ocrx_word' id='word_1_799' title='bbox 2815 5319 3010 5369; x_wconf 87' lang='lat' dir='ltr'><strong>vetera</strong></span> <span class='ocrx_word' id='word_1_800' title='bbox 3038 5315 3376 5370; x_wconf 88' lang='lat' dir='ltr'><strong>transitura.</strong></span> <span class='ocrx_word' id='word_1_801' title='bbox 3410 5316 3567 5378; x_wconf 87' lang='lat' dir='ltr'><strong>Quod</strong></span> <span class='ocrx_word' id='word_1_802' title='bbox 3616 5322 3812 5373; x_wconf 89' lang='lat' dir='ltr'><strong>autem</strong></span> 
     </span>
    </p>
   </div>
   <div class='ocr_carea' id='block_1_111' title="bbox 2172 5404 3817 5478">
    <p class='ocr_par' dir='ltr' id='par_1_111' title="bbox 2172 5404 3817 5478">
     <span class='ocr_line' id='line_1_111' title="bbox 2172 5404 3817 5478; baseline -0.001 -16"><span class='ocrx_word' id='word_1_803' title='bbox 2172 5405 2474 5478; x_wconf 89' lang='lat' dir='ltr'><strong>sequitur:</strong></span> <span class='ocrx_word' id='word_1_804' title='bbox 2515 5425 2542 5452; x_wconf 83' lang='lat'>«</span> <span class='ocrx_word' id='word_1_805' title='bbox 2576 5404 2697 5458; x_wconf 89' lang='lat' dir='ltr'><strong>lota</strong></span> <span class='ocrx_word' id='word_1_806' title='bbox 2727 5418 2934 5472; x_wconf 89' lang='lat' dir='ltr'><strong>unum,</strong></span> <span class='ocrx_word' id='word_1_807' title='bbox 2970 5409 3072 5459; x_wconf 88' lang='lat' dir='ltr'><strong>aut</strong></span> <span class='ocrx_word' id='word_1_808' title='bbox 3101 5420 3254 5460; x_wconf 90' lang='lat' dir='ltr'><strong>unus</strong></span> <span class='ocrx_word' id='word_1_809' title='bbox 3287 5421 3429 5476; x_wconf 80' lang='lat' dir='ltr'><strong>apex</strong></span> <span class='ocrx_word' id='word_1_810' title='bbox 3452 5421 3565 5460; x_wconf 92' lang='lat' dir='ltr'><strong>non</strong></span> <span class='ocrx_word' id='word_1_811' title='bbox 3589 5410 3817 5478; x_wconf 66' lang='lat' dir='ltr'><strong>prester-</strong></span> 
     </span>
    </p>
   </div>
   <div class='ocr_carea' id='block_1_112' title="bbox 2167 5492 3812 5568">
    <p class='ocr_par' dir='ltr' id='par_1_112' title="bbox 2167 5492 3812 5568">
     <span class='ocr_line' id='line_1_112' title="bbox 2167 5492 3812 5568; baseline 0.001 -18"><span class='ocrx_word' id='word_1_812' title='bbox 2167 5495 2275 5552; x_wconf 88' lang='lat' dir='ltr'><strong>ibit</strong></span> <span class='ocrx_word' id='word_1_813' title='bbox 2302 5511 2335 5548; x_wconf 88' lang='lat' dir='ltr'><strong>a</strong></span> <span class='ocrx_word' id='word_1_814' title='bbox 2363 5493 2511 5566; x_wconf 91' lang='lat' dir='ltr'><strong>lege,</strong></span> <span class='ocrx_word' id='word_1_815' title='bbox 2543 5492 2729 5546; x_wconf 90' lang='lat' dir='ltr'><strong>donec</strong></span> <span class='ocrx_word' id='word_1_816' title='bbox 2759 5493 2956 5546; x_wconf 90' lang='lat' dir='ltr'><strong>omnia</strong></span> <span class='ocrx_word' id='word_1_817' title='bbox 2989 5493 3151 5548; x_wconf 85' lang='lat' dir='ltr'><strong>ﬁant.</strong></span> <span class='ocrx_word' id='word_1_818' title='bbox 3179 5515 3207 5543; x_wconf 86' lang='lat'>»</span> <span class='ocrx_word' id='word_1_819' title='bbox 3253 5495 3334 5550; x_wconf 84' lang='lat' dir='ltr'><strong>Ex</strong></span> <span class='ocrx_word' id='word_1_820' title='bbox 3365 5495 3553 5568; x_wconf 87' lang='lat' dir='ltr'><strong>ﬁgura</strong></span> <span class='ocrx_word' id='word_1_821' title='bbox 3608 5495 3812 5552; x_wconf 79' lang='lat' dir='ltr'><strong>litteras</strong></span> 
     </span>
    </p>
   </div>
   <div class='ocr_carea' id='block_1_113' title="bbox 2165 5579 3813 5657">
    <p class='ocr_par' dir='ltr' id='par_1_113' title="bbox 2165 5579 3813 5657">
     <span class='ocr_line' id='line_1_113' title="bbox 2165 5579 3813 5657; baseline 0.001 -16"><span class='ocrx_word' id='word_1_822' title='bbox 2165 5583 2516 5649; x_wconf 89' lang='lat' dir='ltr'><strong>ostenditur,</strong></span> <span class='ocrx_word' id='word_1_823' title='bbox 2553 5580 2709 5652; x_wconf 90' lang='lat' dir='ltr'><strong>quod</strong></span> <span class='ocrx_word' id='word_1_824' title='bbox 2741 5579 2916 5635; x_wconf 89' lang='lat' dir='ltr'><strong>etiam</strong></span> <span class='ocrx_word' id='word_1_825' title='bbox 2951 5597 3077 5653; x_wconf 63' lang='lat' dir='ltr'><strong>qua</strong></span> <span class='ocrx_word' id='word_1_826' title='bbox 3134 5582 3380 5640; x_wconf 90' lang='lat' dir='ltr'><strong>minima</strong></span> <span class='ocrx_word' id='word_1_827' title='bbox 3429 5588 3714 5657; x_wconf 85' lang='lat' dir='ltr'><strong>putantur</strong></span> <span class='ocrx_word' id='word_1_828' title='bbox 3752 5585 3813 5642; x_wconf 91' lang='lat' dir='ltr'><strong>in</strong></span> 
     </span>
    </p>
   </div>
   <div class='ocr_carea' id='block_1_114' title="bbox 380 5767 2402 5869">
    <p class='ocr_par' dir='ltr' id='par_1_114' title="bbox 380 5767 2402 5869">
     <span class='ocr_line' id='line_1_114' title="bbox 380 5767 2402 5869; baseline 0 -15"><span class='ocrx_word' id='word_1_829' title='bbox 380 5767 388 5774; x_wconf 18' lang='lat' dir='ltr'>ﬁ</span> <span class='ocrx_word' id='word_1_830' title='bbox 479 5795 503 5839; x_wconf 71' lang='grc' dir='ltr'>δ</span> <span class='ocrx_word' id='word_1_831' title='bbox 533 5794 712 5854; x_wconf 89' lang='lat' dir='ltr'><strong>Addit</strong></span> <span class='ocrx_word' id='word_1_832' title='bbox 759 5793 1045 5854; x_wconf 87' lang='lat' dir='ltr'><strong>vetustior</strong></span> <span class='ocrx_word' id='word_1_833' title='bbox 1084 5795 1266 5857; x_wconf 88' lang='lat' dir='ltr'><strong>Palat.</strong></span> <span class='ocrx_word' id='word_1_834' title='bbox 1316 5813 1429 5856; x_wconf 89' lang='lat' dir='ltr'><strong>ms.</strong></span> <span class='ocrx_word' id='word_1_835' title='bbox 1482 5800 1543 5858; x_wconf 87' lang='lat' dir='ltr'><strong>et</strong></span> <span class='ocrx_word' id='word_1_836' title='bbox 1583 5795 1822 5858; x_wconf 86' lang='lat' dir='ltr'><strong>Victorii</strong></span> <span class='ocrx_word' id='word_1_837' title='bbox 1860 5800 2060 5869; x_wconf 87' lang='lat' dir='ltr'><strong>editio,</strong></span> <span class='ocrx_word' id='word_1_838' title='bbox 2101 5801 2402 5860; x_wconf 78' lang='lat' dir='ltr'><strong>damnans.</strong></span> 
     </span>
    </p>
   </div>
  </div>
