4182 6614
316 476 394 536 37

894 472 1410 536 COMMENTAR.
1459 473 1536 533 ΙΝ
1581 473 2001 537 EVANGELII

2147 473 2528 541 ΜΑΤΤΗΕΙ
2571 477 2717 539 LIB.
2767 478 2816 539 Ι.
2863 478 3037 540 CAP.
3085 481 3164 542 V.

320 611 492 683 Lege,
525 609 907 664 sacramentis
935 605 1344 678 spiritualibus
1377 605 1549 678 plena
1578 607 1718 676 sint,
1751 613 1809 664 et
1839 625 1967 664 om-
2001 619 2054 684 Α
2086 626 2221 680 ergo
2271 608 2542 665 similiter
2598 611 2796 666 credat
2836 610 2896 666 in
2943 609 3153 679 Deum,
3203 617 3260 668 et
3307 615 3604 673 Christum
3643 617 3744 674 Dei

321 699 419 756 nia
467 697 568 756 26
619 696 1077 770 recapitulentur
1123 695 1183 750 in
1234 695 1566 766 Evangelio.
1617 697 1798 768 Cujus
1837 713 1976 770 ergo

322 788 668 845 eruditionis
699 793 808 856 est,
853 787 1142 858 cujusque
1190 786 1490 848 doctrinae.
1541 787 1716 842 etiam
1751 787 1980 843 diversa

323 878 638 948 sacriﬁcia,
669 883 726 934 et
755 893 882 950 quis
927 875 1338 948 superstitiosa
1384 876 1678 944 videntur,
1729 877 1788 932 in
1819 877 1979 933 victi-

327 969 440 1026 mis
470 967 732 1041 quotidie
765 969 1170 1023 demonstrare
1200 965 1528 1038 compleri?

395 1058 582 1130 (Vera.
643 1057 851 1128 19-22.)
914 1079 938 1104 ‹‹
999 1055 1107 1120 Qui
1176 1070 1313 1126 ergo
1371 1053 1607 1110 solverit
1666 1072 1849 1111 unum
1911 1055 1981 1111 de

327 1145 622 1204 mandatis
653 1146 782 1202 istis
815 1145 1102 1212 minimis,
1144 1147 1201 1199 et
1247 1143 1509 1200 docuerit
1556 1145 1639 1201 sic
1689 1145 1978 1214 homines,

327 1236 613 1293 minimus
641 1233 944 1291 vocabitur
972 1233 1032 1288 in
1063 1249 1242 1305 regno
1280 1231 1599 1302 ccelorum;
1653 1234 1750 1306 qui
1784 1239 1981 1290 autem

326 1325 528 1382 fecerit
546 1329 605 1381 et
627 1323 909 1391 docuerit,
948 1322 1043 1378 hic
1087 1337 1338 1393 magnus
1379 1321 1685 1378 vocabitur
1721 1323 1782 1378 in
1805 1340 1984 1396 regno

305 1414 632 1472 calorum.
659 1414 793 1469 Dico
818 1416 1010 1469 autem
1034 1411 1218 1479 vobis,
1265 1410 1404 1483 quia
1454 1412 1564 1467 nisi
1599 1411 1986 1468 abundaverit

317 1505 556 1576 justitia
583 1508 777 1560 vestra
807 1502 938 1574 plus
970 1517 1148 1573 quam
1197 1499 1534 1556 Scribarum
1576 1506 1633 1556 et
1661 1500 1988 1556 Pharisaeo-

325 1611 482 1661 rum,
507 1609 622 1649 non
651 1591 946 1648 intrabitis
968 1590 1026 1645 in
1048 1604 1224 1663 regno
1241 1589 1544 1646 caelorum.
1565 1590 1828 1646 Audistis
1847 1590 1988 1662 quia

329 1685 551 1741 dictum
611 1686 701 1738 est
755 1680 1050 1753 antiquis:
1111 1680 1237 1736 Non
1306 1680 1555 1736 occides.
1623 1681 1730 1745 Qui
1790 1687 1985 1736 autem

331 1772 626 1841 occiderit,
653 1788 789 1827 reus
807 1769 1175 1842 eritjudicio.
1205 1771 1324 1842 Ego
1354 1774 1552 1826 autem
1575 1771 1704 1826 dico
1735 1770 1921 1825 vobis.
1955 1791 1985 1820 »

330 1867 452 1918 Hoc
469 1859 790 1933 capitulum
813 1876 946 1915 cum
990 1858 1277 1931 superiori
1317 1858 1498 1915 haeret
1535 1859 1895 1926 testimonio,
1927 1859 1986 1914 in

2087 700 2311 756 noverit
2342 699 2691 771 sapientiam
2724 702 2772 768 (I
2804 701 2926 758 Cor.
2954 718 3001 767 ι,
3021 703 3116 769 24)
3145 726 3158 767 ;
3185 718 3304 774 qua
3341 706 3566 762 ratione
3597 707 3748 763 stul-

2087 789 2226 844 titiae
2247 787 2434 860 elogio
2457 789 2716 845 denotari
2743 791 2980 862 potest?
3002 814 3030 840 «
3056 791 3162 858 Qui
3186 796 3383 848 autem
3412 793 3642 863 dixerit,
3669 797 3752 852 fa-

2061 883 2208 950 tue,
2233 895 2366 934 reus
2392 879 2500 933 erit
2520 879 2799 950 gehennae
2821 879 2996 952 ignis.
3025 902 3051 930 ››
3091 880 3230 936 Ἀπὸ
3271 886 3460 935 κοινοῦ
3485 900 3553 940 ex
3576 901 3748 957 supe-

2090 968 2342 1023 rioribus
2369 969 2758 1024 subauditur:
2820 971 2923 1038 Qui
2969 970 3179 1026 dixerit
3225 973 3397 1044 fratri
3415 987 3536 1039 suo,
3569 974 3752 1048 fatue,

2089 1073 2214 1123 reus
2235 1059 2342 1112 erit
2373 1063 2653 1126 gehennae.
2687 1058 2788 1112 Cui
2819 1059 2982 1114 enim
3013 1077 3174 1132 reque
3207 1062 3266 1116 in
3303 1067 3483 1118 Deum
3518 1064 3756 1120 creden-

2089 1147 2134 1201 ti
2165 1145 2326 1214 dicit,
2361 1147 2538 1213 fatue,
2571 1146 2791 1219 impius
2823 1152 2912 1204 est
2941 1149 3001 1204 in
3034 1149 3338 1223 religione.

2161 1235 2346 1305 (Vers.
2379 1236 2594 1306 23-24.)
2625 1259 2652 1286 ‹‹
2685 1237 2740 1291 Si
2774 1253 2911 1311 ergo
2945 1239 3118 1295 offers
3136 1253 3362 1296 munus
3383 1244 3552 1297 tuum
3577 1242 3648 1298 ad
3673 1242 3755 1299 al-

2092 1329 2236 1391 tare,
2263 1329 2321 1379 et
2340 1323 2418 1380 ibi
2442 1326 2780 1381 recordatus
2803 1327 2984 1384 fueris
3018 1329 3158 1401 quia
3199 1329 3379 1385 frater
3417 1335 3558 1388 tuus
3578 1331 3758 1388 habet

2096 1413 2318 1485 aliquid
2343 1414 2652 1470 adversum
2681 1419 2754 1481 te,
2780 1414 3047 1487 relinque
3069 1417 3151 1472 ibi
3175 1433 3395 1474 munus
3419 1425 3589 1476 tuum
3615 1426 3755 1478 ante

2095 1501 2298 1572 altare,
2321 1506 2377 1558 et
2395 1503 2539 1558 vade
2562 1503 2724 1574 prius
2768 1504 3130 1561 reconciliari
3161 1508 3331 1562 fratri
3374 1512 3476 1564 tuo
3501 1515 3595 1566 :et
3613 1515 3755 1567 tunc

2094 1591 2332 1647 veniens
2345 1592 2552 1647 oli'eres
2577 1609 2793 1647 munus
2817 1597 3006 1648 tuum.
3033 1615 3061 1642 »
3084 1595 3210 1651 Non
3233 1595 3397 1664 dixit,
3421 1598 3472 1652 si
3489 1602 3548 1653 tu
3573 1598 3755 1656 habes

2071 1681 2318 1752 aliquid
2355 1682 2632 1737 adversus
2666 1682 2902 1737 fratrem
2953 1687 3148 1749 tuum,
3209 1685 3312 1740 sed
3344 1685 3396 1741 si
3418 1687 3596 1742 frater
3615 1692 3758 1745 tuus

2098 1770 2271 1826 habet
2302 1770 2524 1843 aliquid
2557 1772 2869 1827 adversum
2919 1776 2994 1839 te,
3048 1777 3114 1828 ut
3165 1774 3369 1830 durior
3415 1777 3753 1833 reconcilia-

2097 1859 2275 1916 tionis
2321 1859 2428 1916 tibi
2475 1860 2816 1932 imponatur
2875 1862 3214 1918 necessitas.
3265 1863 3533 1927 Quandiu
3583 1863 3753 1922 illum

332 1967 448 2024 quo
479 1950 739 2006 dixerat:
775 1953 894 2006 Iota
921 1965 1117 2016 unum,
1149 1952 1249 2005 aut
1278 1965 1424 2005 unus
1453 1965 1596 2020 apex
1624 1966 1732 2007 non
1763 1953 1991 2021 praeter»
2019 1999 2067 2065 B
2104 1948 2332 2022 placare
2361 1966 2474 2005 non
2508 1967 2846 2022 possumus,
2895 1953 3158 2008 necessio
3207 1967 3280 2008 an
3329 1959 3760 2026 consequenter

335 2043 436 2065 :1."
470 2058 494 2065 ..
522 2041 630 2065 1,.--
686 2039 849 2065 Δημ--
905 2041 1084 2065 -..μμ-κ
1140 2037 1282 2065 ι’--.ι
1360 2038 1608 2065 οηηειιηι
1670 2055 1800 2065 --ι-,Α
1839 2039 1952 2065 ηις..
2101 2053 2343 2065 ..Α-...Α....
2379 2043 2574 2065 ..Ληι-,ι
2612 2040 2924 2065 -ω,.-........-
2957 2040 3066 2065 ἢ--

331 2043 436 2098 ibit
464 2041 650 2112 atege,
681 2039 849 2096 donec
900 2041 1088 2096 omnia
1134 2037 1302 2111 ﬁant.
1360 2038 1612 2113 Sugillat
1666 2055 1803 2112 ergo
1836 2039 1983 2095 Pha-

333 2131 554 2198 risaeos,
588 2130 712 2202 qui,
743 2129 1091 2201 contemptis
1129 2128 1425 2185 mandatis
1471 2129 1596 2198 Dei,
1649 2128 1989 2185 statuebant

334 2219 602 2294 proprias
630 2219 995 2286 traditiones,
1029 2218 1186 2290 quod
1217 2234 1334 2274 non
1377 2217 1462 2274 eis
1510 2217 1695 2290 prosit
1725 2217 1991 2274 doctrina

334 2311 395 2366 in
426 2308 678 2382 populis,
712 2308 762 2364 si
792 2307 874 2363 vel
908 2323 1174 2380 parvum,
1205 2307 1362 2379 quod
1397 2307 1455 2363 in
1479 2306 1605 2381 lege
1628 2313 1986 2380 praeceptum

334 2403 445 2466 est,
479 2399 802 2454 destruant.
858 2398 1178 2454 Possumus
1226 2400 1424 2453 autem
1469 2401 1533 2453 et
1578 2397 1746 2454 aliter
1774 2397 1985 2453 intelli~

337 2504 493 2563 gere,
526 2489 682 2561 quod
715 2486 982 2560 magistri
1012 2488 1265 2543 eruditio
1297 2488 1336 2555 ί,
1379 2486 1607 2543 etiamsi
1643 2502 1817 2559 parvo
1858 2502 1991 2559 pec-

323 2583 466 2635 cato
485 2577 772 2634 obnoxius
794 2577 894 2644 sit,
927 2577 1176 2632 deducat
1205 2593 1338 2632 eum
1370 2575 1441 2632 de
1494 2577 1679 2649 gradu
1710 2577 1990 2645 maximo,

341 2685 448 2724 nec
477 2667 664 2740 prosit
691 2667 900 2723 docere
939 2665 1260 2737 justitiam,
1312 2683 1492 2739 quam
1543 2666 1789 2722 minima
1821 2666 1996 2738 culpa

341 2757 610 2814 destruit.
643 2757 713 2812 Et
749 2756 1048 2812 beatitudo
1098 2757 1355 2828 perfecta
1401 2755 1500 2824 sit,
1551 2773 1680 2828 quas
1725 2772 1995 2813 sermone

343 2846 632 2914 docueris,
667 2862 840 2918 opere
870 2845 1182 2918 complere.

415 2936 601 3010 (Vers.
651 2936 768 3007 22.)
822 2958 850 2985 ‹‹
887 2934 1034 3002 Quia
1089 2934 1284 3010 omnis
1336 2935 1437 3008 qui
1503 2934 1778 2991 irascitur
1833 2935 1993 2991 fratri

319 3008 476 3092 suo,
506 3041 642 3082 reus
671 3025 1030 3096 eritjudioio
1062 3025 1102 3077 ².
1128 3008 1222 3091 /In
1281 3025 1639 3096 quibusdam
1697 3025 1999 3080 codicibus

346 3116 600 3191 addiLur,
629 3116 752 3170 sine
777 3131 944 3170 causa
967 3113 1291 3191 yceterum
1322 3113 1383 3170 in
1413 3115 1565 3170 veris
1596 3114 1837 3170 definita
1865 3129 1998 3170 sen-

346 3186 544 3262 tentia—
583 3209 692 3272 est,
727 3207 784 3260 et
838 3203 926 3259 ira
969 3186 1218 3276 'penitus
1274 3204 1524 3270 tollitur,
1583 3204 1810 3259 dicente
1849 3202 2000 3259 Scri-

345 3300 552 3368 ptura:
589 3295 700 3364 Qui
727 3296 990 3350 irascitur
1044 3295 1214 3362 fratri
1268 3310 1384 3350 suo.
1445 3295 1506 3349 Si
1537 3294 1694 3350 enim
1719 3294 2003 3365 jubemur

348 3477 583 3530 nostros
665 3487 884 3537 amare,
971 3475 1029 3526 et
1109 3488 1277 3527 orare
1356 3489 1459 3544 pro
1516 3472 2002 3544 persequentibus

350 3563 511 3632 (Luc.
603 3576 682 3631 v1,
773 3559 991 3629 27-29),
1087 3561 1280 3616 omnis
1378 3561 1475 3615 iris
1569 3562 1794 3617 occasio
1857 3561 2006 3617 tolli-

348 3657 470 3717 tur,
528 3649 872 3706 Radendum
933 3652 1021 3705 est
1071 3665 1230 3721 ergo,
1291 3651 1412 3705 sine
1466 3666 1655 3716 causa,
1723 3650 1864 3722 quia
1919 3652 2008 3708 ira

263 3757 267 3760 '
341 3741 459 3798 viri
510 3739 808 3812 justitiam
894 3738 993 3794 Dei
1079 3755 1193 3795 non
1269 3745 1546 3812 operatur
1599 3740 1733 3811 (Jac.
1793 3758 1833 3810 ι,
1892 3741 2004 3810 20).

143 3854 294 3924 .\\

355 3851 386 3882 ‹‹
415 3831 522 3895 Qui
582 3832 778 3884 autem
835 3829 1045 3885 dixerit
1107 3829 1269 3884 fratri
1327 3846 1436 3886 suo
1493 3847 1646 3899 raca,
1709 3847 1844 3886 reus
1900 3831 2011 3887 erit

319 3919 599 3977 rooncilio
629 3919 670 3974 ³.
705 3939 734 3968 ››
760 3919 878 3974 Hoc
908 3920 1152 3975 verbum
1197 3919 1456 3991 proprie:
1475 3919 1848 3976 Hebraeorum
1879 3924 2006 3976 est:

351 4027 494 4067 mea
524 4012 691 4098 (ripa)
720 4008 878 4064 enim
941 3993 1157 4064 dicitur
1182 4007 1358 4075 κενὸς,
1417 4009 1476 4064 id
1537 4013 1642 4073 est,
1694 4011 1880 4066 inanis
1910 4015 2012 4065 aut

351 4113 556 4156 vacuus
573 4097 601 4161 ;⁷
626 4114 803 4171 quem
835 4115 942 4154 nos
972 4115 1290 4170 possumus
1311 4097 1548 4171 vulgata
1571 4099 1787 4170 injuria
1809 4102 2012 4171 absque

351 4189 590 4255 cerebro,
649 4204 1010 4260 nuncupare.
1071 4187 1129 4243 Si
1191 4204 1292 4259 pro
1351 4188 1538 4244 otioso
1597 4205 1866 4244 sermone
1911 4188 2006 4246 27

351 4277 641 4336 reddituri
673 4293 884 4334 sumus
914 4277 1199 4333 rationem
1248 4278 1455 4349 (Matth.
1493 4295 1597 4345 xu,
1647 4277 1761 4349 36),
1793 4283 2014 4348 quanto

353 4367 551 4440 magis
574 4367 646 4422 de
666 4367 1019 4422 contumelia
1041 4365 1053 4421 l
1078 4367 1189 4423 Sed
1212 4371 1267 4422 et
1289 4367 1594 4440 signanter
1616 4368 1886 4436 additur;
1912 4369 2018 4437 Qui

351 4458 567 4530 dixerit
593 4455 777 4530 fratri
831 4472 947 4528 suo,
980 4473 1132 4513 raca.
1172 4456 1373 4512 Frater
1402 4457 1558 4512 enim
1590 4462 1790 4512 noster
1816 4457 2016 4514 nullus

352 4552 467 4617 est,
493 4525 605 4602 nisi
627 4545 727 4618 qui
751 4525 1021 4602 eumdem
1046 4545 1356 4602 nobiscum
1380 4546 1557 4602 habet
1588 4549 1843 4603 Patrem.
1868 4547 2016 4604 Cum

404 4691 449 4775 ,ι
489 4679 650 4748 Idem
700 4706 812 4746 ms.
870 4691 1125 4762 magistri
1177 4691 1428 4759 traditio,
1487 4695 1546 4747 et
1601 4707 1736 4748 mox
1781 4691 2017 4749 obnoxia

357 4771 454 4820 sit.

431 4836 454 4870 ³
481 4832 796 4908 Rectius_in
824 4835 1040 4908 nostris
1078 4851 1234 4908 mss.
1264 4835 1462 4908 verba,
1504 4849 1636 4908 reus
1676 4837 1781 4908 erit
1801 4836 2011 4908 judicio

355 4922 479 4962 non
509 4911 669 4962 sunt.
702 4906 864 4971 Quod
897 4908 996 4976 ait,
1029 4908 1086 4962 in
1120 4907 1474 4979 quibusdam
1506 4906 1814 4979 codicibus
1853 4907 2009 4976 addi,

313 5011 318 5014 -
355 4981 484 5052 sine
509 4995 702 5052 causa,
730 4995 836 5034 nos
867 4979 1001 5052 alibi
1029 4977 1454 5052 edisseriiinius
1502 4977 1561 5052 in
1597 4979 1761 5052 Notis
1805 4982 1877 5035 ad
1909 4984 2009 5052 Ep.

361 5051 432 5124 13
461 5055 518 5107 et
546 5051 618 5124 ad
646 5050 803 5124 lib,
828 5068 871 5106 ιι
930 5051 1153 5124 Dialogi
1207 5056 1412 5124 contra
1435 5121 1444 5124 _
1468 5049 1832 5124 Pelagianos,
1867 5070 1927 5108 ιι.
1954 5049 2010 5124 5.

359 5122 538 5179 Plura
571 5123 722 5178 infra
752 5123 999 5178 dicenda
1056 5121 1226 5179 erunt
1282 5123 1392 5179 sub
1431 5121 1666 5178 initium
1699 5123 1830 5178 libri
1861 5123 2016 5180 tertii

321 5203 326 5207 '
359 5194 759 5268 Commentar,
794 5195 853 5268 in
887 5195 1130 5268 Epistol.
1179 5195 1251 5250 ad
1305 5195 1830 5268 EphesiosLLatini
1866 5212 2018 5268 quo-

363 5282 484 5392 que
503 5267 727 5323 codices
749 5266 958 5323 bodied
969 5285 1058 5323 um
1069 5271 1370 5340 superant,
1386 5267 1486 5338 qui
1505 5266 1772 5321 additum
1788 5266 2020 5341 comma

363 5338 382 5392 i
417 5337 512 5392 lud
530 5338 1106 5392 retinent.Eiusmodi
1122 5345 1211 5392 est
1225 5338 1736 5392 unusVeronensis
1749 5341 2016 5392 omnium

360 5337 512 5412 illud
530 5338 1106 5412 retinent.Ejusmodi
1122 5337 1211 5395 est
1225 5338 1736 5412 unusVeronensis
1749 5337 2016 5412 omnium

364 5409 541 5484 facile
569 5409 878 5484 princeps;
922 5413 1019 5468 alii
1064 5428 1298 5484 quoque
1349 5411 1418 5466 ad
1469 5427 1616 5484 quos
1668 5410 1874 5484 Italica)
1900 5429 2020 5466 ver-

362 5480 969 5555 sienis'iEvang'elium
1030 5480 1394 5540 Martianaeus
1445 5480 1646 5537 edidit.
1705 5483 1773 5538 Et
1820 5482 2024 5555 legunt

363 5553 734 5628 antiquiores
760 5553 942 5628 Latini
973 5558 1167 5612 Patres
1193 5554 1460 5628 Cyprian.
1487 5555 1546 5628 in
1595 5555 1834 5628 Teistim.
1870 5553 1909 5609 l'.
1936 5572 2019 5622 ιιι,

363 5645 430 5683 ιι.
457 5625 510 5681 8.
538 5624 795 5684 Hilarius
840 5627 897 5683 in
949 5629 1152 5684 Matth.
1186 5624 1597 5698 etwAugustin.
1655 5627 1728 5681 De
1774 5643 2026 5684 sermo-ne

363 5698 597 5755 Domini
623 5700 685 5754 in
715 5704 896 5756 monte
940 5701 978 5757 1.
1014 5718 1051 5772 1,
1095 5717 1145 5756 c.
1195 5700 1251 5754 9.
1300 5699 1406 5764 Qui
1454 5703 1656 5772 tamen
1697 5698 1754 5752 in
1791 5698 1891 5754 lib.
1926 5700 2024 5772 Re-

367 5773 686 5828 tractation.
731 5788 781 5826 c.
842 5772 928 5839 19,
987 5770 1185 5829 monet
1235 5787 1303 5828 ea
1352 5770 1527 5826 verba
1577 5771 1696 5826 sine
1748 5787 1932 5840 causa,
1965 5771 2026 5829 in

370 5841 590 5902 Graecis
610 5843 780 5901 codd.
813 5859 930 5900 non
969 5843 1236 5904 inveniri.
1279 5842 1625 5920 Hieronymo
1665 5848 1864 5901 nostro
1887 5857 2026 5903 con-

991 5943 1041 6016 β

2101 2053 2348 2095 munera
2379 2043 2581 2094 nostra
2609 2040 2925 2097 offeramus
2957 2040 3091 2097 Deo.

2169 2128 2354 2200 (Vers.
2385 2128 2602 2200 25-27.)
2628 2151 2656 2179 ‹‹
2715 2129 2852 2185 Esto
2889 2131 3260 2187 consentiens
3301 2133 3631 2190 adversario
3653 2137 3753 2190 tuo

2099 2219 2234 2286 cito,
2255 2219 2395 2274 dum
2420 2235 2482 2274 es
2508 2235 2644 2274 cum
2667 2235 2732 2274 eo
2769 2219 2828 2273 in
2875 2218 3003 2275 via:
3047 2236 3120 2276 ne
3162 2220 3308 2277 forte
3341 2223 3536 2279 tradat
3573 2227 3630 2280 te
3660 2223 3758 2279 ad-

2099 2308 2614 2380 versariusjudici,
2653 2308 2907 2380 etjudex
2945 2310 3140 2365 tradat
3183 2315 3244 2366 te
3291 2309 3582 2383 ministro,
3607 2317 3665 2368 et
3693 2313 3756 2370 in

2099 2414 2389 2453 carcerem
2416 2396 2686 2453 mittaris.
2721 2400 2905 2453 Amen
2946 2397 3074 2454 dico
3108 2399 3234 2467 tibi,
3267 2416 3384 2456 non
3415 2401 3570 2458 exies
3594 2401 3757 2471 inde,

2101 2488 2285 2543 donec
2299 2485 2508 2543 reddas
2521 2488 2906 2542 novissimum
2921 2488 3074 2559 quad
3084 2491 3603 2547 rantem.Audistis
3615 2491 3759 2564 quia

2066 2575 2073 2584 ’
2102 2577 2323 2632 dictum
2351 2581 2439 2631 est
2459 2575 2720 2647 antiquis
2747 2594 2759 2645 ;
2797 2577 2922 2633 Non
2965 2578 3370 2635 mascbaberis.
3413 2580 3530 2652 Ego
3559 2547 4018 2700 autem/VI

2103 2666 2232 2700 Ᾱῖηη
2255 2667 2418 2700 "nl-ﬁn
2465 2666 2599 2700 ηηῖο
2632 2665 2822 2700 nmnia
2871 2687 2898 2700 ιι
2927 2666 3033 2700 Dan
3059 2684 3124 2700 nn
3147 2669 3298 2700 ηιυυι
3338 2685 3441 2700 ..ηρ
3473 2670 3758 2700 ludum...“

2103 2666 2233 2722 dico
2255 2667 2442 2733 vobis,
2465 2666 2604 2738 quia
2631 2665 2843 2721 omnis.
2871 2687 2898 2714 η
2927 2666 3033 2722 Pro
3058 2684 3124 2722 eo
3146 2669 3300 2740 quod
3336 2685 3442 2726 nos
3473 2670 3761 2726 habemus

2105 2755 2164 2810 in
2186 2755 2406 2810 Latinis
2429 2755 2750 2821 codicibus,
2774 2758 3135 2825 consentiens,
3159 2757 3218 2812 in
3242 2757 3457 2814 Graecis
3474 2759 3761 2833 scriptum

2104 2851 2195 2902 est
2215 2843 2431 2897 Ebvoc‘uv
2455 2846 2496 2912 ⁸,
2525 2845 2679 2917 quod
2701 2845 3120 2918 interpretatur
3151 2847 3456 2913 benevolus,
3483 2855 3584 2904 aut
3605 2851 3759 2906 beni-
3843 2851 3852 2855 ’

2105 2951 2266 3006 gnus.
2299 2934 2378 2989 Ex
2408 2934 2873 3005 praecedentibus
2913 2941 3107 2992 autem
3157 2940 3214 2992 et
3261 2938 3761 3002 consequentibus

2111 3024 2461 3080 manifestus
2491 3029 2579 3079 est
2627 3039 2860 3092 sensus,
2909 3026 3065 3096 quod
3114 3042 3223 3082 nos
3273 3026 3551 3083 Dominus
3581 3032 3763 3100 atque

2109 3111 2375 3168 Salvator
2405 3117 2620 3184 noster,
2649 3112 2791 3168 dum
2823 3114 2883 3168 in
2914 3113 3086 3170 istius
3108 3114 3421 3180 saeculivia
3443 3117 3763 3188 currimus,

2113 3202 2182 3258 ad
2211 3218 2409 3273 pacem
2433 3206 2491 3257 et
2512 3202 2583 3257 ad
2605 3202 2983 3258 concordiam
3025 3201 3383 3273 cohortatur,
3420 3206 3590 3276 juxta
3611 3211 3765 3279 Apo-

2111 3291 2350 3357 stolum,
2383 3290 2670 3347 dicentem
2698 3308 2711 3348 :
2742 3294 2807 3348 Si
2835 3292 2962 3362 ﬁeri
2985 3297 3176 3364 potest,
3208 3303 3480 3366 quantum
3507 3311 3578 3352 ex
3604 3297 3763 3353 nobis

321 3383 672 3440 -verberanti
704 3381 945 3438 alteram
977 3383 1234 3454 praebere
1267 3382 1589 3450 maxillam,
1631 3389 1689 3438 et
1725 3383 1998 3438 inimicos
2030 3375 2072 3442 C
2113 3384 2211 3446 est,
2244 3397 2368 3435 cum
2420 3381 2672 3436 omnibus
2719 3381 3032 3437 hominibus
3066 3397 3254 3454 pacem
3301 3384 3556 3441 habentes
3585 3387 3768 3459 (Rom.

2111 3487 2216 3536 χιι,
2241 3471 2349 3543 18).
2373 3470 2519 3525 Nam
2541 3474 2600 3526 et
2628 3470 2687 3524 in
2723 3471 3070 3542 precedenti
3109 3471 3366 3544 capitulo
3408 3472 3669 3530 dixerat:
3701 3476 3768 3532 Si

2113 3561 2272 3631 offers
2300 3575 2501 3614 munus
2530 3565 2692 3614 tuum
2736 3561 2810 3614 ad
2837 3561 3035 3626 altare,
3086 3565 3139 3615 et
3187 3561 3265 3616 ibi
3292 3562 3610 3618 recordatus
3637 3563 3764 3634 fuc-

2114 3651 2213 3719 ris,
2246 3649 2377 3720 quia
2402 3649 2576 3719 frater
2605 3651 2732 3703 tuus
2773 3648 2930 3704 habet
2978 3648 3202 3720 aliquid
3253 3649 3544 3707 adversum
3591 3659 3678 3732 te;
3711 3655 3771 3710 et

2116 3738 2226 3794 hoc
2251 3739 2436 3807 ﬁnito,
2474 3737 2670 3793 statim
2695 3737 2909 3806 infert;
2953 3738 3080 3793 Esto
3118 3741 3457 3796 consentiens
3481 3740 3503 3776 ⁸
3550 3747 3652 3800 aut
3681 3741 3771 3800 be-

2115 3830 2328 3901 nignus
2356 3827 2672 3884 adversario
2703 3835 2813 3895 tuo,
2839 3831 2895 3883 et
2923 3827 3169 3900 reliqua.
3210 3827 3281 3885 Et
3310 3828 3373 3886 in
3404 3847 3774 3904 consequen-

2118 3919 2278 3974 tibus
2315 3918 2520 3988 jubet:
2578 3917 2803 3988 Diligite
2858 3919 3112 3973 inimicos
3178 3928 3422 3984 vestros;
3470 3921 3773 3994 bene/acite

2119 4007 2205 4063 his
2236 4009 2334 4080 qui
2361 4006 2591 4063 oderunt
2610 4022 2720 4075 vos,
2750 4010 2804 4061 et
2833 4015 2984 4062 orate
3000 4023 3102 4080 pro
3126 4009 3576 4081 persequentibus
3603 4014 3652 4067 et
3674 4009 3774 4068 28

2119 4095 2594 4152 calumniantibus
2642 4111 2731 4151 vos
2765 4095 2970 4168 (Matth.
3019 4114 3072 4167 v,
3108 4097 3217 4167 lit).
3251 4099 3393 4155 Cum
3427 4097 3548 4156 haec
3596 4100 3783 4156 mani-

2124 4188 2269 4242 festa
2300 4185 2378 4240 sit
2407 4185 2512 4255 (Al.
2549 4184 2688 4256 sint)
2718 4188 2774 4240 et
2808 4201 3170 4254 consequens
3223 4187 3629 4262 intelligentia,
3661 4189 3783 4262 ple-

2123 4275 2292 4348 rique
2323 4276 2684 4330 arbitrantur
2713 4275 2783 4330 de
2814 4291 2988 4330 carne
3019 4273 3241 4330 dictum
3275 4281 3332 4332 et
3351 4278 3571 4346 anima,
3597 4278 3683 4334 vel
3704 4275 3776 4335 de

2125 4367 2392 4421 animaet
2421 4363 2633 4436 spiritu
2663 4365 2722 4420 δε
2757 4364 2914 4436 quod
2949 4364 3180 4437 penitus
3208 4381 3323 4422 non
3356 4370 3493 4422 stat.
3528 4367 3776 4432 Quomo-

2126 4457 2198 4511 do
2222 4455 2376 4511 enim
2401 4459 2504 4510 aut
2525 4470 2658 4510 caro
2692 4455 2978 4510 mittenda
3015 4455 3124 4510 erit
3144 4454 3203 4511 in
3246 4472 3559 4525 carcerem,
3583 4457 3634 4513 si
3657 4457 3783 4514 ani-

2128 4562 2225 4602 ma
2246 4561 2362 4601 non
2385 4544 2781 4600 consenserit:
2808 4560 2942 4600 cum
2966 4549 3023 4601 et
3062 4545 3260 4603 anima
3295 4551 3353 4604 et
3391 4563 3522 4604 caro
3561 4547 3782 4622 pariter

2129 4690 2306 4747 sentit
2325 4689 2594 4767 Justinus
2615 4689 2681 4767 in
2696 4687 3111 4767 _Apologia|ad
3165 4691 3532 4748 Antoninum
3569 4691 3627 4748 in
3663 4702 3780 4767 qua

2053 4751 2097 4817 Ι)
2127 4777 2326 4819 vocem
2357 4759 2489 4814 είκεῖ
2519 4751 2757 4817 omittit:

2192 4851 2213 4886 ³
2243 4850 2348 4906 Hic
2373 4866 2604 4926 quoque
2633 4848 2850 4926 rectius
2880 4850 3162 4926 omittunt
3194 4868 3336 4909 mss.
3368 4854 3553 4911 nostri
3577 4856 3778 4926 verba,

2120 4940 2245 5005 reus
2265 4926 2370 5005 erit
2393 4921 3039 5005 concilio.S:Gregoriu.s
3060 4923 3162 5005 lib.
3205 4941 3300 5005 xxi
3332 4921 3778 5005 Moraliumcap.

2121 4943 2245 4980 reus
2265 4943 2370 4979 ενῑι
2395 4943 3039 5005 σοησξιιοῶευτεεφιυε
3062 4943 3162 4979 ιιι).
3205 4943 3300 4981 XXI
3332 4943 3621 4983 [Horatium
3651 4943 3778 5054 ἓξὲξ.

2121 4997 2192 5051 5:
2223 5017 2250 5046 ‹‹
2281 4996 2425 5070 Raca
2454 5003 2960 5070 qmppe,in_quzt,1n
2984 4994 3220 5070 Hebraeo
3251 4997 3482 5070 eloquio
3503 4999 3648 5055 voxi
3738 4998 3785 5054 i-

2166 5067 2360 5123 nantis
2383 5071 2650 5137 est;quae
2669 5065 2906 5136 quidem
2941 5067 3202 5124 animum
3253 5065 3564 5126 irascentis
3593 5075 3785 5126 osten-

2166 5085 2360 5123 nanus
2383 5085 2650 5137 esuquae
2669 5085 2906 5136 quidem
2941 5085 3202 5124 animum
3253 5085 3564 5126 irascentis
3593 5085 3780 5126 oeten-

2124 5085 2231 5205 git,
2247 5155 2351 5214 nec
2368 5142 2566 5214 tamen
2591 5136 2830 5214 plenum
2855 5138 3103 5214 verbum
3120 5140 3433 5214 iracundia:
3455 5142 3780 5214 exprimit.-

2126 5211 2412 5284 ConferHS.
2448 5208 2733 5284 Hilarium
2764 5210 2821 5264 in
2855 5211 3364 5284 cap.IvMatthaai,
3398 5219 3455 5284 et
3477 5208 3778 5284 Regulam.

2128 5281 2390 5340 S.Basilii
2416 5281 2740 5354 cap.445,et
2768 5281 3002 5338 Avitum
3027 5282 3418 5340 Viennensem
3449 5281 3780 5355 Ep.prima.

2165 5374 2222 5460 ﬁt
2251 5371 2568 5456 In‘aliquot
2599 5386 2742 5426 mss.
2778 5367 2999 5424 εὐναίων
3028 5389 3042 5428 :
3075 5373 3133 5429 in
3160 5372 3288 5429 aliis
3311 5369 3550 5438 εδνακον,
3577 5369 3784 5431 malim

2133 5464 2253 5498 εανο
2263 5463 2374 5496 ικον
2388 5485 2400 5498 .

2204 5536 2224 5568 ⁸
2257 5535 2362 5589 Pro
2391 5532 2756 5598 consentiens,
2789 5536 2908 5588 tres
2956 5532 3201 5588 Palatini
3252 5547 3394 5588 mss.
3450 5531 3671 5592 habent
3697 5534 3788 5592 be-

2132 5608 2376 5663 nevolus.
2410 5604 2646 5660 Leviora
2677 5605 2830 5659 infra
2857 5606 3265 5660 emendamus.

2205 5698 2226 5732 ⁸
2257 5697 2415 5751 Idem
2447 5710 2590 5749 mss.
2625 5694 2709 5749 vel
2749 5693 2813 5749 de
2861 5695 3066 5763 spiritu
3107 5696 3360 5764 tantum,
3412 5695 3635 5764 absque
3665 5695 3794 5753 ani-

2137 5786 2246 5825 ma.
2282 5768 2411 5824 Mox
2458 5782 2688 5844 quoque
2733 5767 2782 5844 si
2813 5765 3018 5822 animae
3063 5779 3173 5824 non
3221 5765 3574 5842 consenserit,
3605 5781 3710 5844 pro
3740 5766 3793 5825 si

2137 5844 2352 5910 animo,
2375 5839 2508 5910 etei,
2539 5839 2599 5896 in
2631 5840 2806 5894 recto.
