4182 6620
416 462 495 523 39
1096 510 1103 517 ,
1662 441 1729 501 S.
1775 434 2088 500 EUSEBII
2132 436 2575 500 HlEltUNYMl
3741 440 3825 499 4o

412 584 777 648 recludendze
809 580 948 649 sint,
998 592 1105 633 nec
1162 573 1444 647 quiddam
1501 571 1687 644 possit
1716 586 1848 625 caro
1878 569 2065 625 facere
2092 570 2147 638 Α
2178 570 2245 624 Et
2273 569 2321 624 si
2356 569 2589 624 dextera
2614 584 2825 624 manus
2865 573 2966 623 tua
3011 566 3366 624 scandalizat
3413 572 3489 637 te,
3543 568 3829 625 abscinde

413 678 528 737 nisi
561 674 715 749 quod
748 670 983 729 animus
1026 663 1327 738 imperarit
1373 665 1476 718 aut
1524 660 1779 733 Spiritus
1828 663 2067 717 sanctus

413 768 691 825 habitans
721 763 780 818 in
818 758 990 815 nobis
1036 753 1121 810 vel
1182 766 1415 809 carnem
1463 750 1552 806 vel
1601 750 1858 806 animam
1892 765 2065 819 repu-

415 859 665 931 gnantes
684 849 865 925 iudici
886 849 1273 913 tradere,cum
1304 842 1431 913 ipse
1456 841 1532 896 sit
1544 839 1746 911 judex.
1769 837 1879 893 Alii
1893 838 2066 931 iusta

416 928 736 1020 Epistolam
766 937 917 995 Petri
950 933 1237 992 dicentis:
1270 932 1625 987 Adversarius
1672 936 1843 1020 uester
1870 928 2060 1020 diabo-

416 1015 502 1091 lus
531 1032 690 1105 quasi
717 1030 797 1085 leo
829 1026 1050 1094 rugiens
1074 1022 1270 1077 circuit
1299 1020 1343 1091 (I
1372 1020 1519 1074 Petr.
1552 1035 1605 1088 v,
1639 1017 1711 1087 8),
1738 1021 1795 1072 et
1816 1015 2059 1105 reliqua,

415 1104 815 1181 adversarium
846 1114 1143 1171 diabolum
1188 1110 1660 1180 interpretantur,
1713 1110 1769 1160 et
1797 1104 1999 1159 volunt
2026 1122 2061 1160 a

413 1212 711 1270 Salvatore
740 1202 998 1279 praecipi,
1031 1206 1095 1256 ut
1128 1201 1267 1254 dum
1300 1198 1358 1252 in
1405 1199 1688 1269 potestate
1719 1197 1918 1249 nostra
1946 1197 2055 1260 est,

412 1303 599 1359 simus
632 1292 895 1355 benevoli
943 1306 1080 1363 erga
1127 1286 1447 1353 diabolum,
1498 1284 1600 1355 qui
1655 1280 2052 1339 estinimicus

411 1397 469 1446 et
498 1389 673 1458 ultor,
707 1400 809 1440 nec
838 1381 1125 1438 faciamus
1175 1391 1309 1431 eum
1368 1389 1569 1446 poenas
1624 1371 1917 1427 sustinere
1950 1386 2054 1441 pro

410 1478 597 1536 nobis.
628 1479 770 1530 Cum
802 1470 957 1527 enim
989 1468 1113 1540 ipse
1141 1464 1416 1519 vitiorum
1455 1460 1752 1517 incentiva
1780 1458 2056 1531 suppedi-

409 1573 507 1631 tet.
532 1572 587 1622 et
603 1562 772 1620 nobis
794 1559 971 1616 etiam
991 1555 1288 1611 voluntate
1309 1550 1707 1624 peccantibus,
1733 1548 1781 1605 si
1811 1564 2056 1604 consen-

407 1656 659 1714 serimus
681 1652 732 1708 ei
762 1649 905 1704 vitia
928 1643 1291 1718 suggerenti,
1322 1658 1425 1713 pro
1469 1639 1640 1695 nobis
1671 1656 1901 1710 quoque
1929 1654 2057 1693 esse

404 1743 821 1817 torquendum.
843 1738 909 1793 Et
930 1735 1131 1791 dicunt
1153 1732 1495 1788 benevolum
1517 1745 1644 1784 esse
1662 1744 2054 1798 unumquem-

406 1816 535 1908 que
552 1835 889 1889 sanctorum
921 1822 1249 1880 adversario
1292 1837 1419 1885 suo,
1469 1817 1519 1874 si
1567 1835 1700 1873 eum
1733 1834 1848 1871 non
1885 1816 2056 1871 faciat

407 1906 512 1997 pro
543 1940 605 1978 se
635 1918 923 1977 sustinere
951 1915 1263 1969 tormenta.
1296 1908 1541 1976 Quidam
1574 1906 1830 2007 coactius
1860 1906 2053 2007 dis‘se-
2082 1943 2128 2007 B

407 1994 565 2080 runt,
599 2011 658 2066 in
685 2005 1033 2080 baptismate
1056 1999 1320 2074 singulos
1347 2001 1581 2071 pactum
1610 1995 1756 2051 inire
1777 2012 1911 2051 cum
1932 1994 2052 2049 dia-

405 2102 558 2170 bolo,
593 2103 650 2156 et
677 2090 1220 2154 dicere:Renuntio
1262 2088 1391 2154 tibi,
1440 2084 1688 2156 diabole,
1738 2089 1794 2140 et
1824 2100 2049 2156 pompas

404 2197 538 2257 tua},
573 2192 629 2245 et
658 2186 813 2243 vitiis
840 2183 1044 2253 tuis,et
1072 2178 1293 2235 mundo
1324 2180 1423 2232 tuo
1454 2174 1554 2247 qui
1576 2175 1635 2230 in
1667 2172 1923 2245 maligno
1947 2189 2048 2244 po-

404 2282 553 2339 situs
591 2281 680 2333 est
725 2275 773 2343 (Ι
814 2276 973 2331 Joan.
1033 2287 1088 2340 ν,
1146 2269 1253 2339 19).
1314 2266 1373 2322 Si
1430 2280 1565 2335 ergo
1626 2263 2048 2318 servaverimus

404 2372 662 2443 pactum,
679 2361 944 2421 benevoli
965 2364 1021 2416 et
1042 2356 1470 2414 consentientes
1493 2369 1701 2409 sumus
1717 2351 2047 2408 adversario

404 2440 624 2524 nostro,
669 2458 727 2510 et
772 2464 1138 2524 nequaquam
1192 2446 1251 2501 in
1297 2458 1586 2501 carcerem
1634 2440 1972 2497 recludendi
2004 2441 2041 2494 ⁸.

404 2547 507 2605 Sin
529 2561 660 2602 vero
683 2543 1001 2614 quidquam
1020 2534 1370 2608 transgressi
1391 2531 1675 2588 fuerimus
1697 2547 1898 2586 eorum
1918 2545 2045 2601 quae

402 2637 633 2695 diabolo
663 2631 1187 2706 spoponderamus,
1221 2626 1522 2681 trademur
1561 2622 1749 2693 judici
1782 2638 1847 2676 ac
1871 2618 2045 2675 mini-

401 2733 543 2795 stro,
578 2730 635 2781 et
662 2722 963 2779 mittemur
991 2718 1050 2773 in
1083 2730 1396 2781 carcerem,
1428 2717 1487 2768 et
1515 2728 1629 2766 non
1661 2710 1949 2766 exibimus
1978 2723 2048 2764 ex

395 2835 483 2884 eo,
507 2817 690 2872 donec
713 2811 1030 2868 reddamus
1051 2805 1433 2861 novissimum
1462 2800 1875 2874 quadrantem.
1901 2800 2047 2863 Qua-

396 2908 575 2962 drans
622 2919 775 2977 genu
833 2904 922 2956 est
980 2893 1229 2963 nummi,
1263 2892 1364 2965 qui
1412 2891 1589 2947 habet
1644 2889 1760 2945 duo
1791 2887 2044 2944 minuta.

403 2995 562 3053 Unde
590 2997 647 3049 et
684 2991 740 3046 in
802 2988 912 3044 alio
964 2982 1295 3055 Evangelio,
1354 2979 1565 3035 mulier
1615 2977 1713 3032 illa
1743 2993 1964 3049 pauper
1991 2979 2048 3032 et

400 3084 577 3140 vidua
614 3080 830 3137 dicitur
886 3074 1119 3131 misisse
1175 3070 1559 3144 quadrantem
1614 3067 1672 3121 in
1730 3066 2044 3121 corbonam

399 3174 601 3246 (Marc.
632 3187 735 3237 χιι,
768 3168 877 3238 42),
909 3168 964 3221 et
1012 3164 1072 3218 in
1121 3160 1255 3227 alio,
1306 3160 1422 3213 duo
1467 3157 1695 3213 minuta
1740 3156 1892 3227 (Luc.
1925 3171 2041 3222 xxx,

396 3245 475 3333 2).
509 3261 636 3319 Non
668 3257 823 3331 quod
848 3254 1152 3310 dissonent
1200 3246 1531 3320 Evangelia,
1571 3246 1671 3301 sed
1709 3245 1863 3317 quod
1888 3260 2041 3299 unus

2176 674 2323 728 eam,
2355 662 2411 713 et
2440 658 2657 730 projice
2687 659 2791 713 abs
2818 662 2894 713 te.
2930 658 3172 729 Expedit
3210 658 3365 714 enim
3398 657 3503 714 tibi
3534 662 3598 714 ut
3627 659 3834 729 pereat

2176 764 2358 803 unum
2392 747 2788 802 membrorum
2835 751 3093 818 tuorum,
3145 764 3323 819 quam
3375 752 3564 803 totum
3612 763 3831 820 corpus

2173 841 2340 892 tuum
2375 838 2641 892 mittatur
2668 836 2728 891 in
2760 837 3108 909 gehennam.
3146 860 3173 887 ››
3200 838 3343 901 Quia
3378 855 3560 909 supra
3588 838 3660 893 de
3692 854 3831 894 con-

2173 927 2530 998 cupiscentia
2560 926 2822 982 mulieris
2852 927 3097 992 dixerat,
3133 932 3285 981 recte
3333 944 3489 983 nunc
3521 930 3827 1001 cogitatio-

2172 1032 2305 1070 nem
2363 1020 2421 1071 et
2475 1033 2714 1070 sensum
2774 1016 2831 1069 in
2896 1015 3123 1071 diversa
3177 1016 3541 1087 volitantem,
3602 1021 3827 1078 oculum

2171 1105 2549 1176 nuncupavit.
2582 1110 2689 1159 Per
2709 1106 2970 1158 dextram
2997 1110 3190 1159 autem
3218 1111 3272 1160 et
3298 1110 3534 1161 cmteras
3556 1110 3822 1180 corporis

2167 1198 2382 1266 partes,
2420 1192 2736 1249 voluntatis
2776 1196 2833 1248 et
2862 1193 3103 1249 all‘ectus
3134 1194 3155 1228 ²
3200 1193 3368 1250 initia
3412 1195 3823 1255 demonstran-

2165 1287 2289 1340 tur:
2310 1287 2375 1338 ut
2392 1283 2545 1355 quod
2569 1288 2760 1338 mente
2784 1282 3169 1355 concipimus,
3196 1300 3366 1354 opere
3389 1285 3814 1357 compleamus.

2164 1372 2496 1427 Cavendum
2518 1376 2606 1427 est
2626 1372 2829 1444 igitur,
2853 1387 2925 1427 ne
2948 1373 3100 1443 quod
3123 1374 3178 1428 in
3203 1372 3371 1428 nobis
3399 1375 3685 1445 Optimum
3703 1383 3816 1452 est,

2166 1460 2278 1515 cito
2309 1459 2542 1516 labatur
2569 1461 2629 1516 in
2670 1461 2900 1516 vitium.
2962 1461 3018 1515 Si
3080 1462 3236 1517 enim
3295 1463 3492 1518 dexter
3521 1464 3727 1522 oculus
3758 1474 3817 1524 et

2165 1550 2403 1604 dextera
2436 1566 2643 1604 manus
2673 1549 3087 1619 scandalizent,
3122 1556 3343 1623 quanto
3378 1553 3563 1624 magis
3596 1571 3663 1609 ea
3685 1572 3813 1627 qua

2165 1640 2223 1693 in
2275 1638 2442 1693 nobis
2487 1638 2725 1693 sinistra
2773 1638 2950 1694 sunt!
3003 1640 3060 1694 Si
3111 1641 3265 1695 enim
3326 1642 3524 1697 anima
3575 1644 3814 1713 labitur,

2164 1732 2381 1799 quanto
2417 1728 2547 1797 plus
2578 1745 2788 1799 corpus
2811 1730 2964 1799 quod
2990 1729 3058 1784 ad
3085 1735 3319 1801 peccata
3350 1731 3660 1802 proclivius
3686 1738 3775 1789 est
3802 1733 3817 1791 ι

2161 1816 2360 1871 Aliter.
2395 1817 2457 1870 In
2488 1817 2723 1872 dextero
2754 1817 2940 1882 oculo,
2985 1823 3042 1872 et
3095 1818 3153 1872 in
3202 1820 3437 1874 dextera
3470 1834 3673 1887 manu,
3708 1824 3820 1879 fra-

2162 1909 2339 1975 trum,
2364 1922 2632 1973 uxorum,
2657 1914 2713 1961 et
2734 1906 3072 1975 liberorum,
3097 1913 3270 1979 atque
3311 1909 3575 1965 aflinium
3601 1916 3656 1966 et
3679 1928 3813 1984 pro-

2160 1993 2513 2066 pinquorum
2540 2000 2921 2064 monstratur,
2946 1996 3206 2064 alfectus,
3232 1999 3439 2069 quossi
3457 2000 3527 2054 ad
3545 2006 3810 2057 contem-

2158 2082 2433 2154 plandam
2466 2101 2657 2140 veram
2689 2083 2879 2140 lucem
2903 2085 3071 2141 nobis
3092 2085 3514 2157 impedimento
3537 2105 3663 2145 esse
3686 2106 3811 2146 cer-

2159 2172 2379 2244 nimus,
2430 2173 2713 2230 debemus
2776 2178 3048 2229 truncare
3096 2175 3433 2232 istiusmodi
3483 2180 3805 2250 portiones,

2159 2278 2230 2316 ne
2259 2261 2401 2317 dum
2430 2261 2703 2319 volumus
2734 2262 2882 2318 lucri
2915 2267 3151 2320 caeteros
3183 2266 3391 2330 facere,
3426 2266 3539 2337 ipsi
3563 2268 3620 2322 in
3643 2273 3808 2325 aster-

2157 2366 2300 2405 num
2333 2367 2658 2423 pereamus.
2694 2350 2855 2407 Unde
2886 2352 3099 2409 dicitur
3136 2358 3194 2409 et
3238 2355 3309 2409 de
3358 2356 3655 2414 sacerdote
3689 2374 3810 2415 ma-

2156 2455 2292 2511 gno,
2325 2440 2496 2511 cujus
2528 2441 2724 2497 anima
2771 2441 2871 2497 Dei
2923 2440 3107 2497 cultui
3158 2443 3425 2499 dedicata
3466 2450 3591 2501 est:
3625 2445 3803 2519 Super

2150 2535 2308 2600 patre
2330 2532 2380 2584 et
2426 2538 2602 2585 matre
2658 2534 2710 2585 et
2765 2532 2902 2601 ﬁliis
2957 2548 3067 2586 non
3118 2533 3395 2603 polluetur
3460 2534 3802 2605 (Levit.xxx,

2157 2617 2266 2687 ll),
2301 2617 2358 2673 id
2406 2623 2515 2684 est,
2568 2618 2797 2674 nullum
2837 2621 3107 2676 affectum
3134 2622 3295 2690 sciet,
3321 2623 3433 2677 nisi
3458 2624 3607 2695 ejus,
3632 2626 3803 2698 cuius

2155 2704 2340 2761 cultui
2372 2707 2674 2764 dedicatus
2706 2713 2813 2764 est.

2226 2884 2410 2954 (Vers.
2445 2886 2660 2959 31-33.)
2710 2910 2737 2937 «
2772 2887 3004 2945 Dictum
3055 2894 3144 2945 est
3188 2895 3424 2945 autem:
3460 2890 3806 2965 Quicunque

2155 2972 2444 3030 dimiserit
2474 2993 2711 3033 uxorem
2747 2996 2937 3046 suam,
2991 2980 3088 3034 det
3135 2979 3185 3035 ei
3231 2979 3497 3035 libellum
3548 2981 3802 3053 repudii.

2155 3064 2270 3133 Ego
2302 3068 2493 3121 autem
2529 3066 2657 3122 dico
2689 3067 2889 3123 vobis:
2935 3069 3073 3140 quia
3121 3069 3313 3124 omnis
3360 3070 3461 3141 qui
3509 3070 3803 3128 dimiserit

2156 3167 2392 3208 uxorem
2443 3171 2634 3226 suam,
2699 3162 2935 3228 excepta
2983 3156 3380 3213 fornicationis
3428 3175 3628 3230 causa,
3667 3159 3805 3215 facit

2154 3256 2282 3297 eam
2315 3244 2591 3300 mcechari
2619 3262 2631 3301 :
2667 3251 2724 3301 et
2756 3247 2856 3317 qui
2888 3246 3193 3302 dimissam
3228 3249 3329 3303 80
3359 3248 3606 3320 duxerit,
3639 3247 3803 3305 adul-

400 3311 874 3425 qua-dranerd-uos
918 3342 1177 3399 minutos
1223 3311 1773 3394 num‘mos'habeat.
1810 3333 1925 3425 Hoc
1956 3336 2045 3388 est
2075 3311 2117 3378 C
2153 3334 2322 3425 terat.
2359 3334 2574 3425 Iterum
2607 3311 2877 3405 audis-tis,
2921 3335 3058 3407 quia
3104 3335 3326 3392 dictum
3375 3343 3465 3394 est
3495 3311 3797 3410 antiquis:

399 3424 535 3514 ergo
557 3438 709 3511 quod
736 3432 1062 3492 dicit:Non
1102 3427 1418 3503 egredieris
1463 3427 1534 3481 de
1575 3440 1825 3493 carcere,
1862 3424 2043 3481 donec

395 3529 574 3587 etiam
606 3526 851 3583 minima
875 3526 1112 3597 peccata
1132 3516 1446 3591 persolvas.

469 3662 653 3734 (Vers.
682 3660 797 3728 28.)
830 3680 857 3708 «
891 3656 998 3721 Qui
1029 3653 1241 3709 viderit
1287 3651 1591 3706 mulierem
1642 3650 1715 3704 ad
1765 3650 2041 3721 concupi-

397 3750 680 3807 scendum
699 3762 849 3816 eam,
860 3746 985 3817 jam
1004 3742 1327 3799 moechatus
1348 3742 1437 3794 est
1454 3754 1581 3794 eam
1600 3738 1658 3792 in
1677 3738 1848 3792 corde
1865 3754 1993 3792 suo.
2014 3760 2036 3786 ι

397 3841 557 3898 Inter
585 3837 753 3897 πὰθος
784 3839 841 3891 et
877 3831 1227 3906 προπάθειαν,
1276 3828 1331 3883 id
1380 3832 1493 3893 est,
1543 3826 1696 3881 inter
1739 3830 2044 3895 passionem

333 3997 337 4001 ,
396 3934 454 3986 et
479 3928 909 4001 propassionem,
939 3922 1048 3977 hoc
1079 3919 1342 3989 interest,
1386 3917 1538 3989 quod
1580 3915 1777 3988 passio
1808 3921 2042 3986 reputa-

401 4022 562 4074 tatur
590 4016 649 4071 in
680 4013 885 4071 vitium
911 4028 926 4068 :
948 4008 1273 4083 propassio,
1323 4006 1423 4063 29
1462 4004 1598 4060 licet
1639 4003 1788 4059 initii
1818 4003 1924 4076 [AL
1956 4003 2041 4057 vi-

395 4107 485 4178 tii]
518 4105 751 4178 culpam
783 4102 1014 4169 habeat,
1046 4105 1243 4155 tamen
1273 4113 1388 4152 ncn
1419 4098 1651 4152 tenetur
1680 4094 1738 4149 in
1771 4092 2037 4149 crimine.

393 4197 543 4269 Ergo
574 4194 674 4268 qui
718 4192 925 4248 viderit
972 4188 1297 4256 mulierem,
1348 4190 1407 4242 et
1459 4185 1658 4241 anima
1707 4186 1837 4253 ejus
1868 4184 2042 4239 fuerit

391 4284 648 4350 titillata,
708 4282 802 4338 hic
855 4278 1235 4353 propassione
1294 4290 1609 4347 percussus
1667 4277 1775 4326 est.
1817 4271 1875 4324 Si
1905 4286 2039 4326 vero

394 4372 775 4438 consenserit,
808 4375 867 4424 et
896 4370 967 4424 de
997 4364 1346 4439 cogitatione
1377 4361 1649 4417 atfectum
1686 4360 1901 4424 fecerit,
1932 4359 2040 4415 sic-

394 4468 460 4518 ut
489 4461 775 4532 scriptum
806 4461 895 4514 est
922 4457 982 4512 in
1020 4454 1239 4511 David:
1287 4453 1649 4508 Transierunt
1698 4451 1756 4505 in
1785 4450 2040 4520 aﬁ‘ectum

393 4551 572 4607 cordis
610 4548 784 4621 (Psal.
846 4561 1018 4611 Lxxu,
1076 4543 1155 4615 7),
1214 4542 1285 4598 de
1343 4540 1721 4614 propassione
1771 4538 2041 4594 transivit

393 4641 467 4697 ad
498 4638 855 4712 passionem,
885 4638 942 4690 et
969 4632 1105 4689 huic
1126 4649 1241 4689 non
1261 4629 1534 4686 voluntas
1556 4628 1831 4702 peccandi
1854 4628 2038 4695 deest,

394 4730 495 4784 sed
530 4726 777 4784 occasio.
810 4722 1148 4793 Quicunque
1188 4721 1366 4793 igitur
1388 4720 1596 4775 viderit
1627 4717 1933 4773 mulierem
1964 4719 2036 4774 ad

394 4813 947 4888 concupiscendum,
973 4811 1032 4867 id
1054 4814 1163 4879 est,
1188 4810 1237 4865 si
1254 4806 1541 4881 aspexerit
1556 4812 1622 4863 ut
1638 4807 2034 4879 concupiscat,

391 4911 459 4963 ut
481 4906 667 4962 facere
691 4904 984 4975 disponat,
1019 4902 1131 4957 iste
1168 4902 1322 4955 recte
1357 4896 1572 4953 dicitur
1609 4913 1738 4952 eam
1761 4896 2039 4953 mcechari

390 4996 451 5052 in
482 4994 653 5052 corde
673 5009 805 5049 suo.

463 5128 647 5203 (Vers.
705 5128 796 5196 29,
858 5126 971 5199 30.)
1031 5123 1247 5189 «Quod
1285 5090 1345 5179 si.
1394 5120 1598 5178 oculus
1655 5126 1788 5177 tuus
1842 5123 2039 5177 dexter

390 5218 748 5277 scandalizat
776 5221 851 5284 te,
885 5231 1022 5272 erue
1050 5230 1209 5281 eum,
1240 5216 1297 5268 et
1326 5210 1541 5284 projice
1572 5210 1678 5266 abs
1700 5215 1772 5266 te.
1799 5210 2037 5283 Expedit

391 5310 544 5365 enim
575 5309 702 5373 tibi,
737 5310 804 5362 ut
855 5308 1051 5378 pereat
1095 5318 1281 5358 unum
1331 5301 1727 5356 membrorum
1775 5304 2031 5370 tuorum,

390 5397 546 5470 quod
572 5402 760 5455 totum
792 5411 1003 5469 corpus
1043 5398 1211 5448 tuum
1268 5392 1532 5446 mittatur
1576 5390 1635 5445 in
1683 5390 2030 5463 gehennam.

462 5558 477 5592 ¹
506 5556 588 5612 Ex
615 5556 725 5629 hoc
752 5553 1244 5629 locoarguendus
1276 5551 1583 5624 imperitus
1620 5552 2032 5629 Joannes_Cle-

392 5629 571 5688 ricus.
604 5628 703 5700 qui
747 5624 1006 5699 putabat
1037 5625 1613 5700 Hieronymumgnon
1659 5626 1748 5700 uti
1793 5624 2033 5700 solitum

390 5717 530 5757 voce
555 5696 859 5765 recludere,
893 5715 1069 5756 sensu
1101 5696 1428 5753 claudendi.
1462 5696 1649 5769 Supra
1678 5697 1852 5769 etiam
1884 5696 2031 5769 dici-

388 5778 507 5848 tur,
538 5771 693 5850 quod
742 5771 941 5831 anima
988 5775 1044 5833 et
1089 5786 1221 5829 caro
1267 5769 1485 5845 pariter
1528 5768 1867 5828 recludendae
1895 5768 2028 5825 sint.

2153 3419 2274 3475 Non
2311 3423 2657 3493 perjurabis,
2694 3426 2901 3480 reddes
2941 3429 3137 3481 autem
3186 3425 3433 3482 Domino
3455 3428 3801 3498 juramenta

2153 3513 2273 3565 tua.
2301 3533 2327 3561 ››
2353 3511 2414 3568 In
2439 3514 2737 3585 pesteriori
2773 3520 2935 3587 parte
2956 3514 3148 3571 locum
3190 3515 3371 3571 istum
3415 3516 3647 3588 plenius
3671 3514 3798 3572 Sal-

2151 3604 2314 3655 vator
2344 3604 2595 3675 exponit,
2649 3605 2803 3676 quod
2867 3605 3056 3660 Moses
3113 3606 3286 3675 (Deut.
3346 3609 3501 3671 xxiv)
3531 3604 3799 3662 libellum

2153 3690 2375 3760 repudii
2410 3692 2534 3745 dari
2559 3693 2807 3762 jusserit
2838 3698 3073 3763 propter
3118 3691 3399 3746 duritiam
3448 3692 3639 3746 cordis
3673 3710 3807 3749 ma-

2152 3777 2398 3832 ritorum
2429 3780 2646 3849 (Matth.
2680 3797 2795 3843 xxx,
2832 3780 2905 3849 8),
2940 3796 3055 3833 non
3106 3777 3418 3833 dissidium
3452 3782 3798 3851 concedens,

2153 3866 2252 3920 sed
2285 3867 2553 3923 auferens
2584 3867 2990 3923 homicidium.
3033 3865 3214 3922 Multo
3253 3867 3407 3923 enim
3443 3868 3652 3926 melius
3684 3876 3796 3942 est,

2151 3954 2287 4010 licet
2340 3954 2649 4028 lugubrem
2722 3956 2949 4012 evenire
3025 3956 3401 4029 discordiam,
3461 3976 3636 4031 quam
3695 3976 3800 4033 per

2151 4043 2349 4100 odium
2381 4047 2727 4118 sanguinem
2772 4045 2958 4101 fundi.

2222 4225 2407 4295 (Vers.
2441 4225 2648 4296 34-37.)
2676 4248 2702 4273 ‹‹
2736 4225 2853 4295 Ego
2894 4229 3086 4281 autem
3136 4224 3263 4281 dico
3311 4225 3495 4295 vobis,
3548 4242 3662 4282 non
3695 4226 3796 4299 ju-

2150 4330 2277 4369 rare
2300 4315 2538 4369 omnino
2565 4332 2577 4370 :
2604 4331 2792 4385 neque
2816 4332 2916 4386 per
2962 4314 3195 4386 omium,
3243 4315 3380 4386 quia
3423 4315 3671 4372 thronus
3693 4315 3795 4372 Dei

2150 4409 2239 4460 est
2262 4422 2275 4459 :
2301 4421 2489 4475 neque
2514 4421 2613 4476 per
2648 4409 2883 4472 terram,
2927 4405 3065 4475 quia
3108 4404 3427 4460 scabellum
3466 4410 3554 4461 est
3578 4406 3796 4477 pedum

2148 4495 2310 4565 ejus:
2345 4510 2531 4564 neque
2583 4509 2685 4565 per
2740 4493 3220 4565 Hierosolymam,
3282 4494 3420 4566 quia
3471 4494 3675 4550 civitas
3706 4498 3797 4550 est

2150 4582 2347 4654 magni
2378 4583 2553 4654 regis.
2600 4582 2800 4654 Neque
2857 4600 2959 4655 per
3014 4586 3189 4655 caput
3245 4586 3413 4637 tuum
3464 4583 3793 4654 juraveris:

2067 4682 2116 4748 D
2149 4672 2287 4746 quia
2318 4690 2432 4728 non
2464 4676 2628 4743 potes
2662 4688 2844 4727 unum
2890 4671 3165 4744 capillum
3205 4670 3403 4727 album
3456 4672 3663 4739 facere,
3695 4675 3799 4729 aut

2148 4762 2403 4834 nigrum.
2436 4761 2523 4817 Sit
2552 4764 2746 4816 autem
2780 4777 2972 4817 sermo
3003 4764 3210 4828 vester,
3233 4764 3321 4815 est
3348 4764 3458 4828 est,
3488 4776 3602 4816 non
3636 4777 3752 4816 non
3777 4775 3793 4818 :

2148 4850 2304 4923 quod
2336 4856 2531 4907 autem
2575 4850 2667 4905 his
2726 4850 3123 4905 abundantius
3180 4853 3289 4916 est,
3348 4866 3382 4905 a
3441 4848 3593 4905 malo
3622 4856 3729 4906 est.
3762 4870 3792 4901 ι»

2149 4939 2306 4995 Hanc
2338 4957 2439 5012 per
2468 4939 2757 4996 elementa
2778 4938 3016 5011 jurandi
3056 4938 3374 5012 pessimam
3424 4938 3797 4994 consuetudi-

2148 5046 2282 5085 nem
2315 5046 2546 5102 semper
2578 5029 2833 5085 habuere
2861 5028 3048 5083 Judaei
3097 5032 3443 5095 noscuntur,
3478 5028 3630 5084 sicut
3660 5044 3794 5101 pro-

2149 5120 2400 5192 phetalis
2457 5136 2555 5175 eos
2614 5120 2948 5191 frequenter
3001 5118 3195 5191 arguit
3243 5134 3434 5174 sermo
3492 5118 3619 5189 (Isa.
3664 5133 3790 5186 va,

2152 5211 2258 5280 16).
2294 5208 2400 5276 Qui
2424 5210 2607 5280 jurat,
2639 5212 2739 5264 aut
2768 5212 3095 5279 veneratur,
3149 5212 3252 5263 aut
3281 5206 3474 5279 diligit
3500 5223 3657 5275 eum,
3692 5222 3795 5280 per

2149 5316 2322 5371 quem
2346 5300 2511 5370 jurat
2567 5300 2628 5353 In
2662 5296 2785 5369 lege
2812 5302 3167 5370 praeceptum
3216 5301 3324 5365 est,
3372 5300 3438 5349 ut
3485 5311 3600 5351 uon
3624 5297 3790 5368 jure-

2148 5405 2301 5458 mus,
2336 5389 2445 5444 nisi
2479 5405 2581 5460 per
2626 5387 2941 5443 Dominum
2978 5391 3153 5441 Deum
3186 5391 3450 5442 nostrum
3502 5385 3679 5456 (Deut.
3711 5400 3790 5453 vx,

2144 5550 2373 5605 Videsis
2408 5549 2812 5604 Defensionem
2846 5551 3105 5602 nostram
3138 5547 3487 5603 eruditionis
3518 5545 3797 5620 Hierony-

2144 5625 2373 5678 mianre.
2410 5622 2596 5675 MART.

2213 5695 2234 5728 ²
2266 5693 2515 5748 Palatini
2551 5707 2695 5746 mss.
2747 5688 2871 5761 pari
2930 5705 3219 5746 consensu
3278 5689 3497 5747 habent
3553 5688 3791 5763 eda/fe-

2141 5769 2329 5824 ctuum
2358 5766 2547 5833 initia,
2578 5778 2681 5837 pro
2711 5770 2762 5820 et
2785 5762 3029 5835 affectus,
3059 5766 3170 5819 etc.
