4182 6636
230 547 296 606 41
789 543 1309 608 COMMENTAR.
1355 544 1433 606 IN
1480 541 1990 606 EVANGELIUM
2038 541 2424 606 MATTHIEI
2474 545 2619 605 LIB.
2668 543 2717 604 Ι.
2765 544 2940 604 CAP.
2973 545 3077 607 VI.
3563 549 3642 610 42

231 679 295 735 13
320 696 334 742 ;
364 695 422 749 x,
452 679 563 749 20).
592 676 778 734 Judaei
826 695 930 751 per
979 677 1220 750 angelos
1253 681 1292 751 ¹,

222 767 491 836 salem,et
521 768 829 840 templum,
851 771 908 823 et
939 769 1230 824 elementa
1251 769 1544 840 jurantes,
1579 772 1880 824 creaturas

229 873 433 927 resque
471 855 736 913 carnales
785 857 1216 913 venerabantur
1271 857 1496 913 honore
1525 858 1567 920 ³,
1601 862 1659 912 et
1709 857 1878 912 obse-

230 945 364 1019 quio
395 944 510 1000 Dei.
549 945 805 1018 Denique
827 946 1136 1001 considera
1165 947 1316 1019 quod
1349 947 1442 1002 hic
1465 946 1732 1002 Salvator
1765 963 1880 1001 non

233 1052 330 1109 per
359 1035 542 1090 Deum
590 1036 788 1106 jurare
842 1035 1244 1108 prohibuerit;
1278 1037 1376 1091 sed
1410 1053 1512 1108 per
1559 1035 1793 1104 coelum,
1827 1040 1884 1092 et

230 1132 467 1193 terram,
499 1128 556 1180 et
591 1124 1074 1198 Hierosolymam,
1128 1130 1185 1180 et
1231 1142 1333 1196 per
1374 1129 1552 1197 caput
1593 1129 1782 1180 tuum.
1817 1129 1884 1180 Et

229 1215 335 1273 hoc
367 1215 535 1287 quasi
567 1214 826 1288 parvulis
870 1216 1060 1271 fuerat
1080 1214 1206 1287 lege
1254 1231 1620 1282 concessum,
1644 1219 1710 1270 ut
1738 1231 1883 1286 quo-

229 1305 400 1360 modo
427 1303 699 1360 victimas
731 1304 1120 1360 immolabant
1151 1304 1288 1374 Deo,
1323 1321 1394 1359 ne
1440 1322 1539 1360 eas
1573 1303 1743 1360 idolis
1774 1303 1882 1359 im-

232 1393 553 1450 molarent:
590 1393 674 1450 sic
713 1399 772 1450 et
815 1395 1018 1466 jurare
1067 1394 1545 1467 permitterentur
1576 1394 1633 1448 in
1663 1394 1882 1449 Deum:

231 1499 346 1540 non
381 1483 539 1555 quod
573 1487 728 1540 recte
756 1483 865 1538 hoc
897 1483 1170 1553 facerent,
1208 1483 1307 1538 sed
1360 1482 1514 1554 quod
1551 1481 1762 1537 melius
1794 1498 1884 1536 es-

231 1576 317 1629 set
348 1577 466 1628 Deo
497 1573 553 1628 id
588 1573 858 1628 exhibere
889 1589 1067 1644 quam
1117 1572 1505 1627 damonibus.
1543 1570 1888 1642 Evangelica

227 1666 429 1719 autem
459 1662 673 1717 veritas
703 1678 818 1716 non
852 1661 1059 1732 recipit
1081 1662 1659 1731 juramentum,cum
1693 1661 1885 1716 omnis

227 1767 422 1808 sermo
453 1749 645 1806 fidelis
679 1767 783 1822 pro
806 1750 1198 1821 jurejurando
1230 1749 1326 1805 sit.

297 1843 488 1908 (Vers.
523 1839 611 1908 38,
680 1841 761 1908 9.)
791 1860 818 1889 «
850 1838 1115 1894 Audistis
1147 1838 1288 1910 quia
1317 1837 1541 1894 dictum
1571 1843 1660 1894 est
1690 1856 1702 1894 :
1738 1839 1886 1894 Ocu-

225 1930 348 1986 lum
385 1945 490 2000 pro
521 1928 709 1996 oculo,
743 1928 976 1983 dentem
1011 1945 1114 2000 pro
1145 1928 1337 1983 dente.
1371 1928 1489 2000 Ego
1531 1932 1727 1983 autem
1759 1927 1887 1983 dico

225 2020 395 2075 vobis
423 2035 542 2072 non
588 2016 862 2073 resistere
909 2017 1084 2072 malo.
1124 2040 1144 2065 η
1182 2017 1289 2082 Qui
1341 2016 1484 2071 dicit
1511 2016 1747 2072 oculum
1784 2033 1886 2088 pro

227 2107 421 2171 oculo,
457 2123 572 2163 non
604 2105 855 2162 alterum
889 2105 1011 2161 vult
1039 2106 1389 2172 auferrc,sed
1423 2109 1741 2177 utrumque
1774 2123 1889 2161 ser-

227 2197 683 2254 vare.Dominus
709 2201 906 2251 noster
922 2195 1388 2252 vicissitudinem
1411 2195 1890 2261 tollens,truncat

226 2287 397 2342 initia
425 2289 820 2358 peccatorum.
859 2289 923 2339 Et
977 2285 1038 2339 in
1096 2283 1222 2356 lege
1279 2285 1585 2340 retributio
1647 2288 1774 2340 est:
1827 2284 1884 2338 in

218 2373 538 2449 Evangelio
569 2374 778 2446 gratia.
815 2372 897 2427 Ibi
931 2372 1104 2445 culpa
1150 2374 1518 2438 emendatur,
1554 2371 1650 2428 hic
1681 2389 1883 2445 pecca-

216 2469 424 2521 torum
459 2464 806 2520 auferuntur
835 2461 1090 2518 exordia.

287 2554 484 2626 (Vers.
520 2553 608 2617 39,
644 2553 757 2620 41.)
790 2552 886 2607 31
930 2571 956 2603 α
987 2551 1099 2607 Sed
1147 2551 1197 2606 si
1249 2551 1382 2624 quis
1432 2555 1487 2607 te
1533 2551 1888 2623 percusserit

210 2643 273 2698 in
304 2644 612 2698 dexteram
641 2641 941 2696 maxillam
974 2646 1162 2710 tuam,
1186 2642 1379 2712 praebe
1411 2640 1497 2695 illi
1527 2645 1584 2696 et
1617 2639 1883 2696 alteram.

214 2733 284 2788 Et
313 2733 368 2788 ei
402 2730 510 2804 qui
537 2730 664 2786 vult
693 2737 888 2786 tecum
915 2731 972 2786 in
1000 2731 1225 2802 judicio
1246 2730 1618 2801 contendere,
1643 2736 1700 2785 et
1729 2730 1884 2785 tuni-

213 2840 347 2878 cam
400 2827 571 2876 tuam
622 2819 844 2889 tollere,
895 2821 1126 2876 dimitte
1157 2820 1208 2876 ei
1257 2824 1313 2876 et
1362 2819 1628 2892 pallium.
1663 2820 1734 2874 Et
1765 2819 1889 2891 qui-

215 2927 463 2983 cunque
487 2915 543 2966 te
565 2910 953 2982 angariaverit
989 2908 1150 2965 mille
1185 2926 1417 2982 passus,
1449 2910 1591 2965 vade
1621 2926 1755 2964 cum
1789 2907 1886 2964 illo

209 3004 268 3056 et
287 3000 413 3057 alia
427 3001 568 3056 duo.
593 3021 620 3049 ι)
644 2998 1088 3055 Ecclesiasticus
1117 2998 1205 3054 vir
1236 2999 1610 3069 describitur,
1625 2997 1888 3053 imitator

209 3091 347 3162 ejus
379 3089 489 3163 qui
539 3088 718 3144 dicit:
775 3090 976 3145 Discite
1022 3106 1055 3144 a
1111 3105 1218 3158 me,
1279 3090 1410 3161 quia
1457 3090 1612 3145 mitis
1659 3105 1803 3156 sum,
1835 3090 1886 3142 et

205 3180 459 3236 humilis
514 3179 678 3235 corde
731 3179 938 3250 (Matth.
997 3195 1076 3249 x1,
1109 3178 1222 3250 29).
1280 3179 1345 3234 Et
1402 3177 1884 3251 pollicitationem

207 3285 416 3336 suam,
447 3283 767 3340 percussus
817 3267 1002 3340 alapa,
1055 3268 1434 3340 comprobat:
1483 3268 1542 3322 Si
1566 3268 1716 3322 male
1746 3269 1888 3323 locu-

202 3366 294 3415 tus
322 3375 483 3422 sum,
517 3373 688 3429 argue
736 3358 803 3413 de
855 3359 1040 3413 malo:
1090 3359 1181 3412 sin
1238 3365 1422 3412 autem
1453 3357 1608 3423 bene,
1642 3356 1773 3429 quid
1800 3372 1887 3412 me

1344 683 1401 735 et
1445 679 1650 734 urbem
1699 679 1872 734 Jeru-
1901 679 1953 746 Α
1987 677 2204 733 micum
2239 681 2466 733 tuum.»
2489 677 2547 733 Si
2579 676 3036 749 deeleemosyna
3058 680 3290 733 tantum
3315 678 3537 736 dictum
3559 680 3646 737 in-

1994 765 2334 839 telligimus,
2369 767 2427 822 in
2459 765 2754 839 plerisque
2794 766 3153 839 pauperibus
3203 765 3315 822 hoc
3347 772 3502 823 stare
3529 786 3645 826 non

1991 863 2202 929 potest.
2236 858 2346 913 Sed
2381 862 2437 912 et
2462 857 2671 912 divites
2703 855 2753 912 si
2806 872 3038 929 semper
3085 856 3374 922 dederint,
3412 873 3645 931 semper

1991 947 2129 1002 dare
2162 963 2275 1002 non
2309 951 2601 1020 poterunt.
2635 950 2776 1002 Post
2823 946 3045 1002 bonum
3094 961 3232 1018 ergo
3263 945 3646 1019 eleemosynai

1992 1036 2296 1108 apostolis,
2345 1036 2398 1091 id
2445 1040 2554 1104 est,
2586 1035 2925 1091 doctoribus
2957 1040 3248 1108 praecepta
3275 1035 3643 1106 tribuuntur,

1995 1131 2059 1181 ut
2091 1125 2189 1198 qui
2222 1125 2401 1198 gratis
2433 1130 2802 1197 acceperunt,
2834 1125 3019 1198 gratis
3044 1125 3309 1181 tribuant
3337 1125 3552 1196 (Matth.
3586 1143 3644 1194 Χ,

1991 1216 2067 1286 8).
2128 1215 2468 1270 Istiusmodi
2548 1214 2794 1286 pecunia
2869 1231 3175 1286 nunquam
3236 1215 3481 1282 deﬁcit;
3542 1215 3645 1271 sed

1995 1307 2213 1375 quanto
2247 1303 2380 1376 plus
2413 1303 2550 1358 data
2579 1303 2774 1370 fuerit,
2809 1307 2970 1359 tanto
3002 1302 3256 1375 amplius
3288 1303 3646 1377 duplicatur.

1995 1394 2223 1463 Et_cum
2282 1393 2545 1464 subjecta
2583 1391 2695 1447 sibi
2741 1408 2878 1446 arva
2929 1391 3095 1464 riget,
3129 1408 3438 1463 nunquam
3467 1392 3648 1450 fontis

1995 1483 2156 1537 unda
2180 1482 2458 1537 siccatur.

2067 1572 2254 1642 (Vers.
2291 1571 2402 1640 44.)
2435 1593 2461 1620 ‹‹
2497 1570 2614 1641 Ego
2645 1574 2841 1624 autem
2882 1569 3010 1638 dico
3055 1571 3240 1641 vobis,
3275 1570 3502 1644 diligite
3532 1572 3648 1628 ini-

1998 1660 2180 1715 micos
2209 1665 2456 1725 vestros,
2491 1657 2813 1713 benefacite
2861 1657 2953 1713 his
3003 1657 3104 1728 qui
3155 1659 3407 1716 oderunt
3435 1677 3560 1729 vos,
3593 1663 3652 1716 et

1997 1755 2154 1805 orate
2184 1765 2288 1820 pro
2312 1747 2798 1820 persequentibus
2838 1752 2893 1801 et
2927 1745 3431 1804 calumniantibus
3461 1767 3583 1805 vos.
3624 1774 3646 1801 ι

1999 1838 2167 1894 Multi
2189 1842 2477 1910 praecepta
2497 1837 2599 1892 Dei
2637 1835 3037 1892 imbecillitate
3067 1837 3168 1893 32
3202 1853 3328 1904 sua,
3366 1855 3482 1894 non
3515 1857 3654 1895 san-

1999 1933 2227 1986 ctorum
2259 1927 2484 1982 viribus
2515 1926 2892 1995 azstimantes,
2920 1931 3131 1998 putant
3152 1943 3281 1983 esse
3314 1928 3655 2000 impossibi-

1998 2018 2076 2074 lia
2119 2035 2245 2089 quae
2297 2019 2586 2088 praecepta
2642 2020 2804 2081 sunt,
2837 2021 2894 2070 et
2947 2015 3153 2072 dicunt
3206 2016 3475 2074 sufficere
3532 2018 3648 2074 vir-

1995 2107 2223 2163 tutibus
2276 2124 2390 2161 non
2439 2105 2633 2161 odisse
2700 2104 3009 2161 inimicos:
3071 2109 3347 2162 caeterum
3405 2107 3648 2180 diligere

1996 2197 2130 2271 plus
2161 2196 2600 2269 praecipi,quam
2636 2195 2895 2249 humana
2925 2198 3136 2250 natura
3160 2195 3435 2268 patiatur.
3450 2196 3646 2252 Scien-

1997 2288 2138 2342 dum
2170 2290 2259 2341 est
2305 2301 2441 2356 ergo
2496 2283 2794 2338 Christum
2845 2300 2961 2339 non
3020 2284 3412 2356 impossibilia
3444 2285 3649 2358 praeci-

1998 2394 2153 2448 pere,
2186 2375 2284 2430 sed
2320 2374 2574 2446 perfecta
2602 2389 2615 2429 :
2649 2390 2776 2445 quae
2827 2373 2962 2428 fecit
2990 2373 3172 2429 David
3223 2373 3284 2429 in
3333 2375 3472 2430 Saul
3504 2379 3562 2431 et
3590 2375 3651 2431 in

1995 2465 2248 2522 Absalon
2271 2464 2316 2534 (l
2343 2464 2471 2533 Reg.
2503 2479 2654 2529 xxrv,
2685 2463 2758 2531 9;
2807 2479 2961 2528 xxvr,
2992 2463 3064 2531 5;
3101 2463 3148 2518 ΙΙ
3182 2464 3306 2536 Reg.
3339 2480 3502 2534 xvm,
3532 2464 3647 2536 33).

1997 2555 2332 2628 Stephanus
2355 2568 2588 2627 quoque
2614 2556 2836 2624 martyr
2858 2552 3652 2625 proinimicislapidantibus

1997 2647 2346 2715 deprecatus
2377 2642 2629 2712 est(Act.
2679 2658 2776 2710 vn,
2824 2641 2936 2709 59).
2971 2642 3041 2696 Et
3090 2641 3306 2698 Paulus
3336 2643 3654 2698 anathema

1997 2734 2158 2804 cupit
2187 2748 2316 2786 esse
2358 2747 2461 2802 pro
2521 2729 2992 2800 persecutoribus
3042 2729 3166 2785 suis
3219 2731 3392 2802 (Rom.
3447 2749 3524 2798 1x,
3573 2731 3651 2803 3).

1994 2827 2126 2877 Haec
2157 2825 2354 2876 autem
2377 2821 2553 2876 Jesus
2585 2823 2640 2874 et
2669 2819 2869 2875 docuit
2898 2825 2955 2874 et
3002 2819 3159 2888 fecit,
3193 2820 3428 2877 dicens:
3462 2827 3649 2889 Pater,

1995 2914 2217 2984 ignosce
2245 2910 2362 2965 illis
2384 2929 2402 2964 :
2435 2908 2576 3000 qugd
2605 2911 2753 2964 enim
2779 2909 3018 2980 faciunt,
3042 2911 3297 2966 nesciunt
3326 2910 3646 2983 (Luc.xxm,

1993 3002 2107 3072 34).

2068 3089 2253 3162 (Vers.
2290 3089 2502 3157 45-48.)
2535 3111 2562 3137 ‹‹
2614 3087 2688 3143 Ut
2745 3087 2872 3143 sitis
2920 3087 3026 3143 filii
3075 3088 3264 3145 Patris
3317 3089 3497 3145 vestri
3546 3088 3650 3161 qui

1995 3181 2054 3235 in
2087 3178 2247 3234 ccelis
2276 3183 2386 3250 est,
2422 3177 2524 3250 qui
2557 3177 2736 3234 solem
2779 3194 2956 3233 suum
2995 3178 3136 3234 oriri
3170 3179 3306 3234 facit
3336 3196 3515 3251 super
3543 3180 3646 3235 bo-

1996 3286 2102 3325 nos
2133 3273 2189 3324 et
2218 3267 2424 3334 malos,
2458 3272 2515 3322 et
2547 3267 2697 3338 pluit
2743 3283 2920 3339 super
2952 3268 3149 3339 justos
3181 3272 3238 3324 ct
3276 3268 3552 3341 injustos.
3586 3268 3648 3325 Si

1995 3359 2152 3415 enim
2183 3357 2425 3430 diligitis
2456 3373 2554 3412 eos
2586 3357 2685 3428 qui
2715 3372 2818 3411 vos
2839 3355 3302 3430 diligunt,quam
3322 3358 3652 3434 mercedem

200 3447 378 3503 caedis
432 3448 622 3519 (Joan.
671 3462 833 3516 xvm,
885 3447 1026 3517 23)?
1083 3445 1219 3502 Tale
1268 3446 1409 3518 quid
1467 3451 1524 3502 et
1570 3447 1747 3501 David
1803 3445 1884 3500 lo-
1917 3434 1959 3501 C
1999 3446 2338 3503 habebitis?
2367 3446 2569 3504 Nonne
2600 3451 2656 3501 et
2705 3445 3001 3517 publicani
3051 3446 3162 3502 hoc
3204 3447 3472 3502 faciunt?
3503 3451 3570 3501 Et
3601 3446 3651 3503 si

202 3537 525 3609 quebatur
555 3535 614 3588 in
648 3533 911 3589 Psalmo:
947 3535 1006 3589 Si
1034 3534 1250 3589 reddidi
1279 3535 1711 3590 retribuentibus
1745 3535 1887 3590 mihi

201 3627 376 3681 mala
414 3624 604 3696 (Psal.
659 3639 759 3693 v11,
809 3623 884 3694 5).
932 3623 1001 3677 Et
1054 3623 1340 3678 Jeremias
1389 3623 1448 3678 in
1494 3624 1888 3679 Lamentatio-

204 3714 402 3770 nibus
434 3729 448 3768 :
485 3717 706 3768 Bonum
753 3719 830 3766 est
879 3711 1095 3766 homini
1139 3729 1263 3767 cum
1315 3715 1614 3778 portaverit
1648 3712 1754 3781 [ΑΙ.
1806 3730 1888 3769 se-

200 3797 362 3859 derit
417 3803 520 3869 ab,
580 3801 716 3872 etc.]
765 3801 964 3872 jugum
1017 3803 1089 3857 ab
1147 3801 1511 3858 adolescentia
1556 3819 1678 3858 sua.
1729 3803 1889 3858 Dabit

191 3892 571 3964 percutienti
622 3906 678 3946 se
751 3889 1105 3946 maxillam:
1176 3891 1522 3947 saturabitur
1582 3893 1892 3964 opprobriis

199 3982 443 4053 (Thren.
495 3997 583 4048 III,
614 3980 706 4048 27,
738 3979 848 4051 30).
886 3983 1002 4036 Hoc
1053 3980 1368 4036 adversum
1421 3997 1519 4038 eos
1550 3981 1648 4054 qui
1682 3985 1894 4054 putant

201 4070 482 4126 alterum
511 4074 693 4124 Deum
719 4067 887 4141 legis,
941 4068 1188 4125 alterum
1242 4071 1619 4145 Evangelii3;
1655 4072 1810 4144 quod
1836 4075 1894 4127 et

196 4160 306 4229 ibi,
346 4163 410 4215 et
444 4159 552 4214 hic
583 4159 974 4214 mansuetudo
1007 4159 1303 4215 doceatur.
1356 4161 1692 4216 Secundum
1734 4177 1890 4233 mys-

197 4248 358 4305 ticos
392 4246 780 4303 intellectus:
815 4265 1094 4320 percussa
1137 4249 1372 4304 dextera
1419 4256 1622 4306 nostra
1651 4267 1766 4306 non
1791 4249 1892 4321 ju-

193 4339 428 4394 bemur
464 4336 777 4393 sinistram
828 4339 1102 4410 praebere,
1152 4339 1254 4394 sed
1314 4338 1579 4406 alteram,
1632 4339 1741 4394 hoc
1779 4344 1889 4411 est,

196 4425 466 4484 alteram
497 4425 1005 4483 dextram.Justus
1027 4426 1184 4483 enim
1217 4427 1522 4484 sinistram
1544 4445 1659 4484 non
1691 4428 1888 4484 habet.

193 4517 253 4572 Si
297 4534 418 4574 nos
472 4515 792 4570 haereticus
851 4515 910 4571 in
960 4516 1360 4590 disputatione
1421 4518 1796 4589 percusserit,
1838 4523 1894 4574 et

193 4607 497 4662 dextrum
557 4604 773 4676 dogma
818 4604 1065 4661 voluerit
1109 4605 1436 4674 vulnerare,
1473 4611 1806 4678 opponatur
1839 4607 1890 4663 ei

193 4695 366 4752 aliud
404 4697 486 4751 de
525 4693 855 4766 Scripturis
904 4695 1336 4763 testimonium,
1367 4701 1425 4751 et
1455 4696 1659 4752 tandiu
1689 4698 1891 4753 verbe-

195 4786 359 4840 ranti
398 4783 806 4840 succedentes
838 4783 950 4840 sibi
991 4785 1258 4841 dexteras
1289 4786 1673 4857 praebeamus,
1711 4787 1894 4844 donec
1923 4812 1970 4877 D

199 4874 446 4931 inimici
482 4873 586 4928 ira
605 4871 908 4929 lassescat.

268 4965 474 5037 (Vers.
515 4965 614 5033 42,
651 4963 764 5033 43.)
815 4962 922 5027 Qui
972 4963 1119 5036 petit
1169 4981 1202 5019 a
1245 4969 1322 5032 te,
1373 4964 1448 5020 da
1477 4963 1550 5031 ei,
1584 4970 1641 5020 et
1678 4965 1893 5021 volenti

196 5054 480 5112 mutuari
520 5070 560 5109 a
595 5057 668 5122 te,
703 5069 776 5107 ne
824 5053 1122 5108 avertaris.
1174 5053 1438 5109 Audistis
1493 5055 1633 5126 quia
1672 5055 1892 5110 dictum

195 5149 330 5200 est:
368 5143 619 5216 Diliges
652 5142 984 5214 proximum
1025 5147 1216 5214 tuum,
1250 5147 1307 5198 et
1338 5145 1468 5198 odio
1501 5143 1746 5200 habebis
1779 5144 1892 5200 ini-

267 5255 284 5288 ¹
321 5251 612 5308 Accedat
643 5250 959 5318 fideiussor
1003 5255 1058 5304 ὃ.
1096 5249 1356 5306 Hilarius
1388 5251 1447 5305 in
1479 5250 1636 5306 hunc
1663 5250 1894 5307 locum:

189 5347 220 5403 «ε
256 5325 368 5403 llis
406 5322 928 5403 enimhinguiens,
973 5321 1399 5403 elementorum
1431 5322 1775 5403 nominibus
1805 5326 1899 5379 Ju-

189 5396 340 5452 daeis
376 5399 522 5450 erat
553 5391 766 5466 religio
797 5395 1021 5466 jurare,
1050 5397 1114 5466 iet
1160 5392 1289 5447 caeli
1321 5399 1377 5448 et
1424 5399 1613 5459 terrae,
1647 5401 1704 5449 et
1731 5395 1898 5450 Jeru-

188 5468 416 5534 salem,
457 5465 575 5521 sed
616 5470 675 5518 et
703 5466 914 5538 capitis
971 5465 1084 5538 sui,
1119 5466 1339 5537 quibus
1369 5466 1447 5538 in,
1481 5467 1898 5523 contumeliam

189 5539 295 5596 Dei
322 5540 742 5595 sacramento
774 5537 1206 5594 venerationem
1239 5537 1596 5592 deferebant.
1631 5560 1659 5587 ››

260 5613 283 5647 ²
316 5612 659 5678 Rabanus,
691 5609 904 5665 Honore
933 5618 983 5665 et
1017 5610 1273 5681 obsequio
1303 5611 1401 5665 Dei
1449 5613 1772 5682 contempto.
1803 5613 1903 5668 De-

196 5683 393 5790 niguie,
432 5691 562 5790 eth.

328 5749 503 5814 Unus
540 5750 1203 5826 Palatinusivetustior,
1235 5749 1480 5826 alterum
1514 5768 1746 5826 sensum
1774 5770 1902 5826 pro-

192 5827 520 5900 pheticum,
553 5823 816 5900 alterum
861 5825 1172 5900 Evangelii.
1220 5823 1305 5878 Ad
1339 5824 1667 5900 marginem
1698 5823 1902 5900 recc“-

193 5895 316 5962 tier
338 5914 580 5960 manus
636 5895 991 5970 impressam
1042 5895 1353 5956 lectionem
1385 5895 1662 5958 restituit.
1695 5897 1759 5957 1n
1791 5899 1905 5960 line

554 6026 838 6091 PATBOL.
882 6021 1104 6092 XXVI.

1997 3535 2390 3592 salutaveritis
2424 3535 2632 3590 fratres
2661 3539 2891 3589 vestros
2932 3539 3190 3604 tantum,
3227 3535 3368 3606 quid
3400 3535 3654 3607 amplius

1997 3625 2187 3681 facitis
2208 3624 2235 3678 ?
2266 3623 2468 3678 Nonne
2499 3627 2554 3678 et
2582 3621 2797 3677 ethnici
2832 3622 2941 3677 hoc
2989 3621 3257 3677 faciunt?
3287 3623 3484 3678 Estote
3515 3639 3652 3696 ergo

1997 3731 2097 3770 vos
2129 3712 2388 3786 perfecti,
2421 3711 2573 3768 sicut
2622 3716 2679 3766 et
2726 3711 2900 3766 Pater
2949 3715 3139 3768 vester
3187 3711 3438 3768 caelestis
3467 3714 3654 3784 perfe-

2000 3809 2129 3860 ctus
2159 3802 2367 3858 est.»Si
2391 3801 2488 3856 Dei
2517 3806 2805 3873 precepts
2825 3801 3351 3874 custodiens,ﬁlius
3371 3802 3505 3874 quis
3532 3802 3654 3858 effi-

1999 3895 2153 3949 citur
2181 3892 2283 3948 Dei
2312 3909 2323 3948 :
2355 3908 2490 3964 ergo
2523 3908 2638 3948 non
2669 3895 2759 3947 est
2806 3897 3018 3948 natura
3063 3891 3242 3961 ﬁlius,
3276 3892 3376 3948 sed
3409 3891 3650 3948 arbitrio

2000 4000 2129 4040 SUO.

2072 4072 2230 4143 (Cap.
2263 4071 2356 4124 VI.
2393 4101 2459 4110 -—
2489 4069 2654 4126 Vers.
2684 4071 2759 4139 1.)
2782 4093 2809 4118 ‹‹
2841 4069 3137 4126 Attendite
3160 4071 3540 4142 nejustitiam
3563 4087 3653 4128 ve-

2001 4166 2184 4216 stram
2209 4159 2434 4214 faciatis
2449 4175 2642 4214 coram
2661 4159 3095 4226 hominibus,ut
3111 4161 3427 4216 videamini
3445 4162 3516 4216 ab
3531 4162 3646 4218 eis:

2002 4250 2262 4322 alioquin
2295 4250 2623 4305 mercedem
2656 4265 2771 4303 non
2801 4247 3098 4303 habebitis
3129 4250 3283 4320 apud
3309 4255 3538 4305 Patrem
3561 4267 3652 4306 ve-

2001 4346 2190 4396 strum
2221 4340 2322 4412 qui
2351 4339 2409 4393 in
2440 4337 2598 4394 cmlis
2629 4343 2736 4393 est.
2770 4359 2796 4388 ››
2823 4337 2929 4401 Qui
2980 4338 3123 4393 tuba
3153 4337 3310 4393 canit
3329 4339 3371 4405 ⁴,
3403 4337 3650 4394 eleemo-

2002 4447 2208 4503 synam
2243 4428 2790 4500 faciens,bypocrita
2822 4432 2930 4483 est.
2963 4429 3070 4492 Qui
3096 4427 3376 4499 jejunans
3408 4427 3651 4500 demoli-

2002 4525 2100 4574 tur
2135 4519 2342 4574 faciem
2375 4535 2567 4584 suam,
2603 4522 2665 4572 ut
2713 4517 2936 4572 ventris
2986 4517 3334 4574 inanitatem
3367 4523 3658 4575 monstret

2000 4609 2061 4664 in
2088 4607 2276 4673 vultu,
2310 4613 2365 4662 et
2396 4607 2488 4661 hic
2537 4606 2839 4679 hypocrita
2868 4610 2975 4662 est.
3009 4608 3116 4672 Qui
3148 4608 3205 4662 in
3253 4608 3568 4681 synagogis
3597 4611 3657 4664 et

2001 4699 2062 4753 in
2092 4697 2322 4770 angulis
2344 4696 2674 4769 platearum
2720 4700 2867 4763 orat,
2901 4701 2965 4752 ut
2993 4696 3260 4753 videatur
3303 4699 3376 4753 ab
3409 4697 3660 4754 homini-

2003 4788 2134 4856 bus,
2168 4786 2472 4859 hypocrita
2501 4791 2609 4841 est.
2644 4786 2725 4840 Ex
2782 4785 3000 4858 quibus
3050 4787 3330 4843 omnibus
3360 4787 3660 4860 colligitur

2002 4877 2337 4949 hypocritas
2367 4892 2514 4944 esse,
2549 4876 2651 4946 qui
2684 4875 2988 4947 quodlibet
3013 4876 3254 4946 faciunt,
3281 4882 3343 4932 ut
3372 4877 3442 4933 ab
3474 4877 3659 4933 homi-

2003 4967 2178 5022 nibus
2210 4964 2612 5038 gloriﬁcentur
2654 4965 2760 5036 (At.
2795 4965 3293 5036 bonorilicentur].
3330 4966 3469 5021 Mihi
3502 4965 3661 5022 vidc-

2004 5061 2102 5111 tur
2131 5061 2188 5110 et
2218 5054 2316 5110 ille
2347 5054 2446 5126 qui
2507 5055 2650 5108 dicit
2708 5055 2872 5110 fratri
2931 5072 3078 5110 suo:
3112 5057 3342 5111 Dimitte
3387 5063 3445 5112 ut
3471 5056 3664 5111 tollam

2003 5149 2276 5217 festucam
2324 5143 2388 5199 (lc
2419 5144 2573 5199 oculo
2618 5151 2710 5199 tuo
2740 5145 2948 5215 (Matth.
2984 5159 3084 5212 Vll,
3119 5147 3196 5216 4),
3256 5150 3492 5218 propter
3547 5143 3666 5216 glo-

2007 5252 2286 5322 secti0u_is
2318 5251 2546 5317 vitiose,
2580 5255 2646 5306 ut
2677 5251 2831 5307 infra
2862 5251 3098 5323 iterum,
3132 5253 3401 5310 Martian.
3437 5253 3664 5306 lacessat

2007 5325 2131 5398 lege
2140 5329 2226 5379 rat
2258 5341 2360 5395 pro
2391 5324 2666 5398 lassescat.

2078 5394 2100 5430 λ
2131 5394 2394 5451 Alterum
2427 5394 2784 5450 versiculum
2814 5411 2825 5449 :
2862 5395 2998 5451 Cum
3027 5413 3153 5467 ergo
3199 5398 3338 5466 facis
3368 5394 3662 5467 eleemosy-

2006 5485 2156 5539 nam,
2191 5468 2306 5522 noli
2335 5470 2464 5522 tuba
2487 5483 2683 5522 canere
2703 5475 2828 5522 ante
2866 5477 2914 5523 te
2951 5463 3103 5523 sicut
3123 5463 3420 5540 hypocritas
3449 5463 3667 5540 faciunt

2008 5543 2066 5595 in
2097 5536 2392 5610 synagogis
2418 5547 2472 5594 et
2501 5541 2559 5593 in
2589 5540 2743 5606 vicis,
2769 5543 2830 5594 ut
2859 5536 3291 5610 honorent-urat}
3315 5536 3665 5610 ﬂuminibus,

2010 5607 2384 5683 subiungunt
2424 5611 2546 5683 pari
2580 5627 2866 5667 consensu
2902 5611 3150 5683 Palatini
3185 5607 3360 5683 codd.
3388 5609 3486 5679 qui
3520 5608 3666 5683 alio-

2011 5680 2152 5756 quin
2186 5680 2592 5756 in'recitandis
2621 5684 2945 5756 Scriptura};
2966 5681 3156 5736 verbis
3206 5680 3498 5756 parciores
3527 5680 3661 5736 reli-

2012 5752 2146 5828 quis
2177 5758 2336 5828 sunt.
2370 5754 2451 5828 Re
2499 5759 2696 5811 autem
2747 5752 2878 5828 ipsa
2934 5754 3089 5809 hunc
3140 5752 3498 5811 versiculum
3537 5757 3664 5811 tota

2011 5826 2296 5904 expositio
2326 5826 2590 5885 subnexa
2619 5826 2877 5900 respicit.
