4182 6626
518 474 597 532 43
664 498 669 521 ι
1750 477 1817 534 S.
1862 472 2160 535 EUSEBI]

2276 473 2667 535 lEltUNYMI
3842 475 3931 535 44

514 605 661 661 riam
694 604 808 661 hoc
838 604 1161 673 facere‘,ut
1193 606 1317 677 ipse
1337 606 1540 675 justus
1561 621 1690 662 esse
1709 606 2164 662 videatur.Unde
2192 608 2246 674 Α
2276 606 2492 661 dicium
2525 611 2632 671 est,
2657 606 2751 661 hic
2781 604 3154 676 obsequium.
3180 604 3262 661 Ibi
3283 605 3532 663 fideliter
3563 605 3927 677 indicamus,

515 687 736 749 dicitur
759 692 810 750 ei
842 693 1136 749 aDomiuo
1161 695 1664 767 :Hypocrita,ejice
1681 698 1928 767 primum
1956 696 2166 750 trabem

514 774 582 838 de
605 780 763 839 oculo
784 785 877 838 tuo
909 781 1068 854 (Ibid.
1100 782 1177 853 5).
1211 781 1337 838 Non
1378 783 1576 855 itaque
1616 784 1824 855 virtus,
1857 786 1958 840 sed
1990 801 2168 840 causa

519 869 754 927 virtutis
783 869 937 942 apud
969 875 1153 926 Deum
1183 872 1510 927 mercedem
1535 872 1708 929 habet
1730 874 1765 928 ².
1793 872 1916 929 Etsi
1947 891 1980 929 a
2011 878 2166 930 recta

516 958 611 1017 via
640 956 947 1033 paululum
978 956 1381 1029 declinaveris,
1414 978 1530 1017 non
1587 961 1831 1018 interest
1859 967 2057 1018 utrum
2091 964 2162 1019 ad

519 1042 816 1107 dexteram
844 1044 1048 1117 vadas,
1078 1066 1152 1105 an
1182 1048 1256 1106 ad
1285 1049 1607 1119 sinistram,
1641 1068 1775 1107 cum
1822 1068 2024 1108 verum
2056 1052 2166 1108 iter

520 1134 809 1199 amiseris.

590 1226 783 1319 (Vere.
814 1245 867 1315 3,
900 1247 978 1316 4.)
1009 1269 1037 1297 ‹‹
1070 1247 1150 1302 Te
1181 1249 1373 1302 autem
1406 1247 1669 1303 faciente
1707 1247 2159 1320 eleemosynam,

520 1336 747 1395 nesciat
774 1336 876 1392 88
897 1335 1137 1393 sinistra
1152 1341 1254 1393 tua
1274 1336 1413 1407 quid
1458 1336 1634 1393 faciat
1675 1338 1912 1393 dextera
1940 1342 2064 1409 tua,
2098 1343 2160 1392 ut

519 1426 596 1483 sit
615 1424 980 1497 eleemosyna
1000 1429 1103 1479 tua
1126 1423 1186 1479 in
1217 1425 1578 1481 abscondito:
1613 1430 1669 1481 et
1702 1426 1870 1482 Pater
1900 1431 2040 1482 tuus
2063 1426 2164 1498 qui

515 1514 673 1570 videt
699 1513 759 1569 in
781 1512 1145 1582 abscondito,
1163 1513 1369 1568 reddet
1396 1513 1524 1569 tibi.
1548 1514 1619 1568 Et
1648 1530 1781 1569 cum
1813 1515 2016 1582 oratis,
2047 1531 2164 1569 non

487 1602 682 1661 eritis
731 1601 886 1658 sicut
939 1600 1276 1674 hypocrita,
1317 1601 1417 1672 qui
1475 1607 1679 1658 amant
1732 1602 1793 1659 in
1852 1604 2165 1676 synagogis

516 1695 575 1748 et
604 1692 667 1747 in
696 1689 930 1763 angulis
960 1688 1287 1761 platearum
1310 1694 1535 1746 stantes
1557 1708 1741 1763 orare,
1768 1696 1833 1747 ut
1859 1693 2167 1748 videantur

519 1781 594 1837 ab
648 1778 1011 1849 hominibus.
1070 1800 1099 1828 ››
1147 1782 1272 1834 Νοιι
1322 1778 1514 1835 solum
1570 1780 2019 1853 eleemosynam,
2063 1783 2165 1838 sed

521 1867 914 1943 quodcunque
961 1866 1213 1923 feceritis
1261 1868 1397 1923 boni
1445 1869 1657 1940 operis,
1705 1870 1875 1926 debet
1923 1871 2168 1927 sinistra

521 1956 787 2026 nescire;
818 1956 869 2012 si
898 1955 1056 2013 enim
1084 1955 1188 2012 illa
1218 1956 1435 2028 scierit,
1470 1959 1670 2014 statim
1713 1960 1961 2016 dextera:
1993 1977 2166 2032 opera
2195 1984 2241 2048 Β

520 2044 1046 2104 commaculantur.
1090 2067 1120 2096 ‹‹
1170 2050 1353 2102 Amen
1409 2046 1539 2103 dico
1588 2049 1773 2116 vobis,
1823 2054 2165 2122 receperunt

520 2126 849 2193 mercedem
879 2150 1071 2191 suam.
1105 2156 1135 2184 ››
1168 2133 1292 2193 Νοιι
1322 2134 1422 2190 Dei
1454 2138 1804 2204 mercedem,
1835 2139 1935 2194 sed
1967 2156 2159 2195 suam.

519 2224 767 2283 Laudati
796 2226 936 2281 sunt
965 2224 1124 2280 enim
1171 2225 1244 2280 ab
1291 2224 1652 2296 hominibus,
1684 2244 1937 2299 quorum
1986 2246 2165 2285 causa

518 2329 827 2377 exercuere
852 2313 1115 2371 virtutes.

590 2431 778 2502 (Vers.
811 2431 888 2502 β.)
919 2451 948 2480 ‹‹
980 2430 1070 2486 Tu
1099 2434 1293 2487 autem
1324 2448 1460 2487 cum
1490 2433 1771 2501 oraveris,
1803 2433 1959 2490 intra
1989 2435 2048 2490 in
2071 2451 2166 2490 cu-

521 2519 785 2579 biculum
804 2524 1015 2576 tuum:
1048 2523 1105 2575 et
1133 2519 1330 2576 clauso
1380 2522 1550 2589 ostio,
1584 2539 1686 2579 ora
1715 2523 1944 2579 Patrem
1992 2528 2163 2580 tuum

518 2611 582 2667 in
614 2609 1041 2680 abscondito,et
1070 2609 1235 2666 Pater
1261 2614 1400 2667 tuus
1420 2611 1765 2682 quividetin
1799 2613 2161 2680 abscondito,

518 2700 727 2757 reddet
754 2698 886 2755 tibi.
921 2720 950 2749 »
980 2698 1099 2755 Hoc
1147 2699 1498 2771 simpliciter
1552 2700 1911 2757 intellectum
1973 2703 2166 2757 erudit

519 2789 849 2846 auditorem
865 2789 908 2855 ³,
940 2792 1006 2844 ut
1032 2804 1239 2844 vanam
1281 2790 1485 2845 orandi
1533 2791 1780 2863 gloriam
1812 2791 2016 2864 fugiat.
2052 2793 2163 2849 Sed

518 2878 666 2935 mihi
685 2878 920 2936 videtur
937 2878 1048 2935 hoc
1069 2878 1259 2951 magis
1278 2893 1409 2934 esse
1434 2885 1813 2953 praeceptum,
1844 2887 1909 2935 ut
1939 2882 2166 2938 inclusa

518 2966 771 3039 pectoris
800 2967 1170 3039 cogitatione,
1202 2966 1493 3039 labiisque
1541 2970 1894 3040 compressis
1928 2986 2164 3027 oremus

517 3055 860 3123 Dominum,
889 3055 1045 3127 quod
1075 3059 1133 3112 et
1159 3060 1391 3112 Annam
1423 3056 1481 3111 in
1514 3056 1738 3129 Regum
1767 3058 2063 3115 volumine
2084 3059 2162 3115 fe-

518 3145 673 3201 cisse
700 3143 988 3217 legimus:
1021 3145 1224 3213 Labia,
1247 3144 1458 3217 inquit,
1490 3147 1607 3219 ejus
1634 3151 1854 3203 tantum
1882 3150 2166 3205 moveban-

517 3234 655 3290 tur‘
682 3230 729 3306 (ἶ
761 3234 885 3303 Reg.
919 3248 958 3302 ι,
985 3234 1094 3305 13).

2276 695 2367 750 hic
2400 695 2809 750 miserabiliter
2839 695 3241 751 obsecramus.

2348 788 2532 855 (Vers.
2564 784 2641 855 9.)
2674 807 2700 833 ‹‹
2734 788 2905 839 Pater
2933 789 3149 849 noster,
3183 784 3283 856 qui
3331 800 3395 839 es
3446 784 3505 839 in
3536 783 3718 841 coelis.
3761 804 3784 834 ι
3816 785 3927 843 Pa-

2273 875 2420 929 trem
2453 874 2719 941 dicendo,
2746 890 2807 929 se
2856 872 3007 928 filios
3038 873 3413 928 confitentur.
3447 895 3475 923 «
3511 874 3931 933 Sanctiﬁcetm'

2273 979 2487 1018 nomen
2536 967 2726 1017 tuum.
2762 984 2787 1012 ››
2823 962 2948 1017 Νοιι
2994 961 3055 1016 in
3104 966 3179 1028 te,
3212 962 3316 1018 84
3359 964 3459 1018 sed
3517 963 3577 1018 in
3636 964 3825 1021 nobis.
3859 964 3927 1021 Si

2273 1051 2428 1107 enim
2455 1057 2691 1124 propter
2729 1056 3056 1121 peccatores
3098 1067 3308 1107 nomen
3345 1051 3444 1106 Dei
3473 1050 3930 1125 blasphematur

2272 1141 2330 1195 in
2364 1141 2637 1213 gentibus
2671 1142 2843 1211 (Rom.
2877 1157 2938 1206 ιι,
2970 1141 3082 1210 2t),
3117 1140 3437 1197 econtrario
3466 1146 3702 1215 propter
3723 1144 3926 1215 justas

2272 1230 2688 1286 sanctiﬁcatur.

2342 1318 2528 1390 (Vers.
2560 1319 2674 1390 40.)
2707 1340 2735 1367 ‹‹
2763 1318 3044 1373 Adveniat
3094 1334 3341 1389 regnum
3396 1322 3586 1374 tuum.
3622 1340 3652 1369 ››
3681 1318 3787 1376 Vel
3817 1336 3925 1395 ge-

2272 1406 2547 1463 neraliter
2576 1423 2679 1478 pro
2712 1408 2891 1462 totius
2923 1407 3128 1462 mundi
3159 1408 3303 1479 petit
3333 1424 3530 1481 regno,
3554 1412 3620 1463 ut
3648 1408 3927 1467 diabolus

2272 1495 2332 1551 in
2367 1497 2587 1551 mundo
2611 1513 2853 1569 regnare
2883 1497 3150 1565 desistat,
3176 1495 3261 1551 vel
3286 1502 3351 1552 ut
3370 1497 3429 1552 in
3461 1514 3815 1571 unoquoque
3835 1515 3927 1558 re-

2274 1591 2412 1657 gnet
2441 1585 2679 1653 Deus,et
2709 1603 2822 1640 non
2842 1590 3042 1657 regnet
3068 1592 3370 1657 peccatum
3396 1587 3453 1641 in
3483 1588 3714 1644 mortali
3736 1589 3930 1647 homi-

2276 1692 2417 1730 num
2451 1692 2687 1747 corpore
2714 1676 2883 1745 (Rom.
2917 1693 2993 1747 γι,
3029 1676 3137 1744 12).
3173 1676 3477 1747 Simulque
3506 1682 3562 1732 et
3592 1676 3699 1733 hoc
3729 1684 3926 1735 atten-

2276 1764 2552 1832 dendum,
2587 1766 2741 1836 quod
2771 1765 3012 1837 grandis
3060 1766 3313 1820 audaciae
3357 1766 3455 1832 sit,
3487 1770 3543 1821 et
3574 1783 3732 1838 pure
3780 1784 3925 1824 con-

2276 1852 2554 1918 scientia,
2588 1870 2834 1925 regnum
2886 1854 2983 1910 Dei
3034 1853 3329 1927 postulare
3374 1859 3431 1910 et
3478 1855 3772 1926 judicium
3800 1873 3923 1914 non

2274 1942 2497 1998 timere.
2535 1966 2561 1991 ‹‹
2594 1943 2719 1999 Fiat
2762 1942 3035 1998 voluntas
3081 1948 3203 2007 tua,
3252 1944 3403 1998 sicut
3448 1942 3507 1998 in
3564 1943 3706 2000 ccelo
3753 1949 3811 2001 et
3856 1945 3923 2003 in

2272 2035 2447 2087 terra.
2484 2054 2510 2081 ››
2544 2031 2615 2087 Ut
2645 2032 2938 2104 quomodo
2978 2032 3169 2103 angeli
3193 2032 3295 2087 tibi
3330 2032 3622 2105 inculpate
3654 2034 3925 2092 serviunt

2271 2119 2331 2175 in
2365 2120 2544 2188 cmlis,
2578 2122 2658 2177 ita
2688 2121 2747 2175 in
2779 2127 2933 2176 terra
2962 2123 3214 2176 serviant
3238 2121 3520 2178 homines.
3553 2123 3925 2180 Erubescant

2272 2226 2339 2264 ex
2370 2210 2477 2265 hac
2508 2211 2814 2275 sententia,
2849 2211 2948 2282 qui
2998 2211 3256 2282 quotidie
3286 2211 3345 2265 in
3377 2212 3519 2267 cmlo
3560 2212 3761 2268 ruinas
3792 2213 3923 2271 fieri

2276 2298 2660 2354 mentiuntur.
2696 2300 2841 2356 Nam
2875 2300 3013 2370 quid
3043 2299 3211 2355 nobis
3258 2300 3495 2371 prodest
3524 2300 3803 2359 oculorum
3834 2304 3921 2359 si-

2274 2387 2566 2458 militudo,
2602 2387 2649 2442 si
2679 2392 2735 2442 et
2760 2387 2818 2441 in
2852 2387 2995 2442 cmlo
3028 2392 3331 2458 peccatum
3364 2394 3473 2444 est.

2345 2475 2529 2546 (Vers.
2566 2477 2778 2545 11-13.)
2812 2500 2831 2525 α
2860 2475 3073 2532 Panem
3094 2482 3359 2532 nostrum
3384 2479 3928 2550 supersubstantia-

2273 2563 2388 2619 lem
2419 2564 2494 2620 da
2524 2565 2693 2620 nobis
2724 2565 2992 2621 bodie.Et
3018 2565 3248 2620 dimitte
3278 2566 3448 2622 nobis
3471 2566 3667 2622 debita
3696 2574 3928 2638 nostra,

2274 2654 2428 2710 sicut
2457 2658 2514 2709 et
2545 2671 2651 2709 nos
2683 2653 3037 2710 dimittimus
3086 2655 3449 2712 debitoribus
3480 2657 3717 2713 nostris.
3754 2660 3822 2713 Et
3849 2673 3932 2715 ne

2276 2759 2381 2798 nos
2412 2743 2658 2799 inducas
2690 2743 2747 2798 in
2771 2744 3294 2800 tentationem.Sed
3319 2744 3501 2801 libera
3522 2763 3629 2802 nos
3653 2762 3687 2802 a
3709 2746 3925 2804 malo.-

2275 2832 2435 2900 ρυοά
2462 2850 2567 2888 nos
2583 2851 2648 2888 su
2660 2834 3207 2903 persubstantialem
3224 2834 3705 2907 expressimus,in
3724 2839 3929 2894 Graeco

2274 2921 2523 2977 habetur
2548 2919 2820 2975 ἐπιοὺσιον
2846 2940 2859 2978 :
2884 2923 3038 2995 quod
3072 2924 3314 2979 verbum
3338 2923 3718 2996 Septuaginta
3740 2925 3930 2982 Inter-

2274 3017 2464 3085 pretes
2493 3009 2799 3083 περιοῦσιον
2834 3012 3306 3084 frequentissime
3352 3016 3733 3070 transferunt.
3768 3014 3926 3072 Con-

2275 3100 2660 3158 sideravimus
2690 3119 2825 3173 ergo
2861 3101 2922 3157 in
2953 3103 3213 3169 Hebrzeo,
3247 3109 3299 3158 et
3338 3102 3674 3175 ubicunque
3704 3102 3788 3159 illi
3819 3123 3924 3158 πε-

2275 3264 2514 3351 (abun),
2548 3280 2701 3352 quod
2752 3280 3137 3353 Symmachus
3186 3278 3473 3352 ἐξαίρετνν,
3512 3282 3571 3337 id
3629 3286 3737 3352 est,
3768 3297 3927 3353 pre-

589 3339 930 3443 (Ϋθτῇπβι)
953 3362 987 3443 ξ(
1010 3339 1253 3443 (ξτδῐξδῗξ
1279 3342 1473 3443 θυιεξω
1500 3340 1679 3442 Home
1703 3342 1955 3443 "iulium
1979 3344 2160 3443 Ῑξᾞξλί»
2192 3353 2236 3422 C
2273 3338 2616 3441 cipuu—nlt'vel
2665 3338 2965 3442 egregjium,
3015 3338 3335 3438 transtulit,
3366 3338 3502 3426 licet
3555 3370 3615 3426 in
3658 3338 3927 3443 quodam

516 3430 671 3486 sicut
699 3428 917 3486 ethnici
949 3429 1417 3486 faciunt.Putant
1445 3430 1601 3486 enim
1626 3433 1779 3505 quod
1813 3433 1868 3489 in
1903 3434 2160 3492 multilo-

514 3519 653 3594 quio
682 3534 788 3577 suo
818 3519 1228 3577 exaudiantur.
1260 3518 1447 3576 Nolite
1476 3538 1612 3594 ergo
1643 3523 1956 3580 assimilari
1990 3525 2092 3581 eis.
2130 3548 2156 3575 ››

512 3610 565 3666 si
594 3609 866 3666 ethnicus
894 3607 953 3664 in
985 3608 1244 3665 oratione
1276 3609 1529 3666 multum
1578 3610 1855 3685 loquitur,
1889 3630 2024 3689 ergo
2056 3616 2156 3689 qui

514 3697 883 3755 Christianus
912 3702 1001 3754 est
1038 3697 1209 3754 debet
1238 3714 1445 3770 parum
1478 3699 1658 3772 loqui.
1692 3703 1832 3758 Deus
1863 3705 2017 3759 enim
2047 3721 2159 3761 non

513 3792 822 3856 verborum,
852 3786 945 3841 sed
972 3786 1150 3843 cordis
1187 3787 1409 3843 auditor
1434 3797 1512 3845 est
1543 3790 1692 3862 (Sap.
1725 3809 1765 3859 ι,
1795 3793 1872 3864 6).

584 3902 767 3974 (Vere.
798 3904 852 3972 8,
884 3904 964 3973 c.)
1001 3920 1023 3951 α
1055 3902 1173 3957 Scit
1201 3903 1357 3959 enim
1400 3908 1574 3961 Pater
1618 3911 1807 3964 vester
1835 3908 1975 3980 quid
2008 3927 2157 3982 opus

513 3991 593 4051 sit
618 3992 804 4061 vobis,
837 3996 1149 4064 antequam
1181 3992 1389 4063 petatis
1416 4010 1572 4052 eum.
1604 3995 1699 4052 Sic
1730 4014 1864 4069 ergo
1894 4015 1995 4054 vos
2026 4016 2155 4054 ora-

508 4082 670 4163 bitis.
719 4104 747 4133 »
791 4081 1103 4155 Consurgit
1148 4081 1208 4137 in
1255 4080 1364 4138 hoc
1406 4081 1532 4141 loco
1583 4087 1845 4156 quaidam
1894 4087 2154 4159 haeresis,

508 4170 994 4247 philosophorum
1025 4186 1257 4244 quoque
1285 4189 1627 4245 perversum
1659 4176 1874 4249 dogma
1890 4177 1931 4243 ⁸,
1965 4177 2158 4232 dicen-

508 4262 698 4320 tium:
730 4262 786 4318 Si
818 4262 978 4319 novit
1014 4261 1167 4318 Deus
1223 4262 1367 4334 quid
1424 4278 1686 4331 oremus,
1727 4269 1785 4319 et
1839 4269 2155 4337 antequam

504 4356 801 4424 petamus,
832 4350 944 4407 scit
991 4350 1208 4422 quibus
1251 4349 1644 4422 indigeamus,
1679 4351 1897 4408 frustra
1951 4353 2157 4410 scienti

505 4439 825 4511 loquimur.
857 4438 1080 4503 Quibus
1112 4438 1362 4494 breviter
1400 4440 1877 4511 respondendum
1908 4450 2016 4511 cst,
2050 4459 2157 4500 nos

507 4544 624 4584 non
654 4530 985 4584 narratores
1016 4542 1165 4593 esse,
1201 4527 1301 4583 sed
1351 4529 1849 4599 rogatores.A1iud
1881 4536 1969 4587 est
1997 4532 2155 4589 enim

502 4633 745 4673 narrare
774 4613 1257 4689 ignoranti,aliud
1289 4615 1570 4672 scientem
1601 4622 1815 4690 petere.
1850 4623 1912 4675 In
1942 4619 2042 4677 illo
2071 4620 2157 4677 in-

2267 3459 2391 3515 loco
2411 3460 2693 3531 pcculiare
2722 3460 3141 3533 interpretatus
3186 3460 3280 3518 sit.
3313 3460 3555 3524 Quando
3601 3476 3738 3531 ergo
3768 3458 3922 3531 peti-

2268 3566 2400 3606 mus
2434 3554 2498 3605 ut
2527 3549 2878 3622 peculiarem
2911 3549 2999 3606 vel
3033 3549 3390 3623 praecipuum
3424 3548 3594 3605 nobis
3628 3548 3781 3605 Deus
3812 3547 3923 3604 tri-

2268 3640 2408 3694 buat
2438 3656 2672 3711 panem,
2704 3638 2873 3695 illum
2944 3639 3202 3710 petimus
3261 3636 3364 3707 qui
3419 3635 3596 3691 dicit:
3636 3637 3746 3709 Ego
3790 3653 3926 3695 sum

2260 3730 2424 3799 panis
2454 3730 2607 3782 virus
2637 3729 2734 3798 qui
2776 3728 2841 3782 de
2887 3727 3021 3782 catlo
3074 3723 3333 3781 descendi
3380 3723 3563 3792 (Joan.
3596 3741 3673 3791 vr,
3705 3726 3818 3797 51).
3852 3726 3922 3785 In

2271 3814 2579 3887 Evangelio
2609 3815 2764 3886 quod
2795 3812 3125 3886 appellatur
3154 3810 3479 3867 secundum
3501 3813 3794 3884 Hebraeos,
3810 3832 3924 3887 pro

2268 3903 2627 3959 substantiali
2699 3918 2868 3973 pane,
2946 3898 3133 3971 reperi
3209 3916 3403 3956 ΜΑιιΑιι
3447 3901 3468 3935 ⁷
3542 3903 3704 3974 (ma),
3755 3903 3922 3975 quod

2264 3992 2478 4048 dicitur
2506 3993 2849 4058 crastinum;
2885 3995 2948 4044 ut
2996 3989 3075 4044 sit
3123 4004 3371 4045 sensus:
3405 3996 3618 4047 Panem
3662 3996 3920 4051 nostrum

2263 4083 2589 4148 crastinum,
2622 4080 2680 4135 id
2720 4086 2828 4146 est,
2874 4081 3136 4150 futurum
3184 4078 3254 4133 da
3298 4080 3453 4134 nobis
3484 4080 3658 4137 hodie.
3696 4086 3922 4140 Possu-

2267 4188 2399 4227 mus
2422 4168 3045 4240 supersubstantialem
3064 4186 3272 4241 panem
3300 4174 3356 4225 et
3376 4168 3544 4225 aliter
3567 4171 3918 4244 intelligere,

2266 4259 2366 4331 qui
2394 4275 2573 4330 super
2602 4275 2805 4314 omnes
2833 4259 3195 4314 substantias
3229 4259 3389 4325 sit,et
3415 4258 3721 4316 universas
3743 4276 3920 4333 supe-

2265 4352 2352 4403 ret
2399 4352 2719 4404 creaturas.
2751 4347 2865 4403 Alii
2914 4347 3260 4420 simpliciter
3308 4353 3535 4419 putant,
3584 4349 3917 4409 secundum

2261 4436 2523 4508 Apostoli
2556 4453 2886 4492 sermonem
2919 4436 3166 4493 dicentis
3200 4438 3248 4508 (I
3278 4438 3411 4493 Tim.
3442 4454 3522 4503 v1,
3570 4437 3664 4505 8):
3699 4436 3918 4494 Haben-

2262 4534 2340 4582 tes
2368 4528 2572 4581 victum
2603 4533 2653 4582 et
2698 4529 2972 4595 veslitum,
3023 4527 3121 4584 35
3184 4525 3270 4581 his
3326 4528 3567 4583 contenti
3616 4526 3807 4597 simus,
3839 4526 3919 4587 de

2262 4615 2534 4688 praesenti
2566 4619 2798 4671 tantum
2827 4616 2955 4672 cibo
3003 4621 3241 4673 sanctos
3270 4632 3471 4672 curam
3522 4631 3714 4688 agere.
3748 4615 3919 4676 Unde

579 4742 597 4825 ξ
626 4742 814 4825 antea
840 4739 1298 4825 legebatur‘nam
1319 4744 1555 4825 propter
1575 4743 1816 4825 gloriam
1830 4745 1939 4825 _Iioc
1970 4746 2153 4825 facere
2183 4726 2231 4793 D
2262 4740 2623 4825 "“In‘mss.
2674 4743 3091 4825 sogollahqutod
3141 4746 3199 4797 et
3240 4742 3301 4796 in
3332 4741 3801 4825 commentariis
3846 4740 3915 4799 in

502 4811 741 4895 videtur,
762 4811 948 4895 sensu
980 4812 1251 4895 equidem
1285 4811 1400 4895 non
1425 4811 1591 4870 isatis‘
1640 4815 1904 4895 expedito
1930 4811 1991 4895 et
2019 4834 2149 4890 per-

507 4884 738 4959 spicuo.
762 4884 881 4943 Nos
911 4883 1178 4959 codicum
1211 4883 1611 4959 Palatinorum
1636 4883 1997 4959 auctoritate,
2017 4883 2149 4945 nam

507 4956 871 5024 adverbium,
901 4960 957 5012 et
985 4957 1224 5011 verbum
1256 4956 1494 5024 videtur,
1516 4957 2151 5023 induximus,sensum-

507 5043 621 5102 quc
651 5027 722 5083 ad
754 5043 896 5083 mss.
923 5027 1098 5102 ﬁdem
1124 5027 1301 5102 _nitori
1326 5028 1586 5102 pristino
1605 5028 1994 5102 _restituimus.

576 5100 599 5134 ²
630 5104 751 5155 Duo
780 5101 966 5156 nostri
997 5099 1357 5170 totidemque
1380 5100 1534 5170 apud
1569 5100 1969 5157 Martianazum
2004 5119 2145 5159 mss.

504 5170 656 5227 hanc
688 5171 1048 5227 interserunt
1077 5170 1170 5226 hic
1211 5168 1321 5225 loci
1353 5168 1739 5227 sententiam:
1774 5174 1903 5229 Tum
1929 5176 2149 5230 demum

504 5245 677 5300 virtus
706 5242 1099 5315 observationis
1126 5242 1232 5297 Deo
1251 5252 1469 5312 accepta
1497 5252 1591 5309 est,
1625 5246 1676 5297 si
1699 5260 1867 5300 causa
1900 5248 1998 5301 Dei
2028 5247 2145 5315 ﬁat.

573 5316 596 5351 ³
626 5317 687 5371 In
718 5314 1203 5371 Palatin.duobus
1234 5329 1401 5379 mss.,
1429 5316 1491 5369 Et
1516 5315 1847 5385 simpliciter
1875 5314 2149 5373 intentum

502 5385 683 5456 erudit
711 5386 1037 5444 auditorem.
1070 5385 1178 5440 Pro
1207 5386 1541 5456 simpliciter
1571 5386 1847 5443 [tabanus
1893 5392 2150 5446 similiter

509 5454 667 5512 legit.

565 5474 863 5601 ξῚῖιιάιιιιίι
891 5529 1067 5585 iidem
1127 5525 1372 5582 Palatini
1405 5544 1545 5582 mss.
1599 5531 1649 5583 et
1697 5546 1800 5585 vos:
1846 5532 1999 5587 illius
2038 5549 2143 5589 non

502 5598 851 5655 audiebatur.
1808 5624 1811 5625 ν

572 5669 594 5704 ⁸
620 5669 1037 5758 Epicureorum
1070 5671 1217 5758 _hzec
1274 5668 1382 5725 fuit
1409 5671 1746 5758 "argutatio,
1806 5679 1907 5758 aut
1931 5674 2143 5758 potius

501 5742 759 5819 vesania,
792 5742 862 5819 de
905 5758 1022 5814 qua
1067 5741 1359 5819 _Max_im_us
1409 5741 1615 5819 Tyrius
1674 5741 2145 5807 dissertationem

500 5827 644 5872 sane
674 5811 1035 5875 luculentam
1066 5813 1342 5873 instituit.

2262 4810 2609 4884 Malachiam
2640 4828 2765 4884 cap.
2796 4810 2973 4882 m,’in
3003 4816 3115 4869 fine
3146 4813 3505 4870 monuimus.
3540 4813 3741 4869 Recole
3769 4829 3914 4872 eum

2262 4888 2477 4950 locum,
2511 4884 2559 4939 si
2589 4883 2774 4940 lubet.

2330 4974 2349 5006 ⁷
2382 4978 2500 5028 Duo
2559 4990 2725 5045 mss.,
2781 4973 2951 5041 Moar,
3007 4973 3104 5028 alii
3178 4974 3350 5030 Maar.
3420 4972 3717 5045 Repererit
3771 4989 3914 5034 vero

2257 5044 2644 5117 Hieronymus
2675 5044 2733 5099 in
2765 5062 2830 5101 eo
2863 5046 3170 5117 Evangelia
3204 5058 3375 5106 'mm
3400 5044 3664 5111 Damhar,
3684 5048 3786 5101 aut
3806 5045 3915 5102 Da-

2256 5116 2473 5189 mahar,
2508 5117 2797 5187 siquidem
2831 5118 2889 5171 id
2922 5116 3075 5189 quod
3124 5120 3427 5172 crastinum
3464 5118 3915 5188 interpretatur,

2258 5188 2514 5243 invenit:
2566 5189 2889 5244 econtrario
2944 5188 3099 5244 enim
3163 5190 3361 5245 Mahar
3417 5189 3693 5243 Hebraice
3752 5199 3911 5249 ἿΠῚΞ.

2256 5276 2378 5315 cras
2409 5264 2637 5316 tantum
2670 5266 2858 5331 sonat,
2892 5277 3025 5315 cum
3057 5260 3303 5316 articulo
3350 5265 3546 5315 autem
3577 5262 3911 5331 crastinum,

2257 5361 2425 5410 sum
2465 5334 2625 5435 132115
2645 5367 2846 5421 panem
2872 5355 3121 5404 nostrum
3157 5350 3483 5405 crastinum.
3518 5353 3618 5404 Est
3646 5365 3776 5404 vero
3807 5345 3915 5405 ille

2258 5438 2541 5494 articulus
2585 5449 2619 5499 ’ς
2670 5455 2783 5493 non
2837 5439 3109 5510 Hebraeis,
3145 5440 3245 5495 sed
3295 5437 3584 5495 Chaldaeis
3632 5436 3918 5510 Syrisque

2255 5510 2641 5567 vernaculus:
2685 5526 2753 5582 ex
2803 5526 2917 5579 quo
2962 5527 3199 5566 rursum
3250 5510 3511 5582 colligas,
3564 5525 3910 5582 quanquam

2257 5581 2968 5652 llicronymusdabsolute
3042 5582 3194 5636 dicat
3268 5581 3547 5637 Hebraice
3615 5581 3911 5652 scripturn

2255 5650 2631 5723 Evangelium
2667 5650 2831 5721 illud,
2866 5669 2980 5706 non
3012 5653 3291 5708 Ilebraico
3322 5653 3721 5713 sermone,sed
3740 5650 3915 5708 Chal-

2257 5724 2442 5797 daico,
2474 5724 2704 5795 Syrove,
2739 5729 2841 5777 aut
2869 5724 3156 5797 _Chaldceo
3206 5723 3753 5797 Hierosolymitano,
3802 5723 3916 5782 He-

2256 5793 2590 5874 braicisque
2608 5796 2841 5853 tantum
2869 5793 3082 5855 litteris
3112 5793 3534 5872 conscriptum.
