4182 6636
231 553 304 612 45

792 548 1308 612 COMMENTAR.
1357 551 1436 613 IN
1483 549 1895 612 EVANGELI'

2053 549 2434 612 ΜΛΤΤΗᾹΞΙ
2478 547 2628 610 LIB.
2676 548 2723 609 Ι.
2769 546 2943 608 CAP.
2976 547 3082 610 VI.

3567 549 3648 610 46

232 689 288 743 et
315 683 376 740 in
407 682 827 756 posterioribus
857 683 936 738 sit
964 686 1355 756 praeceptum:
1404 685 1588 741 Nolite
1637 685 1880 753 cogitare
1908 684 1964 750 Α
1995 682 2126 754 plex
2155 683 2360 738 oculus
2391 686 2448 737 et
2477 699 2660 754 purus
2691 680 2987 754 simplicia
3044 680 3308 745 intuetur
3364 686 3421 736 et
3473 697 3641 754 pura.

233 775 296 832 de
314 774 552 828 crastino
581 773 808 844 (Matth.
839 789 920 838 v1,
951 773 1064 841 34).
1132 793 1155 822 ι
1189 781 1397 829 Amen.
1433 797 1460 824 »
1494 773 1879 847 Signaculum

235 861 512 920 orationis
541 861 858 918 Dominicis
875 866 999 918 est:
1025 863 1181 935 quod
1205 863 1418 936 Aquila
1437 864 1882 936 interpretatur,

228 953 460 1026 ﬁdeliter
481 969 499 1008 :
522 968 652 1019 nos,
683 968 828 1020 vere,
880 967 1200 1024 possumus
1226 952 1435 1008 dicere.

302 1043 486 1116 (Vers.
521 1042 632 1113 14.)
670 1064 690 1091 α
727 1041 786 1098 Si
821 1041 979 1098 enim
1011 1041 1358 1099 dimiseritis
1390 1042 1730 1099 hominibus
1760 1058 1886 1114 pec-

231 1135 358 1188 cata
386 1148 610 1202 eorum,
645 1131 904 1193 dimittet
935 1135 992 1187 et
1020 1132 1186 1187 vobis
1218 1132 1386 1188 Pater
1415 1136 1604 1189 vester
1634 1131 1885 1188 ccelestis

233 1220 444 1278 delicta
471 1225 679 1277 vestra.
712 1240 738 1271 η
768 1225 888 1276 Hoc
919 1222 1075 1292 quod
1105 1221 1394 1293 scriptum
1417 1223 1538 1278 est‘
1567 1237 1579 1277 :
1605 1222 1712 1292 Ego
1741 1221 1883 1290 dixi,

230 1311 318 1368 Dii
345 1313 498 1383 estis,
521 1315 573 1366 et
603 1311 710 1381 ﬁlii
739 1310 952 1366 Επειδὶ
981 1325 1201 1366 omnes:
1236 1326 1326 1366 vos
1373 1327 1503 1367 vero
1549 1315 1612 1366 ut
1642 1311 1887 1366 homines

228 1402 576 1468 moriemini,
603 1394 654 1457 et
685 1403 956 1472 tanquam
982 1416 1124 1456 unus
1152 1399 1220 1456 de
1263 1400 1611 1471 principibus
1669 1399 1885 1454 cadetis

232 1491 410 1562 (Psal.
445 1506 632 1560 nxxxr,
664 1490 719 1559 6,
740 1490 820 1560 7),
843 1489 914 1546 ad
947 1505 1044 1545 eos
1070 1487 1284 1544 dicitur
1302 1488 1400 1560 qui
1427 1492 1664 1560 propter
1691 1503 1887 1559 pecca-

229 1586 290 1636 ta
317 1579 593 1636 homines
622 1594 691 1634 ex
720 1578 832 1633 diis
861 1594 992 1634 esse
1023 1581 1384 1633 meruerunt.
1446 1581 1619 1632 Recte
1665 1592 1800 1648 ergo
1831 1581 1888 1631 et

230 1669 287 1725 hi
320 1659 543 1742 quibus
574 1671 812 1738 peccata
841 1665 1241 1734 dimittuntur,
1284 1665 1553 1722 homines
1608 1663 1887 1738 appellati

229 1763 394 1815 sunt.

300 1847 491 1920 (Vers.
529 1844 640 1918 16.)
676 1866 703 1894 «
733 1844 1132 1901 Exterminant
1159 1845 1317 1901 enim
1368 1845 1544 1900 facies
1602 1861 1764 1911 suas,
1825 1847 1890 1899 ut

229 1940 556 2018 appareant
584 1935 927 1991 hominibus
950 1935 1506 2006 jejunantes.Amen
1540 1934 1670 1989 dico
1701 1932 1885 2004 vobis,

226 2027 370 2100 quia
400 2029 744 2097 receperunt
773 2025 1100 2080 mercedem
1133 2041 1324 2079 suam.
1360 2045 1388 2072 ››
1415 2022 1673 2078 Verbum
1704 2027 1887 2078 exter-

225 2120 472 2184 minant,
497 2115 652 2187 quod
686 2113 744 2169 in
777 2112 1194 2170 ecclesiasticis
1238 2111 1556 2179 Scripturis
1606 2112 1742 2167 vitio
1804 2112 1892 2167 in-

86 2240 202 2274 _,,—
225 2209 552 2280 terpretum
580 2204 785 2260 tritum
819 2207 929 2269 est,
961 2203 1121 2258 aliud
1154 2202 1341 2259 multo
1391 2202 1685 2274 signiﬁcat
1716 2218 1894 2274 quam

221 2293 398 2366 vulgo
431 2290 800 2363 intelligitur.
835 2290 1311 2346 Exterminantur
1367 2291 1585 2362 quippe
1641 2289 1894 2362 exsules,

225 2383 326 2456 qui
360 2383 686 2438 mittuntur
714 2384 876 2436 extra
905 2379 1208 2437 terminos.
1244 2381 1352 2436 Pro
1410 2379 1519 2435 hoc
1578 2396 1714 2451 ergo
1774 2396 1894 2436 ser-

87 2514 196 2546 f,
225 2471 810 2539 mone,demoliuntur
838 2486 1071 2542 semper
1101 2469 1360 2540 accipere
1391 2469 1715 2525 debemus:
1738 2468 1893 2540 quod

227 2561 428 2618 Graece
463 2560 676 2616 dicitur
706 2556 1037 2634 ἀφανίζουσι.
1071 2558 1398 2615 Demolitur
1458 2562 1654 2613 autem
1713 2558 1894 2630 hypo-

225 2651 380 2708 crita
409 2649 621 2706 faciem
649 2665 817 2704 suam
850 2651 915 2704 ut
943 2647 1243 2704 tristitiam
1278 2647 1554 2714 simulet;
1590 2650 1644 2702 et
1697 2645 1895 2702 animo

226 2742 378 2797 forte
409 2740 666 2804 laetante,
701 2738 925 2793 luctum
957 2741 1144 2809 gestet
1173 2737 1232 2792 in
1264 2735 1451 2792 vultu.

297 2829 495 2901 (Vers.
530 2828 741 2899 17-19.)
775 2850 802 2877 ‹‹
838 2827 925 2882 Tu
958 2830 1154 2882 autem
1187 2842 1321 2881 cum
1346 2826 1606 2898 jejunae,
1631 2841 1782 2897 unge
1803 2841 1894 2880 ca-

217 2926 331 2993 put
360 2924 560 2989 tuum,
591 2921 647 2973 et
678 2917 881 2972 faciem
912 2921 1076 2972 tuam
1107 2915 1254 2984 lava,
1290 2932 1361 2970 ne
1410 2915 1659 2971 videaris
1707 2914 1896 2970 homi-

216 3010 404 3065 nibus
430 3007 738 3079 jejunans,
770 3006 870 3062 sed
891 3005 1045 3060 Patri
1065 3010 1166 3060 tuo
1191 3005 1291 3076 qui
1315 3009 1402 3060 est
1424 3004 1482 3059 in
1506 3003 1850 3060 abscondito
1875 3019 1888 3059 :

214 3103 275 3153 et
308 3099 486 3155 Pater
515 3101 652 3153 tuus
685 3095 783 3168 qui
814 3096 968 3151 videt
993 3094 1052 3149 in
1084 3093 1450 3164 abscondito,
1503 3094 1706 3150 reddet
1760 3092 1887 3148 tibi.

211 3189 416 3245 Nolite
450 3186 849 3242 thesaurizare
877 3183 1042 3241 vobis
1073 3183 1383 3240 thesauros
1439 3184 1496 3238 in
1555 3188 1729 3251 terra,
1786 3182 1888 3238 ubi

212 3295 408 3351 erugo
445 3281 504 3333 et
533 3277 692 3332 tinea
721 3274 1056 3341 demolitur,
1087 3278 1143 3330 et
1173 3274 1272 3330 ubi
1303 3273 1461 3329 fures
1492 3273 1796 3338 effodiunt,
1831 3276 1889 3328 et

209 3369 524 3424 furantur.
561 3387 590 3415 »
621 3365 794 3420 Juxta
820 3363 998 3418 ritum
1030 3363 1335 3435 provincia:
1365 3362 1668 3419 Palestina;
1699 3362 1887 3434 loqui-

1922 2073 1968 2138 B

1991 773 2110 828 Hoc
2141 776 2326 828 totum
2363 771 2673 827 transferet
2701 771 2773 828 ad
2805 787 3066 828 sensum.
3126 770 3427 837 Quomodo
3484 772 3645 828 enim

1992 879 2228 933 corpus,
2262 861 2314 917 si
2343 860 2550 917 oculus
2593 877 2715 916 non
2776 861 2951 916 fuerit
3006 859 3277 932 simplex,
3333 862 3524 918 totum
3583 861 3646 917 in

1992 951 2250 1007 tenebris
2280 955 2404 1007 est:
2437 950 2521 1006 ita
2549 950 2766 1018 anima,
2814 950 2866 1007 si
2915 949 3298 1023 principalem
3356 950 3644 1024 fulgorem

1995 1058 2170 1097 suum
2203 1040 2536 1113 perdiderit,
2562 1040 2870 1096 universus
2899 1056 3109 1097 sensus
3140 1041 3200 1097 in
3231 1039 3481 1113 caligine
3496 1057 3652 1098 com-

1999 1129 2344 1186 morabitur.
2379 1128 2438 1184 Si
2469 1145 2604 1201 ergo
2637 1128 2836 1186 lumen
2867 1130 3022 1202 quod
3054 1131 3114 1184 in
3145 1135 3202 1186 te
3251 1134 3340 1186 est
3395 1131 3646 1187 tenebras

1995 1218 2135 1286 sint,
2167 1218 2306 1291 ipsae
2336 1219 2588 1275 tenebra
2619 1223 2852 1291 quantae
2895 1218 3101 1275 eruntl
3167 1219 3227 1275 Si
3277 1235 3488 1277 sensus
3547 1219 3650 1292 qui

1995 1307 2196 1364 lumen
2248 1312 2356 1376 est,
2417 1307 2628 1365 animas
2675 1308 2816 1364 vitio
2880 1308 3186 1382 caligatur,
3245 1309 3394 1381 ipsa,
3452 1312 3650 1382 putas,

1996 1397 2182 1468 caligo
2210 1398 2424 1468 quibus
2456 1397 2714 1453 tenebris
2746 1397 3122 1454 obvolveturl
3511 1409 3514 1413 ‘

2068 1486 2253 1556 (Vers.
2285 1487 2399 1556 24.)
2432 1509 2459 1536 ‹‹
2493 1487 2617 1542 Non
2649 1485 2892 1558 potestis
2925 1486 3042 1543 Deo
3085 1486 3299 1544 servire
3347 1493 3405 1546 et
3462 1506 3650 1548 mam-

1997 1590 2203 1629 monae.
2239 1597 2266 1624 n
2298 1575 2634 1630 Mammona
2665 1591 2932 1630 sermone
2961 1575 3191 1647 Syriaco
3223 1577 3442 1635 divitiae
3497 1595 3650 1636 nun-

1997 1668 2308 1734 cupantur.
2354 1667 2477 1720 Non
2527 1665 2748 1735 potestis
2790 1664 2895 1720 Deo
2940 1667 3146 1720 servire
3197 1669 3247 1721 et
3300 1684 3647 1726 mammonae.

1997 1752 2213 1808 Audiat
2242 1753 2352 1809 hoc
2383 1771 2614 1820 avarus,
2646 1753 2850 1810 audiat
2900 1753 3001 1824 qui
3057 1761 3330 1810 censetur
3369 1758 3650 1816 vocabulo

1997 1842 2324 1899 Christiano
2357 1860 2474 1898 non
2506 1859 2678 1915 posse
2707 1859 2770 1899 se
2801 1841 2980 1899 simul
3029 1843 3247 1901 divitiis
3303 1845 3654 1920 Christoque

1999 1933 2234 1987 servire.
2270 1933 2338 1988 Et
2369 1937 2563 1990 tamen
2605 1949 2720 1988 non
2778 1932 2943 2000 dixit,
3004 1933 3103 2005 qui
3161 1933 3338 1991 habet
3393 1937 3653 2005 divitias,

1999 2020 2098 2076 sed
2133 2021 2233 2092 qui
2267 2021 2446 2077 servit
2476 2020 2716 2077 divitiis.
2750 2021 2857 2084 Qui
2882 2024 3038 2077 enim
3065 2021 3403 2081 divitiarum
3425 2043 3652 2098 servus,

2005 2109 2237 2166 divitias
2269 2111 2545 2177 custodit,
2578 2116 2643 2166 ut
2672 2127 2873 2166 servus
2907 2136 2922 2180 ;
2953 2112 3054 2183 qui
3101 2117 3296 2170 autem
3356 2115 3657 2174 servitutis

2005 2199 2262 2255 excussit
2287 2201 2519 2271 jugum,
2552 2199 2855 2256 distribuit
2883 2216 3002 2272 eas,
3036 2205 3102 2256 ut
3132 2202 3429 2264 dominus.

2079 2294 2264 2358 (Vers.
2296 2291 2413 2359 25.)
2446 2312 2474 2340 ‹‹
2513 2290 2647 2345 Ideo
2672 2290 2802 2345 dico
2838 2290 3034 2348 vobis:
3093 2291 3175 2348 Ne
3231 2291 3466 2350 solliciti
3525 2295 3656 2353 sitis

2006 2379 2214 2434 animae
2244 2383 2468 2444 vestrae,
2501 2379 2640 2450 quid
2673 2380 3063 2448 manducetis,
3098 2397 3288 2454 neque
3309 2383 3537 2456 corpori
3558 2400 3653 2440 ve-

2006 2472 2125 2523 stro
2157 2469 2296 2539 quid
2330 2467 2677 2524 induamini.
2713 2491 2743 2518 »
2774 2469 2839 2524 In
2871 2469 3171 2526 nonnullis
3202 2471 3504 2530 codicibus
3551 2475 3656 2530 ad-

2005 2557 2194 2613 ditum
2226 2562 2347 2614 est:
2379 2575 2558 2630 neque
2587 2557 2720 2630 quid
2745 2558 2966 2616 bibatis.
3027 2559 3175 2632 Ergo
3232 2562 3389 2633 quod
3447 2567 3660 2632 natura

2004 2647 2281 2703 omnibus
2307 2646 2534 2713 tribuit,
2565 2652 2621 2703 et
2642 2647 2933 2718 jumentis
2964 2664 3030 2704 ac
3056 2649 3264 2706 bestiis
3295 2637 3660 2710 hominibus;

2004 2753 2117 2808 que
2147 2752 2458 2792 commune
2489 2741 2595 2803 est,
2631 2735 2810 2807 hujus
2842 2753 2982 2793 cura
3012 2737 3245 2810 penitus
3277 2738 3657 2800 liberamur”.

2002 2826 2113 2880 Sed
2145 2825 2480 2897 praecipitur
2506 2825 2675 2881 nobis
2706 2841 2778 2882 ne
2807 2825 3049 2882 solliciti
3071 2827 3260 2885 simus
3291 2829 3432 2900 quid
3463 2847 3659 2887 come-

2003 2915 2247 2971 damus:
2283 2915 2421 2986 quia
2451 2915 2510 2969 in
2538 2914 2750 2971 sudore
2777 2913 2975 2970 vultus
3026 2932 3424 2988 praeparemus
3486 2919 3656 2977 nobis

2000 3021 2210 3076 panem
2241 3003 2393 3075 (Gen.
2428 3022 2511 3059 ιιι.
2545 3005 2655 3072 l9).
2685 3004 2874 3060 Labor
2921 3007 3276 3062 exercendus
3332 3012 3439 3077 est,
3491 3008 3652 3067 solli-

2000 3093 2193 3149 citudo
2221 3093 2500 3150 tollenda.
2533 3093 2652 3150 Hoc
2690 3094 2846 3164 quod
2895 3093 3147 3152 dicitur:
3207 3118 3228 3146 α
3286 3097 3369 3153 Ne
3414 3097 3652 3156 solliciti

1998 3183 2127 3240 sitis
2159 3184 2370 3239 animae
2398 3187 2599 3240 vestras
2633 3182 2773 3256 quid
2805 3183 3146 3252 comedetis,
3180 3201 3369 3258 neque
3420 3187 3652 3262 corpori

1995 3278 2188 3330 vestro
2215 3274 2354 3345 quid
2387 3272 2739 3343 induamini,
2774 3296 2795 3325 υ
2834 3273 2905 3328 de
2935 3273 3154 3329 carnali
3186 3275 3312 3332 cibo
3368 3282 3427 3333 et
3471 3279 3648 3336 vesti-

1996 3367 2194 3418 mento
2225 3361 2597 3434 accipiamus.
2633 3361 2915 3417 Caeterum
2948 3363 3019 3418 de
3059 3363 3468 3434 spiritualibus
3500 3367 3650 3426 cibis

208 3461 334 3525 tur,
373 3455 487 3511 ubi
511 3454 720 3510 diebus
750 3453 915 3508 festis
936 3451 1127 3507 solent
1156 3469 1374 3524 ungere
1404 3453 1618 3524 capita.
1676 3453 1889 3508 Praece-
1920 3447 1963 3513 C
2001 3457 2057 3510 et
2114 3451 2475 3510 vestimentis
2533 3468 2765 3523 semper
2835 3452 3119 3509 debemus
3193 3471 3323 3511 esse
3391 3455 3648 3514 solliciti.

206 3546 297 3619 pit
332 3544 552 3618 igitur,
585 3547 653 3597 ut
680 3541 916 3613 quando
941 3541 1305 3610 jejunamus,
1331 3540 1492 3596 laetos
1541 3545 1597 3596 et
1652 3541 1893 3597 festivos

207 3651 326 3690 nos
361 3648 504 3689 esse
537 3635 954 3685 monstremus.
989 3627 1153 3682 Multi
1186 3627 1447 3701 legentes
1478 3627 1624 3684 illud
1648 3627 1892 3684 Psalmi-

205 3730 362 3780 stae:
405 3719 608 3775 Oleum
631 3719 936 3790 peccatoris
964 3732 1075 3772 non
1132 3718 1442 3789 impinguet
1494 3727 1656 3790 caput
1709 3735 1896 3774 meum

207 3811 398 3884 (Psal.
435 3825 567 3876 cxc,
598 3807 1011 3880 5),econtrario
1033 3822 1161 3862 esse
1191 3808 1396 3863 volunt
1424 3807 1644 3864 bonum
1679 3808 1895 3875 oleum,

208 3901 283 3957 de
315 3916 448 3973 quo
484 3897 626 3955 alibi
655 3895 911 3953 dicitur:
948 3897 1120 3954 Unxit
1149 3905 1197 3953 te
1237 3898 1379 3952 Deus
1427 3898 1568 3954 Deus
1597 3903 1726 3953 tuus
1784 3899 1900 3954 oleo

210 3991 447 4047 lxtitiae
478 3989 502 4023 ³
527 4003 644 4060 pra:
669 3986 983 4058 particibus
1014 3987 1125 4043 tuis
1153 3987 1328 4057 (Psal.
1361 4004 1515 4055 xmv,
1576 3989 1653 4059 8).
1713 3989 1782 4044 Et
1840 3987 1899 4043 id

208 4078 497 4153 praecipi,
526 4082 591 4132 ut
617 4079 948 4133 exercentes
979 4076 1245 4145 virtutes,
1271 4077 1563 4149 spirituali
1588 4076 1710 4134 oleo
1741 4077 1902 4150 prin-

213 4168 424 4242 cipale
461 4166 849 4241 (ἡγεμονικὸν)
883 4166 1074 4222 cordis
1101 4166 1287 4222 nostri
1320 4183 1536 4235 ungere
1559 4167 1900 4224 debeamus.

285 4257 501 4332 (Vers.
532 4257 647 4328 21.)
683 4279 704 4306 ι
739 4255 848 4312 Ubi
879 4256 1036 4312 enim
1069 4259 1157 4312 est
1188 4254 1504 4312 thesaurus
1526 4261 1686 4324 tuus,
1712 4255 1794 4312 ibi
1817 4261 1907 4313 est

209 4353 269 4404 et
297 4364 412 4403 cor
445 4351 647 4401 tuum.
685 4367 712 4395 »
743 4345 862 4401 Hoc
890 4362 1005 4402 non
1037 4344 1229 4402 solum
1261 4345 1334 4401 de
1382 4345 1659 4417 pecunia,
1718 4346 1819 4402 sed
1849 4350 1908 4403 et

208 4437 283 4494 de
322 4435 578 4493 cunctis
609 4434 1027 4508 passionnibus
1058 4435 1164 4507 [AL
1226 4434 1724 4506 possessionibus]
1771 4452 1903 4491 sen-

207 4527 508 4583 tiendum
541 4528 650 4581 est.
684 4523 886 4580 Gulosi
914 4525 1061 4580 deus
1093 4529 1295 4580 venter
1315 4529 1439 4580 est:
1471 4525 1548 4579 ibi
1571 4541 1706 4597 ergo
1729 4524 1908 4580 habet

209 4632 338 4684 cor,
376 4614 492 4671 ubi
529 4618 587 4670 et
613 4613 961 4670 thesaurum
994 4614 1100 4685 [AL
1134 4618 1224 4670 est
1253 4612 1616 4684 thesaurus].
1651 4614 1754 4670 36
1795 4615 1908 4669 Lu-

208 4704 454 4763 xuriosi
490 4703 831 4775 thesaurus,
875 4702 1057 4776 epulae
1117 4707 1276 4759 sunt.
1339 4700 1584 4770 Lascivi,
1642 4701 1906 4760 ludicra:

2004 3567 2030 3592 ‹‹
2065 3542 2268 3598 Nonne
2300 3542 2499 3597 anima
2529 3541 2661 3612 plus
2691 3546 2780 3596 est
2809 3557 2988 3612 quam
3020 3557 3172 3608 esca,
3197 3548 3254 3598 et
3284 3559 3495 3615 corpus
3518 3544 3653 3617 plus

2003 3638 2092 3688 est
2122 3649 2301 3704 quam
2332 3631 2750 3687 vestimentum
2770 3628 2798 3682 ‘?
2829 3653 2852 3682 »
2891 3631 3055 3695 Quod
3109 3630 3269 3702 dicit,
3320 3631 3660 3692 istiusmodi

2006 3722 2265 3787 estzQui
2298 3724 2519 3793 majora
2548 3718 2836 3792 praestitit,
2872 3719 3075 3792 utique
3131 3725 3190 3776 et
3236 3723 3466 3779 minora
3514 3741 3660 3796 prte-

2010 3813 2208 3867 stabit.

2080 3901 2270 3972 (Vers.
2310 3901 2426 3972 26.)
2469 3923 2490 3950 ε
2523 3899 2813 3972 Respicite
2869 3899 3129 3957 volatilia
3170 3901 3320 3971 cmli,
3381 3903 3664 3975 quoniam

2011 4007 2126 4047 non
2162 3995 2383 4058 serunt,
2417 4005 2605 4062 neque
2641 3992 2889 4061 metunt,
2923 4006 3110 4061 neque
3155 3997 3510 4066 congregant
3561 3994 3661 4050 87

2010 4081 2070 4136 in
2122 4080 2370 4136 horrea:
2431 4083 2489 4134 et
2546 4079 2711 4134 Pater
2760 4083 2952 4134 vester
3005 4079 3256 4137 ccelestis
3307 4083 3494 4153 pascit
3541 4083 3660 4144 illa.

2013 4170 2214 4225 Nonne
2244 4185 2344 4224 vos
2368 4167 2555 4240 magis
2579 4166 2766 4238 pluris
2783 4167 2923 4223 estis
2944 4167 3063 4223 illis
3082 4168 3110 4223 ‘t
3133 4189 3162 4218 »
3195 4171 3509 4241 Apostolus
3527 4189 3667 4244 pre-

2014 4259 2153 4332 cipit
2183 4259 2357 4329 (Rom.
2389 4274 2494 4322 x11,
2525 4256 2601 4325 3),
2637 4273 2708 4311 ne
2731 4254 2864 4327 plus
2893 4255 3196 4328 sapiamus
3226 4275 3400 4330 quam
3436 4265 3667 4331 oportet

2015 4365 2238 4421 sapere.
2274 4347 2434 4403 Istud
2466 4345 2870 4402 testimonium
2902 4350 2959 4400 et
2988 4345 3046 4401 in
3087 4348 3356 4418 praesenti
3411 4348 3666 4421 capitulo

2016 4437 2480 4495 conservandum
2510 4439 2617 4491 est.
2665 4436 2814 4490 Sunt
2865 4435 3023 4491 enim
3081 4437 3344 4508 quidam,
3376 4438 3477 4510 qui
3523 4439 3667 4508 dum

2016 4528 2220 4584 volunt
2250 4526 2534 4581 terminos
2567 4513 2800 4597 patrum
2834 4526 3106 4582 excedere
3129 4527 3311 4599 (Prov.
3368 4545 3504 4599 xxu,
3553 4529 3670 4602 28),

2016 4623 2072 4675 et
2102 4617 2174 4674 ad
2206 4615 2324 4672 alta
2359 4614 2629 4685 volitare,
2689 4614 2749 4669 in
2806 4615 2927 4670 ima
2979 4622 3362 4689 merguntur:
3414 4618 3676 4676 volatilia

2016 4709 2276 4764 dicentes
2309 4704 2438 4761 coeli
2471 4703 2711 4777 angelos
2735 4720 2886 4772 esse,
2919 4710 3274 4779 craterasque
3301 4707 3362 4764 in
3405 4708 3507 4764 Dei
3565 4708 3676 4764 mi-

211 4793 547 4860 amatoris,
580 4791 762 4849 libido
787 4810 800 4849 :
830 4794 968 4849 Huic
996 4795 1163 4848 servit
1191 4793 1571 4864 unusquisque
1598 4808 1636 4848 a
1665 4808 1770 4864 quo
1789 4795 1908 4848 vin-
1935 4819 1982 4884 Β
2016 4796 2257 4855 nisterio
2286 4793 2680 4860 fortitudines,
2705 4809 2832 4865 quae
2860 4794 3082 4866 absque
3103 4813 3245 4852 cura
3273 4797 3365 4853 sui
3396 4796 3494 4853 Dei
3513 4797 3677 4854 alan-

210 4888 375 4943 citur
409 4885 495 4957 (II
525 4885 676 4940 Petr.
713 4899 775 4950 Il,
818 4882 930 4952 19).

2018 4893 2115 4944 tur
2145 4884 2527 4960 providentia.
2561 4883 2621 4939 Si
2648 4882 2760 4939 hoc
2790 4881 2872 4938 ita
2895 4887 3004 4955 est,
3052 4889 3119 4941 ut
3163 4885 3412 4960 intelligi
3450 4887 3680 4958 volunt,

288 4976 495 5047 (Vers.
525 4974 617 5039 22,
642 4973 760 5044 23.)
791 4995 818 5023 «
854 4972 914 5027 Si
955 4970 1165 5030 oculus
1207 4975 1348 5028 tuus
1408 4971 1583 5027 fuerit
1640 4971 1907 5045 simplex,
2021 4976 2316 5050 quomodo
2347 4972 2616 5046 sequitur
2647 4971 2867 5028 dictum
2896 4974 2967 5030 ad
3000 4974 3309 5032 homines:
3359 4979 3551 5033 Nonne
3592 4992 3684 5032 vos

210 5070 420 5123 totum
456 5079 684 5135 corpus
713 5067 882 5119 tuum
911 5061 1175 5119 lucidum
1205 5061 1332 5117 erit.
1359 5061 1419 5117 Si
1451 5065 1649 5118 autem
1707 5061 1912 5119 oculus
2021 5070 2208 5140 magis
2237 5067 2258 5100 ⁴
2283 5065 2468 5136 pluris
2495 5064 2625 5118 estis
2655 5063 2770 5119 illis
2791 5066 2815 5115 ?
2834 5063 3193 5135 Simpliciter
3216 5082 3354 5138 ergo
3395 5067 3684 5138 accipien-

211 5161 366 5212 tuus
396 5153 593 5209 fuerit
615 5155 1089 5225 nequam,totum
1113 5167 1326 5223 corpus
1346 5155 1516 5206 tuum
1537 5151 1913 5208 tenebrosum
2025 5158 2166 5213 dum
2200 5181 2214 5223 ;
2247 5154 2402 5227 quod
2435 5153 2483 5209 si
2513 5151 2773 5209 volatilia
2799 5153 3023 5224 absque
3077 5171 3217 5210 cura
3269 5160 3326 5211 et
3383 5145 3684 5220 aerumnis,

206 5245 358 5304 erit.
397 5243 468 5300 Si
505 5257 648 5313 ergo
680 5241 879 5298 lumen
910 5241 1065 5314 quod
1099 5241 1156 5295 in
1189 5245 1245 5296 te
1302 5243 1412 5310 est,
1472 5239 1723 5296 tenebraz
1776 5241 1916 5312 sint,
2027 5247 2128 5304 Dei
2162 5246 2402 5302 aluntur
2428 5243 2814 5316 providentia,
2843 5260 2970 5315 qua:
3000 5245 3174 5301 hodie
3231 5250 3394 5310 sunt,
3447 5250 3505 5301 et
3556 5257 3687 5298 cras

209 5337 372 5408 ipsa:
416 5330 685 5388 tenebrae
716 5335 951 5402 quantae
981 5330 1190 5387 erunt!
1231 5352 1259 5379 »
1293 5329 1628 5402 Lippientes
1660 5330 1766 5401 [AL
1790 5329 1915 5386 add.
2029 5354 2144 5393 non
2177 5340 2350 5392 erunt
2379 5335 2431 5389 ‘2
2467 5337 2688 5404 quanto
2721 5333 2912 5405 magis
2943 5333 3215 5391 homines
3261 5335 3475 5406 quibus
3522 5335 3688 5388 teter-

211 5423 412 5495 oculi]
485 5418 684 5475 solent
741 5420 1014 5478 lucernas
1068 5419 1266 5476 videre
1326 5435 1714 5475 numerosas:
1777 5419 1918 5477 sim-
2032 5427 2186 5482 nitas
2210 5423 2592 5497 promittitur,
2619 5422 2716 5478 Dei
2747 5429 3034 5496 reguntur
3062 5423 3338 5480 arbitrio!

291 5553 308 5588 ¹
347 5548 545 5607 Unus
581 5543 896 5618 Palatinus,
926 5548 990 5605 Si
1019 5546 1117 5604 hoc
1145 5544 1284 5618 quod
1309 5545 1580 5616 scriptum
1609 5553 1704 5601 est.

304 5634 328 5666 ι
360 5623 526 5678 Tres
564 5617 815 5675 Palatini
835 5621 1086 5688 codices,
1121 5617 1236 5675 oleo
1266 5617 1673 5688 exsultationis.

184 5741 194 5746 _
302 5694 327 5726 ³
357 5689 737 5764 Amavimus
769 5691 906 5748 hinc
937 5687 1190 5764 negandi
1226 5687 1792 5764 particulam,quam
1824 5689 1928 5764 ha-

221 5771 452 5825 ctenus
485 5761 640 5820 editi
672 5761 1122 5829 interest-ebant,
1167 5761 1643 5834 repugnantibus
1677 5761 1926 5834 cunctis,

220 5840 483 5913 quibu_s_
501 5851 622 5913 nos
651 5836 897 5913 utimur,
931 5851 1074 5913 mss.
1122 5831 1618 5913 libris_,.'_alii.sque
1675 5831 1930 5913 duobus,

221 5903 383 5994 quos
418 5905 818 5970 Martianaus
849 5908 1152 5978 laudat.-—
1173 5905 1326 5968 Editi
1347 5903 1483 5965 libri
1504 5903 1730 5965 addunt
1749 5903 1930 5985 parti?

2035 5550 2226 5630 cuiam
2261 5559 2597 5630 negantem,
2629 5548 2793 5630 huius
2823 5565 2957 5630 cura
2984 5566 3103 5630 non
3117 5549 3336 5630 penitus
3355 5548 3690 5630 liberamur.

2035 5623 2178 5678 Mss.
2216 5619 2410 5694 autem
2443 5619 2676 5694 codices
2693 5621 2808 5694 duo
2840 5620 2996 5676 idem
3027 5619 3276 5675 retinent
3322 5619 3546 5694 absque
3596 5638 3694 5678 ne-

2037 5695 2292 5768 gatione.
2352 5691 2607 5764 Utraque
2632 5690 3356 5768 __l_ectio__non__repugnat
3403 5690 3468 5750 si'
3492 5709 3696 5752 curam

2039 5762 2369 5823 sumamus.
2418 5762 2528 5836 pro
2563 5762 2977 5819 sollicitudine.
3008 5762 3192 5836 MART.

2112 5840 2134 5912 ἒ
2174 5838 2388 5912 yoeem
2418 5834 2596 5907 magis
2625 5839 2747 5912 tres
2780 5834 3224 5912 ‘mss._.P_alatini
3259 5836 3553 5912 ignorant.

2113 5911 2135 5950 ⁸
2172 5909 2276 5970 Hie
2306 5903 2540 5984 quoque
2573 5905 2798 5963 addunt
2825 5903 2966 5963 editi
3011 5905 3145 5978 libri
3209 5903 3323 5967 ms.
3381 5907 3697 5984 quamplu-
