4182 6626
565 545 641 603 47
1811 540 1871 600 S.
1925 537 2228 602 EUSEBll
2273 536 2721 599 HIERONYMI

3894 543 3983 605 48

635 674 822 746 (Vers.
851 673 943 738 27,
982 671 1098 744 28.)
1130 695 1159 723 «
1189 671 1330 736 Quis
1384 675 1579 727 autem
1632 676 1890 728 vestrum
1948 672 2209 743 cogitans
2237 671 2291 737 Α
2327 675 2556 725 stucam
2587 671 2658 726 de
2680 669 2846 725 oculo
2876 673 3091 737 tuo,est
3112 685 3241 724 ecce
3262 670 3423 725 trabs
3443 675 3531 726 est
3550 670 3609 727 in
3631 671 3799 728 oculo
3822 678 3928 731 tuo
3954 673 3985 731 ἳ

560 766 757 835 potest
784 762 1036 835 adjicere
1065 761 1137 817 ad
1168 766 1457 817 staturam
1488 778 1657 817 suam
1688 761 1951 817 cubitum
1975 778 2159 816 unum
2180 761 2208 815 εἰ

558 852 629 907 Et
647 852 719 908 de
745 850 1113 909 vestimentis
1146 849 1287 922 quid
1320 850 1555 906 solliciti
1586 851 1728 906 estis
1757 854 1830 905 in
1863 851 2025 906 Sicut
2082 850 2205 905 ani-

556 956 715 997 mam
743 939 881 1013 plus
911 956 1041 997 esse
1070 954 1248 1012 quam
1279 939 1476 995 cibum
1513 940 1947 1012 comparatione
2012 940 2205 995 avium

553 1029 1001 1097 demonstravit,
1032 1028 1117 1085 sic
1145 1045 1357 1101 corpus
1388 1027 1521 1101 plus
1550 1045 1679 1085 esse
1726 1045 1903 1101 quam
1960 1033 2201 1096 vestem,

552 1135 620 1176 ex
648 1118 1145 1192 consequentibus
1175 1118 1350 1174 rebus
1378 1118 1656 1183 ostendit,
1684 1117 1918 1173 dicens:

624 1208 807 1280 (Vers.
837 1208 1046 1279 28-30.)
1074 1230 1103 1259 α
1138 1206 1509 1263 Considerate
1548 1205 1672 1261 lilia
1728 1205 1852 1278 agri
1909 1206 2201 1277 quomodo

553 1302 855 1355 crescunt:
888 1313 1003 1353 non
1034 1296 1301 1353 laborant
1345 1311 1534 1367 neque
1590 1300 1748 1350 nent.
1808 1294 1943 1350 Dico
2002 1301 2199 1351 autem

549 1386 717 1443 vobis
745 1386 1023 1459 quoniam
1052 1401 1156 1440 nec
1183 1384 1457 1439 Salomon
1516 1384 1575 1439 in
1634 1384 1793 1439 omni
1851 1382 2038 1455 gloria
2093 1401 2201 1438 sua

549 1479 857 1548 coopertus
888 1478 998 1545 est,
1030 1474 1182 1528 sicut
1211 1488 1395 1528 unum
1429 1487 1500 1527 ex
1531 1472 1681 1527 istis.
1716 1472 1770 1526 Si
1801 1472 1956 1526 enim
1998 1472 2198 1527 fenum

546 1565 671 1639 agri
701 1563 857 1636 quod
886 1562 1059 1620 hodie
1088 1565 1198 1631 est,
1231 1567 1287 1616 et
1317 1578 1447 1616 cras
1476 1561 1535 1616 in
1566 1561 1865 1616 clibanum
1924 1560 2196 1628 mittitur,

548 1658 699 1710 Deus
723 1652 808 1708 sic
834 1651 1050 1708 vestit:
1083 1653 1304 1723 quanto
1337 1650 1529 1722 magis
1557 1667 1657 1705 vos
1689 1650 1929 1705 modica:
1962 1649 2091 1705 tidei
2118 1649 2129 1703 l
2168 1672 2196 1699 ››

543 1742 616 1798 Et
643 1755 844 1797 revera
872 1738 1029 1810 quod
1068 1738 1341 1809 sericum,
1373 1755 1501 1810 qua:
1534 1755 1737 1811 regum
1770 1755 2047 1810 purpura,
2070 1756 2196 1811 qua

544 1829 775 1903 pictura
800 1828 1115 1884 textricum
1145 1832 1339 1899 potest
1369 1827 1613 1883 floribus
1641 1826 1966 1899 comparari
1994 1828 2021 1882 ?
2046 1828 2192 1892 Quid

543 1918 629 1975 ita
668 1917 839 1975 rubet
889 1921 956 1972 ut
1012 1916 1191 1973 rosa?
1247 1916 1395 1982 Quid
1451 1915 1535 1972 ita
1588 1918 1801 1973 candet.
1859 1921 1923 1971 ut
1953 1915 2195 1971 lilium?

545 2006 722 2064 Violaa
750 2022 885 2064 vero
917 2021 1264 2079 purpuram,
1294 2004 1454 2061 nullo
1486 2005 1750 2077 superari
1781 2004 2021 2073 murice,
2054 2022 2191 2061 ocu-

542 2096 736 2154 lorum
758 2095 948 2169 magis
981 2111 1160 2168 quam
1192 2094 1482 2151 sermonis
1504 2094 1799 2165 judicium
1831 2099 1938 2151 est.

614 2185 803 2255 (Vers.
844 2185 1056 2255 31-34.)
1089 2206 1116 2235 «
1146 2183 1335 2240 Nolite
1382 2183 1614 2240 solliciti
1646 2200 1773 2239 esse
1804 2186 1845 2251 ¹,
1877 2184 2139 2239 dicentes
2173 2201 2185 2239 :

540 2274 689 2339 Quid
721 2272 1234 2343 manducabimus,
1267 2276 1369 2329 aut
1399 2273 1539 2345 quid
1593 2272 1882 2339 bibemus,
1942 2278 2044 2328 aut
2073 2289 2188 2345 quo

539 2363 918 2438 operiemur?
959 2363 1088 2418 Haec
1130 2363 1287 2418 enim
1345 2361 1545 2417 omnia
1599 2367 1803 2433 gentes
1858 2362 2186 2434 inquirunt.

539 2453 664 2510 Scit
692 2452 849 2509 enim
879 2451 1047 2508 Pater
1072 2456 1283 2521 vester,
1309 2450 1448 2523 quia
1468 2451 1560 2507 his
1590 2451 1868 2507 omnibus
1888 2451 2185 2523 indigetis.

535 2542 785 2607 Quaerite
839 2557 976 2614 ergo
1032 2540 1289 2613 primum
1348 2556 1592 2613 regnum
1643 2540 1743 2596 Dei
1801 2544 1859 2596 et
1892 2541 2186 2612 justitiam

531 2633 681 2703 ejus,
714 2634 772 2687 et
804 2630 925 2686 haec
955 2629 1156 2686 omnia
1183 2629 1536 2702 adjiciantur
1564 2629 1750 2685 vobis.
1807 2629 1994 2686 Nolite
2048 2646 2185 2702 ergo

531 2718 767 2777 solliciti
792 2735 924 2776 esse
955 2718 1014 2773 in
1074 2718 1423 2775 crastinum.
1485 2719 1790 2775 Crastinus
1845 2720 2002 2774 enim
2061 2719 2185 2774 dies

528 2806 815 2865 sollicitus
845 2806 956 2875 erit
989 2806 1099 2863 sibi
1133 2807 1268 2878 ipsi.
1305 2829 1333 2857 »
1363 2807 1444 2863 De
1474 2808 1864 2879 praesentibus
1893 2824 2030 2880 ergo
2053 2824 2184 2863 con-

533 2897 710 2955 cessit
736 2898 947 2954 debere
993 2912 1123 2954 esse
1179 2895 1461 2953 sollicitos
1519 2897 1616 2968 qui
1675 2897 1874 2952 futura
1915 2896 2186 2970 prohibet

530 2986 804 3059 cogitare.
834 2985 999 3041 Unde
1028 2989 1087 3041 et
1112 2984 1458 3056 Apostolus:
1489 2986 1654 3042 Nocte
1692 2994 1743 3041 et
1798 2985 1906 3053 die,
1966 2986 2182 3057 inquit,

530 3074 793 3132 manibus
820 3075 1022 3131 nostri:
1050 3078 1353 3145 operantem,
1382 3090 1455 3129 ne
1499 3090 1657 3146 quem
1702 3078 1942 3130 vestrum
1988 3092 2185 3145 grava-

528 3181 715 3222 remus
742 3167 799 3234 (I
824 3164 995 3220 Thess.
1028 3180 1095 3231 ιι,
1124 3164 1202 3235 9).
1235 3163 1337 3219 88
1368 3162 1509 3219 Cras
1540 3164 1597 3218 in
1649 3164 1969 3236 Scripturis
2022 3166 2178 3220 futu-

531 3270 667 3311 rum
696 3259 929 3326 tempus
958 3251 1326 3324 intelligitur,
1351 3252 1578 3307 dicente
1596 3252 1798 3319 Jacob,
1824 3256 1898 3308 Et
1924 3256 2187 3311 exaudiet

529 3359 619 3399 me
643 3359 772 3399 cras
792 3343 1015 3414 iustitia
1041 3356 1168 3396 mea
1198 3340 1351 3413 (Gen.
1385 3357 1518 3407 xxx,
1539 3342 1650 3413 34).
1684 3342 1749 3397 Et
1784 3341 1842 3397 in
1892 3342 2183 3400 Samuelis

2321 759 2651 831 Hypocrita,
2681 759 2823 829 ejice
2854 759 3109 831 primum
3143 759 3365 814 trabem
3398 760 3468 815 de
3507 760 3672 817 oculo
3728 767 3855 830 tuo,
3914 766 3979 821 et

2318 853 2457 903 tunc
2486 850 2709 904 videbis
2739 849 2944 920 ejicere
2976 848 3260 903 festucam
3292 849 3362 904 de
3394 850 3560 905 oculo
3591 851 3787 908 fratris
3818 853 3967 910 tui.-

2317 941 2394 992 De
2427 938 2519 992 his
2550 938 2826 1009 loquitur,
2860 937 2958 1010 qui
2991 954 3123 992 cum
3155 937 3266 1009 ipsi
3300 939 3529 994 mortali
3570 940 3817 998 crimine
3876 947 3971 999 te-

2316 1032 2564 1081 neantur
2618 1028 2869 1097 obnoxii,
2927 1026 3156 1082 minora
3213 1034 3450 1099 peccata
3505 1029 3785 1086 fratribus
3845 1048 3969 1089 non

2314 1117 2675 1171 concedunt:
2708 1116 2950 1171 culicem
2976 1116 3289 1187 liquantcs,
3318 1122 3373 1171 et
3394 1117 3684 1173 camelum
3714 1120 3973 1191 glutien-

2312 1208 2398 1257 tes
2431 1204 2645 1275 (Matth.
2679 1222 2838 1275 xxm,
2869 1207 2983 1273 2i).
3027 1206 3199 1261 Recto
3258 1223 3394 1277 ergo
3451 1212 3509 1262 et
3564 1207 3661 1262 isti
3715 1208 3969 1266 simula-

2309 1292 2465 1347 tione
2489 1296 2755 1365 justitiae,
2785 1300 2846 1349 ut
2876 1311 3054 1366 supra
3082 1295 3357 1362 diximus,
3389 1295 3763 1368 appellantur
3784 1298 3970 1371 hypo-

2309 1381 2483 1449 crita),
2517 1383 2615 1454 qui
2648 1400 2750 1454 per
2769 1385 2995 1439 trabem
3025 1383 3174 1438 oculi
3207 1383 3297 1438 sui
3332 1385 3613 1441 festucam
3670 1388 3730 1442 in
3789 1389 3967 1444 oculo

2310 1473 2507 1528 fratris
2540 1474 2629 1528 sui
2662 1472 2971 1545 aspiciunt.

2379 1589 2564 1657 (Vers.
2595 1590 2675 1659 ὓ.)
2712 1611 2738 1637 ‹‹
2771 1588 2959 1644 Nolite
2990 1594 3257 1645 sanctum
3288 1591 3425 1646 dare
3451 1591 3715 1648 canibus.
3748 1616 3775 1641 ››
3808 1597 3966 1649 San-

2308 1683 2487 1748 ctum,
2524 1678 2691 1750 panis
2722 1685 2811 1733 est
2842 1678 3116 1734 filiorum.
3143 1680 3266 1734 Non
3290 1681 3573 1736 debemus
3603 1698 3738 1754 ergo
3754 1682 3967 1740 tollere

2308 1784 2515 1839 panem
2549 1768 2801 1822 filiorum
2830 1772 2885 1821 et
2915 1768 3052 1823 dare
3081 1784 3214 1823 eum
3248 1770 3513 1825 canibus.
3546 1792 3575 1820 «
3607 1771 3806 1843 Neque
3828 1772 3967 1828 mit-

2303 1857 2442 1911 tatis
2474 1856 2820 1928 margaritas
2851 1861 3076 1911 vestras
3108 1862 3243 1913 ante
3275 1876 3500 1930 porcos,
3534 1874 3606 1914 ne
3642 1859 3786 1915 forte
3816 1877 3961 1916 con-

2303 1944 2533 2005 dulcent
2564 1961 2661 2001 eas
2693 1946 2941 2017 pedibus
2973 1946 3119 2014 suis,
3151 1953 3208 2002 et
3255 1948 3519 2004 conversi
3576 1948 3962 2021 disrumpaut

2222 2044 2267 2107 Β
2300 2050 2420 2088 vos.
2462 2057 2481 2081 ι
2513 2034 2727 2089 Porcus
2748 2051 2858 2088 non
2885 2034 3091 2107 recipit
3108 2041 3402 2107 ornatum,
3435 2037 3535 2109 qui
3568 2043 3834 2093 versatur
3891 2039 3957 2094 in

2299 2121 2619 2178 volutabris
2648 2121 2777 2177 luti.
2809 2124 2874 2177 Et
2898 2125 3066 2194 juxta
3113 2125 3414 2181 Proverbia
3472 2124 3833 2183 Salomonis:
3891 2128 3959 2183 Si

2299 2210 2550 2266 habuerit
2575 2211 2843 2266 circulum
2884 2229 3132 2280 aureum,
3180 2214 3376 2283 [θ’άίον
3424 2216 3705 2270 invenitur
3762 2218 3954 2287 (Prov.

2298 2316 2376 2367 χι,
2408 2300 2519 2371 22).
2553 2302 2797 2367 Quidam
2831 2317 3005 2357 canes
3037 2318 3134 2356 eos
3166 2303 3266 2357 39
3298 2301 3546 2375 intelligi
3570 2303 3793 2377 volunt,
3843 2306 3956 2378 qui

2299 2395 2430 2460 post
2461 2390 2634 2444 tidem
2664 2390 2880 2445 Christi
2913 2396 3285 2447 revertuntur
3313 2393 3385 2448 ad
3424 2394 3707 2449 vomitum
3740 2410 3958 2466 pecca-

2296 2482 2491 2533 torum
2541 2494 2815 2533 suorum:
2879 2496 3085 2551 porcos
3136 2486 3334 2536 autem
3390 2498 3488 2537 eos
3538 2483 3640 2554 qui
3694 2484 3955 2540 necdum

2298 2566 2605 2639 Evangelio
2636 2568 3026 2636 crediderunt,
3056 2575 3111 2624 et
3143 2569 3200 2623 in
3232 2569 3353 2625 luto
3384 2570 3815 2628 incredulitatis
3862 2571 3958 2628 vi-

2297 2654 2511 2727 tiisque
2538 2661 2864 2713 versantur.
2897 2657 3022 2712 Non
3063 2660 3331 2713 convenit
3388 2658 3568 2731 igitur
3611 2659 3958 2718 istiusmodi

2294 2743 2636 2800 hominibus
2667 2745 2781 2801 cito
2811 2746 3209 2817 evangelicum
3241 2748 3474 2804 credere
3532 2750 3952 2822 margaritum,

2294 2849 2366 2888 ne
2398 2833 2739 2890 conculcent
2768 2833 2935 2903 illud,
2961 2840 3017 2891 et
3047 2836 3311 2892 conversi
3341 2854 3449 2893 nos
3478 2837 3765 2911 incipiant
3821 2839 3953 2897 dis-

2293 2938 2339 2977 ει
2347 2939 2505 2993 pare.

2364 3037 2549 3107 (Vers.
2581 3041 2762 3110 7-10.)
2795 3062 2821 3090 «
2852 3040 3053 3109 Petite,
3086 3048 3143 3098 et
3172 3043 3407 3099 dabitur
3435 3044 3637 3106 vobis:
3679 3046 3948 3117 quaerite,

2293 3131 2349 3182 et
2380 3128 2685 3184 invenietis
2722 3147 2734 3185 :
2786 3129 3036 3201 pulsate,
3067 3136 3123 3187 et
3153 3134 3447 3204 aperietur
3495 3134 3678 3190 vobis.
3736 3134 3952 3193 Omnis

2292 3215 2447 3271 enim
2483 3217 2581 3289 qui
2613 3219 2775 3290 petit,
2809 3220 3052 3292 accipit;
3086 3225 3143 3276 et
3172 3222 3269 3292 qui
3302 3223 3529 3294 quaerit,
3564 3223 3818 3279 invenit:
3882 3229 3951 3282 et

2293 3304 2546 3375 pulsanti
2577 3308 2888 3379 aperietur.
2919 3312 3034 3365 Aut
3076 3311 3209 3381 quis
3258 3316 3346 3366 est
3392 3329 3459 3367 ex
3515 3312 3678 3368 vobis
3735 3312 3944 3384 homo,

527 3395 2180 3506 garamantas...squama.saetis;
2208 3414 2249 3481 ρ
2290 3395 2983 3506 gygmjgggsaeriinnljpg
3012 3415 3159 3506 anu;
3189 3402 3728 3506 panemugquid
3786 3401 3951 3506 ιαρίτ

525 3524 637 3579 eri:
662 3537 876 3579 mecum
905 3522 955 3590 (Ι
980 3522 1107 3592 Reg.
1140 3537 1339 3591 xxvm,
1376 3520 1483 3592 19).
1518 3544 1547 3572 ‹‹
1581 3520 1811 3577 Sufficit
1840 3521 1955 3577 diei
2002 3522 2173 3577 mali-

523 3612 607 3668 tia
634 3628 823 3669 sua.»
879 3609 984 3665 Hic
1037 3609 1333 3679 malitiam,
1391 3626 1507 3665 non
1564 3610 1913 3666 contrariam
1973 3612 2173 3667 virtuti

523 3699 742 3772 posuit,
774 3698 876 3754 sed
907 3697 1152 3753 laborem
1186 3707 1237 3769 et
1265 3699 1649 3767 afﬂictionem,
1680 3707 1731 3753 et
1757 3702 2043 3769 angustias
2074 3717 2174 3755 sae-

525 3786 643 3843 culi
668 3803 682 3842 :
715 3785 1009 3859 quomodo
1031 3788 1088 3840 et
1101 3789 1241 3840 Sara
1261 3784 1471 3840 afﬂixit
1487 3788 1642 3857 Agar
1670 3785 1942 3841 ancillam
2003 3804 2171 3843 suam

525 3875 678 3947 (Gen.
710 3891 827 3941 xw,
855 3875 934 3943 6),
968 3872 1123 3946 quod
1146 3872 1545 3945 significanter
1572 3878 1765 3929 Graece
1794 3874 2008 3930 dicitur
2054 3874 2171 3928 ἰκὰ-

525 3982 694 4019 κωσεν
728 3960 915 4027 αὖτήν.
950 3961 1179 4019 Sufﬁcit
1196 3977 1333 4035 ergo
1364 3962 1535 4019 nobis
1590 3964 1892 4033 praesentis
1947 3968 2170 4036 tempo-

527 4055 611 4112 ris
638 4052 948 4127 cogitatio:
985 4051 1314 4107 futurorum
1348 4068 1571 4120 curam,
1626 4068 1751 4125 quae
1782 4052 2005 4109 incerta
2059 4058 2169 4121 est,

524 4142 951 4217 relinquamus.

596 4236 751 4306 (Cap.
787 4230 906 4288 VII.
938 4260 1008 4272 --
1038 4234 1200 4288 Vere.
1236 4233 1286 4298 1,
1334 4232 1414 4302 2.)
1454 4253 1476 4281 ι
1534 4229 1720 4285 Nolite
1768 4230 2054 4301 judicare,
2109 4232 2173 4284 ut

521 4340 640 4380 non
670 4320 1033 4394 iudicemini.
1066 4320 1131 4375 In
1162 4336 1277 4392 guo
1300 4320 1454 4375 enim
1474 4318 1699 4390 judicio
1746 4318 2171 4389 judicaveritis,

513 4410 926 4482 judicabimini
957 4428 971 4469 :
1003 4413 1062 4466 et
1090 4408 1150 4464 in
1182 4424 1299 4480 qua
1337 4424 1616 4463 mensura
1671 4407 1859 4463 mensi
1917 4407 2167 4476 fueritis,

520 4498 860 4555 remetiatur
886 4497 1070 4553 vobis.
1105 4519 1134 4547 »
1157 4498 1218 4554 Si
1239 4496 1506 4568 judicare
1537 4495 1825 4569 prohibet,
1868 4513 1986 4568 qua
2032 4512 2168 4552 con-

520 4587 827 4660 sequentia
853 4586 1073 4643 Paulus
1101 4587 1161 4641 in
1183 4585 1456 4657 Corintho
1496 4586 1725 4658 judicat
1781 4586 2166 4642 fornicantem

519 4677 574 4749 (Ι
599 4676 718 4732 Cor.
750 4693 805 4743 v,
838 4681 891 4744 3,
926 4676 1001 4745 4),
1035 4678 1092 4731 et
1118 4678 1327 4731 Petrus
1356 4675 1645 4730 Ananiam
1703 4679 1759 4729 et
1817 4674 2165 4747 Sapphiram

2288 3483 2417 3539 dem
2452 3485 2706 3558 porriget
2736 3485 2835 3542 ei?
2863 3492 2982 3543 Aut
3005 3488 3053 3543 si
3086 3489 3303 3561 piscem
3353 3490 3604 3562 petierit,
3662 3492 3943 3563 nunquid

2281 3580 2607 3645 serpentem
2642 3576 2895 3649 porriget
2916 3577 2967 3632 ei
2988 3578 3016 3633 Ὺ
3048 3600 3076 3626 ››
3111 3580 3217 3644 Qui
3249 3578 3503 3634 carnalia
3530 3597 3711 3651 supra
3739 3584 3945 3637 vetue-

2282 3668 2371 3717 rat
2402 3664 2707 3733 postulari,
2741 3666 2878 3734 quid
2911 3682 3172 3735 quaerere
3196 3667 3516 3720 debeamus
3544 3669 3829 3725 ostendit.
3874 3669 3942 3725 Si

2282 3751 2497 3820 petenti
2558 3752 2752 3815 datur,
2814 3759 2873 3807 et
2932 3769 3198 3823 quaerens
3254 3753 3496 3816 invenit,
3554 3758 3611 3808 et
3668 3755 3937 3827 pulsanti

2283 3838 2580 3908 aperitur:
2614 3856 2749 3910 ergo
2781 3839 2874 3894 cui
2906 3857 3019 3895 non
3053 3841 3244 3911 datur,
3277 3846 3335 3896 et
3391 3842 3491 3913 qui
3543 3860 3657 3899 non
3691 3847 3940 3916 invenit,

2284 3931 2341 3980 et
2366 3926 2457 3981 cui
2492 3944 2605 3982 non
2638 3928 2921 3999 aperitur,
2953 3934 3195 4001 apparet
3224 3931 3377 4001 quod
3410 3948 3525 3987 non
3556 3933 3702 3989 bene
3759 3938 3947 4007 petie-

2283 4014 2376 4082 rit,
2411 4017 2707 4086 quaesierit
2748 4023 2805 4072 et
2852 4017 3186 4089 pulsaverit.
3249 4020 3553 4078 Pulsemus
3609 4022 3805 4096 itaque
3843 4027 3946 4097 ja-

2283 4119 2461 4159 nuam
2493 4104 2726 4173 Christi,
2761 4107 2832 4161 de
2863 4124 2980 4178 qua
3008 4107 3228 4163 dictum
3256 4114 3381 4166 est:
3422 4114 3558 4166 Haec
3610 4121 3769 4183 porta
3821 4114 3939 4172 Do-

2280 4194 2443 4258 mini,
2476 4194 2615 4260 iusti
2644 4196 2929 4251 intrabunt
2954 4214 3053 4269 per
3080 4214 3200 4254 eam
3230 4200 3379 4269 (Psal
3438 4216 3609 4269 cxvu,
3666 4202 3796 4274 20);
3864 4210 3940 4261 ut

2280 4295 2414 4335 cum
2448 4280 2883 4351 intraverimus,
2916 4286 3254 4356 aperiantur
3282 4287 3452 4343 nobis
3474 4288 3736 4344 thesauri
3789 4291 3936 4349 abs-

2279 4369 2499 4424 conditi
2530 4375 2587 4425 et
2617 4372 2905 4428 tenebrosi
2937 4375 2995 4429 in
3050 4375 3278 4431 Christo
3331 4376 3494 4448 Jesu,
3548 4377 3607 4432 in
3665 4394 3779 4449 quo
3837 4385 3938 4439 est

2281 4458 2475 4513 omnis
2507 4459 2750 4516 scientia
2782 4461 3027 4533 (601055..
3060 4480 3125 4531 ιι,
3156 4465 3229 4535 3).

2347 4582 2527 4653 (Vers.
2586 4585 2672 4653 ll;
2734 4586 2847 4655 l2.)
2903 4610 2931 4637 ‹‹
2989 4587 3044 4642 Si
3102 4604 3237 4661 ergo
3277 4605 3378 4644 vos
3410 4606 3542 4646 cum
3574 4590 3704 4648 sitis
3761 4594 3933 4670 mali,

2273 4672 2459 4728 nostis
2489 4673 2642 4729 bona
2671 4676 2807 4731 dare
2860 4675 2998 4732 tiliis
3025 4677 3253 4745 vestris,
3286 4682 3507 4749 quanto
3538 4679 3723 4750 magis
3757 4681 3935 4741 Pater

518 4765 809 4822 mendacii
841 4763 1105 4836 coarguit
1133 4764 1271 4836 (Act.
1296 4779 1371 4830 VI,
1412 4765 1561 4833 1-10)
1583 4763 1611 4818 ‘I
1663 4764 1773 4819 Sed
1831 4780 1900 4820 ex
1955 4780 2162 4821 conse-
2195 4786 2240 4850 D
2271 4767 2460 4850 vester
2489 4764 2589 4835 qui
2620 4764 2678 4819 in
2710 4764 2869 4821 caelis
2894 4770 3001 4833 est,
3036 4767 3196 4822 dabit
3229 4768 3382 4822 bona
3429 4768 3763 4839 petentibus
3816 4774 3927 4831 sel

515 4854 834 4926 quentibus
865 4853 1003 4926 quid
1036 4853 1419 4925 prohibuerit,
1451 4853 1725 4923 ostendit,
1759 4853 1992 4909 dicens:
2019 4869 2163 4925 quo-

515 4942 690 4999 modo
720 4942 878 4998 enim
900 4940 1328 5012 judicaveritis,
1362 4940 1446 4997 sic
1467 4940 1838 5012 judicabitur
1860 4942 1931 4997 de
1975 4943 2158 4999 vobis.

512 5031 718 5104 Itaque
745 5031 767 5066 ²
796 5046 912 5087 non
942 5030 1244 5104 prohibuit
1263 5029 1552 5100 judicare,
1586 5029 1686 5084 sed
1719 5030 1936 5086 docuit.

583 5119 771 5190 (Vers.
804 5121 954 5189 3-5.9
983 5141 1011 5169 «
1034 5119 1181 5184 Quid
1204 5118 1398 5175 autem
1421 5118 1583 5174 vides
1604 5118 1887 5174 festucam
1909 5119 1966 5174 in
1992 5118 2158 5176 oculo

509 5208 708 5266 fratris
737 5208 846 5280 tui,
876 5213 933 5263 et
960 5209 1187 5263 trabem
1217 5206 1277 5262 in
1310 5208 1477 5263 oculo
1505 5211 1606 5263 tuo
1664 5225 1776 5263 non
1805 5209 1967 5264 vides
1991 5209 2018 5263 ?
2046 5211 2160 5265 Aut

507 5297 803 5371 quomodo
833 5296 982 5353 dicis
1010 5296 1178 5352 fratri
1208 5299 1308 5352 tuo
1335 5313 1348 5351 :
1386 5297 1605 5363 Frater,
1638 5297 1763 5352 sine
1792 5298 2024 5368 ejiciam
2074 5299 2155 5355 fe-

508 5456 623 5509 res,
656 5456 889 5512 quorum
919 5439 1111 5495 anima
1136 5438 1594 5512 τηυνιαιίδίεεινει
1632 5455 1758 5512 eum
1810 5456 1922 5496 esse
1974 5456 2153 5495 cessa-

506 5511 708 5579 verint,
738 5527 951 5579 semper
973 5525 1087 5565 non
1144 5514 1321 5566 erunt.
1382 5511 1542 5575 Quod
1602 5511 1868 5566 additum
1926 5512 2156 5566 videtur

507 5582 800 5654 contextui
831 5581 1302 5654 Hieronymiano,
1354 5583 1452 5652 qui
1512 5583 1637 5637 sine
1694 5582 1810 5654 hac
1860 5584 2155 5637 sententia

424 5672 427 5675 ·
508 5652 938 5725 ρετΐθοΐυεβει.
974 5652 1242 5709 Codicem
1274 5654 1472 5725 itaque
1516 5653 1907 5724 manuscripti
1966 5654 2153 5709 nostri

506 5723 850 5796 monasterii
870 5725 951 5796 ide
981 5726 1036 5780 S.
1072 5726 1239 5780 Petro
1270 5723 1449 5796 super
1468 5725 1669 5780 Divam
1702 5723 1887 5781 secuti
1920 5741 2150 5780 sumus.

504 5800 685 5851 MART.
720 5826 787 5869 ς-ττ
818 5795 1139 5869 Glossema,
1168 5797 1320 5869 quod
1351 5795 1409 5852 et
1437 5796 1668 5869 Vulgati
1725 5800 1859 5851 ante
1916 5796 2150 5869 Martia~

503 5883 696 5930 neeum
722 5865 854 5930 libri
885 5865 1287 5946 praeferebant,
1318 5865 1635 5944 ejusmodi,
1673 5883 1907 5943 quorum
1961 5868 2154 5926 anima

2273 4849 2480 4907 Omnia
2509 4869 2644 4925 ergo
2677 4870 3039 4927 quaecunque
3062 4856 3243 4913 vultis
3266 4860 3330 4911 ut
3353 4856 3565 4912 faciant
3593 4859 3760 4915 vobis
3811 4858 3934 4917 ho-

2271 4938 2480 5010 mines,
2538 4947 2594 4996 et
2648 4958 2749 4998 vos
2808 4944 2978 4999 facite
3036 4944 3175 4999 illis.
3239 4946 3365 4999 llaec
3395 4950 3484 5000 est
3520 4946 3677 5002 enim
3725 4947 3934 5009 Laxet

2270 5028 2586 5101 PrOphetae.
2622 5054 2651 5080 »
2683 5032 3015 5088 Notandum
3049 5033 3204 5105 quod
3237 5034 3532 5106 apostolos
3554 5034 3741 5093 malos
3766 5037 3933 5096 dixe-

2268 5118 2361 5186 rit,
2396 5120 2509 5175 nisi
2543 5121 2689 5177 torte
2720 5122 2831 5177 sub
2859 5122 3259 5194 apostolorum
3292 5140 3543 5195 persona
3581 5142 3753 5182 omne
3814 5127 3929 5184 ho-

2267 5209 2493 5263 minum
2528 5210 2843 5265 damnetur
2874 5228 3081 5283 genus,
3115 5213 3285 5282 cujus
3316 5214 3386 5268 ad
3421 5215 3930 5286 comparationem

2265 5297 2470 5352 divina:
2501 5297 2821 5354 elementis:
2850 5300 2923 5355 ab
2954 5300 3203 5356 infantia
3240 5318 3339 5356 cor
3368 5303 3442 5357 ad
3478 5303 3703 5360 malum
3759 5305 3932 5377 posi-

2263 5441 2519 5517 mortah‘s
2548 5449 2643 5511 est,
2694 5446 2746 5496 et
2787 5458 2910 5517 cum
2969 5458 3084 5517 esse
3138 5445 3492 5517 cessaverint,
3516 5461 3762 5517 gsemper
3804 5461 3930 5503 non

2262 5516 2445 5587 erunt.
2480 5513 2658 5587 duoe
2688 5513 2925 5587 nostris,
2958 5514 3360 5587 Cistercieusis
3405 5520 3462 5571 et
3513 5513 3693 5584 Palat,
3745 5533 3927 5587 11183.,

2266 5582 2577 5655 pluresque
2606 5583 2935 5638 Martianaeo
2960 5584 3225 5655 inspecti,
3251 5586 3346 5641 hic
3372 5587 3643 5643 retinent.

2336 5655 2350 5686 ¹
2389 5652 2757 5730 ln_Palatinis
2790 5671 2957 5722 mss.,
2987 5652 3209 5711 solliciti
3239 5673 3355 5713 esse
3401 5659 3464 5714 de
3509 5661 3775 5730 crastino,
3832 5676 3926 5717 re-

2262 5723 2425 5797 liquo
2458 5724 2769 5794 Scripturis
2800 5731 2952 5780 textu
2991 5730 3398 5797 praetermisso.

2333 5795 2354 5827 ²
2385 5795 2489 5871 Pro
2520 5796 2701 5871 itaque
2732 5795 3005 5871 adverbio
3047 5801 3201 5871 quod
3249 5818 3392 5860 mss.
3447 5801 3632 5860 nostri
3688 5803 3920 5863 substi~

2260 5868 2455 5939 tuuut,
2488 5870 2659 5928 antea
2685 5867 2987 5944 legebatur
3014 5867 3132 5931 llic.
