4182 6574
453 454 526 517 Μ
1123 499 1132 510 .
1694 449 1762 510 S.
1805 442 2120 511 EUSEBII
2162 443 2612 508 HIERONYMI
3793 438 3880 505 52
3903 467 3906 470 ·

462 589 581 646 Non
598 587 727 645 novi
753 602 871 644 nos.
905 586 1025 643 Fon
1056 583 1217 643 novit
1248 583 1528 641 Dominus
1559 599 1658 639 eos
1690 581 1788 653 qui
1841 583 2103 651 pereunt.
2138 581 2192 646 Α
2225 583 2596 634 commutans
2637 577 2989 651 praedicabat
3016 575 3075 632 in
3107 573 3380 649 populos.
3422 577 3489 630 ut
3517 589 3698 647 supra
3727 556 3874 646 quo-

462 679 721 736 Observa
750 682 946 734 autem
977 691 1157 748 quare
1188 673 1832 742 addideritzNunquam
1854 672 2108 735 novivos,
2225 684 2338 738 que
2396 667 2646 739 legimus
2691 686 2702 724 :
2766 671 2980 723 Dictum
3037 672 3113 722 est
3158 668 3404 738 antiquis
3444 681 3457 722 :
3535 667 3640 736 Ego
3688 670 3876 720 autem

464 770 514 828 si
539 771 711 842 juxta
733 769 1021 839 quosdam
1053 781 1259 822 omnes
1313 764 1579 818 homines
1619 762 1770 816 inter
1799 758 2113 815 rationabi-
2227 756 2346 811 diro
2371 760 2520 812 vobis
2541 759 2767 828 (Matth.
2791 775 2846 824 v,
2872 760 2963 822 21,
2994 758 3106 826 2‘3).

465 858 553 916 les
585 874 814 930 semper
843 855 1054 911 versati
1078 860 1218 911 sunt
1249 857 1572 910 creaturas.
2301 847 2459 917 (Cap.
2496 847 2643 901 Vill.
2689 879 2753 888 —
2785 847 2941 901 Vere.
2982 848 3031 915 1,
3055 846 3131 916 2.)
3169 867 3189 894 ι
3220 846 3363 900 Cum
3405 848 3601 899 autem
3633 845 3878 900 descen-

542 949 730 1020 (Vers.
759 946 978 1014 23-24.)
1011 967 1040 995 ‹‹
1099 943 1392 1000 Discedite
1437 959 1471 996 a
1519 955 1612 996 me
1662 939 1762 1010 qui
1793 935 2117 1009 operamini
2230 934 2414 989 disset
2442 935 2616 990 Jesus
2669 937 2740 991 de
2800 941 3018 1004 monte,
3073 939 3282 990 secutae
3343 939 3479 989 sunt
3525 950 3659 988 eum
3691 934 3878 990 turbae

471 1037 870 1109 iniquitatem.
904 1034 1108 1090 Omnis
1140 1048 1277 1104 ergo
1307 1031 1408 1103 qui
1439 1029 1602 1084 audit
1628 1029 1804 1084 verba
1824 1043 1956 1081 mea
1975 1026 2113 1091 hmo,
2227 1024 2446 1091 multas,
2481 1029 2539 1080 et
2595 1042 2725 1080 ecce
2781 1023 3049 1096 leprosus
3097 1023 3336 1078 veniens
3398 1022 3680 1077 adorabat
3709 1039 3873 1090 eum,

473 1132 530 1184 et
559 1126 696 1182 facit
724 1141 810 1194 ea,
831 1122 1255 1180 assimilabitur
1282 1121 1405 1176 viro
1438 1119 1708 1190 sapienti,
1741 1117 1839 1187 qui
1873 1115 2120 1170 aedifica.
2225 1112 2446 1168 dicens.
2477 1136 2504 1161 ››
2570 1115 2648 1169 De
2716 1120 2913 1170 monte
2979 1113 3228 1168 Domino
3303 1112 3710 1182 descendente,
3780 1128 3882 1168 oc-

471 1217 557 1272 vit
584 1217 825 1272 domum
857 1230 1026 1270 suam
1062 1228 1241 1284 supra
1287 1215 1535 1283 petram.
1577 1227 1602 1259 (ι
1643 1207 1765 1261 Non
1815 1204 1981 1269 dixit,
2016 1204 2120 1271 Qui
2225 1207 2467 1257 currunt
2516 1205 2722 1268 turba,
2774 1203 2914 1276 quia
2970 1204 3042 1259 ad
3105 1201 3312 1257 altiora
3385 1201 3698 1256 ascendere
3757 1218 3881 1258 non

474 1308 693 1379 Operati
719 1306 847 1360 estis
876 1302 1249 1373 iniquitatem,
1284 1315 1355 1353 ne
1377 1298 1671 1352 videretur
1696 1293 1898 1349 tollere
1930 1291 2118 1364 pmni-
2224 1289 2554 1346 valuerunt.
2587 1297 2654 1348 Et
2709 1292 2936 1364 primus
2990 1293 3040 1347 ei
3102 1291 3357 1346 occurrit
3407 1289 3694 1362 leprosus.
3728 1291 3884 1347 Nec-

473 1395 740 1463 tentiam,
775 1393 873 1448 sed
915 1393 1012 1462 qui
1039 1389 1380 1460 operamini,
1417 1386 1525 1440 hoc
1557 1389 1664 1452 est,
1698 1384 1798 1454 qui
1842 1397 2028 1454 usque
2060 1381 2118 1436 in
2227 1381 2372 1436 dum
2431 1383 2587 1436 enim
2644 1387 2872 1453 poterat
2932 1397 3066 1435 cum
3109 1379 3270 1451 lepra
3315 1384 3434 1434 tam
3494 1379 3884 1451 multiplicem

474 1487 816 1557 praesentem
847 1481 1072 1546 horam,
1118 1494 1253 1534 cum
1289 1475 1498 1547 judicii
1533 1478 1768 1543 tempus
1799 1470 2118 1536 advenerit,
2228 1469 2285 1524 in
2309 1475 2502 1526 monte
2519 1471 2833 1526 Salvatoris
2851 1471 3053 1527 audire
3076 1485 3426 1525 sermonem.
3456 1473 3523 1524 Et
3555 1471 3884 1525 notandum

472 1573 607 1628 licet
656 1588 770 1628 non
821 1569 1087 1625 habeatis
1150 1566 1487 1622 facultatem
1561 1562 1858 1635 peccandi,
1926 1565 2120 1615 tamen
2231 1561 2384 1630 quod
2414 1560 2507 1614 hic
2539 1562 2766 1632 primus
2793 1560 3123 1632 specialiter
3153 1562 3392 1614 curatus
3447 1558 3561 1613 sit:
3597 1559 3882 1626 secundo,

474 1662 666 1719 adhuc
696 1658 928 1716 habetis
960 1659 1253 1714 affectum.
2231 1665 2376 1719 puer
2446 1650 2852 1705 Ccnturionis:
2909 1650 3077 1705 tertio
3122 1665 3330 1702 socrus
3388 1647 3559 1714 Petri,
3625 1648 3890 1704 febriens

547 1754 738 1820 (Vere.
786 1749 876 1803 25.
934 1768 962 1800 α
1013 1748 1084 1802 Et
1125 1743 1427 1800 descendit
1469 1742 1686 1814 pluvia,
1741 1745 1796 1796 et
1843 1741 2123 1794 venerunt
2231 1740 2336 1810 [AL
2373 1739 2734 1810 febricitans]
2767 1741 2824 1794 in
2859 1739 3268 1811 Capharnaum
3299 1755 3310 1792 :
3343 1741 3549 1808 quarto
3595 1737 3746 1804 loco,
3778 1738 3887 1811 qui

479 1839 745 1908 ﬂumina,
778 1845 832 1892 et
853 1836 1138 1891 ﬂeverunt
1163 1834 1316 1888 venti
1347 1851 1359 1888 :
1386 1837 1442 1887 et
1474 1832 1772 1886 irruerunt
1798 1829 1855 1883 in
1881 1830 2120 1883 domum
2231 1828 2411 1884 oblati
2433 1834 2573 1884 sunt
2602 1829 2652 1884 ei
2687 1847 2719 1884 a
2749 1829 3036 1883 daemonio
3067 1828 3272 1892 vexati,
3337 1843 3588 1898 quorum
3639 1827 3892 1898 spiritus

477 1929 664 1995 illam,
699 1933 757 1983 et
805 1943 921 1981 non
968 1924 1258 1980 cecidit.»
1313 1921 1514 1976 Pluvia
1564 1920 1676 1975 ista
1725 1936 1850 1990 quae
1881 1920 2120 1973 domum
2156 1919 2406 2029 Bverbo
2456 1918 2742 1988 ejiciebat,
2795 1919 3030 1989 quando
3115 1931 3320 1970 omnes
3377 1915 3529 1970 male
3603 1915 3892 1972 habentes

555 2018 569 2029 ι
699 2021 708 2029 .
890 2014 970 2029 οισι
1143 2012 1179 2029 ι·
1226 2013 1237 2029 I
1301 2011 1314 2029 1
1454 2027 1465 2029 -
1497 2015 1524 2029 ,1
1598 2007 1858 2029 nl___.-:__
1927 2023 2124 2029 -M_--
2241 2008 2457 2029 -_____-.'a
2521 2009 2576 2029 π.
2616 2024 2720 2029 ----
2756 2008 2994 2029 Ι-..-------
3043 2008 3269 2029 -.-μ.·-..-
3329 2004 3588 2029 -J-_-L_A
3633 2021 3748 2029 --.μ
3814 2005 3870 2029 J:

479 2018 813 2075 subvertere
844 2014 1072 2080 nititur,
1125 2011 1394 2067 diabolus
1444 2015 1552 2065 est.
1598 2007 1886 2073 Flumina,
1921 2023 2126 2062 omnes
2158 2004 2203 2029 ”
2237 2008 2479 2062 curavit.
2513 2009 2576 2062 Et
2605 2024 2721 2063 ecce
2751 2008 2994 2075 leprosur
3042 2008 3269 2060 veniens
3323 2004 3588 2060 adorabat
3625 2021 3771 2073 eum,
3807 2005 3898 2061 di-

479 2105 892 2170 Antichristi‘,
923 2103 1022 2176 qui
1068 2107 1272 2158 contra
1315 2100 1609 2156 Christum
1657 2098 1913 2168 sapiunt.
1956 2095 2127 2151 Venti
2237 2113 2374 2152 cens.
2415 2097 2589 2152 Recte
2637 2102 2769 2168 post
2826 2094 3294 2167 praedicationem
3337 2099 3510 2165 atque
3559 2095 3894 2150 doctrinam

485 2194 820 2270 spiritualia
850 2195 954 2265 [AL
1016 2190 1330 2264 spiritales]
1380 2189 1649 2261 nequitiae
1706 2188 1762 2243 in
1793 2186 2127 2242 cmlestibus
2238 2185 2391 2258 signi
2426 2187 2664 2240 offertur
2695 2184 2957 2241 occasio:
3013 2189 3076 2239 ut
3126 2199 3228 2254 per
3274 2182 3549 2238 virtutem
3600 2183 3896 2240 miracula

481 2285 695 2359 (Ephes.
729 2284 828 2348 vr).
2238 2276 2346 2346 [AL
2376 2275 2651 2330 virtutem
2685 2273 2994 2344 miraculi],
3038 2272 3368 2345 praeteritus
3399 2273 3553 2345 apud
3579 2273 3897 2330 audientes

551 2375 737 2446 (Vere.
767 2374 882 2442 26.)
915 2395 944 2421 ‹‹
980 2371 1244 2426 Fundata
1274 2367 1429 2424 enim
1478 2371 1602 2423 erat
1655 2382 1832 2437 supra
1879 2369 2125 2436 petram.
2240 2381 2430 2420 sermo
2464 2365 2750 2418 firmetur.
2778 2385 2806 2414 «
2832 2362 3097 2430 Domine,
3129 2361 3177 2415 si
3210 2359 3314 2426 vis,
3370 2367 3532 2432 potes
3584 2379 3676 2418 me
3710 2380 3886 2419 mun-

479 2465 555 2521 Et
580 2462 772 2520 omnis
803 2461 904 2533 qui
935 2460 1102 2516 audit
1130 2458 1304 2515 verba
1352 2474 1480 2513 mea
1527 2457 1667 2525 haec,
1729 2459 1784 2509 et
1831 2472 1946 2509 non
1993 2454 2129 2508 facit
2241 2453 2938 2516 dare.»Quivoluntatcm
2964 2450 3227 2522 rogat,de
3244 2448 3455 2505 virtute
3483 2468 3598 2506 non
3629 2451 3886 2507 dubitat.

480 2570 568 2622 ea,
605 2551 819 2609 similis
854 2551 964 2606 erit
1011 2550 1134 2605 viro
1183 2548 1384 2603 stulto.
1418 2567 1444 2597 ι)
1484 2548 1672 2618 Super
1721 2544 1873 2599 hanc
1906 2551 2128 2614 petram
2311 2543 2498 2611 (Vere.
2529 2541 2608 2610 3.)
2641 2565 2667 2590 ‹‹
2701 2543 2768 2597 Et
2797 2542 3114 2596 extendens
3142 2539 3317 2594 Jesus
3377 2556 3640 2607 manum,
3692 2540 3888 2613 tetigit

481 2642 770 2700 Dominus
809 2638 1075 2695 fundavit
1112 2637 1429 2693 Ecclesiam
1481 2635 1694 2708 (Matth.
1740 2651 1856 2701 xvi,
1896 2635 2020 2700 18):
2056 2633 2128 2688 ab
2239 2647 2396 2701 eum,
2426 2631 2623 2686 dicens
2648 2649 2659 2686 :
2684 2629 2844 2699 Volo,
2876 2631 3180 2684 mundare.
3243 2629 3310 2684 Et
3367 2630 3674 2686 confestim
3715 2646 3890 2685 mun-

481 2732 594 2788 hac
643 2734 807 2804 petra
844 2729 1144 2802 apostolus
1195 2732 1404 2783 Petrus
1469 2725 1710 2781 sortitus
1776 2729 1864 2779 est
1917 2739 2128 2778 nomen
2240 2721 2376 2775 data
2405 2725 2492 2775 est
2522 2720 2683 2791 lepra
2713 2721 2924 2789 ejus.»
2985 2721 3340 2793 Extendente
3399 2736 3638 2774 manum
3689 2718 3890 2774 Domi-

484 2820 689 2894 (Ibid.).
719 2823 902 2892 Super
933 2817 1338 2888 hujuscemodi
1369 2820 1594 2888 petram
1647 2831 1758 2868 non
1815 2811 2128 2867 inveniun-
2240 2826 2335 2874 no,
2369 2810 2564 2864 statim
2599 2809 2758 2880 lepra
2788 2808 2954 2882 fugit.
3006 2809 3312 2881 Simulque
3371 2808 3679 2864 considera
3707 2826 3892 2880 quam

482 2915 582 2966 tur
609 2908 894 2981 serpentis
935 2905 1182 2978 vestigia
1229 2907 1396 2977 (Prov
1451 2921 1580 2967 xxx,
1635 2905 1745 2972 19.)
1799 2907 1874 2958 De
1920 2902 2029 2957 hac
2076 2904 2132 2956 et
2240 2898 2485 2954 humilis
2515 2899 2709 2954 etsine
2731 2899 3016 2970 jactantia
3060 2899 3384 2970 responsio.
3429 2898 3529 2955 ille
3561 2898 3806 2965 dixerat,
3840 2901 3898 2956 si

489 2998 771 3070 prepheta
821 2995 1084 3068 loquitur
1141 2995 1536 3050 confidenter:
1589 2993 1792 3047 Statuit
1838 3006 2000 3062 super
2027 2992 2130 3062 'pe-
2241 2989 2355 3043 vis:
2419 2987 2703 3043 Dominus
2762 2988 3081 3059 respondit,
3140 2990 3276 3044 volo.
3338 2987 3439 3043 Ille
3504 2988 3896 3059 praemiserat,

489 3089 631 3141 tram
648 3084 805 3156 pede:
835 3099 982 3139 meos
1011 3083 1182 3150 (Psat.
1234 3099 1429 3144 xxxrx,
1476 3079 1553 3150 3).
1611 3080 1679 3133 Et
1725 3079 1784 3132 in
1817 3077 1928 3133 alio
1970 3077 2128 3133 loco:
2237 3086 2399 3149 potes
2430 3094 2518 3132 me
2536 3077 2842 3132 mundare:
2877 3077 3159 3133 Dominus
3182 3078 3402 3150 jungit,
3434 3081 3490 3132 et
3540 3077 3698 3143 dicit,
3725 3093 3896 3132 mun-

486 3178 654 3230 Petra
683 3174 959 3244 refugium
988 3171 1292 3242 leporibus,
1324 3169 1448 3226 sive
1471 3169 1774 3224 herinaciis
1806 3168 1974 3238 (Psal.
2009 3184 2130 3232 cm,
2242 3167 2392 3222 dare.
2444 3167 2568 3222 Non
2613 3182 2750 3237 ergo
2816 3170 2882 3220 ut
2937 3165 3200 3238 plerique
3256 3167 3593 3222 Latinorum
3656 3170 3892 3238 putant,

490 3264 599 3336 18).
631 3262 928 3318 Timidum
961 3261 1115 3317 enim
1149 3259 1368 3316 animal
1401 3259 1460 3313 in
1519 3262 1695 3330 petrae
1752 3273 2028 3312 cavernas
2068 3272 2129 3312 se
2179 3334 2203 3336 _,
2251 3256 2621 3327 jungendum
2672 3262 2780 3323 est,
2817 3259 2872 3310 et
2920 3254 3232 3326 legendum
3277 3257 3397 3311 volo
3453 3255 3760 3310 mundare:
3796 3257 3905 3311 sed

489 3334 730 3424 recipit;
763 3355 819 3406 et
849 3351 1000 3406 cutis
1031 3367 1239 3422 aspera
1267 3354 1323 3404 et
1353 3352 1474 3404 tota
1504 3351 1729 3403 armata
1750 3347 1984 3418 jaculis,
2029 3345 2131 3401 tali
2162 3334 2205 3401 C
2247 3345 2582 3416 separatim,
2617 3349 2682 3400 ut
2715 3345 2972 3416 primum
3032 3345 3208 3412 dicat,
3266 3343 3390 3400 volo
3411 3362 3432 3407 ,°
3463 3345 3672 3400 deinde
3704 3345 3898 3416 impe-

490 3457 552 3496 se
582 3440 935 3513 proiectione
975 3443 1226 3494 tutatur.
1281 3438 1444 3494 Unde
1493 3442 1551 3492 et
1588 3436 1768 3506 Moysi
1822 3435 2038 3491 dicitur
2066 3452 2130 3491 eo
2243 3438 2409 3490 trans
2439 3434 2612 3502 dicat,
2638 3434 2908 3489 mundare
2937 3433 3045 3503 (Al.
3081 3436 3318 3504 imperet
3342 3435 3655 3501 mundare).

490 3533 749 3602 tempore
791 3545 908 3600 quo
959 3528 1028 3582 de
1077 3529 1320 3600 [Egypto
1374 3529 1622 3600 fugerat,
1682 3531 1739 3581 et
1794 3524 2133 3599 lepusculus
2316 3524 2502 3596 (Vere.
2536 3525 2614 3596 lo.)
2647 3547 2675 3574 ‹‹
2711 3525 2776 3579 Et
2805 3525 2886 3580 ait
2912 3528 3124 3580 Jesus:
3157 3524 3303 3579 Vide
3333 3523 3554 3578 nemini
3588 3522 3826 3578 dixeris.
3866 3544 3894 3574 ιι

486 3618 721 3675 Domini
753 3623 878 3673 erat
908 3635 920 3672 :
956 3618 1048 3671 ςια
1079 3618 1140 3671 in
1167 3618 1443 3688 foramine
1492 3620 1686 3684 petrae,
1735 3625 1789 3671 et
1824 3618 2135 3686 posteriora
2246 3615 2314 3669 Et
2343 3630 2543 3668 revera
2572 3613 2712 3683 quid
2741 3619 2864 3668 erat
2912 3629 3150 3668 necesse
3201 3618 3266 3666 ut
3313 3626 3583 3666 sermone
3617 3613 3898 3681 jactaret,

485 3723 610 3763 mea
639 3705 845 3762 videbis
875 3705 1070 3776 (Exod.
1102 3721 1300 3769 xxxm,
1331 3705 1421 3773 22,
1452 3705 1564 3774 23).
2250 3703 2405 3772 quod
2425 3717 2666 3771 corpore
2706 3701 3200 3771 praeferebat744
3231 3721 3260 3748 ‹‹
3302 3698 3409 3752 Sed
3455 3699 3617 3764 vade,
3654 3701 3903 3758 ostende

561 3794 747 3866 (Vere.
795 3793 1013 3862 26-2-8.)
1069 3812 1097 3844 α
1143 3791 1251 3856 Qui
1300 3791 1606 3847 aedificavit
1674 3792 1914 3847 domum
1966 3807 2135 3846 suam
2244 3794 2302 3844 te
2333 3788 2762 3845 sacerdotibus:
2826 3793 2883 3844 et
2937 3788 3081 3843 oti‘er
3138 3803 3355 3842 munus
3416 3788 3570 3858 quod
3621 3789 3907 3860 pracepit

491 3900 672 3956 super
701 3897 982 3938 arenam:
1032 3885 1090 3937 et
1136 3881 1438 3937 descendit
1487 3879 1703 3952 pluvia,
1753 3885 1810 3936 et
1856 3885 2140 3935 venerunt
2248 3879 2476 3950 Moyses
2503 3878 2561 3932 in
2595 3877 2999 3933 testimonium
3055 3875 3194 3932 illis.
3226 3895 3252 3928 η
3317 3876 3523 3932 Varias
3580 3877 3653 3933 ob
3684 3893 3906 3935 causas

492 3971 761 4039 ﬂumina,
795 3975 851 4027 et
873 3969 1160 4026 ﬂeverunt
1180 3971 1358 4037 venti,
1398 3978 1454 4026 et
1481 3970 1778 4026 irruerunt
1813 3969 1873 4024 in
1896 3971 2137 4025 domum
2249 3967 2515 4022 mittitad
2541 3967 2890 4022 sacerdotes.
2918 3966 3200 4037 Primum,
3221 3971 3457 4039 propter
3473 3966 3902 4035 humilitatem,

492 4061 681 4128 illam,
731 4064 788 4116 et
841 4058 1083 4116 cecidit:
1127 4065 1184 4115 et
1239 4060 1349 4116 fuit
1395 4059 1567 4116 ruina
1614 4063 1741 4133 ejus
1787 4076 2020 4132 magna.
2072 4059 2141 4114 Et
2252 4061 2316 4112 ut
2346 4055 2749 4111 sacerdotibus
2780 4056 3003 4111 deferre
3059 4055 3338 4112 honorem
3394 4055 3718 4112 videatur”.
3760 4057 3908 4114 Erat

496 4151 716 4208 factum
740 4154 828 4206 est
874 4166 1007 4206 cum
1062 4156 1529 4208 consummasset
1573 4151 1746 4206 Jesus
1793 4151 1970 4206 verba
1997 4149 2138 4217 hisc;
2250 4145 2407 4202 enim
2441 4144 2566 4216 lege
2597 4148 2971 4216 praeceptum,
3005 4149 3070 4199 ut
3117 4145 3217 4216 qui
3277 4145 3543 4201 mundati
3601 4145 3836 4202 fuerant
3865 4164 3906 4202 α

497 4239 948 4298 admirabantur
966 4240 1152 4296 turbae
1177 4255 1357 4312 super
1377 4239 1639 4294 doctrina
1660 4240 1804 4308 ejus.
1839 4257 1865 4288 ιι
1907 4238 2141 4293 Funda-
2254 4232 2415 4305 lepra
2444 4233 2718 4288 offerrent
2765 4249 3012 4289 munera
3066 4234 3491 4289 sacerdotibus.
3551 4233 3790 4301 Deinde,
3831 4238 3906 4290 ut

498 4334 769 4387 mentum
799 4329 955 4402 quod
978 4328 1293 4401 Apostolus
1332 4327 1684 4383 architectus
1716 4325 1912 4398 posuit
1940 4327 1980 4396 (l
2015 4325 2139 4381 Cor.
2255 4322 2606 4376 mundatum
2639 4322 2902 4379 videntes
2949 4322 3269 4394 leprosum,
3309 4327 3412 4378 aut
3449 4322 3752 4379 crederent
3771 4322 3904 4379 Sal-

500 4435 586 4485 ΙΙΙ,
621 4418 733 4488 10),
763 4435 921 4474 unus
949 4419 1053 4485 [Αι.
1089 4416 1298 4491 unum]
1353 4421 1441 4473 est
1485 4416 1772 4472 Dominus
1818 4420 2015 4471 noster
2049 4415 2143 4471 Je-
2252 4407 2456 4477 vatori,
2485 4417 2586 4468 aut
2630 4429 2745 4468 non
2794 4414 3114 4469 crederent.
3147 4413 3200 4466 Si
3237 4413 3558 4480 crederent,
3605 4411 3904 4470 salvaren-

501 4522 604 4562 sus
630 4505 918 4561 Christus.
953 4507 1142 4578 Super
1186 4506 1296 4561 hoc
1351 4505 1800 4560 fundamentum
1851 4503 2058 4560 stabile
2087 4508 2145 4560 et
2254 4506 2390 4558 tur:
2425 4501 2473 4557 si
2533 4518 2646 4557 non
2705 4503 3036 4573 crederent,
3095 4500 3520 4557 inexcusabiles
3579 4500 3790 4556 forent.
3828 4501 3904 4558 Et

502 4595 764 4663 firmum,
833 4598 893 4650 et
957 4611 1059 4666 per
1142 4611 1204 4650 se
1278 4594 1520 4649 robusta
1583 4592 1737 4649 mole
1811 4594 2142 4660 fundatum,
2258 4590 2433 4646 simul
2465 4606 2536 4645 ne
2593 4592 2746 4662 quod
2806 4591 2865 4646 in
2920 4607 2987 4646 eo
3045 4589 3371 4662 saepissime
3409 4587 3902 4661 criminabantur,

507 4682 829 4737 aedificatur
876 4682 1091 4738 Christi
1141 4681 1418 4739 Ecclesia.
1487 4682 1674 4754 Super
1745 4699 1980 4738 arenam
2045 4683 2146 4737 43
2181 4703 2225 4770 Ι)
2256 4679 2442 4770 legem
2473 4680 2770 4735 videretur
2798 4679 3134 4770 infringere.

503 4786 636 4826 vero
677 4785 804 4841 qua:
854 4771 1037 4825 ﬂuida
1083 4775 1190 4838 est,
1242 4776 1300 4826 et
1349 4770 1741 4842 coagmentari
1792 4786 1908 4825 non
1938 4773 2147 4840 potest,
2185 4769 2189 4770 “
2330 4769 2514 4840 (Vers.
2541 4769 2678 4839 5-8.)
2705 4791 2726 4817 α
2762 4769 3024 4824 Accessit
3055 4769 3126 4824 ad
3177 4784 3312 4824 eum
3365 4769 3648 4839 centurio,
3690 4784 3909 4842 rogans

506 4874 612 4914 nec
640 4859 701 4914 in
732 4875 912 4916 unam
949 4860 1218 4931 copulam
1256 4859 1462 4932 redigi,
1511 4859 1702 4914 omnis
1747 4859 2147 4914 hereticorum
2259 4875 2391 4914 eum
2454 4863 2510 4913 et
2561 4857 2790 4913 dicens:
2818 4857 3082 4923 Domine,
3108 4872 3252 4928 puer
3273 4855 3612 4927 meusjacet
3640 4857 3698 4911 in
3731 4857 3910 4916 domo

508 4961 698 5002 sermo
725 4947 796 5002 ad
827 4946 936 5003 hoc
961 4947 1300 5016 aediﬁcatur,
1334 4953 1399 5002 ut
1427 4953 1678 5002 corruat.
2262 4947 2638 5018 paralyticus,
2673 4951 2730 5001 et
2762 4946 2912 5001 male
2942 4949 3267 5016 torquetur.
3323 4947 3389 4998 Et
3442 4943 3524 4999 ait
3567 4943 3651 4999 illi
3688 4944 3910 5004 Jesus:

581 5036 769 5105 (Vere.
799 5038 913 5104 29.)
951 5056 978 5088 α
1027 5037 1161 5092 Erat
1199 5038 1356 5092 enim
1403 5037 1616 5092 docens
1665 5053 1763 5091 eos
1804 5036 1959 5091 sicut
1998 5040 2152 5107 pote-
2263 5037 2377 5108 Ego
2398 5035 2653 5100 veniam,
2689 5039 2745 5090 et
2788 5035 3002 5090 curabo
3053 5049 3187 5088 eum
3205 5033 3247 5088 ³.
3281 5033 3349 5087 Et
3379 5033 3739 5104 respondens
3770 5051 3910 5091 cen-

512 5129 724 5182 statem
757 5125 1001 5191 habens,
1033 5129 1221 5196 etlnon
1245 5126 1397 5182 sicut
1434 5126 1644 5181 Scribaa
1685 5131 1741 5181 et
1788 5125 2086 5181 Pharisaei.
2121 5147 2148 5175 η
2261 5127 2434 5194 turio,
2467 5125 2550 5180 ait
2575 5140 2587 5180 :
2613 5125 2879 5190 Domine,
2904 5139 3017 5178 non
3069 5137 3199 5177 sum
3250 5121 3464 5193 dignus
3489 5125 3553 5177 ut
3582 5122 3764 5178 intres
3796 5125 3912 5181 sub

513 5214 598 5271 Illi
632 5215 789 5271 enim
821 5230 888 5271 ea
909 5216 1196 5272 docebant
1215 5215 1482 5288 populos,
1507 5233 1634 5288 quae
1668 5216 1885 5287 scripta
1915 5220 2053 5271 sunt
2091 5215 2152 5270 in
2261 5219 2479 5271 tectum
2504 5230 2696 5269 meum
2723 5234 2742 5280 ;
2766 5213 2865 5268 sed
2888 5215 3119 5267 tantum
3149 5211 3242 5267 dic
3291 5210 3486 5277 verbo,
3533 5215 3588 5266 et
3605 5211 3918 5271 sanabitur

512 5304 710 5377 Moyse
737 5308 794 5360 et
812 5304 1138 5376 Prophetis.
1169 5305 1342 5361 Jesus
1381 5321 1535 5374 vero,
1573 5305 1740 5377 quasi
1772 5305 1926 5362 Deus
1957 5310 2014 5360 et
2039 5305 2150 5360 Do-
2262 5322 2408 5378 puer
2430 5319 2617 5359 meus.
2645 5326 2666 5354 ι
2696 5302 2822 5357 Non
2845 5300 3442 5371 debemusjactantiai
3455 5300 3913 5373 arguereDomi-

515 5392 714 5449 minus
745 5392 932 5464 ipsius
963 5392 1168 5465 Moysi,
1219 5410 1320 5465 pro
1366 5393 1630 5451 libertate
1675 5394 1993 5450 voluntatis
2033 5411 2153 5450 suae
2264 5411 2430 5461 num,
2463 5394 2602 5465 quia
2630 5391 2832 5446 statim
2885 5407 2949 5446 se
3006 5390 3229 5444 iturum
3289 5393 3346 5445 et
3394 5394 3741 5447 sanaturum
3779 5407 3916 5450 esse

512 5480 600 5535 vel
633 5497 702 5537 ea
731 5497 860 5552 quae
891 5481 1088 5538 minus
1111 5483 1460 5539 videbantur
1483 5485 1733 5540 addebat
1777 5484 1836 5540 in
1867 5484 2028 5556 lege:
2061 5482 2152 5539 vel
2265 5483 2574 5556 promittit,
2595 5480 2799 5536 videns
2822 5478 3183 5534 centurionis
3242 5478 3440 5546 ﬁdem,
3483 5477 3914 5553 humilitatem,

583 5715 598 5748 ¹
631 5713 864 5787 Vulgati
894 5719 1061 5773 antea
1084 5717 1238 5785 libri,
1278 5719 1516 5789 ﬂumina
1561 5718 1892 5775 Antichristi
1932 5717 2153 5786 absque
2334 5707 2788 5792 fﬂsq-Zpalaﬁni,
2819 5707 3187 5792 ἀθίθννεΡίάη
3219 5709 3441 5784 absque
3477 5710 3761 5770 honorem.

515 5800 721 5856 omnes,
748 5779 930 5859 quam
960 5805 1159 5848 vocem
1191 5779 1334 5848 mss.
1369 5792 1745 5848 interserunt.
2058 5779 2075 5786 ’
2335 5785 2355 5816 ³
2384 5782 2564 5839 Iidem
2596 5795 2764 5847 11188.,
2804 5794 2857 5837 ϐε
2888 5779 3092 5838 “multo
3121 5795 3265 5838 eum.
