4182 6604
100 3873 170 3949 \

209 492 286 559 58
726 489 1251 556 COMMENTAR.
1299 491 1378 553 IN
1422 490 1580 555 EVA
1591 489 1873 553 NGELIU

1990 488 2372 555 ΜΑΤΤΗιΕἰ
2421 489 2571 556 LIB.
2615 493 2664 555 1.
2711 490 2884 554 CAP.
2930 489 3096 556 VIII.
3501 507 3507 513 ‘
3557 488 3638 553 54

208 631 264 688 et
295 623 687 700 prudentiam.
715 624 934 698 Fidem,
959 625 1018 680 in
1049 642 1116 682 eo
1141 626 1294 700 quod
1320 625 1566 681 credidit
1591 642 1658 681 ex
1680 624 1862 696 genti-
1891 635 1944 690 Α
1974 626 2273 682 confertur
2303 645 2336 682 a
2369 627 2634 697 Domino,
2666 629 2856 682 totum
2883 623 3059 681 simul
3091 623 3302 692 reddit,
3336 640 3442 683 nec
3472 624 3634 694 suffi-

208 719 316 775 bus
349 715 730 790 paralyticum
763 733 797 771 a
842 715 1134 771 Salvatore
1183 732 1353 787 posse
1403 716 1621 771 sanari.
1659 715 1864 770 Humi-

211 808 454 873 litatem,
488 807 643 878 quod
676 822 737 861 se
761 805 1051 877 judicavit
1073 805 1408 878 indignum,
1442 805 1610 877 cujus
1643 809 1862 859 tectum

211 896 488 954 Dominus
520 897 784 952 intraret.
810 895 1212 962 Prudentiam,
1239 896 1395 968 quod
1427 895 1582 951 intra
1604 895 1865 968 corporis

210 991 439 1060 tegmen
533 986 898 1042 divinitatem
983 985 1260 1041 latentem
1348 986 1586 1052 videret,
1672 984 1864 1040 sciens

211 1093 322 1134 non
353 1075 409 1130 id
444 1074 556 1131 sibi
586 1077 983 1147 profuturum,
1017 1077 1172 1148 quod
1226 1075 1400 1131 etiam
1445 1077 1516 1131 ab
1545 1074 1864 1130 incredulis

208 1166 550 1232 videbatur;
613 1166 714 1221 sed
760 1166 818 1221 id
869 1166 1023 1238 quod
1076 1165 1296 1221 latebat
1345 1165 1724 1221 intrinsecus.
1789 1166 1863 1219 De

206 1273 316 1330 qua
345 1255 660 1327 prudentia
687 1255 797 1311 hoc
823 1256 1006 1312 etiam
1041 1255 1122 1310 ait
1148 1273 1161 1310 :

275 1346 464 1418 (Vere.
495 1346 580 1416 9.)
617 1368 643 1395 ‹‹
676 1345 823 1400 Nam
856 1349 912 1399 et
936 1361 1040 1415 ego
1072 1344 1248 1399 homo
1272 1361 1403 1398 sum
1436 1345 1547 1399 sub
1579 1347 1865 1414 potestate

205 1435 313 1509 [ΑΙ.
349 1435 590 1490 additur
637 1435 1006 1504 constitutus],
1056 1434 1280 1489 habens
1324 1435 1432 1489 sub
1482 1450 1573 1487 me
1607 1433 1859 1487 milites:

206 1530 261 1582 et
288 1525 422 1580 dico
450 1524 589 1579 huic
621 1529 659 1590 ι,
692 1526 855 1592 vade,
908 1528 964 1579 et
994 1522 1191 1578 vadit:
1246 1528 1301 1577 et
1349 1522 1466 1589 alii,
1499 1521 1649 1589 veni,
1683 1525 1739 1576 et
1769 1537 1860 1575 ve-

204 1615 322 1672 nit:
355 1618 416 1670 et
448 1630 614 1669 servo
644 1630 793 1678 meo,
829 1614 917 1668 fac
943 1613 1071 1684 hoc,
1105 1617 1162 1668 et
1183 1613 1340 1668 facit.
1371 1635 1398 1661 »
1429 1611 1644 1667 Volens
1675 1614 1866 1666 osten-

204 1705 337 1762 dere
369 1703 687 1760 Dominum
741 1719 977 1776 quoque
1006 1719 1121 1758 non
1156 1719 1258 1774 per
1287 1703 1600 1758 adventum
1632 1705 1859 1757 tantum

206 1792 486 1865 corporis,
523 1793 622 1849 sed
657 1810 760 1865 per
807 1791 1147 1864 angelorum
1193 1791 1518 1847 ministeria
1549 1806 1719 1863 posse
1751 1790 1862 1844 im-

209 1882 364 1956 plere
393 1883 550 1954 quod
582 1880 773 1937 vellet.

278 1974 470 2044 (Vere.
507 1972 618 2044 10.)
648 1994 676 2021 ‹‹
708 1971 964 2027 Audiens
997 1974 1192 2026 autem
1236 1970 1430 2038 Jesus,
1475 1971 1722 2025 miratus
1754 1973 1860 2037 est,
1892 2007 1940 2072 B

210 2064 266 2118 et
294 2060 684 2132 sequentibus
716 2076 778 2115 se
812 2061 974 2116 dixit.
1011 2083 1038 2109 »
1083 2061 1328 2115 Miratus
1366 2064 1456 2116 est
1484 2061 1506 2095 ³
1537 2061 1690 2131 quod
1722 2059 1867 2114 vidit

213 2150 617 2207 centurionem
649 2166 819 2206 suam
862 2149 1184 2222 intelligere
1214 2152 1605 2221 majestatem.
1640 2149 1864 2205 Pellen-

211 2241 294 2296 (ιω
327 2240 490 2296 enim
521 2243 686 2295 erant
716 2238 804 2295 vel
838 2240 1212 2295 inﬁrmitates
1263 2256 1597 2311 corporum,
1637 2239 1724 2295 vel
1756 2239 1866 2294 for-

211 2329 498 2385 titudines
547 2329 848 2385 contraria:
897 2329 1114 2400 quibus
1162 2329 1338 2384 homo
1388 2330 1456 2384 ad
1507 2329 1865 2384 debilitatem

211 2435 358 2492 saepe
391 2417 751 2485 conceditur,
786 2424 842 2473 et
894 2418 1070 2473 verbo
1120 2418 1375 2484 Domini,
1418 2423 1476 2474 et
1524 2417 1868 2473 ministeriis

208 2507 577 2581 angelorum.
618 2527 640 2555 ι
672 2509 854 2562 Amen
883 2507 1012 2562 dico
1043 2507 1228 2578 vobis,
1263 2525 1376 2562 non
1410 2507 1601 2562 inveni
1643 2511 1867 2562 tantam

208 2597 385 2653 ﬁdem
413 2597 476 2652 in
508 2595 704 2653 Israel.
740 2619 768 2646 »
798 2597 876 2651 De
908 2597 1294 2668 praesentibus
1324 2596 1608 2668 loquitur,
1650 2613 1765 2651 non
1797 2597 1869 2652 de

212 2688 494 2742 omnibus
525 2691 676 2742 retro
727 2686 1078 2758 patriarchis
1123 2687 1222 2741 45
1275 2692 1332 2741 et
1381 2687 1720 2758 prephetis:
1756 2686 1868 2741 nisi

210 2775 356 2832 forte
378 2775 439 2831 in
461 2776 798 2832 centurione
821 2775 963 2830 fides
981 2776 1246 2848 gentium
1273 2775 1630 2848 praeponitur
1648 2775 1866 2831 Israeli.

280 2864 472 2937 (Vers.
539 2865 618 2937 4.)
655 2885 678 2912 α
714 2865 848 2920 Dico
897 2871 1091 2920 autem
1147 2866 1334 2936 vobis,
1387 2866 1541 2938 quod
1593 2865 1763 2921 multi
1798 2867 1870 2921 ab

212 2953 448 3011 Oriente
476 2959 533 3011 et
587 2954 897 3011 Occidente
943 2956 1196 3026 venient,
1251 2960 1306 3011 et
1356 2956 1699 3011 recumbent
1737 2973 1868 3010 cum

213 3045 639 3110 Abraham,Et
674 3047 852 3109 Isaac,
890 3050 946 3102 et
979 3046 1179 3113 Jacob,
1215 3044 1273 3101 in
1301 3062 1480 3118 regno
1510 3045 1810 3101 cmlorum.
1843 3068 1869 3094 ››

213 3135 361 3200 Quia
413 3139 567 3190 Deus
611 3135 908 3190 Abraham
954 3135 1079 3190 coeli
1116 3135 1402 3202 conditor,
1453 3136 1622 3191 Pater
1657 3134 1873 3190 Christi

211 3228 320 3290 est,
357 3224 578 3280 idcirco
636 3224 696 3279 in
755 3241 932 3296 regno
983 3224 1259 3280 caelorum
1313 3229 1403 3279 est
1458 3229 1514 3278 et
1553 3224 1869 3292 Abraham,

1974 716 2052 771 cit
2081 733 2209 773 esse
2241 722 2514 772 Satanam
2539 718 2596 784 ‘;
2626 717 2727 772 sed
2770 719 2836 771 ut
2875 712 3122 777 ὶπίτασπς
3152 713 3515 772 fortitudinis
3549 717 3636 772 in-

1975 807 2220 874 dicetur,
2255 807 2524 862 additum
2556 810 2680 863 est:
2715 828 2743 856 «
2777 806 2842 860 Et
2865 804 3135 876 surrexit,
3167 807 3224 861 et
3256 802 3632 864 ministrabat

1974 897 2078 954 eis.
2118 921 2145 947 ››
2180 896 2286 954 Illa
2316 914 2529 954 manus
2560 895 2952 963 ministrabat,
2985 911 3112 967 quae
3153 898 3211 951 et
3236 899 3391 951 tacta
3417 895 3626 966 fuerat,

1973 991 2029 1044 et
2059 991 2285 1043 sanata.

2043 1081 2230 1147 (Vers.
2266 1077 2478 1148 16-18.)
2517 1100 2535 1126 α
2572 1077 2823 1150 Vespere
2855 1079 3050 1131 autem
3078 1074 3250 1143 facto,
3285 1074 3630 1133 obtulerunt

1973 1167 2025 1223 ei
2059 1168 2276 1222 multos
2306 1166 2592 1222 daemonia
2623 1166 2944 1222 habentes:
2992 1169 3050 1221 et
3080 1165 3352 1238 ejiciebat
3382 1165 3626 1240 spiritus

1971 1257 2166 1321 verbo,
2200 1261 2256 1311 et
2285 1273 2488 1312 omnes
2524 1255 2676 1311 male
2717 1255 3002 1311 habentes
3033 1255 3257 1311 curavit
3305 1255 3412 1325 [ΑΙ.
3448 1271 3628 1312 cura-

1973 1347 2115 1417 bat],
2153 1350 2218 1401 ut
2249 1345 2670 1418 adimpleretur
2699 1345 2852 1417 quod
2902 1344 3123 1402 dictum
3160 1350 3250 1402 est
3280 1362 3383 1417 per
3415 1345 3628 1403 Isaiam

1973 1435 2341 1508 prophetam,
2396 1435 2725 1492 dicentem:
2780 1435 2908 1508 Ipse
2965 1434 3338 1492 inﬁrmitates
3397 1439 3632 1492 nostras

1973 1524 2212 1597 accepit,
2248 1529 2304 1579 et
2353 1523 2757 1596 aegrotationes
2808 1528 3038 1580 nostras
3089 1525 3359 1600 portavit.
3411 1525 3630 1592 Videns

1973 1619 2167 1670 autem
2197 1615 2226 1670 J
2236 1631 2370 1670 esus
2402 1613 2607 1669 turbas
2638 1613 2858 1668 multas
2883 1613 3103 1668 circum
3135 1630 3216 1679 se,
3242 1612 3428 1685 jussit
3456 1613 3630 1671 disci-

1972 1704 2142 1776 pulos
2175 1705 2257 1760 ire
2287 1707 2451 1758 trans
2502 1703 2736 1760 fretum.
2774 1726 2801 1752 »
2853 1703 3090 1768 Omnes,
3137 1719 3252 1760 non
3284 1719 3477 1770 mane,
3511 1721 3628 1760 non

1974 1794 2236 1860 meridie,
2288 1794 2389 1848 sed
2441 1793 2511 1849 ad
2561 1809 2866 1865 vesperam
2913 1796 3216 1859 curantur,
3267 1793 3502 1865 quando
3541 1792 3628 1849 sol

1972 1884 2348 1940 occubiturus
2404 1887 2528 1938 est:
2591 1883 2828 1955 quando
2884 1898 3136 1955 granum
3191 1880 3366 1939 tritici
3424 1883 3525 1939 40
3564 1883 3623 1939 in

1971 1978 2126 2030 terra
2156 1973 2424 2041 moritur,
2460 1975 2526 2028 ut
2555 1971 2774 2028 multos
2819 1972 3044 2028 fructus
3074 1971 3278 2028 afferat
3304 1972 3488 2044 (Joan.
3521 1989 3625 2043 xu,

1973 2064 2085 2135 25).
2611 2075 2614 2078 ο

2047 2153 2231 2224 (Vers.
2269 2155 2354 2220 19,
2402 2152 2516 2222 ‘20.)
2572 2175 2593 2200 α
2647 2151 2716 2206 Et
2746 2151 3028 2208 accedens
3081 2168 3234 2206 unus
3275 2151 3500 2214 Scriba,
3546 2149 3628 2214 ait

1975 2242 2095 2298 illi:
2132 2241 2427 2314 Magister,
2460 2257 2676 2312 sequar
2702 2244 2759 2296 te
2809 2256 3160 2313 quocunque
3198 2239 3356 2297 ieris.
3391 2241 3459 2296 Et
3487 2239 3629 2300 dicit

1977 2333 2028 2389 ei
2059 2333 2269 2389 Jesus:
2305 2331 2516 2403 Vulpes
2565 2331 2758 2386 foveas
2805 2329 3041 2395 habent,
3090 2334 3147 2385 et
3191 2328 3455 2386 volucres
3498 2327 3628 2385 οωΙί

1979 2423 2146 2480 nidos
2174 2437 2186 2477 :
2221 2420 2400 2476 Filius
2431 2423 2626 2477 autem
2674 2419 2933 2476 hominis
2963 2436 3076 2474 non
3117 2419 3293 2475 habet
3323 2419 3421 2474 ubi
3453 2421 3630 2494 caput

1980 2529 2153 2569 suum
2188 2510 2448 2567 reclinet.
2484 2532 2510 2561 ››
2547 2510 2752 2566 Scriba
2777 2509 2886 2565 iste
2929 2508 3096 2583 legis,
3132 2508 3231 2582 qui
3273 2511 3504 2584 tantum
3535 2506 3631 2565 lit-

1979 2607 2236 2659 terarum
2270 2605 2510 2656 noverat
2541 2600 2924 2670 occidentem,
2967 2599 3016 2655 si
3047 2598 3331 2674 dixisset:
3365 2597 3630 2670 Domine,

1981 2709 2196 2764 sequar
2225 2695 2280 2746 te
2312 2705 2667 2764 quocunque
2715 2689 2874 2755 ieris,
2908 2705 3024 2744 non
3047 2687 3268 2744 'fuissct
3296 2686 3568 2762 repulsus
3599 2705 3634 2742 a

1981 2781 2266 2849 Domino;
2301 2781 2399 2835 sed
2451 2779 2591 2850 quia
2643 2779 2992 2850 magistrum
3042 2794 3229 2833 unum
3261 2777 3332 2834 de
3361 2775 3632 2850 pluribus

1982 2835 2328 2936 aestimabat,
2365 2873 2422 2924 et
2471 2835 2775 2923 litterato;
2809 2870 2950 2934 erat,
3001 2866 3155 2938 quod
3201 2835 3632 2940 significantius

1983 2960 2175 3015 Graece
2208 2958 2439 3025 dicitur,
2473 2954 2847 3032 γραμματεὺς,
2900 2960 2956 3010 et
3002 2972 3118 3011 non
3168 2954 3492 3027 spiritualis
3524 2972 3632 3024 au—

1983 3049 2172 3104 ditor:
2203 3047 2331 3102 ideo
2363 3064 2477 3102 non
2527 3046 2703 3102 habet
2746 3045 2938 3100 locum
2971 3045 3031 3100 in
3081 3061 3197 3117 quo
3242 3044 3429 3117 possit
3458 3044 3632 3123 Jesus

1983 3137 2265 3193 reclinare
2296 3141 2470 3208 caput
2500 3152 2695 3191 suum.
2743 3135 3083 3191 Ostenditur
3129 3137 3324 3190 autem
3356 3133 3546 3203 nobis,
3577 3134 3643 3190 et

1985 3228 2056 3282 ob
2090 3227 2196 3282 hoc
2218 3227 2479 3282 Scribam
2513 3224 2908 3297 repudiatum,
2933 3224 3089 3296 quod
3117 3223 3418 3297 signorum
3438 3222 3645 3298 videns

212 3328 348 3368 cum
374 3330 496 3385 quo
519 3313 870 3368 accubiturae
894 3319 1034 3369 sunt
1059 3313 1346 3382 nationes,
1373 3330 1499 3385 quae
1522 3314 1877 3369 crediderint
1918 3384 1948 3390 _
1987 3316 2481 3390 magnitudinem,
2508 3314 2675 3387 sequi
2700 3313 2950 3370 voluerit
2975 3312 3352 3379 Salvatorem,
3387 3316 3453 3368 ut
3479 3311 3646 3370 lucra

211 3402 269 3456 in
302 3384 612 3458 Christum
644 3403 856 3458 Filium
891 3403 1196 3458 Creatoris.
1249 3405 1316 3458 Et
1344 3384 1440 3459 ille
1490 3404 1706 3475 pariter
1738 3421 1874 3459 sen-
1907 3384 1950 3451 (ἶ
1989 3423 2056 3462 ex
2086 3384 2329 3479 operum
2380 3384 2682 3460 miraculis
2732 3407 3035 3476 quareret,
3085 3401 3195 3457 hoc
3225 3400 3380 3478 idem
3415 3401 3642 3473 deside-

212 3507 316 3548 sus
351 3491 656 3564 impletur,
689 3492 759 3546 de
810 3507 924 3562 quo
957 3507 1138 3561 supra
1190 3491 1466 3563 diximus,
1499 3493 1557 3546 in
1589 3493 1875 3548 centurio-

210 3581 306 3636 nis
342 3581 464 3635 ﬁde
494 3579 759 3651 gentium
783 3579 907 3634 ﬁeri
939 3580 1381 3652 praerogativam
1409 3597 1421 3634 :
1449 3581 1590 3636 dum
1622 3583 1692 3636 ad
1716 3581 1876 3638 illius

211 3669 630 3726 credulitatem
689 3670 760 3724 de
814 3669 1045 3724 Oriente
1108 3674 1165 3724 et
1235 3669 1544 3726 Occidente
1603 3671 1878 3727 credituri

212 3759 424 3832 pepuli
459 3763 1015 3815 commemorantur.

285 3848 482 3920 (Vere.
516 3848 628 3919 12.)
661 3871 686 3897 ‹‹
723 3847 852 3903 Filii
904 3852 1100 3903 autem
1150 3849 1313 3920 regni
1365 3849 1673 3920 ejicientur
1700 3851 1759 3906 in
1791 3856 1876 3908 te-

213 3939 434 3994 nebras
457 3938 796 3994 exteriores.
841 3961 862 3986 ι
903 3937 1074 3993 Filios
1105 3937 1267 4010 regni
1293 3938 1531 3995 Iudaeos
1558 3941 1877 4013 signiﬁcat,

213 4026 276 4081 in
307 4043 463 4100 quos
495 4031 629 4083 ante
659 4027 923 4098 regnavit
967 4031 1138 4095 Deus;
1193 4027 1496 4098 Ejz’cz’entur
1541 4031 1600 4084 in
1629 4031 1880 4087 tenebras

210 4119 546 4173 exteriores.
595 4117 867 4171 Tenebrae
916 4132 1148 4188 semper
1192 4116 1497 4174 interiores
1552 4122 1710 4188 sunt,
1761 4137 1878 4175 non

213 4205 559 4261 exteriores.
591 4205 702 4261 Sed
734 4205 1012 4277 quoniam
1038 4206 1134 4278 qui
1168 4223 1202 4261 a
1225 4207 1472 4263 Domino
1505 4208 1661 4266 foras
1689 4209 1882 4283 expel-

212 4292 378 4363 litur,
415 4294 622 4350 lumen
653 4293 968 4366 relinquit;
1023 4295 1236 4351 idcirco
1285 4297 1597 4354 exteriores
1625 4300 1878 4355 tenebrze

214 4385 541 4440 nominate
563 4388 720 4438 sunt.
747 4406 774 4433 «
801 4384 883 4439 Ibi
904 4384 1014 4439 erit
1034 4384 1202 4440 ﬂetus
1225 4389 1282 4440 et
1298 4386 1516 4442 stridor
1537 4388 1822 4444 dentium.
1848 4411 1877 4439 ››

214 4471 272 4528 Si
301 4474 487 4530 ﬂetus
518 4469 822 4528 oculorum
855 4476 962 4545 est,
996 4478 1052 4529 et
1081 4473 1294 4530 stridor
1324 4475 1588 4532 dentium
1622 4456 1757 4533 ossa
1787 4477 1882 4532 de-

214 4565 550 4619 monstrat:
584 4579 717 4617 vera
767 4567 858 4618 est
901 4579 1038 4637 ergo
1087 4580 1395 4636 corporum
1440 4569 1498 4620 et
1535 4567 1875 4622 eorumdem

215 4651 626 4708 membrorum
657 4668 784 4723 quae
815 4652 1144 4708 ceciderant
1173 4654 1541 4709 resurrectio.

283 4741 477 4811 (Vere.
515 4742 603 4813 14,
640 4742 750 4813 15.)
806 4764 826 4791 α
865 4741 932 4797 Et
978 4759 1112 4797 cum
1159 4743 1416 4798 venisset
1461 4742 1634 4799 Jesus
1677 4743 1737 4798 in
1769 4745 1870 4800 do-
1905 4759 1952 4823 D

215 4845 380 4886 mum
411 4829 592 4898 Petri,
624 4829 769 4886 vidit
797 4848 1032 4887 socrum
1075 4833 1202 4904 ejus
1234 4832 1526 4903 jacentem
1558 4837 1614 4888 et
1645 4834 1874 4889 febrici-

215 4922 440 4976 tantem
476 4921 585 4990 [Αἱ.
621 4920 1025 4991 febrientem]:
1060 4925 1118 4977 et
1147 4922 1338 4994 tetigit
1371 4938 1610 4978 manum
1645 4923 1793 4992 ejus,
1822 4928 1878 4978 et

215 5007 448 5066 dimisit
476 5026 609 5066 eam
647 5010 847 5065 febris.
870 5030 898 5062 ι
934 5010 1222 5083 Tangitur
1271 5028 1484 5068 manus
1515 5011 1799 5085 mulieris,
1823 5018 1880 5069 et

214 5099 442 5155 sanatis
473 5099 755 5172 operibus
776 5100 925 5170 eius,
960 5104 1329 5170 peccatorum
1357 5101 1671 5157 infirmitas
1704 5103 1872 5175 fugit.

213 5185 442 5245 Natura
491 5187 803 5245 hominum
853 5188 1187 5245 istiusmodi
1217 5193 1325 5257 est,
1380 5196 1445 5245 ut
1493 5195 1626 5263 post
1654 5191 1874 5248 febrem

211 5275 410 5349 magis
438 5276 769 5335 lassescant
793 5279 816 5313 ³
843 5294 1087 5350 corpora
1111 5294 1123 5333 :
1176 5282 1234 5335 et
1263 5278 1576 5352 incipiente
1627 5280 1876 5338 sanitate

211 5365 620 5441 egrotationis
675 5367 829 5425 mala
887 5367 1162 5424 sentiant.
1213 5368 1428 5425 Verum
1479 5369 1704 5426 sanitas
1746 5388 1873 5444 quae

281 5565 300 5600 ¹
334 5565 606 5643 I'tursum
655 5564 833 5623 iidem
882 5583 1051 5624 mss..
1083 5568 1215 5623 Ecce
1263 5583 1359 5638 ego
1387 5584 1511 5626 cum
1558 5570 1664 5625 sim
1692 5569 1875 5643 homo,

215 5637 330 5693 dico
360 5639 518 5704 huic,
553 5642 663 5693 etc.

283 5709 549 5784 2Verba,
583 5712 818 5784 miratus
864 5718 959 5781 est,
992 5728 1116 5784 qua:
1165 5711 1224 5767 in
1270 5715 1441 5768 antea
1489 5713 1745 5784 vulgatis
1775 5716 1873 5771 de-

218 5785 406 5851 erant,
429 5782 780 5854 impert'ecto
810 5782 1161 5854 sensu,'mss
1194 5783 1377 5840 nostri
1409 5782 1729 5842 sufficiunt.

287 5853 628 5938 :Corrupte
678 5853 1000 5928 legebatur,
1057 5855 1344 5926 lacessant,
1394 5874 1498 5930 pro
1558 5861 1875 5933 lassescant,

1984 3512 2142 3561 rans,
2177 3495 2332 3566 quod
2392 3499 2448 3550 et
2503 3494 2704 3550 Simon
2741 3493 2948 3564 Magus
2977 3509 3011 3546 a
3042 3492 3205 3547 Petro
3235 3505 3425 3547 emere
3455 3489 3646 3565 volue-

1986 3589 2078 3640 rat
2111 3585 2246 3656 (Αεί.
2282 3599 2404 3648 VIII,
2438 3584 2543 3648 19).
2597 3579 2757 3637 Talis
2787 3596 2922 3653 ergo
2972 3579 3118 3636 ﬁdes
3163 3579 3325 3651 juste
3355 3577 3647 3646 sententia

1990 3674 2095 3746 [AL
2126 3673 2289 3743 juxta
2320 3669 2698 3739 sententiam]
2729 3667 2964 3724 Domini
2995 3667 3442 3733 condemnatur,
3476 3671 3534 3722 et
3562 3666 3649 3721 di-

1988 3763 2139 3819 citur
2163 3762 2212 3820 ei
2241 3779 2253 3817 :
2286 3762 2433 3826 Quid
2469 3776 2562 3816 me
2612 3762 2848 3831 propter
2892 3756 3125 3813 divitias
3173 3760 3231 3812 et
3256 3755 3455 3812 saeculi
3481 3753 3648 3815 lucra

1989 3853 2155 3924 cupis
2187 3851 2379 3923 sequi,
2410 3865 2544 3905 cum
2577 3853 2750 3904 tantae
2783 3847 2896 3903 sim
2930 3845 3313 3919 paupertatis,
3348 3848 3415 3912 ut
3444 3861 3517 3900 ne
3546 3844 3648 3902 ho-

1990 3941 2292 4014 spitiolum
2324 3939 2560 4012 quidem
2593 3937 2948 4002 habeam,,et
2978 3951 3094 3991 non
3127 3951 3256 3996 meo
3286 3940 3420 3990 utar
3447 3933 3644 3990 tecto?

2063 4032 2246 4103 (Vers.
2280 4031 2396 4097 21.)
2427 4050 2455 4078 ‹‹
2505 4026 2668 4082 Alius
2718 4030 2912 4081 autem
2957 4025 3029 4081 de
3059 4023 3367 4098 discipulis
3403 4022 3542 4104 ejus.
3564 4023 3647 4079 ait

1988 4119 2110 4176 illi:
2148 4119 2409 4183 Domine,
2444 4116 2717 4189 permitte
2747 4130 2841 4169 me
2871 4113 3129 4187 primum
3170 4114 3273 4181 ire,
3306 4116 3362 4168 et
3394 4110 3642 4188 sepelire

1989 4213 2213 4284 patrem
2248 4223 2466 4264 meum.
2502 4227 2529 4255 ››
2561 4203 2710 4269 Quid
2755 4202 2947 4258 simile
2979 4207 3068 4258 est
3110 4202 3263 4258 inter
3290 4201 3554 4258 Scribam
3586 4206 3644 4258 et

1989 4297 2396 4372 discipulum?
2424 4295 2523 4352 Ille
2568 4292 2918 4366 magistrum
2961 4295 3147 4356 vocat,
3199 4287 3294 4345 hic
3325 4289 3639 4364 Dominum

1988 4390 2316 4445 confitetur.
2350 4385 2451 4441 Ille
2482 4389 2719 4457 propter
2753 4381 2984 4458 pietatis
3014 4379 3403 4448 occasionem,
3437 4379 3510 4435 ad
3542 4394 3638 4435 se-

1988 4478 2323 4550 peliendum
2356 4480 2580 4549 patrem
2605 4476 2688 4531 ire
2718 4473 3049 4531 desiderat:
3074 4469 3184 4526 iste
3215 4472 3555 4544 secuturum
3577 4483 3640 4526 se

1988 4568 2250 4641 quolibet
2282 4583 2409 4622 esse
2449 4565 2756 4638 promittit,
2803 4580 2919 4636 non
2969 4559 3320 4634 magistrum
3350 4573 3639 4632 quaerens,

1987 4659 2087 4714 sed
2119 4674 2188 4713 ex
2218 4656 2499 4729 magistro
2528 4655 2782 4711 lucrum.

2055 4747 2242 4820 (Vere.
2273 4747 2388 4817 22.)
2423 4767 2451 4797 ‹‹
2481 4745 2656 4802 Jesus
2700 4747 2894 4799 autem
2942 4739 3024 4796 ait
3052 4738 3179 4796 illi:
3229 4739 3485 4812 Sequere
3524 4753 3641 4804 me,

1987 4842 2044 4892 et
2064 4836 2293 4892 dimitte
2315 4840 2581 4891 mortuos
2603 4832 2847 4906 sepelire
2865 4835 3129 4888 mortuos
3151 4845 3310 4886 suos.
3333 4850 3360 4877 »
3379 4821 3642 4884 Mortuus

1986 4929 2093 4996 est,
2123 4925 2460 4997 quicunque
2493 4939 2608 4978 non
2640 4921 2842 4978 credit.
2884 4920 2942 4974 Si
2988 4923 3183 4974 autem
3217 4921 3517 4973 mortuum
3550 4931 3641 4972 se-

1987 5014 2126 5086 pelit
2158 5018 2445 5080 mortuus,
2473 5029 2587 5069 non
2617 5012 2902 5068 debemus
2928 5025 3129 5065 curam
3151 5006 3367 5063 habere
3388 5011 3644 5062 mortuo-

1985 5121 2140 5173 rum,
2175 5105 2275 5160 sed
2327 5104 2686 5158 viventium:
2740 5117 2812 5157 ne
2861 5100 3003 5155 dum
3050 5096 3282 5154 solliciti
3333 5111 3542 5153 sumus
3566 5095 3639 5151 de

1987 5193 2255 5261 mortuis,
2292 5210 2397 5248 nos
2429 5207 2664 5264 quoque
2694 5188 2910 5246 mortui
2943 5186 3328 5261 appellemur.

2058 5282 2224 5355 (Vcrs
2244 5284 2334 5352 23,
2366 5282 2485 5353 24.)
2519 5304 2546 5331 ‹‹
2578 5282 2648 5336 Et
2676 5279 3024 5337 ascendente
3071 5293 3138 5334 eo
3187 5277 3247 5332 in
3304 5271 3630 5334 naviculam

1985 5371 2170 5429 secuti
2203 5376 2343 5430 sunt
2370 5387 2506 5429 eum
2537 5368 2809 5444 discipuli
2832 5369 2998 5442 ejus:
3035 5371 3093 5424 et
3119 5380 3248 5423 ecce
3270 5366 3465 5419 motus
3513 5375 3635 5417 ma-

1985 5575 2250 5646 quemet
2274 5571 2453 5646 paulo
2511 5569 2781 5642 superius
2837 5579 3090 5624 errorem
3146 5574 3323 5632 pencs
3361 5556 3632 5616 Martian.

1984 5644 2446 5700 emendavimus.

2055 5718 2077 5751 ⁴
2105 5717 2230 5772 Duo
2281 5732 2449 5771 mss..
2509 5721 2620 5770 tota
2663 5711 2831 5769 simul
2874 5706 3068 5776 reddit,
3122 5720 3222 5762 nec
3276 5704 3482 5777 sufﬁcit
3519 5717 3634 5762 esse

1984 5791 2201 5844 tantum
2229 5795 2499 5844 sanatam.
