4182 6568
508 428 658 493 35.

1751 430 1815 496 S.
1862 431 2175 496 EUSEBII
2220 430 2667 499 HIERONYMI

3850 430 3936 497 56

509 583 662 642 gnus
695 564 883 624 factus
911 570 1000 624 est
1031 566 1089 623 in
1129 565 1299 640 mari,
1323 567 1404 624 ita
1437 573 1500 624 ut
1530 567 1795 625 navicula
1833 568 2158 639 operiretur
2189 568 2236 631 Α
2271 583 2596 637 porcorum.
2633 571 2692 624 Et
2729 569 2809 625 ait
2839 567 2952 624 illis
2981 587 2993 625 :
3048 569 3146 624 Ite.
3179 570 3251 625 At
3297 567 3381 625 illi
3431 571 3732 637 exeuntes,
3763 568 3932 628 abie-

509 657 807 714 ﬂuctibus.
844 680 871 707 ››
905 657 1184 724 Quintum
1218 659 1452 730 signum
1505 659 1656 723 fecit,
1692 659 1924 730 quando
1958 673 2156 711 ascen-

507 747 656 803 dens
687 764 891 802 navem
936 748 1005 802 de
1049 748 1486 819 Capharnaum,
1534 747 1719 802 ventis
1769 746 2160 817 imperavitet

511 836 682 892 mari.
743 840 1002 902 Sextum,
1061 837 1296 908 quando
1334 837 1390 891 in
1449 836 1681 908 regione
1735 839 2157 890 Gerasenorum

511 925 674 981 dedit
703 929 1050 996 potestatem
1074 923 1437 978 daemonibus
1461 923 1519 976 in
1554 939 1778 990 porcos.
1814 921 2158 992 Septimum,

515 1014 750 1086 quando
781 1016 874 1068 47
927 1012 1261 1086 ingrediens
1305 1013 1596 1067 civit-atem
1649 1028 1838 1077 suam,
1889 1009 2161 1081 paralyti-

515 1120 651 1161 cum
684 1103 1006 1159 secundum
1063 1102 1287 1158 curavit
1338 1103 1395 1157 in
1455 1101 1664 1156 lectulo
1715 1102 1921 1170 (Matth.
1976 1116 2050 1163 1x,
2082 1100 2159 1168 ﬁ).

517 1193 749 1250 Primus
805 1194 960 1248 enim
1036 1190 1390 1264 paralyticus
1465 1194 1555 1245 est
1607 1206 1751 1261 puer
1806 1187 2162 1243 centurionis

519 1281 725 1355 (Matth.
757 1297 880 1348 vm,
913 1281 990 1352 6).

587 1372 749 1426 Vers.
781 1371 988 1440 211-25.)
1018 1392 1044 1418 ‹‹
1098 1370 1224 1439 Ipse
1274 1384 1406 1422 vero
1457 1365 1802 1421 dormiebat.
1857 1366 1926 1421 Et
1965 1381 2163 1420 acces-

518 1465 721 1516 serunt
769 1460 839 1513 ad
891 1474 1046 1524 eum,
1099 1462 1156 1512 et
1203 1457 1636 1511 suscitaverunt
1683 1471 1816 1510 cum
1868 1454 2162 1509 dicentes:

517 1547 778 1611 Domine,
829 1547 990 1603 salva
1036 1563 1164 1616 nos,
1216 1544 1497 1617 perimus.
1550 1545 1621 1599 Et
1668 1544 1806 1599 dicit
1846 1543 1928 1598 eis
1952 1543 2162 1598 Jesus:

519 1638 666 1704 Quid
699 1635 892 1692 timidi
919 1636 1086 1702 estis,
1119 1635 1360 1690 modica:
1406 1634 1586 1689 ﬁdei?
1621 1658 1646 1682 »
1682 1634 1868 1704 Hujus
1899 1632 2048 1704 signi
2082 1639 2168 1705 ty-

518 1743 661 1800 pum
696 1727 754 1780 in
787 1726 935 1781 Jona
964 1725 1217 1798 legimus
1266 1724 1440 1795 (longe
1486 1741 1524 1790 ι,
1568 1724 1644 1793 5),
1689 1724 1922 1794 quando
1949 1723 2170 1778 caeteris

523 1814 1015 1889 periclitantibus,
1049 1814 1171 1886 ipse
1201 1829 1444 1869 securus
1489 1817 1595 1881 est,
1629 1817 1687 1868 et
1717 1813 1955 1878 dormit,
1987 1817 2043 1866 et
2073 1829 2167 1866 su-

527 1905 814 1961 scitatur:
843 1913 899 1960 et
927 1903 1168 1975 imperio
1195 1919 1259 1958 ac
1293 1906 1656 1958 sacramento
1689 1901 2021 1973 passionnis
2055 1919 2170 1956 suae
2205 1941 2251 2006 Β

525 1993 737 2050 liberat
769 1993 1139 2050 suscitantes.

600 2085 778 2157 (Vers.
800 2084 913 2154 26.)
940 2103 960 2130 τι
977 2084 1138 2138 Tunc
1151 2099 1418 2154 surgens,
1437 2081 1741 2154 imperavit
1758 2081 1943 2134 ventis
1960 2085 2015 2134 et
2030 2079 2174 2134 mari

529 2178 586 2230 et
616 2174 766 2229 facta
795 2177 884 2227 est
910 2171 1302 2243 tranquillitas
1353 2187 1584 2242 magna.
1619 2194 1646 2220 ››
1699 2171 1768 2224 Et
1799 2186 1867 2224 ex
1916 2169 2022 2223 hoc
2053 2168 2175 2223 loco

525 2261 910 2334 intelligimus
942 2262 1095 2333 quod
1128 2276 1332 2316 omnes
1357 2265 1632 2314 creaturae
1666 2258 1919 2314 sentiant
1947 2259 2176 2314 Creato-

526 2369 673 2408 rem.
706 2350 928 2417 Quibus
951 2349 1105 2405 enim
1134 2349 1469 2420 increpatur
1499 2346 1611 2418 [Αἰ.
1647 2364 1793 2419 quas
1816 2346 2174 2418 increpavit],

529 2446 585 2497 et
612 2440 828 2514 quibus
857 2439 1180 2512 imperatur
1228 2439 1332 2507 [Αἰ.
1387 2437 1736 2509 imperavit],
1776 2436 2038 2492 sentiunt
2068 2436 2177 2490 im-

530 2534 870 2603 perantem;
931 2546 1043 2584 non
1103 2545 1295 2583 errore
1353 2527 1778 2592 haereticorum,
1839 2527 1938 2596 qui
1982 2525 2180 2580 omnia

529 2623 741 2692 putant
771 2618 1130 2685 animantia;
1166 2618 1264 2672 sed
1319 2619 1633 2688 magestate
1678 2613 2018 2682 conditoris,
2052 2631 2178 2686 quae

531 2709 686 2781 apud
715 2724 819 2763 nos
846 2706 1212 2762 insensibilia
1243 2708 1256 2740 ¹
1285 2703 1370 2761 illi
1399 2704 1701 2760 sensibilia
1730 2708 1890 2760 sunt.

605 2797 782 2868 (Vers.
813 2797 1025 2868 27-29.)
1054 2819 1081 2846 «
1116 2812 1286 2868 porro
1339 2795 1606 2850 homines
1652 2793 1847 2849 mirati
1899 2798 2057 2862 sunt,
2093 2792 2179 2846 di-

533 2890 726 2942 centes
752 2903 762 2937 :
784 2885 986 2951 Qualis
1017 2890 1104 2940 est
1135 2884 1248 2952 hic,
1270 2885 1408 2956 quia
1426 2883 1580 2938 venti
1613 2887 1670 2938 et
1713 2899 1871 2938 mare
1901 2883 2184 2937 obediunt

536 2975 637 3031 ei?
658 2976 728 3031 Et
748 2991 879 3030 cum
898 2974 1153 3030 venisset
1172 2974 1345 3029 Jesus
1363 2979 1525 3028 trans
1548 2974 1789 3027 fretrum
1809 2971 1866 3025 in
1886 2972 2179 3042 regionem

531 3065 976 3135 Gerasenorum)
1011 3067 1390 3119 occurrerunt
1419 3062 1469 3117 ei
1510 3062 1624 3117 duo
1654 3060 1936 3116 habentes
1968 3061 2181 3114 daemo-

530 3154 649 3219 nia,
684 3154 753 3208 de
786 3152 1188 3209 monumentis
1238 3156 1536 3217 exeuntes,
1589 3150 1722 3205 saavi
1767 3149 1962 3221 nimis,
2011 3150 2090 3204 ita
2121 3152 2188 3204 ut

528 3260 702 3300 nemo
736 3247 934 3315 posset
962 3241 1213 3297 transire
1262 3257 1361 3312 per
1391 3240 1544 3295 viam
1594 3239 1776 3294 illam.
1811 3241 1881 3295 Et
1911 3257 2040 3295 ecce
2073 3239 2184 3294 cla-

2269 662 2408 712 runt
2441 658 2497 712 in
2532 676 2753 730 porcos.
2791 660 2857 714 Et
2901 675 3030 714 ecce
3064 677 3274 730 magno
3321 661 3542 730 impetu
3588 659 3732 714 abiit
3762 665 3931 718 totus

2267 761 2402 816 grex
2429 764 2526 818 per
2545 766 2794 820 praeceps
2827 749 2885 804 in
2921 766 3098 815 mare,
3139 754 3196 804 et
3233 749 3448 804 mortui
3483 753 3622 804 sunt
3646 749 3704 803 in
3729 751 3933 822 aquis.

2271 835 2538 890 Pastores
2564 844 2758 892 autem
2785 840 3057 908 fugerunt
3085 855 3098 904 ;
3123 844 3180 893 et
3198 838 3496 894 venientes
3519 839 3577 893 in
3600 839 3930 909 civitatem,

2272 926 2688 986 nuntiaverunt
2712 927 2828 981 haec
2852 928 3069 992 omnia,
3095 932 3151 982 et
3174 928 3244 982 de
3276 927 3369 982 bis
3392 927 3490 998 qui
3517 927 3805 984 daemonia
3827 928 3934 986 ha-

2271 1013 2538 1069 buerant.
2577 1037 2603 1063 ››
2655 1017 2776 1070 Non
2810 1017 2965 1087 quod
3013 1017 3366 1072 concesserit
3415 1016 3677 1072 Salvator
3706 1019 3927 1074 daemo-

2274 1102 2448 1158 nibus
2480 1107 2632 1175 quod
2688 1106 2984 1176 petebant,
3017 1106 3180 1172 dixit,
3234 1108 3347 1163 ite:
3381 1107 3481 1161 sed
3527 1111 3589 1161 ut
3622 1124 3722 1177 per
3746 1107 3934 1162 inter-

2273 1191 2578 1249 fectionem
2642 1210 2973 1265 porcorum,
3035 1194 3374 1250 hominibus
3435 1194 3644 1251 salutis
3701 1197 3934 1252 occasio

2273 1281 2648 1351 praeberetur.
2683 1284 2952 1338 Pastores
3001 1283 3158 1338 enim
3209 1284 3322 1338 ista
3362 1289 3686 1353 cernentes,
3731 1284 3935 1341 statim

2275 1371 2552 1426 nuntiant
2581 1371 2820 1426 civitati.
2857 1372 3176 1427 Erubescat
3225 1372 3598 1441 Manichacus,
3651 1374 3698 1428 si
3733 1375 3804 1429 de
3835 1391 3941 1430 ca-

2277 1459 2409 1514 dem
2455 1460 2778 1528 subtantia,
2841 1465 2896 1515 et
2949 1477 3018 1516 ex
3075 1462 3278 1517 eodem
3343 1468 3576 1518 auctore
3625 1462 3938 1519 hominum

2278 1548 2722 1621 bestiarumque
2755 1555 2893 1606 sunt
2922 1551 3153 1616 animm,
3187 1552 3479 1622 quomodo
3517 1551 3590 1607 ob
3620 1553 3796 1607 unius
3827 1551 3939 1608 ho-

2281 1637 2458 1692 minis
2485 1639 2756 1706 salutem,
2793 1640 2906 1694 duo
2939 1639 3121 1694 millia
3171 1657 3480 1711 porcorum
3525 1641 3943 1696 suﬁ'ocantur?

2355 1727 2538 1795 (Vers.
2575 1729 2687 1799 34.)
2722 1752 2748 1776 ‹‹
2813 1733 2882 1783 Et
2910 1745 3040 1783 cccc
3099 1736 3218 1783 tota
3273 1729 3476 1785 civitas
3523 1731 3662 1786 exiit
3703 1731 3938 1786 obviam

2281 1817 2439 1885 Jesu,
2461 1821 2516 1871 et
2540 1817 2660 1871 viso
2683 1833 2770 1886 eo,
2795 1818 3080 1888 rogabant
3101 1835 3256 1883 eum,
3284 1824 3347 1872 ut
3365 1820 3640 1875 transiret
3663 1836 3696 1874 a
3717 1819 3941 1876 ﬁnibus

2283 1920 2507 1960 eorum.
2537 1928 2562 1954 ‹‹
2589 1907 2750 1971 Quod
2786 1911 2992 1978 rogant
3020 1911 3084 1962 ut
3114 1912 3374 1962 transeat
3405 1925 3439 1963 a
3470 1908 3688 1963 ﬁnibus
3711 1925 3945 1979 eorum,

2285 2011 2398 2048 non
2432 1995 2502 2050 de
2559 1995 2833 2066 superbia
2889 1995 2998 2050 hoc
3057 1997 3298 2062 faciunt,
3351 2001 3414 2052 ut
3471 1997 3738 2053 nonnulli
3779 1998 3942 2053 arbi-

2283 2089 2536 2155 trantur,
2569 2085 2670 2140 sed
2695 2085 2766 2139 de
2789 2084 3119 2140 humilitate
3147 2102 3263 2156 qua
3285 2103 3344 2141 se
3367 2087 3674 2158 prasentia
3704 2087 3948 2144 Domini

2286 2173 2557 2245 indignos
2608 2174 2974 2244 judicabant,
3038 2175 3192 2230 sicut
3245 2180 3301 2230 et
3361 2176 3560 2230 Petrus
3606 2176 3665 2231 in
3697 2181 3949 2247 captura

2286 2262 2536 2333 piscium
2566 2263 2779 2318 cadens
2811 2264 2882 2318 ad
2915 2280 3107 2335 genua
3156 2263 3494 2331 Salvatoris,
3540 2265 3656 2320 ait:
3700 2288 3727 2316 «
3776 2265 3877 2321 Exi
3910 2283 3950 2323 α

2289 2369 2401 2416 me,
2434 2351 2696 2418 Domine,
2732 2353 2866 2421 quia
2898 2352 2983 2407 vir
3029 2358 3299 2426 peccator
3347 2370 3478 2408 sum
3517 2376 3544 2403 ››
3596 2355 3742 2426 (Luc.
3775 2373 3829 2420 v,
3863 2358 3949 2424 8).

2358 2441 2520 2512 (Cap.
2574 2441 2660 2496 ΙΧ.
2699 2473 2765 2480 -
2799 2441 2957 2498 Vers.
2996 2444 3044 2506 1,
3095 2443 3174 2512 2.)
3229 2465 3256 2493 ‹‹
3288 2443 3356 2497 Et
3401 2444 3721 2499 ascendens
3766 2443 3950 2501 Jesus

2288 2530 2347 2584 in
2399 2529 2725 2586 naviculam
2778 2531 3195 2596 transfretavit,
3247 2535 3303 2585 et
3333 2531 3489 2585 venit
3547 2531 3604 2586 in
3651 2532 3948 2588 civitatem

2289 2636 2479 2674 suam.
2510 2619 2579 2674 Et
2609 2636 2739 2674 ecce
2770 2619 3089 2674 oﬂ‘erebant
3136 2620 3186 2674 ei
3235 2619 3617 2692 paralyticum
3645 2623 3949 2692 jacentem

2289 2709 2348 2763 in
2381 2707 2549 2762 lecto.
2579 2707 2799 2764 Videns
2831 2715 3027 2764 autem
3075 2713 3248 2764 Jesus
3304 2711 3477 2764 ﬁdem
3510 2709 3765 2781 illorum,
3801 2711 3956 2768 dixit

2291 2796 2648 2870 paralytico:
2697 2797 2956 2864 Conﬁdo,
2993 2797 3093 2862 ﬁli,
3150 2799 3533 2854 remittuntur
3572 2800 3675 2854 tibi
3708 2805 3951 2871 peccata

2293 2892 2414 2941 tua.
2451 2908 2478 2933 »
2510 2885 2810 2940 Civitatem
2844 2887 2971 2956 ejus
3006 2904 3119 2942 non
3139 2887 3312 2943 aliam
3348 2887 3730 2960 intelligimus
3760 2906 3945 2960 quam

2298 2974 2764 3044 Nazareth,unde
2793 2980 2849 3030 et
2878 2975 3185 3032 Nazarams
3215 2976 3542 3049 appellatus
3572 2982 3679 3033 est.
3713 2978 3950 3034 Obtule-

2292 3069 2431 3118 runt
2461 3069 2655 3118 autem
2689 3064 2761 3131 ei,
2795 3069 2857 3118 ut
2884 3082 3077 3136 supra
3117 3066 3392 3132 diximus,
3426 3067 3750 3122 secundum
3783 3083 3956 3137 para-

2292 3152 2533 3224 lyticum
2558 3154 2852 3224 jacentem
2884 3152 2941 3207 in
2977 3153 3208 3221 lectulo,
3243 3155 3381 3227 quia
3412 3155 3536 3227 ipse
3573 3155 3795 3227 ingredi
3829 3173 3952 3212 non

2291 3241 2538 3297 valebat.
2571 3241 2788 3299 Videns
2836 3247 3030 3298 autem
3079 3244 3252 3300 Jesus
3302 3262 3415 3299 non
3467 3246 3595 3316 ejus
3642 3245 3816 3300 ﬁdem
3851 3246 3958 3317 qui

527 3335 836 3388 maverunt
862 3332 1141 3385 dicentes.
1180 3353 1205 3377 »
1237 3331 1362 3384 Non
1413 3329 1707 3401 discipuli,
1757 3330 1857 3384 sed
1901 3334 2087 3384 nauta:
2121 3315 2250 3385 etC
2292 3332 2661 3402 offerebatur,
2693 3333 2793 3386 sed
2840 3349 3042 3387 eorum
3084 3333 3182 3404 qui
3215 3315 3553 3402 offerebant,
3612 3333 3758 3388 dixit
3789 3315 3958 3406 parn-

525 3421 716 3478 caeteri
748 3420 848 3492 qui
880 3419 938 3474 in
974 3419 1101 3475 navi
1151 3424 1337 3489 erant,
1399 3419 1784 3475 mirabantur.
1837 3419 1932 3474 Sin
1985 3423 2178 3474 autem

530 3510 665 3584 quis
687 3509 1046 3566 contentiosa
1067 3508 1312 3565 voluerit
1333 3526 1429 3564 eos
1457 3509 1555 3580 qui
1589 3509 1975 3580 mirabantur,
2003 3510 2182 3566 fuisse

529 3599 1372 3671 discipulos,respondebimus
1387 3603 1541 3654 recte
1554 3599 1822 3654 homines
1836 3598 2177 3670 appellatos,

534 3687 633 3758 qui
668 3690 916 3742 necdum
951 3691 1231 3741 noverant
1261 3687 1580 3756 potentiam
1608 3685 1938 3740 Salvatoris.

610 3774 794 3846 (Vers.
826 3775 1046 3846 29-31.)
1083 3797 1103 3824 α
1141 3774 1286 3838 Quid
1316 3775 1484 3829 nobis
1509 3779 1566 3829 et
1595 3774 1722 3842 tibi,
1747 3775 1884 3829 Jesu
1908 3773 2012 3828 Fili
2038 3774 2182 3829 Dei?

538 3864 755 3920 Venisti
787 3863 903 3919 huc
934 3868 1066 3919 ante
1093 3869 1326 3935 tempus
1357 3868 1628 3935 torquere
1662 3880 1786 3919 nos.
1823 3863 1956 3918 Erat
1986 3867 2180 3918 autem

534 3971 648 4009 non
671 3952 839 4027 longe
857 3954 929 4008 ab
951 3951 1069 4009 illis
1086 3969 1224 4024 grex
1240 3968 1547 4024 porcorum
1572 3951 1890 4007 multorum
1912 3968 2178 4024 pascens.

532 4043 838 4099 Daemones
888 4046 1084 4097 autem
1133 4041 1414 4114 rogabant
1461 4058 1616 4110 eum,
1670 4041 2014 4098 dicentes.»
2056 4040 2180 4096 Non

527 4131 843 4188 voluntatis
875 4132 987 4187 ista
1036 4130 1322 4187 confessio
1372 4135 1480 4200 est,
1523 4148 1696 4203 quam
1754 4130 2059 4202 praemium
2092 4145 2181 4183 se-

528 4221 729 4296 quitur
776 4221 1107 4277 conﬁtentis
1164 4222 1260 4277 sed
1316 4219 1682 4277 necessitatis
1732 4219 2004 4287 cxtorsio,
2052 4235 2180 4290 qua:

528 4312 684 4385 cogit
715 4312 945 4381 invitos,
998 4309 1158 4367 velut
1203 4310 1251 4364 si
1301 4309 1452 4365 servi
1484 4307 1711 4380 fugitivi
1766 4311 1896 4380 post
1929 4307 2181 4362 multum

527 4400 810 4472 temporis
842 4394 1147 4454 dominum
1191 4414 1365 4453 suum
1408 4397 1663 4462 videant,
1698 4396 1843 4451 nihil
1877 4396 2036 4451 aliud
2071 4395 2183 4452 nisi

532 4490 603 4543 de
634 4487 973 4542 verberibus
1022 4488 1428 4559 deprecantur.
1480 4484 1574 4541 Sic
1623 4491 1678 4541 et
1723 4487 2016 4540 daemones
2059 4502 2180 4540 cer-

532 4580 739 4632 nentes
770 4576 1085 4632 Dominum
1113 4575 1171 4629 in
1203 4575 1375 4630 terris
1399 4579 1632 4648 repente
1663 4575 1900 4645 versari,
1931 4575 2000 4628 ad
2027 4574 2185 4645 judi-

2291 3419 2503 3492 lytico:
2557 3420 2794 3490 Conﬁde,
2843 3421 2955 3492 ﬁli,
3015 3425 3376 3478 remittuntur
3423 3424 3527 3478 tibi
3571 3427 3788 3494 peccata
3833 3431 3953 3480 tua.

2289 3509 2333 3565 Ο
2367 3510 2515 3565 mira
2546 3510 2874 3577 humilitas,
2908 3512 3248 3584 despectum
3296 3516 3354 3566 et
3384 3512 3658 3581 debilem,
3695 3512 3955 3584 totisque

2289 3600 2691 3654 membrorum
2725 3600 3110 3671 compagibus
3143 3599 3522 3664 dissolutum,
3545 3601 3729 3667 ﬁlium
3757 3605 3951 3671 vocat,

2291 3703 2466 3758 quem
2501 3687 2829 3742 sacerdotes
2875 3703 2989 3741 non
3046 3685 3443 3757 dignabantur
3493 3687 3794 3759 attingere.
3831 3695 3954 3747 Aut

2291 3779 2447 3830 certe
2502 3775 2630 3828 ideo
2687 3775 2890 3844 ﬁlium,
2951 3772 3092 3844 quia
3165 3773 3544 3829 dimittuntur
3600 3776 3651 3830 ei
3710 3782 3953 3848 peccata

2291 3879 2419 3918 sua.
2477 3863 2653 3918 Juxta
2709 3861 3095 3934 tropologiam
3155 3862 3447 3917 interdum
3509 3865 3709 3920 anima
3738 3867 3953 3937 jacens

2292 3953 2350 4007 in
2385 3968 2624 4024 corpore
2672 3967 2799 4016 suo,
2850 3951 2990 4005 totis
3039 3951 3437 4007 membrorum
3477 3951 3793 4010 virtutibus
3823 3955 3952 4011 dis-

2293 4041 2525 4107 solutis,
2576 4058 2610 4095 a
2660 4042 2911 4113 perfecto
2959 4041 3191 4096 doctore
3241 4041 3482 4097 offertur
3527 4043 3788 4099 curanda
3831 4047 3952 4100 Do-

2296 4129 2474 4201 mino,
2508 4132 2609 4186 49
2641 4147 2768 4201 quae
2801 4129 2848 4185 si
2895 4129 3295 4185 misericordia
3343 4131 3472 4202 ejus
3517 4135 3723 4186 sanata
3750 4131 3952 4204 fuerit,

2296 4223 2525 4276 tantum
2561 4219 2785 4275 roboris
2823 4219 3050 4291 accipit,
3100 4225 3166 4275 ut
3217 4225 3406 4292 portet
3436 4220 3631 4276 statim
3663 4219 3950 4279 lectulum

2298 4326 2493 4366 suum.

2363 4397 2545 4468 (Vers.
2576 4399 2629 4464 3,
2667 4398 2741 4467 4.)
2776 4421 2804 4446 ‹‹
2859 4399 2921 4452 Et
2950 4415 3080 4454 ecce
3130 4397 3370 4470 quidam
3422 4399 3491 4453 de
3528 4393 3754 4454 Scribis
3783 4399 3948 4456 dixe-

2291 4491 2430 4542 runt
2461 4487 2613 4542 intra
2644 4504 2742 4543 se:
2789 4487 2890 4542 Hic
2947 4486 3335 4559 blasphemat.
3400 4487 3463 4542 Et
3522 4503 3657 4542 cum
3701 4487 3951 4544 vidisset

2289 4576 2461 4632 Jesus
2493 4576 2878 4649 cogitationes
2919 4591 3120 4630 eorum
3172 4576 3354 4631 dixit:
3408 4575 3623 4647 thuid
3672 4577 3949 4649 cogitatis

533 4666 753 4721 candos
785 4680 844 4719 se
873 4664 1102 4720 venisse
1132 4665 1465 4720 credebant.
1503 4663 1814 4720 Praesentia
1843 4663 2178 4719 Salvatoris.
2211 4681 2257 4745 D
2293 4665 2446 4720 mala
2473 4663 2529 4719 in
2561 4665 2836 4720 cordibus
2866 4665 3074 4720 vestris
3097 4664 3125 4719 *ἲ
3156 4687 3183 4714 ‹‹
3230 4664 3504 4736 Legimus
3543 4664 3604 4719 in
3638 4664 3948 4737 propheta,

531 4759 824 4810 tormenta
852 4759 990 4810 sunt
1018 4755 1371 4809 dazmonum.
1407 4752 1783 4824 Ridiculequc
1815 4756 2021 4824 putant
2050 4753 2178 4825 qui-

532 4845 690 4909 dam,
725 4845 1017 4900 dzemones
1043 4844 1190 4898 scire
1240 4842 1452 4898 Filium
1489 4842 1605 4923 Dei,
1658 4847 1716 4896 et
1763 4841 2060 4897 diabolum
2093 4842 2176 4915 ig-

530 4949 777 5001 norare;
812 4949 876 4988 eo
900 4933 1052 5004 quod
1084 4931 1328 4987 minoris
1351 4931 1584 4986 malitiae
1616 4930 1732 4986 sint
1756 4931 1852 4985 isti
1884 4948 2059 5002 quam
2082 4931 2180 4988 ille

531 5023 700 5095 cujus
733 5021 1014 5078 satellites
1048 5026 1204 5077 sunt.
1236 5023 1380 5077 Cum
1414 5020 1605 5076 omnis
1647 5019 1890 5075 scientia
1921 5021 2177 5092 discipu-

527 5113 719 5168 lorum
755 5113 826 5167 ad
860 5111 1209 5183 magistrum
1263 5109 1564 5164 referenda
1612 5110 1711 5176 sit,
1741 5113 1796 5164 et
1822 5115 1940 5164 tam
1973 5110 2180 5165 dzemo-

527 5219 654 5268 nes,
687 5217 865 5274 quam
914 5199 1183 5254 diabolus
1232 5198 1520 5271 suspicari
1571 5198 1758 5271 magis
1810 5198 2018 5253 Filium
2052 5199 2174 5264 Dei,

526 5292 628 5349 48
661 5307 837 5364 quam
872 5304 1044 5344 nosse
1089 5285 1452 5359 intelligendi
1496 5292 1635 5342 sunt
1685 5288 1788 5358 [AL
1823 5287 1982 5358 sint].
2016 5288 2178 5343 Nemo

527 5383 679 5435 enim
737 5382 954 5435 Patrem
992 5378 1164 5445 novit,
1226 5378 1340 5431 nisi
1399 5377 1623 5436 Filius’
1656 5381 1748 5449 ,εἰ
1802 5379 1890 5433 cui
1945 5378 2180 5432 voluerit

525 5468 702 5522 Filius
733 5468 977 5523 revelare
1011 5465 1209 5536 (Matth
1237 5482 1313 5529 x1,
1348 5467 1458 5536 27).

601 5555 785 5626 (Vers.
819 5556 1035 5625 31-33.)
1061 5577 1087 5604 «
1113 5554 1169 5608 Si
1196 5555 1356 5626 ejicis
1383 5573 1508 5624 nos,
1533 5555 1700 5611 mitte
1729 5572 1837 5611 nos
1858 5554 1918 5610 in
1940 5569 2176 5627 gregem

599 5697 615 5730 ¹
647 5696 884 5769 Addunt
909 5698 1145 5769 quidam
1180 5715 1320 5755 mss.
1349 5701 1644 5756 sensibilia
1671 5714 1829 5764 esse;
1872 5696 1969 5751 alii
2002 5712 2177 5751 econ-

527 5767 705 5825 trario
740 5767 1086 5826 imm-sibilia
1115 5787 1248 5828 esse.

2288 4755 2578 4810 dicentem
2612 4755 2795 4810 Deum
2825 4770 2836 4808 :
2872 4755 2981 4823 Ego
3010 4771 3133 4808 sum
3173 4756 3270 4826 qui
3298 4753 3446 4809 deleo
3474 4755 3796 4825 iniquitates
3823 4759 3951 4811 tua:

2289 4845 2415 4915 (lsa.
2450 4861 2611 4911 mn,
2668 4845 2782 4912 25).
2845 4846 3282 4914 Consequenter
3336 4858 3471 4914 ergo
3529 4843 3764 4907 Scribe,
3809 4844 3951 4914 quia

2288 4932 2586 4988 hominem
2619 4933 2922 5005 putabant,
2949 4937 3005 4987 et
3035 4932 3210 4987 verba
3245 4931 3339 4987 Dei
3362 4948 3477 4987 non
3518 4931 3944 5004 intelligebant,

2287 5027 2543 5095 arguunt
2574 5039 2708 5078 eum
2739 5021 3140 5093 blasphemiae.
3177 5021 3288 5077 Sed
3315 5020 3592 5077 dominus
3625 5021 3831 5078 videns
3851 5038 3948 5078 co-

2287 5112 2600 5184 gitationes
2633 5128 2856 5180 eorum,
2918 5111 3175 5167 ostendit
3231 5125 3294 5166 se
3352 5109 3560 5177 Deum,
3619 5109 3718 5181 qui
3761 5110 3949 5184 possit

2287 5201 2480 5256 cordis
2512 5200 2741 5256 occulta
2771 5216 3140 5272 cognoscere,
3193 5204 3248 5256 et
3279 5199 3713 5272 quodammodo
3744 5203 3946 5256 tacens

2286 5289 2586 5360 loquitur:
2621 5289 2834 5344 Eadem
2878 5290 3184 5359 majestate
3233 5292 3289 5343 et
3335 5286 3592 5360 potentia
3643 5304 3758 5360 qua
3787 5287 3945 5361 cogi-

2285 5377 2539 5433 tationes
2591 5381 2816 5433 vestras
2874 5377 3123 5444 intueor,
3175 5393 3418 5449 possum
3479 5381 3535 5433 et
3601 5376 3946 5435 hominibus

2286 5470 2522 5536 peccata
2551 5465 2861 5522 dimittere.
2913 5467 2995 5521 Ex
3035 5467 3200 5522 vobis
3245 5464 3555 5538 intclligite
3601 5466 3740 5540 quid
3772 5482 3944 5538 para-

2285 5553 2497 5625 lyticus
2528 5558 2944 5625 consequatur.

2356 5698 2378 5730 ²
2410 5697 2774 5769 Interserunt
2798 5695 2913 5750 duo
2945 5693 3125 5751 Palat.
3161 5712 3304 5752 mss.
3340 5698 3490 5754 sacri
3524 5701 3718 5755 textus
3742 5698 3942 5769 verba,

2287 5783 2462 5840 neque
2493 5765 2705 5823 Filium
2733 5770 2859 5840 quis
2889 5769 3057 5835 novit,
3084 5770 3198 5825 nisi
3214 5775 3405 5827 Pater.
3870 5843 3892 5873 O
