4182 6570
241 437 323 505 δι
799 439 1323 508 COMMENTAR.
1365 446 1449 508 IN
1493 437 1889 510 EVANGEL]

2004 443 2018 507 l
2060 439 2442 508 ΜΛΤΤΗιΕΙ
2484 441 2640 510 LIB.
2685 443 2737 506 Ῑ.
2781 443 2953 507 CAP.
2997 441 3105 507 IX.
3581 437 3664 505 58

313 575 503 648 (Vers.
535 576 686 650 5,6.)
719 600 748 630 ‹‹
773 577 919 642 Quid
947 583 1036 635 est
1058 579 1289 636 facilius
1321 581 1548 636 dicere:
1583 582 1900 636 dimittun-
1932 583 1984 646 Α
2018 580 2085 634 Et
2142 580 2404 634 videntes
2465 578 2760 646 Pharisaei,
2810 577 3082 634 dicebant
3136 576 3441 650 discipulis
3490 577 3658 650 ejus:

239 669 342 723 tur
370 666 472 723 tibi
507 672 743 739 peccata
774 672 914 735 tua;
951 685 1024 723 an
1057 669 1250 725 dicere
1277 687 1288 724 :
1326 670 1899 742 surgeaetﬁmbula?

245 756 319 813 Ut
349 762 544 812 autem
576 757 798 828 sciatis,
833 758 972 830 quia
1015 758 1196 814 Filius
1245 759 1502 815 hominis
1534 760 1706 816 habet
1738 768 1898 832 pote-

242 851 455 903 atatem
487 846 544 902 in
579 852 734 903 terra
765 847 1098 904 dimittendi
1134 855 1536 921 peecata,tunc
1558 850 1638 906 ait
1670 851 1898 924 paraly-

246 935 381 992 tico.
424 958 452 986 ››
487 937 641 992 Inter
670 937 882 1005 dicere,
917 943 972 993 et
1020 938 1226 1005 Iacere,
1261 939 1448 996 multa
1475 939 1753 996 distantia
1783 953 1892 997 est.

242 1025 452 1082 Utrum
484 1026 602 1082 sint
624 1027 940 1100 paralytico
962 1033 1201 1100 peccata
1239 1028 1504 1095 dimissa,
1537 1029 1698 1085 solus
1729 1047 1895 1086 nove-

239 1119 350 1181 rat,
386 1115 486 1186 qui
519 1115 1064 1190 dimittebat.Surge
1091 1122 1286 1173 autem
1319 1123 1376 1173 et
1403 1119 1774 1188 ambula,tam
1797 1119 1896 1174 ille

239 1205 342 1276 qui
375 1206 771 1277 consurgebat
803 1222 983 1278 quam
1016 1207 1074 1261 hi
1126 1206 1224 1278 qui
1258 1215 1710 1279 consurgentem
1736 1208 1893 1264 vide-

233 1293 400 1363 bant,
432 1295 760 1366 approbare
778 1296 1165 1367 poterant.Fit
1186 1295 1364 1367 igitur
1385 1297 1616 1353 carnale
1634 1297 1892 1369 signum,

233 1387 298 1436 ut
327 1384 613 1454 probetur
634 1383 961 1455 spirituale,
990 1400 1331 1456 quanquam
1362 1386 1627 1456 ejusdem
1660 1386 1894 1442 virtutis

237 1471 332 1542 sit,
370 1477 432 1528 et
462 1473 724 1544 corporis
752 1477 808 1529 et
840 1474 1048 1529 animas
1093 1473 1232 1530 vitia
1281 1474 1592 1530 dimittere.
1627 1475 1696 1528 Et
1722 1475 1895 1530 datur

234 1561 412 1618 nobis
441 1560 848 1635 intelligentia,
881 1568 1118 1634 propter
1174 1568 1411 1635 peccata
1440 1564 1750 1635 plerasque
1783 1564 1888 1634 [AL

233 1651 558 1724 plerisque]
585 1651 815 1707 evenire
846 1668 1158 1723 corporum
1192 1652 1543 1708 debilitates.
1579 1653 1645 1706 Et
1674 1651 1890 1708 idcirco

235 1740 435 1796 forsan
469 1741 851 1796 dimittuntur
882 1741 1045 1814 prius
1078 1747 1317 1813 peccata
1335 1747 1437 1798 tua
1462 1743 1716 1808 [Atiacct
1747 1742 1888 1813 tua],

230 1833 297 1886 ut
326 1831 524 1886 causis
551 1830 872 1887 debilitatis
903 1832 1139 1900 ablatis,
1175 1832 1398 1888 sanitas
1429 1832 1794 1887 restituatur.

301 1955 493 2026 (Vers.
525 1955 664 2025 6-8.)
698 1977 726 2006 «
760 1956 965 2029 Surge,
1003 1955 1138 2012 tolle
1184 1956 1398 2012 lectum
1431 1961 1626 2022 tuum,
1660 1961 1716 2012 et
1748 1957 1892 2013 vade
1921 1959 1968 2024 B

231 2043 290 2099 in
325 2045 571 2100 domum
607 2049 789 2100 tuam.
827 2046 892 2100 Et
952 2046 1224 2116 surrexit,
1253 2051 1310 2101 et
1366 2046 1513 2101 abiit
1553 2046 1610 2099 in
1645 2047 1889 2101 domum

228 2149 424 2190 suam.
460 2133 732 2190 Videntes
765 2139 962 2190 autem
996 2136 1200 2202 turbae,
1229 2135 1558 2190 timuerunt
1592 2139 1648 2190 et
1677 2134 1892 2207 glorifi-

228 2227 507 2278 caverunt
536 2222 742 2289 Deum,
775 2223 876 2294 qui
911 2223 1070 2279 dedit
1100 2227 1447 2295 potestatem
1490 2223 1666 2279 talem
1701 2224 1889 2279 homi-

226 2312 426 2368 nibus.
461 2332 490 2360 »
523 2312 591 2366 Et
619 2312 819 2367 anima
852 2311 1174 2384 paralytica
1197 2313 1243 2368 si
1269 2313 1661 2380 surrexerit,si
1696 2313 1891 2386 pristi-

232 2417 372 2457 num
408 2401 590 2457 robur
638 2402 1086 2474 recuperaverit,
1121 2407 1315 2474 portat
1361 2401 1577 2458 lectum
1619 2420 1794 2460 suum
1827 2403 1887 2459 in

230 2491 474 2547 domum
503 2490 790 2548 virtutum
833 2507 1098 2548 suarum.

299 2608 488 2679 (Vers.
517 2608 596 2677 9.)
631 2630 657 2657 ‹‹
694 2608 764 2663 Et
814 2624 950 2663 cum
1007 2607 1287 2663 transiret
1335 2607 1470 2663 inde
1522 2609 1712 2677 Jesus,
1745 2609 1892 2666 vidit

227 2697 530 2754 hominem
565 2697 867 2753 sedentem
899 2697 958 2752 in
991 2697 1229 2765 telonio,
1264 2697 1602 2754 Matthzeum
1627 2699 1887 2756 nomine.

227 2787 297 2844 Et
324 2787 407 2844 ait
442 2786 564 2842 illi:
601 2787 855 2859 Sequere
909 2803 1020 2842 me.
1083 2787 1152 2842 Et
1200 2805 1450 2860 surgens
1510 2795 1748 2846 secutus
1801 2794 1891 2846 est

228 2892 382 2932 eum.
418 2898 448 2926 ››
471 2877 670 2932 Caeteri
705 2875 1075 2949 evangelista:
1123 2882 1357 2950 propter
1383 2879 1792 2934 verecundiam
1835 2884 1892 2935 et

229 2965 514 3022 honorem
549 2965 1148 3036 Mattheimoluerunt
1169 2983 1303 3022 eum
1335 2967 1572 3023 nomine
1593 2969 1890 3040 appellare

231 3055 491 3129 vulgato,
525 3056 624 3111 sed
659 3056 952 3125 dixerunt,
987 3056 1120 3112 Levi
1151 3074 1163 3111 :
1199 3055 1419 3128 duplici
1468 3057 1685 3130 quippe
1725 3077 1888 3114 voca-

230 3145 366 3202 bulo
417 3145 549 3200 fuit.
587 3147 720 3218 Ipse
762 3151 956 3201 autem
1002 3145 1329 3213 Mattbaaus,
1382 3148 1708 3205 secundum
1743 3150 1888 3205 illud

233 3235 386 3308 quod
405 3235 509 3292 50
525 3252 559 3291 a
579 3234 890 3292 Salomone
913 3235 1366 3308 prazcipituth.
1393 3235 1571 3292 dicitu
1583 3238 1668 3309 r]:
1700 3241 1889 3295 Justus

227 3329 517 3382 accusator
540 3329 617 3379 est
646 3326 737 3379 sui
782 3326 844 3379 in
885 3325 1164 3397 principio
1211 3327 1480 3382 sermonis
1510 3328 1693 3398 (Prov.
1727 3345 1885 3396 xvm,
1921 3335 1965 3402 ς

235 3414 344 3485 17).
375 3413 443 3468 Et
471 3413 531 3468 in
563 3413 680 3469 alio
705 3412 870 3468 loco:
909 3415 1009 3468 Dic
1053 3417 1116 3467 tu
1141 3418 1364 3485 peccata
1395 3423 1509 3483 tua,
1543 3425 1604 3472 ut
1624 3417 1892 3488 justifice-

231 3503 309 3559 ris
340 3503 472 3573 (Isa.
523 3518 683 3571 XLIII,
732 3500 848 3572 26).
892 3501 1229 3557 Matthaeum
1291 3521 1352 3559 se
1402 3508 1458 3560 et
1513 3505 1888 3576 publicanum

233 3591 524 3656 nominat,
567 3594 631 3645 ut
687 3590 962 3645 ostendat
1007 3589 1360 3662 legentibus,
1402 3592 1633 3649 nullum
1684 3595 1893 3652 debere

233 3679 486 3737 salutem
537 3680 868 3752 desperare,
903 3680 951 3734 si
1001 3681 1073 3734 ad
1132 3679 1374 3736 meliora
1425 3699 1740 3740 conversus
1774 3685 1888 3753 sit;

236 3785 366 3824 cum
395 3769 520 3842 ipse
569 3769 642 3823 de
669 3766 982 3840 publicano
1042 3767 1101 3823 in
1157 3769 1487 3840 apostolum
1547 3771 1625 3829 sit
1655 3779 1891 3846 repente

239 3863 520 3914 mutatus.
552 3856 761 3929 Arguit
789 3855 849 3912 in
881 3857 988 3913 hoc
1012 3855 1136 3912 loco
1160 3857 1517 3932 Porphyrius
1541 3865 1598 3915 et
1617 3861 1891 3920 Julianus

236 3951 560 4020 Augustus,
593 3945 682 4003 vel
711 3945 1068 4018 imperitiam
1110 3946 1375 4004 historici
1407 3950 1770 4020 mentientis,
1802 3952 1889 4008 vel

235 4035 544 4092 stultitiam
567 4052 769 4092 eorum
801 4035 902 4106 qui
926 4035 1126 4090 statim
1152 4037 1338 4092 secuti
1363 4038 1484 4094 sint
1505 4038 1886 4110 Salvatorem,

238 4125 405 4197 quasi
428 4124 907 4182 irrationabiliter
925 4125 1252 4197 quemlibet
1265 4132 1567 4184 vocantem
1587 4129 1887 4187 hominem

235 4213 352 4269 sint
373 4214 720 4280 secuti,cum
753 4219 928 4270 tantae
955 4214 1512 4289 virtutes,tantaque
1543 4219 1713 4292 signa
1745 4238 1887 4293 prae-

239 4303 676 4376 cesserint,quaa
691 4303 986 4376 apostolos
1009 4309 1324 4376 antequam
1342 4307 1890 4376 erederent,vidisse

239 4408 350 4448 non
372 4392 620 4449 dubium
643 4395 751 4448 est.
785 4392 948 4449 Certe
972 4393 1164 4466 fulgor
1184 4394 1330 4466 ipse,
1356 4399 1413 4451 et
1444 4397 1724 4468 majestas
1747 4399 1889 4454 divi-

240 4481 435 4539 nitatis
466 4481 729 4553 occultae,
764 4499 889 4554 qua;
919 4483 1098 4540 etiam
1131 4483 1191 4538 in
1231 4483 1493 4541 humana
1539 4486 1686 4543 facie
1726 4487 1888 4543 relu-

241 4571 458 4638 cebat‘,
491 4589 560 4629 ex
581 4572 772 4645 primo
812 4573 884 4628 ad
944 4587 1007 4629 se
1063 4572 1331 4630 videntes
1382 4574 1616 4631 trahere
1664 4581 1889 4648 poterat

239 4665 494 4731 aspectu.
527 4661 584 4716 Si
627 4661 784 4716 enim
825 4661 885 4716 in
937 4667 1206 4735 magnete
1266 4661 1458 4735 lapide
1515 4669 1571 4720 et
1629 4667 1886 4723 succinis

242 4746 357 4804 htec
401 4765 529 4806 esse
558 4750 649 4806 vis
681 4750 917 4817 dicitur,
952 4755 1016 4806 ut
1065 4751 1334 4822 annulos,
1387 4757 1446 4808 et
1499 4753 1802 4825 stipulam,
1831 4760 1888 4812 et

238 4835 487 4898 festucas
533 4840 646 4896 sibi
714 4839 1010 4913 copulent,
1071 4846 1288 4912 quanto
1355 4842 1543 4916 magis
1603 4843 1884 4900 Dominus

241 4930 496 4986 omnium
537 4933 939 4987 creaturarum
970 4931 1041 4986 ad
1091 4947 1153 4986 se
1193 4930 1423 4988 trahere
1452 4937 1701 5005 poterat,
1735 4951 1884 5006 quos

240 5015 455 5075 volebat
473 5020 502 5074 ?

305 5133 486 5203 (Vers.
523 5137 730 5209 10-13.)
765 5160 785 5186 ι
839 5138 910 5193 Et
953 5136 1173 5194 factum
1233 5142 1345 5206 est,
1377 5138 1781 5196 discumbente
1814 5157 1880 5197 eo

240 5218 300 5276 in
319 5222 508 5296 domo,
537 5243 668 5284 ecce
719 5225 894 5283 multi
950 5225 1253 5298 publicani
1301 5232 1360 5283 et
1405 5234 1740 5300 peccatores
1779 5246 1879 5286 ve-

239 5307 946 5382 nientes,discumbebant
974 5330 1109 5370 cum
1133 5315 1166 5371 J
1173 5330 1275 5372 esu
1309 5320 1365 5371 et
1394 5316 1703 5390 discipulis
1725 5318 1875 5390 ejus.

307 5436 456 5526 {His
489 5441 720 5526 gemina
736 5446 1056 5526 cantuque
1088 5441 1266 5498 habet
1284 5442 1448 5526 infra
1477 5443 1536 5499 in
1580 5460 1707 5526 cap.
1739 5461 1835 5501 xxI
1863 5470 1879 5514 ;

241 5520 303 5562 sx
330 5509 542 5580 quibus
569 5517 765 5590 tamen
797 5509 1182 5590 colligasmon
1209 5514 1577 5590 existimasse
1607 5509 1879 5590 Hierony;

243 5579 420 5665 mum,
434 5585 750 5665 proprium
771 5579 987 5665 Christi
1019 5579 1280 5665 corporis
1339 5586 1495 5665 i_st_ud
1552 5579 1873 5665 exstitisse,

243 5663 304 5704 ac
333 5657 589 5732 nativum
619 5658 825 5732 decus,
854 5657 957 5714 sed
990 5658 1316 5732 maiestatis
1345 5659 1630 5732 fulgorem
1663 5661 1733 5715 ad
1766 5657 1872 5716 ali;

242 5724 383 5804 quod
402 5729 632 5804 tempus
664 5724 952 5798 induisse,
985 5724 1119 5804 cum
1150 5729 1217 5804 in,
1245 5730 1361 5804 sui
1393 5724 1876 5804 raperegadmira-

243 5792 447 5856 tionem
465 5792 980 5876 h6mines,eosque
1001 5801 1111 5860 sibi
1132 5802 1221 5861 vel
1241 5792 1876 5879 invitos‘voluitadjun-

2007 670 2196 734 Quare
2226 686 2360 725 cum
2402 668 2733 741 publicanis
2764 673 2821 724 et
2877 667 3282 740 peccatoribus
3342 668 3662 723 manducat

2009 759 2290 831 magister
2318 760 2645 814 vester?At
2687 762 2858 815 Jesus
2910 757 3177 827 audiens,
3212 757 3328 812 ait:
3384 757 3506 811 Non
3570 761 3662 813 est

2006 864 2154 920 opus
2181 848 2404 903 medico
2427 847 2884 913 valentibus,sed
2919 846 3071 902 male
3103 846 3476 902 habentibus.
3499 846 3654 900 Eun-

2004 942 2092 993 tes
2124 943 2318 992 autem
2343 937 2549 993 discite
2580 937 2721 1009 quid
2754 943 2864 992 est.
2897 961 2922 986 ››
2955 936 3241 993 Videbant
3271 935 3652 1008 publicanum

2006 1045 2038 1082 a
2068 1028 2318 1099 peccatis
2351 1027 2422 1082 ad
2457 1027 2698 1083 meliora
2736 1043 3102 1094 conversum,
3136 1025 3329 1082 locum
3360 1025 3656 1080 invenisse

2005 1117 2392 1188 poenitentize;
2427 1123 2485 1172 et
2513 1117 2586 1172 ob
2619 1117 2676 1172 id
2723 1117 2899 1173 etiam
2932 1117 3044 1189 ipsi
3077 1133 3194 1172 non
3227 1117 3541 1187 desperant
3563 1131 3655 1171 sa-

2005 1204 2209 1275 lutem,
2235 1221 2424 1277 neque
2447 1223 2580 1260 vero
2627 1205 2686 1261 in
2719 1205 2986 1278 pristinis
3017 1206 3170 1262 vitiis
3223 1209 3653 1277 permanentes,

2004 1295 2248 1350 veniunt
2279 1295 2349 1350 ad
2382 1299 2608 1362 Jesum,
2635 1299 2698 1350 ut
2746 1296 3022 1352 Pharisazi
3053 1300 3110 1352 et
3150 1295 3361 1351 Scriba:
3394 1311 3657 1350 murmu-

2004 1389 2173 1451 rant;
2209 1385 2309 1439 sed
2341 1385 2744 1456 paenitentiam
2776 1389 3109 1457 agentes,ut
3137 1402 3390 1456 sequens
3422 1382 3657 1440 Domini

2003 1489 2197 1528 sermo
2232 1473 2546 1545 signiﬁcat,
2583 1475 2818 1530 dicens:

2075 1561 2261 1633 (Vers.
2300 1563 2410 1632 13.)
2444 1583 2470 1610 ‹‹
2514 1563 2973 1618 Misericordiam
3033 1563 3181 1630 volo,
3212 1567 3269 1619 et
3317 1579 3432 1619 non
3481 1561 3657 1618 sacri-

2004 1651 2224 1706 ﬁcium.
2262 1652 2385 1707 Non
2419 1652 2575 1707 enim
2607 1652 2735 1707 veni
2763 1668 2968 1708 vocare
3004 1653 3218 1723 justos,
3251 1653 3350 1709 sed
3383 1656 3653 1724 peccato-

2003 1757 2114 1796 res.
2133 1741 2298 1796 nlbat
2327 1745 2522 1797 autem
2557 1741 2838 1798 Dominus
2861 1744 2932 1798 ad
2967 1743 3228 1798 convivia
3260 1746 3654 1814 peccatorum,

2002 1834 2067 1884 ut
2097 1830 2464 1886 occasionem
2498 1830 2737 1887 haberet
2759 1831 3030 1899 docendi,
3052 1835 3109 1887 et
3139 1831 3476 1904 spirituales
3507 1829 3654 1884 invi-

1998 1919 2291 1975 tatoribus
2323 1920 2450 1975 suis
2494 1921 2775 1992 prazberet
2832 1921 3014 1976 cibos.
3053 1920 3306 1991 Denique
3363 1936 3497 1976 cum
3549 1919 3658 1974 fre-

2001 2012 2248 2080 quenter
2275 2025 2512 2081 pergere
2543 2011 2613 2065 ad
2663 2010 2921 2065 convivia
2967 2010 3355 2077 describatur,
3387 2007 3535 2064 nihil
3564 2025 3652 2065 re-

2001 2097 2186 2153 fertur
2215 2096 2399 2166 aliud,
2433 2097 2544 2152 nisi
2578 2099 2717 2170 quid
2776 2099 2856 2154 ibi
2916 2099 3135 2166 fecerit,
3177 2099 3316 2171 quid
3366 2097 3652 2164 docuerit,

2001 2191 2066 2240 ut
2095 2190 2153 2241 et
2186 2185 2492 2243 humilitas
2524 2187 2752 2244 Domini
2783 2189 2976 2244 eundo
3002 2189 3072 2244 ad
3107 2192 3538 2260 peccatores,et
3559 2205 3656 2260 po-

2000 2275 2187 2332 tentia
2217 2277 2493 2332 doctrinIe
2552 2279 2682 2349 ejus
2737 2277 2795 2334 in
2838 2279 3212 2335 conversione
3243 2278 3652 2351 pcenitentium

2003 2365 2524 2422 demonstraretur.
2559 2368 2720 2432 Quod
2768 2371 2964 2425 autem
3011 2369 3315 2440 sequitur:
3355 2367 3656 2424 Misericor-

1999 2454 2154 2510 diam
2184 2457 2322 2522 voto,
2355 2461 2403 2512 et
2449 2473 2557 2512 non
2587 2458 2923 2528 sacriﬁcium
2971 2458 3126 2529 (Osee
3169 2474 3244 2524 v1,
3291 2458 3378 2528 6);
3411 2461 3504 2512 et:
3535 2457 3652 2512 Non

2001 2547 2126 2600 veni
2153 2561 2344 2601 vocare
2377 2547 2468 2603 51
2497 2548 2696 2618 justas,
2753 2547 2844 2603 sed
2891 2555 3216 2619 peccatores,
3249 2547 3320 2602 de
3369 2545 3653 2618 propheta

1999 2634 2302 2707 proferens
2333 2637 2760 2705 testimonium,
2797 2636 3038 2710 sugillat
3085 2636 3319 2692 Scribas
3366 2639 3423 2691 et
3450 2635 3650 2691 Phari-

2003 2739 2175 2791 smos,
2196 2725 2296 2796 qui
2321 2727 2519 2796 justos
2552 2743 2613 2782 se
2644 2725 3026 2793 aestimantes,
3055 2730 3425 2797 peccatorum
3466 2729 3521 2781 et
3550 2741 3656 2798 pu-

2000 2812 2371 2870 blicanorum
2403 2815 2698 2872 consortia
2724 2814 3115 2871 declinabant.

2072 2903 2258 2973 (Vers.
2301 2905 2411 2976 14.)
2445 2928 2472 2953 ‹‹
2507 2905 2670 2960 Tunc
2701 2909 3074 2960 accesserunt
3103 2904 3174 2959 ad
3208 2921 3339 2960 eum
3377 2902 3652 2976 discipuli

1997 2992 2246 3054 Joannis
2278 2994 2558 3050 dicentes:
2582 2995 2770 3058 Quare
2797 3011 2903 3049 nos
2933 2999 2990 3049 et
3011 2993 3286 3049 Pharisaei
3305 2994 3653 3064 jejunamus

2001 3089 2361 3159 frequenter,
2397 3083 2671 3155 discipuli
2703 3088 2900 3139 autem
2923 3083 3009 3138 tui
3040 3099 3156 3139 non
3181 3083 3456 3156 jejunant
3474 3083 3654 3140 ?»Su-

1999 3177 2184 3251 perba
2200 3173 2662 3246 interrogatio,et
2686 3172 2857 3245 plena
2877 3172 3190 3246 supercilio
3201 3172 3651 3229 Pharisaorum.

2001 3272 2183 3332 Certe,
2209 3269 2273 3320 ut
2302 3263 2460 3319 aliud
2495 3279 2610 3320 non
2644 3262 3419 3335 dicamus,reprehendenda
3441 3262 3653 3335 jejunii

1998 3355 2305 3430 jactantia.
2340 3354 2457 3410 Nec
2489 3357 2761 3425 poterant
2789 3351 3065 3426 discipuli
3108 3352 3351 3410 Joannis
3382 3368 3497 3408 non
3526 3369 3656 3409 esse

2001 3447 2114 3504 sub
2143 3443 2306 3514 vitio,
2344 3442 2444 3516 qui
2476 3442 2992 3499 calumniabantur
3019 3458 3361 3514 eum,quem
3391 3442 3656 3498 sciebant

2000 3534 2273 3608 magistri
2304 3533 2548 3588 vocibus
2571 3532 2972 3604 praedicatum,
3001 3537 3058 3586 et
3075 3531 3478 3604 jungebantur
3503 3531 3650 3587 Pha-

2001 3623 2208 3690 risaeis,
2244 3639 2392 3694 quos
2425 3621 2704 3678 aJcanne
2735 3624 3014 3676 noverant
3044 3620 3486 3689 condemnatos,
3517 3637 3652 3677 cum

2001 3715 2083 3770 ait
2103 3716 2124 3748 ²
2154 3717 2346 3784 (Supra
2381 3728 2467 3782 ιιι,
2496 3712 2583 3782 7);
2619 3710 2903 3767 Generatio
2951 3712 3283 3781 viperarum,
3315 3712 3440 3782 quis
3467 3714 3650 3767 osten-

2004 3803 2086 3858 dit
2115 3802 2268 3859 vobis
2292 3804 2484 3872 fugere
2515 3800 2583 3856 ab
2615 3801 2704 3854 ira
2736 3803 2966 3855 ventura
2985 3803 3010 3853 .9

2073 3892 2258 3962 (Vers.
2297 3893 2407 3958 15.)
2439 3913 2466 3940 ‹‹
2501 3890 2570 3944 Et
2599 3888 2680 3946 ait
2708 3889 2828 3944 illis
2853 3889 3064 3945 Jesus:
3099 3888 3376 3960 Nunquid
3407 3892 3658 3962 possunt

2001 3981 2105 4036 filii
2135 3979 2338 4051 sponsi
2374 3978 2572 4051 lugere
2605 3977 2866 4049 quandiu
2898 3995 3032 4034 cum
3073 3977 3188 4034 illis
3215 3983 3306 4034 est
3351 3995 3606 4050 sponsus
3627 3977 3656 4032 ?

2001 4070 2254 4125 Venient
2282 4072 2476 4123 autem
2511 4067 2635 4122 dies
2666 4083 2802 4122 cum
2835 4068 3132 4124 auferetur
3162 4068 3234 4124 ab
3261 4067 3344 4124 eis
3375 4083 3651 4139 sponsus,

2005 4164 2228 4215 ettunc
2251 4155 2631 4229 jejunabunt.
2667 4178 2694 4203 »
2753 4155 3019 4226 Sponsus
3076 4155 3380 4212 Christus:
3434 4172 3654 4228 sponsa

1999 4248 2257 4306 Ecclesia
2286 4251 2394 4303 est.
2418 4250 2494 4300 De
2525 4243 2635 4300 hoc
2660 4249 2864 4300 sancto
2895 4243 3305 4316 spiritualique
3335 4244 3650 4311 connubio,

1999 4336 2248 4411 apostoli
2300 4339 2440 4392 sunt
2489 4333 2793 4408 procreati,
2826 4333 2922 4406 qui
2974 4332 3214 4406 lugere3
3246 4349 3362 4390 non
3401 4337 3653 4405 possunt

1997 4427 2261 4501 quandiu
2295 4442 2574 4498 sponsam
2598 4425 2657 4478 in
2681 4423 2938 4480 thalamo
2960 4423 3244 4487 vident,et
3261 4423 3459 4480 sciunt
3479 4440 3651 4495 spon-

1996 4533 2130 4573 sum
2180 4533 2310 4573 esse
2357 4532 2492 4570 cum
2553 4530 2790 4587 sponsa.
2826 4513 3068 4580 Quando
3124 4529 3256 4568 vero
3309 4512 3653 4570 transierint

1999 4606 2240 4678 nuptiae,
2273 4609 2330 4660 et
2358 4603 2653 4678 passionis
2684 4620 2750 4659 ac
2797 4603 3242 4660 resurrectionis
3272 4606 3504 4675 tempus
3541 4604 3650 4660 ad-

1914 4712 1963 4776 D
1996 4696 2384 4766 venerit,tunc
2410 4692 2612 4766 sponsi
2638 4691 2736 4747 ﬁlii
2748 4692 3126 4764 jejunabunt.
3141 4691 3419 4748 Nonnulli
3442 4695 3653 4766 putant

1992 4785 2210 4841 idcirco
2262 4789 2395 4856 post
2443 4783 2570 4838 dies
2601 4781 2994 4854 quadraginta
3055 4781 3372 4853 Passionis,
3420 4781 3650 4854 jejunia

1993 4874 2204 4930 debere
2235 4872 2560 4929 committi:
2597 4871 2732 4940 licet
2770 4871 2971 4927 statim
3021 4871 3146 4928 dies
3193 4871 3562 4928 Pentecostes
3592 4876 3651 4929 et

1991 4961 2246 5036 Spiritus
2278 4966 2520 5019 sanctus
2565 4959 2900 5028 adveniens,
2931 4959 3240 5018 indicant‘
3282 4962 3450 5018 nobis
3482 4963 3644 5020 festi-

1989 5053 2250 5110 vitatem.
2285 5053 2353 5108 Et
2383 5068 2453 5108 ex
2485 5050 2666 5121 hujus
2698 5049 3004 5106 occasione
3038 5052 3380 5118 testimonii,
3413 5051 3642 5108 Monta-

1989 5160 2125 5210 nus,
2161 5143 2380 5208 Prisca,
2409 5145 2466 5197 et
2513 5138 2833 5196 Maximilla
2864 5139 3040 5195 etiam
3085 5146 3216 5212 post
3263 5141 3642 5198 Pentecosten

1989 5232 2214 5288 faciunt
2243 5229 2758 5303 quadragesimae)
2785 5244 2798 5282 :
2833 5229 2989 5300 quod
3040 5229 3236 5286 ablato
3267 5245 3506 5301 sponso,
3538 5227 3641 5282 filii

1989 5319 2189 5393 sponsi
2215 5320 2466 5378 debeant
2493 5319 2784 5391 jejunare.
2835 5317 3104 5375 Ecclesiae
3161 5323 3357 5375 autem
3397 5332 3640 5373 consue~

1986 5463 2152 5520 gere,
2173 5447 2302 5520 Vid.
2339 5445 2510 5518 epist.
2543 5444 2737 5520 65,_ad
2766 5445 3133 5520 Principiam,
3169 5459 3332 5520 num.
3364 5445 3398 5498 8
3438 5448 3556 5500 not.

2057 5521 2079 5554 ²
2106 5519 2358 5575 Voculas
2376 5515 2511 5574 cum
2535 5519 2616 5572 ait
2650 5516 3023 5572 Martianwus
3050 5515 3327 5586 reposuit.

2056 5592 2078 5625 ³
2109 5591 2287 5646 Addit
2317 5589 2461 5646 Rab.
2499 5593 2665 5660 atque
2679 5587 2956 5661 jejunare.

2056 5665 2078 5696 ‘
2110 5663 2270 5718 Haud
2303 5662 2450 5716 bene
2510 5657 2692 5716 antea'
2727 5657 3047 5729 legebatur,
3112 5657 3371 5717 indicent.
3431 5661 3638 5722 Recole

1983 5735 2167 5808 Epist.
2205 5737 2265 5808 in
2293 5738 2497 5808 nostra
2528 5731 2864 5788 recensione
2895 5729 2982 5794 41,
3014 5729 3094 5786 ad
3128 5729 3460 5802 Marcellum,
3493 5750 3557 5804 II,
3578 5735 3632 5803 3,

1984 5805 2051 5868 et“
2072 5823 2201 5880 quae
2231 5805 2312 5864 ibi
2344 5805 2745 5865 observamus.
