4182 6566
455 420 551 487 υο.
1699 427 1767 493 Β.
1811 423 2107 493 ΕΠΒΕΒῙἸ

2230 425 2621 493 IERONYMI

3786 419 3881 493 α)

460 557 603 614 tudo
634 557 707 615 ad
737 559 1078 632 passionem
1108 561 1343 620 Domini
1392 568 1450 623 et
1486 566 1971 623 resurrectionem
2006 579 2106 634 per
2133 561 2185 627 Α
2218 565 2550 633 patiebatur
2578 562 2884 620 duodecim
2910 560 3102 628 aonie,
3130 556 3379 618 accessit
3405 558 3648 626 retro,et
3673 556 3871 633 tetigit

458 646 861 706 humilitatem
893 652 1085 710 carnis
1110 654 1287 723 venit,
1314 660 1377 712 ut
1405 656 1693 729 spirituali
1724 658 1941 729 saginae
1959 658 2106 729 jeju-

458 737 558 795 nio
590 740 855 811 corporis
885 758 1297 815 praeparemur.
1333 747 1507 803 Juxta
1553 746 1937 821 tropologiam
1963 750 1981 787 ⁸
2014 765 2109 803 au-

460 831 583 883 tem
632 829 961 897 sciendum,
995 834 1150 904 quod
1197 837 1458 907 quandiu
1508 854 1762 909 sponsus
1801 837 2109 893 nobiscum

463 920 575 986 est,
610 921 667 974 et
693 919 751 974 in
800 919 1003 978 laetitia
1046 940 1276 993 sumus,
1307 943 1413 981 nec
1459 927 1730 999 jejunare
1769 944 2105 999 possumus,

462 1023 572 1063 nec
602 1006 821 1081 lugere.
850 1010 996 1066 Cum
1027 1017 1223 1069 autem
1264 1014 1360 1070 ille
1406 1020 1644 1088 propter
1688 1021 1920 1088 peccata
1949 1034 1983 1072 a
2012 1033 2108 1071 nc-

463 1095 556 1152 bis
606 1100 972 1168 recesserit”,
1006 1104 1144 1157 tunc
1190 1103 1566 1161 indicendum
1607 1106 1899 1177 jejunium
1957 1122 2104 1173 esse,

459 1187 600 1241 tunc
629 1185 824 1244 luctus
856 1189 1243 1263 recipiendus.

532 1274 721 1347 (Vers.
756 1278 963 1349 16-18.)
995 1302 1023 1330 ‹‹
1054 1280 1235 1337 Nemo
1257 1286 1449 1338 autem
1472 1283 1738 1339 immittit
1759 1286 2106 1340 commissu-

459 1381 586 1421 ram
617 1366 793 1437 panni
828 1368 989 1423 rudis
1025 1369 1082 1424 in
1135 1372 1545 1429 vestimentum
1594 1379 1760 1429 vetus
1794 1375 1899 1445 [AL
1931 1374 2105 1430 vesti-

414 1496 417 1499 .
460 1458 655 1510 mento
687 1457 904 1527 veteri].
940 1458 1112 1514 Tollit
1132 1460 1289 1516 enim
1323 1462 1749 1533 plenitudinem
1774 1466 1901 1534 ejus
1924 1481 1955 1519 a
1980 1481 2104 1519 ves-

459 1540 726 1613 timento,
761 1548 818 1601 et
847 1548 949 1603 52
981 1548 1144 1619 pejor
1200 1550 1459 1606 scissura
1514 1553 1599 1607 fit.
1634 1554 1831 1624 Neque
1867 1553 2105 1609 mittunt

455 1631 658 1688 vinum
690 1650 906 1691 novum
938 1635 999 1691 in
1030 1642 1193 1695 utres
1220 1644 1482 1696 veteres:
1519 1641 1776 1714 alioquin
1828 1659 2104 1714 rumpun-

456 1724 556 1777 tur
586 1726 770 1791 utres,
803 1729 861 1780 et
887 1725 1089 1782 vinum
1143 1728 1482 1796 effunditur,
1516 1735 1573 1786 et
1630 1736 1788 1786 utres
1838 1736 2099 1803 pereunt.

2219 654 2511 710 fimbriam
2542 653 2870 710 vestimenti
2898 654 3083 724 ejus.»
3099 651 3160 708 In
3192 652 3295 711 58
3319 648 3627 722 Evangelia
3659 664 3872 706 secun-

2218 744 2359 799 dum
2395 745 2601 799 Lucam
2635 744 2929 807 scribitur,
2963 742 3119 813 quod
3174 740 3459 813 principis
3491 738 3614 795 tilia
3642 738 3866 794 duode-

2216 833 2330 889 cim
2362 852 2548 890 annos
2582 835 2819 890 haberet
2848 834 3033 888 aetatis
3061 834 3212 900 (Luc.
3243 848 3368 898 vm,
3403 831 3513 900 42).
3548 829 3696 884 Nota
3724 844 3881 899 ergo-

2217 925 2372 994 quod
2422 942 2489 979 eo
2545 929 2803 994 tempore
2862 922 2982 979 haec
3041 919 3272 988 mulier,
3326 919 3384 973 id
3437 922 3546 984 est,
3597 917 3865 991 gentium

2218 1013 2470 1086 populus
2518 1014 2757 1085 coeperit
2812 1017 3113 1082 aegrotare,
3153 1027 3270 1081 quo
3328 1025 3473 1081 gens
3505 1007 3611 1077 [Αἱ.
3652 1013 3862 1080 genus]

2212 1104 2549 1157 Judaeorum
2583 1102 2928 1158 crediderat.
2962 1101 3086 1157 Nisi
3118 1101 3273 1156 enim
3325 1116 3395 1155 ex
3425 1096 3867 1169 comparatione

2215 1192 2495 1247 virtutum
2528 1192 2734 1245 vitium
2765 1208 2877 1246 non
2912 1190 3399 1245 ostenditunﬁzec
3422 1192 3618 1242 autem
3650 1184 3871 1241 mulier

2214 1281 2500 1351 sanguine
2531 1281 2742 1350 fluens,
2767 1297 2883 1334 non
2916 1280 2975 1334 in
3007 1280 3200 1343 domo,
3231 1294 3346 1333 non
3377 1276 3437 1332 in
3469 1276 3613 1332 urbe
3643 1274 3873 1330 accedit

2212 1371 2284 1424 ad
2314 1370 2645 1440 Dominum,
2678 1370 3009 1440 quiajuxta
3054 1368 3263 1439 Legem
3314 1365 3564 1422 urbibus
3593 1364 3869 1420 exclude-

2214 1460 2389 1514 batur
2419 1462 2612 1530 (Lerit.
2662 1477 2753 1527 xv,
2807 1461 2873 1513 19
2914 1463 3082 1515 Num.
3135 1474 3192 1524 v,
3241 1457 3329 1527 3);
3363 1456 3464 1511 sed
3525 1455 3584 1510 in
3636 1454 3871 1518 itinere,

2214 1548 2555 1605 ambulante
2592 1549 2855 1617 Domino,
2880 1552 2946 1602 ut
2992 1548 3130 1604 dum
3179 1545 3369 1618 pergit
3415 1545 3484 1600 ad
3521 1541 3719 1613 aliam,
3751 1540 3875 1597 alia.

2213 1643 2537 1693 curaretur.
2571 1638 2733 1693 Unde
2786 1637 2992 1693 dicunt
3020 1641 3077 1691 et
3124 1634 3370 1707 apostoli
3399 1651 3411 1689 :
3456 1634 3608 1689 Vobis
3643 1631 3872 1704 quidem

2211 1728 2491 1798 Oportebat
2515 1728 2819 1796 prmdicari
2874 1727 3097 1782 verbum
3151 1726 3249 1780 Dei
3267 1741 3287 1786 ,·
3315 1723 3407 1779 sed
3461 1721 3721 1794 quoniam
3770 1736 3873 1777 vos

458 1810 573 1867 Sed
603 1810 806 1868 vinum
840 1832 1057 1871 novum
1089 1816 1148 1871 in
1172 1821 1330 1873 utres
1361 1836 1541 1876 novas
1568 1821 1827 1889 mittunt,
1853 1826 1910 1876 et
1930 1821 2101 1876 ambo
2201 1816 2495 1889 judicastis
2526 1816 2783 1886 indignos
2836 1816 3029 1881 salute,
3061 1812 3503 1884 transgredimur
3549 1809 3622 1866 ad
3669 1814 3869 1883 gentes

461 1906 896 1999 conservantur.
931 1903 1061 1999 Hjec
1105 1904 1204 1962 illo
1250 1906 1522 1979 loquente
1569 1911 1638 1966 ad
1693 1927 1812 1965 eos.
1847 1932 1876 1960 »
1937 1910 2099 1973 Quod
2132 1933 2180 1999 Β
2210 1906 2363 1978 (Act.
2393 1923 2517 1971 xm,
2552 1908 2661 1976 46).

463 1989 622 2059 dicit,
655 1990 764 2047 hoc
795 1996 921 2049 est:
956 1993 1146 2051 Donec
1179 2002 1415 2053 renatus
1455 1998 1586 2070 quis
1618 1998 1811 2067 fuerit,
1843 2004 1903 2055 et
1925 1999 2100 2054 veteri

461 2078 699 2136 homine
744 2081 1030 2153 deposito,
1086 2101 1188 2156 per
1232 2086 1565 2157 passionem
1623 2105 1837 2154 meam,
1889 2105 2101 2143 novum

461 2166 759 2226 hominem
792 2170 1069 2240 induerit,
1102 2191 1215 2229 non
1265 2180 1457 2247 potest
1495 2178 1783 2233 severiora
1803 2177 2017 2249 jejunii
2048 2182 2105 2232 et

460 2257 827 2315 continentiae
858 2261 1150 2319 sustinere
1194 2270 1496 2337 praecepta,
1534 2284 1605 2322 ne
1652 2284 1756 2339 per
1796 2268 2101 2323 austerita-

458 2350 578 2404 tem
613 2349 879 2418 nimiam,
914 2351 1090 2409 etiam
1121 2354 1523 2411 credulitatem
1546 2357 1567 2392 ³
1599 2373 1776 2428 quam
1809 2374 1966 2413 nunc
1996 2357 2101 2412 ha-

457 2436 598 2494 bere
625 2438 876 2508 videtur,
908 2441 1156 2498 amittat.
1189 2443 1314 2500 Duo
1345 2449 1539 2501 autem
1592 2446 1857 2518 exempla
1888 2445 2103 2518 posuit,

461 2530 520 2582 et
554 2526 773 2584 utrium
803 2535 1063 2587 veterum
1094 2536 1151 2587 et
1178 2549 1483 2601 novorum,
1503 2539 1560 2590 et
1586 2535 2105 2591 vestimenti.Vete-

462 2631 555 2672 res
584 2620 743 2673 utres
771 2618 1055 2676 debemus
1079 2621 1401 2695 intelligere
1420 2625 1650 2681 Scribas
1671 2630 1728 2680 et
1758 2625 2102 2680 Pharisaeos.

464 2703 701 2778 Plagula
728 2708 1055 2765 vestimenti
1078 2711 1232 2779 novi,
1258 2716 1315 2768 et
1338 2713 1538 2769 vinum
1569 2730 1784 2770 novum
1820 2718 2107 2787 praecepta

461 2795 793 2868 evangelica
819 2799 1144 2870 sentiendo,
1180 2817 1309 2873 quae
1356 2820 1472 2859 non
1522 2808 1773 2877 possunt
1816 2805 2107 2860 sustinere

457 2883 660 2952 Judaei,
694 2902 765 2941 ne
795 2889 984 2959 major
1012 2889 1272 2947 scissura
1302 2892 1422 2947 flat.
1455 2892 1593 2947 Tale
1630 2892 1769 2964 quid
1802 2897 1860 2948 et
1889 2892 2105 2949 Galatae

460 2972 648 3030 facere
678 2975 1085 3049 cupiebant,ut
1114 2995 1247 3034 cum
1278 2980 1588 3053 Evangelio
1619 2982 1785 3053 legis,
1822 2986 2108 3054 praecepta

461 3062 792 3136 miscerent,
824 3066 882 3121 et
910 3066 969 3122 in
1001 3067 1235 3124 utribus
1264 3070 1556 3126 veteribus
1588 3071 1887 3127 mitterent
1904 3070 2105 3125 vinum

461 3167 716 3214 novum:
753 3153 855 3209 sed
902 3155 1217 3226 Apostolus
1248 3157 1320 3212 ad
1372 3174 1473 3213 eos
1520 3158 1816 3231 loquitur:
1851 3160 1891 3215 0
1921 3161 2103 3214 insen-

460 3242 568 3297 sati
591 3241 702 3314 [ΑΙ.
734 3242 1076 3316 insipientes]
1110 3245 1320 3304 Galatae
1342 3252 1362 3301 !
1392 3249 1514 3319 quis
1551 3265 1642 3305 vos
1688 3251 1983 3320 fascinavit
2012 3265 2102 3304 ve-

457 3307 619 3385 ritati
670 3345 783 3387 non
837 3307 1075 3388 obedire-
1106 3333 1306 3406 (Galat.
1368 3307 1453 3402 ιὶι,
1505 3337 1605 3409 1)?
1677 3307 1878 3393 sermo
1925 3307 2177 3411 igiturc

456 3418 828 3493 evangelicus
855 3421 1139 3495 apostolis
1167 3425 1381 3496 potius,
1406 3442 1584 3499 quam
1625 3427 1841 3483 Scribis
1871 3433 1928 3484 et
1958 3428 2105 3483 Pha-

457 3506 643 3565 risisis
672 3509 1203 3585 estinfundendus,
1237 3515 1337 3586 qui
1368 3517 1659 3588 majorum
1691 3517 2105 3573 traditionibus

459 3598 1180 3671 depravati,sincsritatem
1202 3610 1623 3677 praceptorum
1640 3606 1853 3661 Christi
1872 3624 1987 3663 non
2008 3623 2108 3679 po-

465 3689 659 3767 tarant
674 3688 1120 3751 custodire.Alia
1138 3697 1229 3747 est
1242 3693 1398 3749 enim
1418 3695 1644 3765 puritas
1656 3695 1960 3766 virginalis
1977 3696 2105 3751 ani-

465 3790 597 3841 mas,
627 3780 685 3831 et
712 3775 878 3833 nulla
896 3778 1108 3850 prioris
1125 3780 1247 3835 vitii
1280 3783 1623 3855 contagione
1645 3783 1962 3855 pollutae,et
1980 3784 2108 3839 alim

462 3864 667 3922 sordes
694 3867 825 3937 ejus
853 3882 982 3940 qua:
1013 3868 1334 3926 multorum
1359 3870 1592 3927 libidini
1622 3874 2032 3944 subjacuerit‘.

536 3953 725 4026 (Vere.
758 3957 845 4023 18,
879 3956 992 4025 49.)
1018 3979 1048 4008 ‹‹
1092 3958 1235 4015 Ecce
1286 3960 1557 4033 princeps
1606 3979 1761 4018 unus
1790 3964 2039 4019 accessit
2064 3964 2105 4032 ⁵,

468 4045 527 4099 et
549 4043 832 4102 adorabat
856 4060 1014 4113 eum,
1035 4047 1264 4106 dicens:
1297 4050 1442 4106 Filia
1466 4066 1597 4107 mea
1628 4053 1801 4108 modo
1830 4053 2110 4109 defuncta

465 4136 593 4189 est:
624 4134 724 4191 sed
753 4134 903 4207 veni,
926 4134 1162 4209 impone
1181 4150 1421 4197 manum
1452 4145 1614 4197 tuam
1638 4143 1889 4214 [ALtacet
1920 4142 2108 4212 tuam]

468 4237 645 4294 super
664 4238 815 4296 eam,
838 4228 896 4280 et
921 4224 1091 4282 vivet.
1125 4226 1191 4283 Et
1236 4245 1484 4302 surgens
1530 4232 1721 4298 Jesus,
1753 4229 2111 4301 sequebatur

465 4325 623 4382 cum,
645 4316 703 4368 et
731 4312 1003 4386 discipuli
1034 4316 1184 4387 ejus.
1217 4336 1247 4366 ι»
1296 4317 1577 4373 Octavum
1625 4318 1861 4390 signum
1908 4321 2020 4385 est,
2050 4318 2110 4372 in

465 4416 581 4472 quo
610 4400 885 4476 princeps
914 4404 1190 4460 suscitari
1220 4404 1480 4476 postulat
1501 4405 1683 4462 tiliam
1708 4405 2113 4473 suam,nolens

466 4489 538 4545 de
552 4491 826 4563 mysterio
838 4507 984 4547 verae
1003 4492 1472 4550 circumcisionis
1501 4493 1729 4551 excludi
1755 4511 1768 4563 ;
1794 4496 1893 4551 sed
1913 4495 2112 4551 subin-

465 4581 583 4636 trat
612 4579 826 4637 mulier
853 4581 1143 4653 sanguine
1172 4580 1449 4650 fluens,et
1477 4586 1680 4639 octavo
1704 4584 2110 4654 sanaturloco,

2286 1995 2469 2067 (Vers.
2503 1998 2592 2066 21,
2626 1997 2741 2061 22.)
2776 2017 2802 2045 ‹‹
2835 1995 3068 2050 Dicebat
3106 1993 3263 2048 enim
3308 1992 3462 2046 intra
3492 2005 3592 2045 se:
3627 1988 3685 2045 Si
3722 1987 3869 2043 teti-

2212 2100 2350 2158 gero
2381 2090 2611 2141 tantum
2644 2085 3061 2141 vestimentum
3086 2083 3237 2151 ejus,
3268 2079 3428 2136 salva
3448 2096 3566 2135 ero.
3591 2079 3659 2135 At
3681 2078 3862 2134 Jesus

2213 2192 2549 2244 conversus,
2584 2181 2639 2231 et
2668 2175 2872 2230 videns
2904 2189 3055 2243 eam,
3082 2172 3245 2226 dixit.
3281 2192 3309 2220 »
3338 2170 3516 2226 Juxta
3545 2167 3732 2241 legem
3755 2165 3863 2239 qui

2212 2265 2519 2341 mulierem
2553 2267 2977 2320 menstruatam
3000 2266 3099 2317 aut
3121 2262 3394 2316 ﬂuentem
3418 2258 3705 2331 sanguine
3726 2256 3862 2311 teti-

2212 2356 2381 2428 gerit,
2416 2354 2761 2411 immundus
2792 2358 2881 2408 est
2912 2353 3102 2424 (Leuit.
3136 2368 3228 2414 xv,
3263 2349 3371 2419 1t).
3418 2348 3535 2403 Ista
3565 2347 3693 2401 ideo
3724 2349 3863 2399 tan-

2213 2445 2298 2517 git
2328 2444 2664 2513 Dominum,
2698 2447 2763 2499 ut
2794 2439 3099 2513 sanguinis
3128 2439 3267 2495 vitio
3317 2438 3491 2494 etiam
3535 2437 3664 2510 ipsa
3694 2451 3863 2490 cura-

2214 2539 2395 2590 retur.

2287 2623 2471 2696 (Vere.
2494 2623 2613 2688 22.)
2643 2643 2672 2670 «
2718 2620 2977 2689 Conﬁdo,
3028 2617 3169 2683 ﬁlia,
3203 2617 3349 2673 fides
3397 2619 3500 2671 tua
3552 2612 3774 2670 salvam
3806 2616 3866 2668 te

2216 2712 2391 2768 fecit:
2425 2715 2483 2767 et
2512 2710 2674 2766 salva
2702 2710 2854 2765 facta
2882 2712 2971 2764 est
3018 2707 3233 2763 mulier
3278 2723 3348 2761 ex
3376 2704 3478 2760 illa
3525 2703 3688 2759 hora.
3729 2702 3868 2757 Ideo

2216 2801 2356 2867 ﬁlia,
2391 2800 2529 2873 quia
2558 2800 2700 2854 fides
2728 2804 2829 2853 tua
2857 2803 2913 2853 te
2944 2797 3166 2853 salvam
3199 2795 3351 2851 fecit.
3384 2794 3498 2849 Nec
3528 2792 3693 2855 dixit,
3716 2791 3867 2847 fides

2215 2896 2319 2947 tua
2347 2896 2403 2947 te
2435 2889 2652 2945 salvam
2686 2886 2912 2943 factura
2960 2891 3067 2953 est,
3101 2886 3201 2942 sed
3248 2884 3467 2941 salvam
3513 2887 3569 2938 te
3607 2881 3761 2937 fecit.
3798 2882 3866 2935 In

2216 2998 2281 3036 eo
2312 2980 2466 3036 enim
2499 2979 2653 3051 quod
2676 2977 3000 3047 credidisti,
3024 2978 3149 3049 jam
3179 2974 3339 3030 salva
3365 2974 3517 3028 facta
3547 2989 3630 3028 es.

2288 3070 2471 3141 (Vers.
2504 3068 2620 3139 23.)
2658 3087 2678 3115 ι
2708 3067 2777 3121 Et
2817 3083 2950 3121 cum
3000 3064 3255 3121 venisset
3302 3065 3471 3120 Jesus
3516 3062 3575 3117 in
3618 3060 3866 3116 domum

2216 3158 2534 3232 principis:
2567 3161 2624 3211 et
2652 3155 2892 3211 vidisset
2922 3154 3212 3221 tibicines,
3243 3158 3301 3209 et
3354 3152 3590 3207 turbam
3640 3146 3866 3205 tumul-

2215 3252 2501 3313 tuentem,
2534 3246 2845 3303 dicebat.»
2892 3244 3086 3316 Usque
3133 3242 3305 3299 hodie
3350 3240 3543 3315 puella
3589 3240 3745 3311 jacet
3800 3238 3867 3296 in

2219 3339 2392 3393 domo
2424 3336 2704 3409 principis
2732 3339 2984 3401 mortua,
3017 3339 3073 3388 et
3118 3333 3218 3405 qui
3277 3332 3549 3386 videntur
3592 3327 3870 3401 magistri

2216 3427 2487 3484 tibicines
2531 3430 2687 3492 sunt,
2737 3440 2971 3480 carmen
3032 3421 3281 3495 lugubre
3338 3423 3633 3476 canentes.
3665 3417 3871 3473 Turba

2216 3531 2448 3589 quoque
2476 3516 2810 3570 Judaeorum
2846 3529 2963 3568 non
2997 3516 3085 3568 est
3124 3511 3298 3567 turba
3337 3507 3727 3577 credentium,
3758 3506 3865 3562 sed

2214 3607 2389 3663 turba
2407 3603 2920 3660 tumultuantium.

2287 3694 2473 3767 (Vers.
2514 3692 2628 3763 24.)
2681 3714 2709 3741 ‹‹
2769 3689 3061 3754 Recedite,
3115 3703 3233 3741 non
3283 3688 3372 3740 est
3417 3683 3573 3739 enim
3630 3688 3871 3741 mortua

2217 3782 2431 3857 puella,
2464 3781 2565 3836 sed
2619 3776 2854 3833 dormit.
2907 3777 2977 3831 Et
3031 3773 3375 3829 deridebant
3429 3788 3586 3828 eum.
3639 3793 3668 3821 »
3717 3772 3871 3836 Quia

2216 3872 2334 3930 Deo
2352 3870 2555 3927 vivunt
2584 3866 2802 3923 omnia.

2290 3960 2475 4034 (Vers.
2508 3957 2624 4029 25.)
2656 3978 2683 4005 ‹‹
2716 3955 2786 4011 Et
2817 3969 2952 4009 cum
3011 3953 3194 4023 ejecta
3240 3954 3395 4006 esset
3451 3950 3645 4021 turba,
3676 3949 3866 4006 intra-

2216 4050 2318 4106 vit.
2359 4072 2386 4099 »
2418 4049 2543 4105 Non
2577 4046 2732 4103 enim
2764 4047 2930 4100 erant
2953 4041 3113 4114 digni
3135 4045 3201 4096 ut
3227 4040 3490 4096 viderent
3515 4039 3867 4112 mysterium

2220 4136 2607 4210 resurgentis,
2644 4133 2742 4206 qui
2775 4132 3225 4188 resuscitantem
3272 4129 3534 4202 indignis
3560 4133 3865 4185 contume-

2219 4228 2315 4284 liis
2346 4225 2708 4281 deridebant.

2293 4316 2480 4388 (Vere.
2514 4314 2602 4381 25,
2627 4311 2743 4383 26.)
2778 4333 2807 4362 «
2832 4311 2901 4366 Et
2942 4308 3131 4365 tenuit
3178 4323 3423 4365 manum
3451 4306 3600 4380 ejus.
3636 4306 3704 4361 Et
3730 4321 3867 4361 sur-

2221 4406 2367 4463 rexit
2397 4402 2594 4476 puella
2626 4418 2638 4456 :
2675 4406 2731 4457 et
2759 4400 2897 4457 exiit
2926 4401 3083 4456 fama
3128 4397 3250 4454 haec
3292 4397 3352 4453 in
3383 4396 3717 4453 universam
3755 4398 3873 4450 ter-

2222 4512 2347 4552 ram
2380 4492 2564 4548 illam.
2593 4514 2620 4541 »
2649 4490 2771 4548 Nisi
2829 4489 2993 4563 prius
3051 4488 3342 4544 mundatae
3393 4485 3611 4541 fuerint
3651 4500 3869 4542 manus

2220 4584 2574 4648 Iudaeorum,
2620 4598 2748 4653 quas
2798 4577 3085 4651 sanguine
3133 4576 3315 4649 plenas
3363 4579 3521 4644 sunt,
3561 4576 3870 4648 Synagoga

472 4674 539 4723 ut
566 4668 848 4740 principis
878 4668 999 4725 filia
1024 4670 1098 4724 de
1128 4669 1236 4726 hoc
1264 4669 1500 4727 exclusa
1529 4688 1772 4729 numero
1818 4672 2012 4729 veniat
2038 4673 2111 4729 ad
2143 4675 2191 4741 Π
2222 4688 2425 4729 eorum
2460 4675 2695 4726 mortua
2718 4686 2834 4724 non
2868 4672 3150 4739 resurget.

470 4758 886 4829 nonum,juxta
913 4757 1059 4813 illud
1082 4759 1237 4831 quod
1265 4759 1327 4815 in
1359 4759 1607 4816 Psalmis
1628 4761 1841 4817 dicitur
1865 4780 1877 4818 :
1908 4761 2115 4819 A’s‘thio—

472 4849 573 4917 pia
599 4847 708 4920 [AL
756 4847 823 4902 de
871 4848 1200 4920 Ethiopia],
1253 4853 1559 4920 praeveniet
1603 4867 1800 4906 manus
1855 4853 1972 4924 ejus
2010 4853 2114 4907 Deo

472 4936 652 5010 (Psal.
684 4952 817 5007 an,
848 4937 960 5008 32).
988 4937 1095 4992 Et:
1130 4937 1265 4993 (.um
1312 4940 1611 4996 intraverit
1652 4941 1939 5013 plenitudo
1988 4924 2116 5012 gen-

470 5028 634 5099 tium,
662 5029 796 5081 tunc
832 5026 1013 5082 omnis
1030 5026 1202 5082 Israel
1228 5028 1415 5084 salvus
1441 5030 1532 5101 ﬁet
1560 5030 1734 5101 (Rom.
1768 5047 1844 5100 xi,
1873 5033 1963 5099 25,
1994 5030 2110 5102 26).

539 5116 728 5188 (Vers.
762 5115 879 5183 20.)
909 5114 979 5170 Et
998 5130 1128 5173 ecce
1149 5116 1362 5174 mulier
1391 5135 1521 5192 quae
1552 5118 1860 5193 sanguinis
1888 5121 2111 5178 ﬂuxum

540 5356 555 5391 ¹
588 5356 714 5412 Duo
744 5370 915 5421 mss.,
946 5355 1116 5411 Juxta
1166 5352 1299 5425 legis
1345 5358 1531 5409 autem
1559 5355 1915 5425 tropologiam
1939 5370 1958 5409 :
1991 5370 2113 5410 rec-

468 5425 588 5481 tius
619 5426 739 5496 alii,
769 5428 938 5482 Juzta
967 5426 1111 5497 leges
1134 5433 1319 5497 autem
1347 5426 1662 5497 trapotogias
1689 5426 2110 5496 sciendum,etc.

540 5497 563 5530 ²
591 5497 830 5552 Addunt
857 5503 979 5553 tres
1010 5496 1259 5552 Palatini
1288 5496 1441 5552 mss.
1462 5501 1519 5552 et
1548 5499 1881 5554 avolaverit.

540 5567 563 5642 ἓ
591 5566 809 5642 Yitiose
837 5568 976 5642 legit
1003 5569 1377 5642 Martianasus
1405 5569 1808 5625 crudelitatem.

540 5638 566 5674 ⁴
596 5636 822 5693 Placuit
848 5636 997 5722 hanc
1027 5658 1171 5722 mss.
1206 5639 1471 5722 omnium
1492 5644 1615 5695 tam
1647 5657 1872 5722 eorum,
1897 5639 2113 5722 quibus

471 5726 601 5778 nos,
634 5725 813 5781 quam
845 5711 1061 5781 quibus
1088 5713 1458 5769 Martianaaus
1489 5727 1635 5768 usus
1665 5716 1775 5777 est,
1806 5711 2113 5768 lectionem

470 5780 741 5856 praeferre
770 5780 908 5838 huic
939 5780 1125 5854 alteri,
1158 5800 1285 5863 quae
1312 5783 1373 5841 in
1411 5781 1666 5856 vulgatis
1713 5784 2035 5855 obtinebat,
2064 5792 2116 5841 et

2294 4761 2481 4833 (Vers.
2509 4758 2625 4829 27.)
2682 4780 2711 4807 «
2746 4759 2811 4812 Et
2873 4760 3216 4812 transeunte
3272 4753 3409 4809 inde
3462 4752 3628 4818 Jesu,
3672 4751 3865 4808 secuti

2223 4854 2364 4908 sunt
2410 4865 2545 4906 eum
2605 4849 2720 4903 duo
2778 4846 2933 4914 caeci,
2984 4845 3330 4909 clamantes,
3363 4846 3421 4899 et
3475 4841 3737 4897 dicentes
3764 4840 3863 4898 ⁸.»

2220 4940 2581 4996 Transeunte
2601 4954 2702 5010 per
2724 4937 2966 4991 domum
2995 4932 3277 5007 principis
3294 4930 3541 4989 Domino
3567 4932 3670 4989 Μ
3698 4933 3865 4996 Jesu,

2220 5032 2278 5086 et
2317 5031 2590 5102 pergente
2619 5025 2692 5083 ad
2724 5025 2966 5081 domum
2997 5039 3190 5094 suam,
3223 5021 3377 5078 sicut
3404 5036 3585 5093 supra
3611 5018 3867 5092 legimus

2221 5120 2384 5190 (vers.
2454 5118 2508 5187 1)
2551 5132 2564 5172 :
2612 5114 2916 5173 Ascendens
2984 5111 3323 5180 naviculam,
3380 5112 3762 5181 transfretauit
3811 5117 3868 5167 et

2221 5353 2341 5409 alia
2367 5352 2504 5425 ejus,
2535 5366 2656 5424 qua
2683 5349 2992 5407 multarum
3031 5345 3278 5405 sordium
3317 5342 3544 5402 libidini
3582 5342 3867 5416 subjacuo-

2222 5426 2317 5481 rit.
3200 5431 3209 5442 '

2292 5497 2313 5532 ⁸
2339 5495 2578 5551 Addunt
2605 5491 2790 5549 nostri
2820 5505 2967 5546 mss.
2999 5487 3074 5545 ad
3090 5488 3271 5545 Iesum
3292 5507 3310 5544 :
3340 5493 3544 5551 estque
3570 5503 3776 5545 revera
3802 5489 3865 5546 in

2224 5566 2447 5637 aliquot
2477 5564 2690 5622 Grecis
2719 5560 3168 5637 exemplaribus,
3202 5557 3518 5637 προσελθὼν
3555 5558 3863 5637 agilem}.

2290 5630 2621 5710 "supplent
2649 5633 2775 5710 pari
2823 5648 3110 5710 consensu
3156 5630 3319 5710 mss:
3336 5633 3548 5710 nostri_
3566 5630 3863 5710 reliquum

2219 5703 2596 5775 versiculum,
2626 5703 2887 5762 miserere
2912 5706 3108 5776 nostri,
3159 5704 3246 5776 ﬁli
3281 5704 3477 5761 David.
3508 5703 3645 5763 Cum
3670 5703 3866 5765 am

2218 5782 2449 5842 emisset
2470 5779 2713 5845 domum,
2734 5779 3076 5835 accesserunt
3098 5778 3172 5834 ad
3200 5791 3325 5845 φεωι
3353 5778 3502 5835 caeci.
