4182 6588
231 464 301 530 61
798 461 1316 528 COMMENTAR.
1355 461 1444 529 IN
1487 458 1884 529 EVANGELI

2007 515 2009 521 λ
2052 456 2436 527 ΜΑΤἸἮᾹΞΙ
2478 462 2627 526 LIB.
2673 461 2722 525 Ῑ.
2772 461 2946 525 CAP.
2990 458 3068 524 Χ.
3561 456 3642 524 62
3679 483 3681 486 ‘

232 600 383 659 venit
413 599 472 656 in
503 599 968 668 eivitatemsuam,
1002 600 1472 656 clamabantduo
1495 600 1628 655 caeci
1677 599 1873 653 dicen-
1907 599 1960 664 Α
1993 615 2158 670 quam
2203 601 2282 654 sic
2339 601 2600 670 apparuit
2657 599 2718 653 in
2766 596 2955 654 Israel.
3009 597 3071 651 In
3128 595 3304 653 turba
3349 595 3658 654 confessio

233 691 624 748 teszMiserere
653 692 848 761 nostri,
879 688 972 760 ﬁli
1001 691 1300 746 David:et
1357 695 1554 746 tamen
1610 706 1726 745 non
1774 706 1882 743 cu-

237 780 527 837 ranturin
585 779 811 846 itinere,
873 797 988 836 non
1036 781 1394 848 transitoria,
1439 785 1503 835 ut
1552 780 1878 854 putabant;

238 871 334 928 sed
366 873 680 942 postquam
710 870 867 925 venit
896 871 956 926 in
991 871 1232 927 domum
1267 887 1460 939 suam,
1495 869 1781 926 accedunt
1810 868 1882 924 ad

235 976 386 1030 eum,
419 963 476 1015 et
502 960 825 1015 introeunt:
880 964 937 1015 et
987 960 1248 1032 primum
1308 977 1511 1016 eorum
1565 958 1883 1016 discutitur

236 1050 396 1117 ﬁdes,
452 1052 518 1104 ut
570 1048 654 1104 sic
707 1065 856 1105 verae
913 1049 1047 1105 ﬁdei
1092 1049 1291 1105 lumen
1343 1049 1648 1123 accipiant.
1703 1047 1881 1106 Priori

238 1139 406 1212 signo
438 1138 594 1210 quod
625 1139 1007 1210 exposuimus
1055 1139 1126 1195 de
1184 1138 1468 1212 principis
1513 1138 1656 1209 ﬁlia,
1707 1142 1764 1194 et
1812 1138 1884 1194 de

239 1226 680 1284 hmmorrhousa
713 1229 818 1296 [Αἰ.
853 1228 1146 1299 morbosa]
1197 1227 1461 1298 muliere,
1521 1243 1883 1299 consequen-

233 1323 318 1376 ter
345 1317 877 1390 hocjungiturzut
906 1317 1058 1390 quod
1119 1317 1200 1372 ibi
1254 1334 1414 1373 mors
1473 1321 1529 1372 et
1583 1317 1883 1385 debilitas,

233 1407 321 1464 hic
352 1406 588 1464 caecitas
619 1407 1071 1463 demonstraret.
1107 1405 1361 1478 Uterque
1421 1407 1578 1460 enim
1629 1407 1884 1478 p0pulus

234 1513 419 1554 caecus
450 1500 594 1563 erat,
627 1497 874 1552 Domino
906 1513 1007 1569 per
1037 1496 1146 1552 hoc
1178 1496 1457 1552 saeculum
1519 1499 1881 1563 transeunte,

233 1593 287 1644 et
315 1585 588 1658 cupiente
617 1585 824 1640 reverti
851 1587 922 1640 ad
945 1585 1187 1641 domum
1219 1603 1410 1641 suam.
1437 1585 1543 1651 Qui
1581 1585 1695 1640 nisi
1747 1601 1884 1639 con-

230 1675 365 1732 fessi
392 1675 694 1742 fuerint,et
724 1675 1012 1731 dixerint:
1040 1677 1292 1732 Miserere
1323 1677 1502 1731 nostri
1545 1676 1634 1746 ﬁli
1689 1674 1882 1730 David.

231 1770 287 1822 et
307 1765 712 1838 interrogante
732 1765 894 1832 Jesu,
930 1765 1164 1822 Creditis
1197 1768 1328 1838 quia
1347 1782 1572 1838 possum
1607 1770 1704 1821 hoc
1732 1767 1882 1836 face-

231 1859 323 1913 re?
351 1855 769 1927 responderint
798 1855 849 1911 ei
875 1873 888 1910 :
929 1857 1120 1926 Utique
1149 1856 1393 1926 Domine,
1425 1854 1626 1911 lumen
1684 1854 1882 1928 pristi-

232 1963 370 2001 num
395 1961 511 2000 non
536 1945 840 2018 recipient.
867 1946 929 2001 In
957 1945 1069 2002 alio
1095 1945 1472 2017 evangelista,
1510 1963 1666 2001 unus
1697 1962 1884 2002 caicus
1917 1979 1970 2044 Β.

228 2034 528 2102 scribitur,
575 2034 778 2091 scissis
823 2035 1107 2103 vestibus,
1161 2039 1219 2091 et
1269 2035 1326 2089 in
1374 2034 1608 2093 Jericho
1650 2035 1882 2102 sedens,

229 2125 321 2198 qui
355 2125 430 2180 ab
463 2123 745 2196 apostolis
777 2124 1122 2196 prohibetur
1152 2123 1442 2192 clamare;
1499 2124 1600 2180 sed
1642 2140 1744 2196 per
1782 2124 1888 2179 im-

231 2213 576 2286 pudentiam
609 2213 814 2286 recipit
844 2213 1157 2270 sanitatem
1191 2215 1378 2285 (Marc.
1409 2231 1464 2269 Χ.
1515 2214 1728 2284 50-52).
1777 2213 1885 2277 Qui

231 2303 392 2360 locus
427 2302 662 2375 proprie
692 2303 763 2358 ad
795 2303 1059 2376 gentium
1087 2302 1374 2375 populum
1428 2304 1698 2375 pertinet,
1740 2307 1798 2359 et
1826 2302 1888 2358 in

241 2410 346 2451 suo
375 2393 759 2465 exponendus
790 2396 880 2448 est
908 2391 1225 2448 volumine.

304 2487 492 2553 (Vers.
525 2483 746 2552 27-30.)
783 2505 804 2532 ι
839 2481 1110 2538 Miserere
1141 2481 1448 2549 nostri,ﬁli
1487 2482 1684 2539 David.
1741 2481 1886 2537 Cum

235 2576 432 2629 autem
461 2573 716 2628 venisset
751 2573 786 2642 ί,
815 2572 874 2626 in
907 2572 1174 2638 domum,
1202 2576 1576 2629 accesserunt
1632 2573 1703 2628 ad
1752 2589 1887 2628 eum

238 2663 394 2729 caeci,
430 2666 490 2719 et
518 2662 662 2718 dixit
689 2661 774 2718 eis
805 2662 1006 2718 Jesus:
1041 2661 1308 2731 Creditis,
1344 2663 1482 2734 quia
1511 2661 1619 2718 hoc
1648 2679 1888 2735 possum

233 2753 422 2809 facere
453 2751 664 2808 vobis?
695 2751 911 2806 Dicunt
967 2751 1089 2806 eis:
1136 2750 1368 2822 Utique,
1401 2750 1667 2807 Domine.
1724 2753 1889 2808 Tunc

235 2842 430 2915 tetigit
489 2840 686 2898 oculos
724 2857 950 2911 eorum,
1002 2840 1230 2897 dicens:
1287 2840 1627 2898 Secundum
1713 2842 1888 2898 ﬁdem

229 2937 485 2988 vestram
522 2932 622 2987 ﬁat
651 2930 836 2986 vobis.
871 2931 939 2985 Et
973 2930 1156 3002 aperti
1206 2934 1347 2985 sunt
1397 2929 1550 2986 oculi
1606 2947 1832 2986 eorum.
1858 2953 1886 2982 »

234 3022 498 3078 Audiant
527 3020 783 3076 Marcion
798 3024 855 3076 et
876 3019 1252 3087 Manichaus,
1289 3023 1348 3076 et
1384 3019 1575 3076 caeteri
1608 3019 1888 3088 haeretici,

241 3112 341 3184 qui
362 3111 548 3166 Vetus
579 3109 806 3166 laniant
852 3110 1320 3166 Instrumentum
1349 3127 1362 3166 :
1397 3113 1454 3165 et
1500 3109 1732 3165 discant
1760 3109 1891 3165 Sal-

233 3205 500 3257 vatorem
534 3199 813 3273 appellari
845 3199 1032 3254 ﬁlium
1084 3199 1297 3264 David;
1351 3199 1398 3254 si
1449 3199 1606 3254 enim
1657 3215 1772 3254 non
1804 3203 1894 3255 est

235 3288 416 3345 datus
447 3289 507 3344 in
541 3304 736 3352 carne,
768 3287 1061 3360 quomodo
1089 3291 1330 3342 vocatur
1359 3286 1516 3342 ﬁlius
1548 3287 1729 3343 David
1752 3287 1780 3341 ‘l

305 3379 500 3450 (Vers.
534 3378 626 3446 30,
661 3346 829 3448 31'):
865 3377 933 3431 Et
963 3377 1344 3432 commitatus
1393 3380 1482 3432 est
1527 3376 1645 3433 illis
1691 3377 1888 3446 Jesus,
1919 3346 1966 3448 ,Ο

236 3466 480 3524 dicens:
512 3466 715 3521 Videte
745 3481 818 3519 ne
848 3465 982 3536 quis
1016 3465 1182 3521 sciat.
1216 3463 1304 3520 Illi
1355 3469 1550 3521 autem
1594 3471 1888 3539 exeuntes,

231 3557 698 3614 diﬁ’amaverunt
727 3569 863 3610 eum
896 3554 954 3608 in
985 3557 1108 3608 tota
1126 3558 1283 3608 terra
1311 3552 1430 3609 illa.
1460 3577 1487 3603 ››
1516 3556 1589 3610 Et
1611 3557 1892 3613 Dominus

229 3649 479 3721 propter
509 3641 904 3699 humilitatem
929 3642 1158 3716 fugiens
1174 3643 1471 3713 jactantiae
1492 3643 1760 3716 gloriam,
1783 3645 1894 3702 hoc

229 3738 628 3809 praeceperat:
659 3736 716 3789 et
745 3731 830 3787 illi
865 3737 1098 3804 propter
1128 3733 1474 3789 memoriam
1523 3735 1722 3805 gratiae
1777 3753 1892 3792 non

232 3829 494 3898 possunt
521 3815 714 3879 tacere
734 3822 1107 3878 beneﬁcium.
1131 3822 1282 3878 Nota
1310 3838 1448 3894 ergo
1470 3823 1692 3896 aliquid
1740 3825 1894 3882 inter

236 3929 300 3971 se
324 3914 570 3986 jussum
602 3913 625 3948 ⁸
655 3927 784 3969 esse
823 3911 1204 3968 contrarium.
1236 3911 1378 3968 Caeci
1429 3912 1530 3968 isti
1572 3913 1631 3969 in
1664 3914 1892 3972 decimo

232 4006 524 4060 curantur
552 4001 702 4058 loco.

305 4092 493 4165 (Vers.
531 4093 624 4160 32,
655 4091 773 4164 33.)
807 4114 827 4140 ι
868 4091 1134 4164 Egressis
1155 4095 1354 4147 autem
1378 4089 1518 4161 illis,
1541 4109 1672 4150 ecce
1721 4095 1893 4150 obtu-

234 4181 435 4240 lerunt
451 4181 504 4237 ei
527 4180 827 4237 hominem
851 4185 1083 4237 mutum
1105 4181 1146 4250 3,
1172 4181 1527 4237 daemonium
1550 4182 1891 4240 habentem:

233 4278 288 4329 et
319 4270 426 4330 55
456 4271 641 4341 ejecto
671 4271 980 4337 demonio,
1039 4270 1269 4327 locutus
1315 4275 1403 4328 est
1450 4277 1673 4328 mutus.
1701 4294 1730 4322 ››
1776 4273 1892 4329 Un-

235 4361 514 4416 decimus
535 4359 1011 4433 mutuslinguam
1035 4359 1893 4432 recipitadloquendum.Quod

237 4454 440 4506 autem
465 4449 658 4505 Graece
687 4449 902 4505 dicitur
927 4447 1134 4526 κωφόν,
1166 4449 1354 4524 magis
1383 4451 1588 4507 tritum
1635 4455 1725 4507 est
1772 4469 1892 4509 ser-

237 4555 413 4596 mone
447 4540 776 4607 communi,
809 4543 874 4596 ut
901 4539 1102 4596 surdus
1134 4539 1326 4613 magis
1357 4557 1535 4613 quam
1574 4546 1762 4597 mutus
1809 4543 1896 4596 in.

237 4627 563 4703 telligutur.
596 4629 703 4685 Sed
733 4630 913 4686 moris
944 4633 1033 4685 est
1079 4629 1514 4703 Scripturarum
1567 4629 1749 4707 κωφόν
1803 4631 1895 4686 in-

1994 689 2297 746 nationum
2323 692 2431 769 est,
2465 688 2740 745 Pharisaei
2774 691 2968 744 autem
3020 686 3160 759 quia
3205 685 3482 742 virtutem
3537 687 3652 742 Dei'

1993 798 2206 853 negare
2227 799 2342 836 non
2367 784 2651 852 poterant,
2678 795 2852 850 opera
2869 776 3372 834 calumnianturet
3394 775 3633 832 dicunt:

1991 873 2054 927 In
2081 872 2330 943 principe
2360 871 2766 928 dwmoniorum
2794 869 2946 940 ejicit
2973 867 3274 925 daemones:
3307 882 3410 938 per
3467 881 3636 921 suam

1992 960 2350 1016 calumniam
2392 976 2579 1032 usque
2609 959 2783 1015 hodie
2837 957 3175 1014 Judaaorum
3227 955 3638 1012 inﬁdelitatem

1993 1051 2484 1106 demonstrantes.

2067 1141 2249 1212 (Vers.
2281 1141 2396 1210 35.)
2426 1161 2453 1190 «
2486 1143 2554 1194 Et
2589 1139 2874 1196 circuibat
2901 1139 3076 1195 Jesus
3123 1153 3328 1194 omnes
3377 1135 3640 1192 civitates

1994 1233 2052 1286 et
2071 1230 2311 1286 castella
2338 1229 2552 1286 docens
2581 1229 2643 1285 in
2666 1229 2980 1302 synagogis
3037 1244 3262 1292 eorum,
3317 1231 3374 1282 et
3426 1224 3637 1298 praedi-

1995 1336 2136 1376 cans
2165 1319 2546 1392 Evangelium
2578 1317 2763 1390 regni,
2786 1323 2844 1373 et
2869 1333 3084 1374 curans
3115 1332 3350 1372 omnem
3399 1314 3640 1387 languo-

1993 1427 2118 1466 rem
2151 1413 2207 1466 et
2236 1426 2470 1466 omnem
2492 1407 2922 1464 inﬁrmitatem.
2953 1429 2980 1457 η
3013 1406 3212 1462 Cernis
3243 1405 3398 1478 quod
3441 1420 3635 1476 arqua-

1992 1499 2124 1554 liter
2155 1504 2211 1554 et
2238 1497 2414 1569 villis,
2450 1501 2507 1553 et
2536 1497 2802 1563 urbibus,
2867 1501 2923 1551 et
2971 1494 3249 1563 castellis,
3310 1493 3367 1548 id
3421 1497 3529 1560 est,
3582 1496 3640 1548 et

1995 1587 2228 1659 magnis
2251 1591 2306 1642 et
2326 1585 2519 1660 parvis
2541 1584 2916 1658 Evangelium
2942 1582 3362 1656 prmdicaverit,
3400 1585 3464 1638 ut
3521 1599 3638 1637 non

1995 1677 2392 1733 consideraret
2445 1675 2732 1731 nobilium
2790 1674 3129 1746 potentiam,
3208 1672 3308 1727 sed
3387 1671 3638 1727 salutem

1995 1767 2380 1822 credentium.
2413 1765 2710 1822 Circuibat
2740 1763 3021 1831 civitates,
3053 1762 3164 1818 hoc
3194 1761 3417 1818 habens
3449 1759 3640 1834 operis

1995 1856 2150 1928 quod
2175 1856 2553 1911 mandaverat
2573 1855 2770 1910 Pater:
2796 1857 2852 1909 et
2873 1851 3023 1909 hanc
3047 1851 3321 1919 esuriem,
3347 1853 3412 1906 ut
3431 1848 3642 1905 doctri-

1995 1963 2072 2002 na
2096 1962 2205 2002 sua
2236 1946 2426 2002 salvos
2454 1945 2667 2000 faceret
2694 1941 2982 2000 inﬁdeles.
3039 1941 3290 1997 Docebat
3337 1943 3532 1996 autem
3581 1937 3641 1993 in

1996 2037 2311 2110 synagogis
2342 2039 2399 2091 et
2424 2035 2580 2091 villis
2606 2034 2982 2106 Evangelium
3015 2032 3178 2104 regni
3205 2035 3262 2088 et
3313 2033 3449 2104 post
3499 2045 3642 2102 prte-

1997 2127 2347 2182 dicationem
2379 2131 2554 2197 atque
2583 2125 2911 2180 doctrinam
2944 2122 3186 2179 curabat
3230 2136 3466 2176 omnem
3515 2120 3643 2175 lan-

1996 2232 2259 2287 guorem,
2291 2221 2348 2271 et
2373 2232 2605 2272 omnem
2633 2213 3066 2281 inﬁrmitatem;
3101 2216 3168 2268 ut
3206 2211 3422 2283 quibus
3452 2225 3644 2265 sermo

1999 2324 2115 2362 non
2165 2311 2452 2373 suaserat,
2507 2320 2684 2377 opera
2731 2303 3170 2376 persuaderent.
3243 2300 3325 2356 De
3398 2297 3644 2355 Domino

1997 2397 2229 2469 proprie
2252 2395 2497 2452 dicitur:
2533 2395 2755 2450 Curans
2787 2409 3023 2449 omnem
3054 2391 3398 2465 languorem
3431 2392 3488 2445 et
3517 2404 3642 2444 om-

1998 2503 2132 2543 nem
2175 2485 2606 2550 inﬁrmitatem,
2639 2482 2783 2540 nihil
2815 2482 3030 2556 quippe
3059 2480 3110 2536 ei
3145 2476 3510 2553 impossibile
3535 2479 3643 2533 est.

2072 2577 2255 2644 (Vers.
2289 2578 2377 2644 36,
2411 2575 2527 2648 37.)
2560 2599 2588 2624 «
2620 2574 2844 2630 Videns
2866 2577 3062 2629 autem
3091 2571 3317 2641 turbas,
3371 2567 3647 2624 misertus

1999 2671 2088 2722 est
2117 2667 2222 2734 eis,
2258 2665 2398 2738 quia
2428 2669 2596 2722 erant
2625 2663 2835 2729 vexati,
2891 2667 2950 2718 et
2998 2663 3264 2733 jacentes
3313 2658 3468 2714 sicut
3513 2672 3647 2714 oves

2000 2774 2113 2812 non
2135 2756 2417 2812 habentes
2436 2759 2749 2828 pastorem.
2771 2755 2934 2810 Tunc
2957 2751 3098 2808 dicit
3118 2747 3426 2823 discipulis
3448 2747 3592 2804 suis.
3620 2768 3647 2795 ››

1998 2846 2238 2903 Vexatio
2261 2847 2455 2919 gregis
2471 2849 2530 2901 et
2552 2845 2752 2901 ovium
2777 2848 2953 2915 atque
2973 2841 3303 2905 turbarum,
3343 2841 3647 2911 pastorum

2002 2936 2196 3008 culpa,
2230 2941 2287 2991 et
2311 2935 2518 2991 vitium
2551 2934 2971 3007 magistrorum
3007 2935 3113 2988 est.
3139 2929 3304 2985 Unde
3347 2925 3642 2999 sequitur:

2073 3027 2261 3099 (Vere,
2295 3027 2384 3089 37,
2417 3024 2532 3096 38.)
2563 3047 2592 3073 ‹‹
2631 3022 2839 3079 Messis
2873 3021 3112 3098 quidem
3163 3017 3352 3075 multa
3400 3013 3652 3090 operarii

2003 3120 2200 3172 autem
2231 3114 2422 3186 pauci.
2482 3114 2700 3185 Rogate
2750 3128 2886 3185 ergo
2937 3110 3252 3168 Dominum
3295 3105 3530 3170 messis,
3587 3108 3654 3161 ut

2004 3205 2200 3261 mittat
2215 3203 2511 3276 operarios
2541 3202 2601 3258 in
2634 3217 2888 3258 messem
2922 3217 3112 3257 suam.
3151 3221 3178 3249 »
3208 3196 3416 3254 Messis
3465 3194 3653 3250 multa

2004 3293 2354 3368 populorum
2389 3292 2681 3362 signiﬁcat
2710 3290 3190 3346 multitudinem:
3238 3288 3340 3346 50
3396 3282 3666 3359 operarii

2007 3383 2199 3456 pauci,
2225 3383 2532 3456 penuriam
2552 3380 2988 3454 magistrorum.
3009 3380 3078 3436 Et
3099 3379 3349 3452 imperat
3361 3381 3426 3432 ut
3447 3377 3652 3447 rogent

2005 3473 2317 3530 Dominum
2339 3472 2573 3539 messis,
2601 3477 2666 3525 ut
2688 3469 2926 3526 mittat‘
2955 3469 3251 3542 operarios
3280 3466 3339 3521 in
3389 3480 3643 3520 messem

2003 3574 2196 3618 suam.
2232 3561 2336 3616 Isti
2368 3565 2508 3616 sunt
2538 3557 2809 3632 Operarii,
2839 3559 2910 3614 de
2935 3558 3151 3630 quibus
3183 3555 3442 3626 loquitur
3499 3551 3656 3608 Psal-

2003 3652 2198 3721 mista,
2219 3651 2420 3706 dicens
2440 3692 2452 3704 .
2489 3651 2596 3718 Qui
2622 3650 2895 3704 seminant
2927 3649 2984 3702 in
3016 3646 3300 3718 laerymis,
3334 3645 3394 3698 in
3444 3641 3652 3713 gaudio

2002 3746 2222 3798 metent.
2271 3741 2488 3807 Euntes,
2522 3740 2694 3807 ibant,
2745 3741 2796 3795 et
2834 3739 3062 3810 ﬂebant,
3107 3739 3385 3809 portantes
3432 3733 3653 3789 semina

2000 3848 2120 3888 sua.
2162 3832 2440 3888 Venientes
2477 3835 2671 3886 autem
2709 3831 2925 3884 venient
2957 3843 3083 3884 cum
3120 3826 3476 3894 exultatione,
3521 3838 3651 3894 por-

2000 3926 2179 3977 tantes
2196 3920 2510 3993 manipulos
2529 3935 2652 3974 suos
2673 3918 2852 3989 (Psal.
2877 3933 3038 3984 cxxv,
3074 3917 3128 3987 5,
3159 3917 3237 3983 6).
3271 3914 3341 3970 Et
3379 3916 3446 3968 ut
3491 3925 3679 3984 aper--

2003 4012 2125 4067 tius
2154 4009 2380 4081 loquar,
2415 4008 2626 4064 messis
2649 4006 2856 4074 multa,
2881 4005 3260 4062 omnisturba
3285 3999 3648 4060 credentium

2006 4103 2115 4156 est.
2151 4097 2412 4171 Operarii
2452 4101 2647 4153 autem
2684 4097 2876 4168 pauci,
2928 4100 2986 4150 et
3035 4093 3305 4166 apostoli,
3356 4098 3414 4148 et
3459 4089 3654 4149 imita-

2000 4195 2162 4246 tores
2194 4202 2397 4244 eorum
2429 4185 2531 4258 qui
2553 4185 2868 4241 mittuntur
2890 4183 2968 4239 ‘ad
2993 4197 3269 4237 messem.

2075 4278 2236 4351 (Cap.
2272 4276 2337 4332 X.
2362 4308 2430 4317 —«
2462 4279 2626 4331 Vers.
2663 4275 2736 4342 1.)
2771 4296 2799 4323 ‹‹
2832 4272 2901 4327 Et
2955 4269 3288 4326 convocatis
3340 4267 3649 4323 duodecim

2004 4367 2309 4441 discipulis
2360 4365 2508 4436 suis,
2551 4363 2709 4420 dedit
2755 4361 2874 4418 illis
2927 4363 3272 4434 potestatem
3333 4356 3648 4430 Spirituum

2003 4458 2470 4526 immundorum,
2504 4457 2568 4511 ut
2595 4454 2873 4527 ejiceren’t
2901 4468 3016 4518 eos,
3051 4454 3106 4505 et
3123 4453 3394 4506 curarent
3415 4463 3650 4504 omnem

2003 4548 2344 4620 languorem
2377 4550 2435 4602 et
2460 4561 2694 4602 omnem
2723 4543 3153 4599 inﬁrmitatem.
3183 4559 3208 4591 ο
3246 4538 3542 4613 Benignus
3595 4542 3672 4594 et

2005 4639 2263 4694 clemens
2295 4637 2577 4692 Dominus
2608 4651 2673 4690 ac
2705 4632 3003 4706 magister,
3041 4649 3155 4687 non
3206 4629 3428 4686 invidet
3469 4627 3654 4684 servis

237 4717 602 4789 differenter,
623 4719 713 4776 vel
733 4723 946 4776 mutum
977 4719 1064 4775 vel
1085 4721 1316 4775 surdum
1359 4721 1568 4776 dicere.
1617 4720 1898 4793 Spiritua-
1926 4728 1974 4794 D
2007 4732 2181 4800 atque
2213 4725 2520 4799 discipulis
2549 4725 2795 4780 virtutes
2827 4739 2985 4778 suas.
3017 4722 3088 4777 Et
3127 4721 3281 4777 sicut
3321 4720 3445 4792 ipse
3477 4735 3651 4774 cura-

239 4807 374 4865 liter
394 4813 598 4866 autem
621 4809 775 4866 sicut
794 4810 929 4866 caeci
952 4809 1154 4866 lumen
1177 4809 1487 4882 recipiunt,
1529 4808 1615 4865 sic
1641 4815 1698 4866 et
1745 4810 1895 4876 muti

238 4897 310 4953 ad
341 4895 712 4971 loquendum
741 4898 947 4972 lingua
977 4897 1226 4967 laxatur,
1258 4904 1326 4954 ut
1355 4900 1706 4958 conﬁteatur
1735 4917 1895 4969 eum,

241 5002 419 5060 quem
451 4991 627 5044 antea
655 4988 1002 5060 denegabat.

311 5077 507 5148 (Vers.
540 5078 633 5144 33,
661 5078 776 5151 34.)
809 5100 838 5129 ‹‹
856 5079 923 5134 Et
955 5077 1177 5133 miratae
1202 5081 1344 5134 sunt
1363 5077 1569 5147 turbas,
1594 5079 1855 5137 dicentes
1882 5098 1895 5136 :

238 5163 564 5239 Nunquam
592 5167 869 5241 apparuit
899 5166 983 5223 sic
1011 5166 1070 5223 in
1102 5166 1302 5224 Israel.
1365 5166 1642 5224 Pharisaei
1701 5172 1897 5226 autem

238 5255 555 5314 dicebant:
588 5257 651 5314 In
681 5256 946 5332 principe
992 5257 1420 5314 daemoniorum
1467 5257 1631 5329 ejicit
1682 5259 1898 5317 daamo-

237 5359 369 5401 nes.
403 5365 433 5394 »
467 5344 665 5403 Turba
711 5346 814 5404 Dei
843 5363 1020 5421 opera
1067 5347 1398 5416 conﬁtetur,
1429 5350 1486 5406 et
1519 5347 1693 5404 dicit:
1744 5353 1900 5406 Nun-

311 5466 467 5526 1Hic
515 5484 646 5546 vero
691 5475 898 5538 totam,
947 5488 1075 5546 quae
1120 5471 1259 5528 hinc
1307 5472 1712 5546 subsequitur,
1764 5472 1899 5530 Cum

239 5549 441 5670 pater):
452 5543 710 5618 venisset,
728 5549 861 5616 etc.,
875 5543 1184 5617 Scriptura;
1202 5543 1533 5618 pericopem
1547 5545 1727 5602 iidem
1751 5563 1893 5604 mss.

268 5631 411 5672 scen
447 5656 461 5668 .

241 5656 730 5817 :giiougussum,
765 5693 882 5747 tres
938 5704 1083 5746 mss.
1131 5690 1346 5762 justum
1406 5687 1632 5762 legunt,
1693 5690 1899 5764 sicque

289 5823 332 5866 ’³
389 5830 853 5892 Vetustissimus
914 5831 1270 5892 Veronensis
1322 5830 1694 5913 Bibliotheca:
1747 5833 1896 5895 liber

2007 4820 2170 4874 verat
2199 4832 2433 4872 omnem
2465 4815 2807 4887 languorem
2839 4816 2896 4870 et
2933 4827 3168 4868 omnem
3228 4809 3654 4873 inﬁrmitatem,

2009 4905 2289 4980 apostolis
2321 4920 2555 4977 quoque
2581 4905 2706 4959 suis
2738 4901 2945 4958 tribuit
2973 4905 3344 4974 potestatem,
3379 4903 3446 4956 ut
3492 4915 3656 4955 cura-

2009 5000 2138 5053 rent
2167 5010 2400 5051 omnem
2435 4993 2802 5066 languorem,
2825 4996 2882 5048 et
2909 5007 3143 5047 omnem
3166 4990 3570 5046 inﬁrmitatem
3593 4987 3654 5043 in

2009 5085 2196 5158 plebe.
2255 5083 2368 5139 Sed
2428 5081 2614 5138 multa
2659 5081 2946 5137 distantia
2995 5085 3085 5137 est
3131 5080 3288 5137 inter
3334 5079 3546 5135 habere
3599 5080 3658 5132 et

2007 5174 2284 5241 tribuere,
2313 5173 2532 5229 donare
2556 5177 2614 5228 et
2643 5171 2922 5244 accipere.
2945 5171 3062 5228 Iste
3078 5171 3468 5244 quodcunque
3510 5165 3654 5238 agit,

2009 5267 2297 5338 potestate
2327 5261 2562 5319 Domini
2593 5262 2745 5334 agit:
2779 5261 2887 5330 illi,
2921 5261 2971 5319 si
3002 5261 3145 5334 quid
3196 5259 3438 5327 faciunt,
3466 5253 3650 5312 imbe-

2008 5351 2310 5408 cillitatem
2341 5367 2511 5409 suam
2564 5355 2624 5407 et
2675 5350 2954 5408 virtutem
3011 5349 3246 5408 Domini
3277 5345 3651 5414 conﬁtentur,

2008 5474 2452 5550 Evangeliorum
2479 5475 2665 5544 addit,
2687 5475 3024 5550 etsurdum:
3073 5477 3384 5542 utramque
3430 5467 3658 5529 scilicet

2008 5547 2169 5631 vocis
2187 5551 2376 5625 κωφοῦ
2401 5547 2964 5631 interpretationem.

2079 5623 2102 5655 ⁸
2130 5621 2256 5678 Duo
2286 5613 2470 5687 'mss.,
2519 5613 2728 5690 eiiciat,
2778 5636 2882 5690 pro
2932 5617 3146 5672 mittat:
3211 5613 3441 5690 sicque_
3474 5613 3650 5687 paulo

2009 5697 2158 5764 post,
2192 5697 2254 5748 in
2291 5686 2638 5750 exultatione
2685 5686 2905 5753 metant,
2967 5703 3066 5757 pro
3121 5686 3348 5760 gaudio.
3404 5686 3656 5745 Et’mox

2004 5766 2280 5823 mittente:
2304 5767 2540 5834 semina,
2567 5781 2670 5838 pro
2697 5768 3000 5836 portantes.
