4182 6562
473 402 553 501 οξ

1714 412 1780 477 S.
1823 408 2141 477 EUSEBII
2182 407 2635 475 HIERONYMI

3800 403 3885 472 64

475 544 771 603 dicentes:
824 544 890 601 1η
936 547 1166 604 nomine
1211 546 1338 604 Iesu
1364 563 1544 621 surge,
1594 552 1647 605 et
1699 547 1930 604 ambula
1987 547 2122 615 (Act.
2156 543 2208 610 Α
2240 545 2503 601 civitates
2581 544 3086 604 Samaritanorum
3167 562 3240 602 ne
3322 541 3704 602 intraveritis:
3773 544 3927 601 sed-

475 652 539 704 ιι,
560 637 640 708 6).
672 636 1008 692 Notandum
1039 641 1233 693 autem
1275 638 1431 710 quod
1482 638 1542 693 in
1599 636 1947 693 duodecimo
1997 635 2121 691 loco

473 730 741 798 potestas
776 724 1079 798 signorum
1113 727 1394 800 apostolis
1426 727 1799 783 concedatur.

547 814 737 887 (Vers.
788 816 844 881 2,
907 824 983 886 i’.)
1039 837 1067 865 «
1103 815 1426 872 Duodecim
1478 821 1673 872 autem
1723 813 2119 887 apostolorum

477 903 719 960 nomina
750 904 1061 959 sunthaec.
1098 929 1119 957 ι
1161 904 1472 978 Catalogus
1512 904 1905 976 apostolorum
1956 902 2120 975 poni-

475 996 595 1058 tur,
628 998 693 1048 ut
720 997 883 1057 extra
912 993 1021 1049 hos
1054 994 1154 1066 qui
1206 994 1682 1066 pseudoapostoli
1730 994 1909 1049 futuri
1961 1000 2120 1059 sunt,

476 1080 885 1139 excludantur.
920 1106 947 1133 ‹‹
982 1083 1217 1140 Primus
1246 1084 1467 1150 Simon,
1503 1083 1603 1155 qui
1635 1084 1852 1138 dicitur
1889 1087 2118 1148 Petrus,

324 1896 462 2001 \

476 1175 535 1226 et
564 1171 826 1227 Andreas
857 1172 1037 1228 lrater
1068 1173 1230 1243 ejus:
1264 1173 1519 1229 Jacobus
1549 1173 1827 1238 Zebedei,
1861 1177 1919 1227 et
1948 1173 2119 1225 Joan-

480 1275 586 1316 nes
645 1260 823 1316 frater
879 1262 1043 1331 ejus:
1130 1261 1435 1333 Philippus
1513 1267 1571 1316 et
1644 1260 2119 1334 Bartholomeus,

480 1348 739 1407 Thomas
768 1353 825 1406 et
859 1350 1163 1406 Mattheus
1193 1350 1563 1422 publicanus,
1619 1356 1677 1406 ct
1724 1350 1974 1405 Jacobus
2022 1348 2119 1402 Al-

480 1438 655 1511 phei,
701 1443 758 1494 et
815 1438 1213 1494 Thaddeus.»
1264 1440 1544 1496 Ordinem
1604 1431 2003 1511 apostolorum
2068 1442 2125 1492 tt

478 1528 752 1583 meritum
777 1528 1267 1601 uniuscujusque,
1305 1528 1468 1584 illius
1490 1527 1599 1583 fuit
1620 1528 1994 1598 distribuere,
2024 1526 2123 1598 qui

477 1617 671 1673 cordis
700 1633 916 1673 arcana
963 1616 1234 1673 rimatur.
1295 1618 1529 1673 Primus
1577 1618 1852 1672 scribitur
1898 1617 2123 1682 Simon,

476 1710 866 1779 cognomento
923 1706 1159 1762 Petrus:
1236 1708 1307 1763 ad
1368 1707 1806 1762 distinctionem
1884 1706 2124 1761 alterius

478 1793 757 1861 Simonis,
791 1793 893 1866 qui
916 1794 1245 1866 appellatur
1279 1796 1664 1863 Chananeus,
1689 1797 1759 1851 de
1782 1795 1904 1851 vico
1927 1795 2126 1850 Chana

479 1882 748 1948 Galilee,
803 1882 903 1937 ubi
963 1900 1178 1955 aquam
1237 1884 1523 1941 Dominus
1578 1885 1750 1940 vertit
1808 1884 1866 1939 in
1921 1885 2121 1938 vinum
2156 1918 2202 1983 Β

480 1972 658 2045 (Ιοαη.
694 1988 756 2040 ιι,
788 1972 865 2043 8).
912 1973 1194 2029 Jacobum
1243 1990 1475 2045 quoque
1533 1973 1789 2046 appellat
1844 1974 2123 2039 Zebedei,

480 2060 620 2133 quia
656 2066 715 2116 et
763 2059 914 2116 alius
965 2062 1236 2134 sequitur
1281 2062 1534 2119 Jacobus
1577 2062 1819 2135 Alphei.
1872 2064 1941 2117 Et
1986 2079 2123 2134 apo-

483 2150 769 2207 stolorum
797 2150 1119 2223 pariajuga
1148 2150 1443 2207 consociat
1474 2153 1513 2206 ί.
1539 2151 1744 2224 Jungit
1775 2156 2011 2206 Petrum
2071 2156 2127 2206 et

478 2239 785 2295 Andream
807 2240 1033 2307 fratres,
1058 2256 1174 2295 non
1199 2245 1320 2296 tam
1351 2258 1525 2297 carne
1557 2258 1733 2314 quam
1757 2242 1850 2298 57
1891 2239 2123 2312 spiritu.

475 2327 763 2384 Jacobum
794 2332 852 2385 et
878 2329 1187 2400 Jeannem,
1229 2330 1330 2402 qui
1375 2335 1601 2400 patrem
1651 2331 1909 2401 corporis
1950 2329 2124 2385 relin-

477 2421 724 2489 quentes
753 2434 956 2473 verum
979 2422 1209 2473 Patrem
1250 2418 1435 2474 secuti
1480 2423 1637 2474 sunt.
1689 2418 2021 2491 Philippum
2071 2424 2125 2473 et

478 2504 994 2573 Bartholomeum,
1048 2506 1335 2563 Thomam
1391 2524 1624 2579 quoque
1672 2512 1730 2563 et
1789 2508 2123 2563 Mattheum

456 2592 882 2673 .publicanum.
943 2595 1142 2651 Ceteri
1182 2595 1551 2667 evangeliste
1602 2596 1661 2651 in
1714 2596 2125 2667 conjunctione

482 2683 815 2751 nominum,
842 2684 1100 2756 primum
1133 2690 1359 2758 ponunt
1386 2685 1720 2741 Mattheum
1750 2703 1762 2753 ;
1810 2690 1868 2741 et
1924 2691 2127 2758 postea

481 2770 791 2842 Thomam,
849 2788 955 2829 nec
996 2772 1297 2847 publicani
1357 2791 1569 2830 nomen
1656 2774 1959 2831 ascribunt
2017 2776 2122 2843 [AL

480 2860 839 2933 aecribitur],
863 2878 933 2918 ne
964 2862 1214 2935 antique
1246 2864 1704 2937 conversationis
1754 2865 2127 2920 recordantes

481 2948 760 3021 sugillare
800 2949 1217 3023 evangelistam
1268 2953 1623 3007 viderentur.
1687 2954 1798 3009 Iste
1849 2970 1981 3009 vero
2039 2955 2129 3024 (ut

484 3053 667 3110 supra
696 3037 974 3112 diximus)
1004 3044 1062 3096 et
1086 3044 1218 3113 post
1244 3041 1532 3097 Thomam
1582 3058 1644 3097 se
1694 3042 1874 3114 ponit,
1921 3047 1978 3097 et
2026 3060 2129 3115 pu-

485 3123 787 3183 blicanum
820 3127 1092 3202 appellat,
1119 3131 1295 3186 utubi
1311 3131 1616 3187 abundavit
1630 3133 1914 3204 iniquitas,
1946 3148 2129 3205 super-

485 3215 728 3272 abundet
752 3222 805 3273 et
833 3219 1017 3289 gratia
1047 3218 1221 3291 (Rom.
1255 3236 1310 3289 ν,
1338 3222 1451 3292 20).

2231 635 2425 704 potius
2483 638 2560 693 ite
2604 638 2675 693 ad
2713 654 2846 693 oves
2896 654 3022 709 que
3058 637 3358 709 perierunt
3378 636 3591 692 domus
3612 633 3813 692 Israel.
3849 657 3880 685 ››

2230 722 2354 779 Non
2388 732 2471 780 est
2497 727 2825 781 contrarius
2886 726 3050 782 locus
3105 726 3215 781 iste
3274 725 3325 779 ei
3374 730 3656 797 precepto
3708 726 3865 797 quod

2233 820 2435 883 postea
2466 816 2708 871 dicitur:
2742 818 2941 871 Euntes
2990 816 3166 870 docete
3220 832 3407 869 omnes
3454 822 3660 884 gentes,
3696 814 3876 885 bapti-

2232 912 2420 957 zanles
2475 921 2561 960 eos
2619 909 2677 958 in
2714 908 2935 960 nomine
2982 906 3187 973 Patris,
3238 912 3288 959 et
3334 904 3486 972 Filii,
3543 907 3593 957 et
3640 903 3881 974 Spiritus

2230 995 2408 1047 sancti
2432 994 2637 1063 (Matth.
2671 1012 2864 1063 xxvm,
2934 996 3035 1064 l‘J).
3090 994 3237 1057 Quia
3290 994 3397 1047 hoc
3442 998 3575 1046 ante
3626 1008 3882 1046 resurre-

2230 1080 2653 1146 ctionem,illud
2681 1090 2811 1154 post
2832 1083 3316 1137 resurrectionem
3344 1086 3694 1153 praeceptum
3718 1087 3808 1135 est
3834 1082 3876 1134 ‘.

2233 1169 2298 1223 Et
2322 1174 2623 1241 oportebat
2653 1174 2911 1244 primum
2963 1174 3276 1227 adventum
3331 1170 3546 1225 Christi
3597 1170 3875 1225 nuntiare

2229 1258 2470 1327 Judeis,
2504 1263 2815 1333 nejustam
2848 1263 3129 1316 haberent
3159 1260 3619 1330 excusationem,
3682 1260 3881 1314 dicen-

2231 1354 2318 1404 tes
2352 1351 2479 1406 ideo
2510 1369 2571 1407 se
2601 1352 2917 1407 Dominum
2952 1350 3239 1421 rejecissc,
3274 1350 3411 1420 quia
3436 1349 3509 1403 ad
3566 1354 3771 1421 gentes
3819 1352 3883 1403 et

2234 1440 2304 1494 ad
2340 1440 2741 1496 Samaritanos
2772 1441 3069 1513 apostolos
3117 1440 3356 1494 miserit.
3401 1439 3576 1493 Juxta
3621 1437 3880 1509 tropolo-

2234 1528 2390 1599 giam
2452 1546 2585 1585 vero
2642 1530 2977 1601 praecipitur
3025 1529 3193 1583 nobis
3251 1528 3351 1599 qui
3401 1526 3615 1582 Christi
3675 1542 3878 1581 cense-

2236 1633 2371 1670 mur
2400 1618 2655 1682 nomine,
2690 1636 2759 1673 ne
2788 1619 2845 1673 in
2905 1619 2997 1672 via
3044 1618 3306 1689 gentium
3358 1621 3414 1671 et
3472 1615 3879 1671 hereticorum

2235 1706 2610 1762 ambulemus
2632 1724 2846 1775 errore,
2872 1712 2935 1761 ut
2963 1723 3213 1779 quorum
3247 1705 3446 1777 religio
3469 1708 3738 1777 separata
3763 1709 3880 1773 est,

2235 1801 2536 1866 separetur
2565 1801 2620 1850 et
2648 1797 2784 1852 vita.

2305 1884 2491 1955 (Vers.
2537 1887 2673 1957 7ο8.)
2707 1909 2733 1935 ‹‹
2782 1887 3000 1941 Euntes
3050 1890 3243 1940 autem
3295 1884 3625 1956 praedicata,
3677 1882 3881 1937 dicen-

2232 1977 2357 2028 tes:
2393 1974 2531 2044 quia
2564 1974 3052 2046 appropinquavit
3082 1990 3327 2046 regnum
3361 1972 3661 2037 caelorum,
3713 1970 3883 2026 inﬁr-

2235 2078 2362 2117 mos
2392 2063 2493 2120 58
2527 2068 2749 2130 curate,
2792 2068 3051 2118 mortuos
3082 2063 3382 2131 suscitata,
3404 2061 3665 2132 leprosos
3708 2077 3886 2115 mun-

2234 2152 2387 2221 date,
2419 2153 2711 2207 daemones
2733 2152 2940 2222 ejicite.
2979 2176 3004 2200 ››
3046 2152 3125 2208 Ne
3175 2152 3516 2207 hominibus
3566 2148 3887 2205 rusticanis

2230 2245 2286 2295 et
2310 2242 2531 2311 absque
2560 2242 2773 2313 eloquii
2804 2248 3103 2297 venustate
3161 2240 3415 2296 indoctis
3459 2245 3515 2294 et
3565 2237 3887 2295 illitteratis

2234 2346 2405 2385 nemo
2432 2332 2711 2397 crederet,
2760 2330 3177 2403 pollicentibus
3226 2346 3405 2401 regna
3452 2328 3728 2384 cmlorum
3782 2329 3889 2384 dat

2237 2425 2582 2493 potestatem
2630 2406 2896 2476 inﬁrmos
2961 2438 3185 2489 curare,
3252 2418 3516 2491 leprosos
3573 2417 3887 2484 mundare,

2235 2511 2526 2565 demones
2557 2512 2786 2581 ejicere,
2823 2516 2888 2566 ut
2935 2509 3403 2583 magnitudinem
3456 2505 3891 2590 promissorum.

2236 2600 2440 2671 probet
2485 2600 2830 2671 magnitudo
2902 2600 3227 2671 signorum.
3311 2598 3377 2652 Et
3442 2596 3581 2667 quia
3650 2611 3888 2667 semper

2235 2688 2389 2743 dona
2442 2686 2771 2759 spiritualia
2821 2688 2894 2759 (si
2957 2704 3179 2743 merces
3235 2686 3427 2741 media
3496 2685 3594 2753 sit)
3679 2683 3889 2740 viliora

2240 2778 2411 2846 fiunt,
2473 2776 2822 2849 adjungitur
2876 2777 3129 2832 avaritiae
3188 2775 3619 2831 condemnatio.
3676 2792 3698 2822 ι
3732 2774 3885 2830 Gra-

2232 2866 2310 2920 tis
2358 2867 2690 2937 accepistis,
2747 2867 2931 2937 gratis
3004 2856 3156 2921 date.
3212 2887 3240 2914 »
3293 2866 3409 2936 Ego
3469 2863 3751 2935 magister
3824 2869 3890 2919 et

2240 2955 2520 3011 Dominus
2568 2956 2788 3027 absque
2866 2956 3047 3027 pretio
3126 2954 3233 3010 hoc
3309 2954 3475 3009 vobis
3539 2951 3740 3017 tribui,
3820 2958 3883 3007 et

2236 3061 2336 3099 vos
2370 3043 2495 3099 sine
2516 3044 2707 3116 pretio
2730 3045 2883 3113 date,
2917 3061 2989 3100 ne
3030 3042 3320 3116 Evangelii
3372 3042 3559 3115 gratia
3618 3057 3884 3097 corrum-

2235 3139 2428 3206 patur.

2312 3221 2495 3291 (Vere.
2529 3222 2583 3287 9,
2622 3222 2732 3293 10.)
2764 3245 2790 3271 ‹‹
2823 3220 3011 3276 Nolite
3066 3220 3363 3293 possidere
3410 3235 3644 3287 aurum,
3691 3234 3885 3290 neque

554 3304 741 3376 (Vere.
774 3306 850 3379 4.)
885 3327 913 3357 ι(
944 3289 1146 3364 Simon
1178 3289 1606 3366 Chananeus.»
1639 3312 1766 3383 Ipse
1797 3313 1885 3366 est
1916 3309 2014 3382 qui
2065 3309 2124 3364 in
2157 3289 2201 3355 (ἶ
2238 3289 2571 3382 argentum,
2649 3289 2837 3382 neque
2912 3289 3219 3383 pecuniam
3287 3310 3345 3364 in
3408 3308 3570 3364 zonis
3642 3289 3889 3375 vestris,

482 3392 596 3450 alio
635 3395 992 3469 evangelista
1040 3397 1145 3468 [AL
1191 3397 1521 3472 Evangelio]
1573 3400 1851 3456 scribitur
1922 3400 2123 3456 Zelotes

481 3482 633 3555 (Luc.
684 3501 757 3552 v1,
819 3486 928 3557 15).
991 3484 1179 3541 Charta
1222 3487 1436 3561 quippe
1488 3490 1638 3546 zelus
1684 3489 2119 3561 interpretatur.

481 3571 840 3631 Thaddeum
863 3574 1213 3647 apostolum,
1236 3578 1630 3635 ecclesiastica
1656 3579 1835 3634 tradit
1878 3577 2125 3634 historia

481 3659 732 3718 missum
761 3663 1021 3721 Edessan
1051 3668 1073 3701 ²
1115 3667 1186 3722 ad
1237 3668 1538 3739 Abgarum
1585 3684 1779 3739 regem
1831 3668 2123 3729 Osroene,

486 3747 586 3819 qui
644 3749 717 3805 ab
776 3752 1129 3824 evangelista
1185 3753 1340 3808 Luca
1398 3753 1582 3811 Judas
1638 3754 1838 3811 Jacobi
1908 3753 2128 3810 dicitur

485 3836 645 3904 (Ibid.
679 3840 807 3911 16):
841 3846 900 3897 et
929 3840 1068 3897 alibi
1098 3841 1427 3915 appellatur
1469 3843 1725 3913 Lebbeus,
1757 3843 1913 3914 quod
1947 3843 2126 3898 inter-

484 3931 753 3999 pretatur
834 3931 1138 3986 corculum.
1224 3929 1709 4003 Credendumque
1789 3938 1879 3986 est
1991 3946 2126 3986 eum

486 4013 671 4072 fuisse
721 4016 1095 4075 trinomium:
1149 4019 1303 4076 sicut
1352 4020 1575 4088 Simon,
1622 4022 1834 4089 Petrus,
1897 4023 1953 4075 et
2021 4018 2127 4074 filii

488 4105 765 4174 Zebedei,
809 4107 1114 4181 Boanerges
1172 4108 1283 4182 [AL
1316 4109 1630 4180 Banerges],
1663 4125 1733 4165 ex
1763 4109 2036 4164 ﬁrmitate
2073 4111 2131 4164 et

489 4196 898 4268 magnitudine
953 4198 1087 4255 ﬁdei
1153 4198 1441 4257 nominati
1519 4203 1679 4254 sunt.
1718 4220 1745 4247 »
1805 4199 1874 4253 Et
1944 4197 2129 4254 Judas

488 4282 836 4343 Ischariotes
858 4287 899 4356 ⁸,
961 4287 1062 4359 qui
1112 4291 1171 4343 et
1225 4286 1469 4343 tradidit
1526 4303 1731 4342 eum.»
1784 4285 1878 4343 Vel
1918 4303 1953 4342 a
1992 4287 2127 4343 vico

486 4375 591 4427 aut
619 4374 764 4429 urbe
794 4375 855 4429 in
886 4392 1001 4447 quo
1033 4381 1196 4432 ortus
1226 4379 1332 4442 est,
1393 4374 1481 4430 vel
1535 4392 1603 4431 ex
1649 4374 1804 4431 tribu
1863 4376 2129 4433 lssachar

485 4460 835 4517 vocabulum
859 4463 1142 4536 sumpsit:
1177 4468 1243 4519 ut
1263 4464 1518 4536 quodam
1549 4462 1817 4520 vaticinio
1882 4463 1940 4520 in
1992 4483 2127 4522 con-

487 4547 925 4606 demnationem
957 4552 1048 4607 sui
1080 4555 1253 4607 natus
1286 4551 1381 4623 sit.
1442 4553 1599 4623 (Cen.
1658 4570 1809 4621 xux,
1876 4555 1960 4621 14,
2017 4556 2123 4629 15).

2233 3399 2358 3453 Non
2422 3415 2621 3471 peram
2671 3400 2730 3454 in
2786 3399 2899 3471 via,
2934 3416 3148 3477 neque
3197 3399 3344 3455 duas
3388 3398 3640 3463 tunicas,
3691 3412 3884 3467 neque

2232 3487 2635 3556 calciamenta,
2698 3507 2885 3562 neque
2938 3491 3161 3563 virgam
3193 3491 3231 3545 ⁵.
3290 3488 3509 3560 Dignus
3563 3491 3651 3543 est
3711 3486 3874 3541 enim

2232 3578 2533 3649 operarius
2565 3579 2692 3635 cibo
2725 3597 2851 3635 suo.
2882 3603 2903 3629 ι
2940 3579 3380 3651 Consequenter
3423 3576 3545 3630 hee
3578 3576 3679 3630 dat
3724 3591 3873 3646 pre-

2234 3672 2405 3737 cepta
2457 3667 3016 3739 evangelizatoribus
3097 3665 3380 3730 veritatis,
3453 3661 3671 3734 quibus
3742 3667 3880 3718 ante

2235 3754 2495 3811 dixerat:
2530 3760 2712 3814 Gratis
2758 3759 3065 3830 accepistis,
3092 3756 3263 3824 gratis
3299 3752 3439 3807 date.
3484 3750 3542 3806 Si
3586 3751 3740 3807 enim
3791 3752 3880 3808 sic

2239 3845 2578 3913 predicant,
2598 3853 2663 3901 ut
2683 3849 2935 3920 pretium
2966 3861 3081 3900 non
3115 3842 3423 3915 accipiant,
3449 3840 3747 3913 superflua
3786 3846 3880 3896 est

2239 3934 2367 3988 auri
2396 3936 2737 4007 argentique
2766 3943 2824 3992 et
2853 3948 3234 3990 nummorum
3266 3932 3577 4003 possessio.
3629 3930 3775 3985 Nam
3826 3929 3880 3986 si

2235 4021 2579 4079 habuissent
2601 4040 2812 4081 aurum
2845 4029 2902 4079 et
2954 4026 3283 4094 argentum,
3344 4020 3700 4075 videbantur
3757 4035 3878 4075 non

2241 4128 2421 4169 causa
2452 4113 2666 4169 salutis
2714 4113 3044 4179 hominum,
3095 4110 3196 4165 sed
3256 4125 3432 4164 causa
3478 4107 3625 4164 lucri
3666 4107 3879 4181 predi-

2248 4218 2398 4258 care.
2426 4204 2609 4275 Neque
2654 4218 2731 4259 aes
2764 4204 2822 4256 in
2850 4199 3108 4256 surculis.
3142 4199 3251 4265 Qui
3282 4197 3515 4254 divitias
3564 4198 3879 4253 detrunca-

2237 4296 2325 4348 rat
2366 4293 2485 4364 [ΑΙ.
2548 4289 2899 4361 detruncat];
2950 4289 3374 4361 propemodum
3430 4292 3487 4343 et
3542 4280 3878 4343 necessaria

2231 4381 2361 4436 vite
2394 4384 2681 4453 amputat,
2714 4384 2778 4433 ut
2800 4377 3047 4451 apostoli
3077 4377 3340 4433 doctores
3364 4392 3508 4430 vere
3554 4373 3874 4447 religionis,

2242 4471 2343 4542 qui
2373 4469 2763 4525 instituebant
2794 4468 2914 4540 [ΑΙ.
2972 4467 3362 4538 instruebant]
3391 4467 3413 4501 ⁸
3438 4464 3638 4521 omnia
3682 4463 3877 4537 provi-

2235 4559 2432 4615 dentia
2479 4556 2579 4613 Dei
2632 4556 2968 4630 gubernari,
3018 4556 3242 4627 seipsos
3297 4554 3671 4610 ostenderent
3727 4551 3876 4608 nihil

487 4639 747 4694 laxae/car
768 4640 926 4695 enim
955 4640 1372 4713 interpretatur
1398 4657 1622 4710 merces,
1654 4646 1719 4697 ut
1766 4642 2129 4716 signiﬁcetur
2156 4660 2204 4726 Ι)
2234 4647 2489 4720 cogitare
2520 4648 2590 4703 de
2638 4646 2913 4703 crastino.
2972 4647 3085 4701 Non
3127 4661 3317 4716 peram
3361 4646 3420 4698 in
3470 4645 3579 4699 via.
3640 4646 3719 4697 Ex
3765 4640 3877 4699 hoc

486 4727 741 4798 pretium
772 4728 1110 4801 proditoris.

557 4815 749 4886 (Vere.
774 4819 830 4889 5,
860 4818 939 4890 6.)
974 4840 1000 4868 ‹‹
1032 4818 1095 4875 In
1129 4819 1281 4875 viam
1314 4818 1579 4893 gentium
1612 4837 1684 4876 ne
1742 4821 2036 4878 abieritis:
2073 4826 2131 4878 et

499 4942 785 5030 tifrAntea
840 4946 983 5030 erat,
1017 4945 1280 5030 ‘jugaque
1317 4963 1335 4998 :
1374 4945 1464 5030 _in
1530 4962 1648 5001 uno
1712 4945 1962 5030 alterove
2011 4964 2124 5019 ms,

477 5014 622 5084 juga
648 5014 1297 5142 quaeque..Rab.,Jzaria
1324 5019 1554 5089 utroque
1583 5019 1874 5074 consociat.
2108 5014 2119 5019 ⁷

514 5085 578 5161 η’
602 5086 664 5139 In
696 5085 1040 5142 Erasmiana
1068 5102 1119 5161 e‘
1144 5088 1326 5161 itione
1356 5089 1663 5161 depravata
1714 5088 2012 5161 legimus._
2048 5087 2128 5161 Ad

486 5156 803 5227 Abagarum
846 5174 1021 5228 regem
1058 5156 1471 5225 Chosdroene}.
1501 5159 1559 5214 in
1611 5156 1921 5216 Marianea
1968 5159 2127 5215 simi-

485 5232 593 5296 ter,
664 5230 738 5285 ad
798 5230 1108 5301 Abagarum
1166 5247 1350 5299 regem
1433 5232 1762 5288 Chosidenae.
1841 5233 2125 5288 Neutrum

481 5314 682 5374 verum
742 5305 856 5368 est;
918 5301 1205 5374 necgsicio
1273 5303 1567 5374 quodnam
1629 5304 1804 5359 fuerit
1879 5320 2125 5374 regnum

481 5368 943 5445 Chosdroenum,
977 5372 1061 5428 vel
1093 5368 1477 5429 Chosidenum.
1509 5374 1659 5429 Vera
1712 5376 1911 5445 itaque
1943 5368 2125 5431 lectio

482 5439 604 5515 hec
633 5449 723 5497 est
752 5459 930 5515 quam
961 5460 1169 5500 omnes
1211 5461 1354 5502 mss.
1413 5446 1640 5501 codices
1696 5439 1983 5502 retinent:
2045 5448 2128 5503 Ad

481 5512 983 5590 ﬁguram—regem
1020 5516 1302 5590 peruerat.
1340 5517 1487 5590 _Erat
1525 5534 1695 5590 porro
1760 5516 2126 5590 Osroenegvel

485 5582 787 5661 Qadroene,
813 5582 972 5661 regio
1011 5587 1186 5661 Syrias
1236 5590 1297 5661 in
1338 5582 1765 5661 Mesopotamiae
1816 5588 2067 5661 conﬁnip
2108 5604 2124 5641 :

481 5654 546 5732 in
579 5670 695 5732 qua
749 5654 968 5732 Edessa
1009 5654 1515 5732 et:_Nicephoriam
1563 5663 1758 5729 urbes,
1801 5661 1975 5732 juxta
2021 5658 2126 5732 Eu-

482 5725 749 5804 phratem
786 5726 1211 5804 ﬂumenztlnde
1232 5725 1430 5804 populi
1454 5732 1680 5790 Osroeni
1708 5725 1868 5804 apud
1883 5728 2128 5804 Stepha-

485 5798 652 5866 num,
684 5798 872 5858 Mar.
902 5827 972 5844 —
1008 5801 1190 5873 Olim,
1232 5798 1560 5878 'A6agamm
1614 5798 1802 5872 regein
1833 5798 2127 5859 Chmidene

2238 4740 2523 4809 precepto
2547 4735 2741 4808 arguit
2762 4734 3160 4807 philosophos,
3185 4733 3285 4805 qui
3316 4732 3488 4805 vulgo
3506 4730 3881 4803 appellantur

2237 4824 2640 4898 BactrOperite
2662 4862 2705 4896 ο,
2736 4825 2889 4897 quod
2920 4828 3349 4896 contemptores
3380 4820 3578 4877 seculi
3601 4824 3659 4877 et
3679 4820 3881 4877 omnia

2235 4948 2599 5006 Vid.Euseb.
2632 4948 2671 5004 l.
2708 4967 2746 5017 ι,
2780 4965 2831 5004 c.
2866 4950 2951 5004 15.

2307 5022 2329 5056 ⁸
2358 5022 2713 5077 Concinnius
2735 5021 2919 5077 nostri
2983 5035 3152 5086 mss.,
3204 5016 3347 5075 Iuda
3396 5024 3578 5074 autem
3617 5016 3878 5073 Schario-

2239 5102 2337 5176 tes,
2354 5094 2450 5176 uel
2466 5112 2513 5176 _a
2540 5096 2655 5176 uico
2687 5096 2745 5148 in
2771 5110 2887 5176 quo.
2904 5097 3057 5148 ortus
3080 5094 3178 5159 est,
3200 5089 3284 5145 vel
3313 5090 3577 5176 extribu,
3608 5093 3717 5145 etc.

2306 5165 2329 5199 ‘
2354 5164 2648 5223 Victorius
2678 5164 2898 5222 omittit
2926 5179 3144 5233 vocem,
3175 5169 3518 5235 praeceptum.

2306 5237 2327 5271 ⁸
2355 5238 2594 5293 Addunt
2625 5238 2864 5309 quidam
2898 5253 3042 5291 mss.
3076 5236 3141 5291 in
3166 5249 3359 5290 manu.
3392 5234 3544 5289 Tum
3600 5245 3881 5287 mercena-

2234 5310 2354 5381 rius
2382 5325 2483 5379 pro
2512 5309 3073 5381 aperarius,glegunt.

2304 5380 2325 5453 ἒ
2357 5374 2569 5437 Vitiosa
2591 5397 2767 5453 penes
2796 5374 3137 5453 Victoriam,
3169 5377 3597 5453 Bg'troperate;
3652 5374 3878 5453 Nomen

2235 5467 2269 5523 a
2296 5450 2504 5507 baculo
2535 5445 2760 5523 et'pera
2788 5449 2974 5523 sortiti
3007 5451 3163 5504 sunt.
3196 5445 3878 5523 PaschasiusRatberjus

2235 5517 2739 5579 huncl‘ereloeum
2789 5536 2858 5575 ex
2905 5520 3255 5591 Hieronymo
3304 5519 3656 5591 exscribens.
3689 5539 3717 5568 ‹‹
3750 5517 3878 5591 (ἆυ-ς

2238 5592 2379 5664 lam,
2413 5594 2624 5664 inquit,
2673 5592 2923 5664 cohibet,
2972 5588 3723 5664 etuarguit‘philosophos,
3771 5589 3876 5664 qui

2236 5659 2519 5734 dicuntur
2557 5659 3099 5734 BachalonitetAl.
3129 5659 3244 5729 cod,
3286 5659 3713 5734 Bactrope'rite)
3773 5659 3877 5733 (iui

2234 5733 2433 5863 temeti}?
2463 5733 2670 5863 rtnundi
2700 5749 2803 5808 pro
2833 5732 3015 5791 nihilo
3047 5733 3345 5805 ducentes,
3377 5732 3623 5790 cellar-ie
3672 5732 3875 5793 secum

2257 5820 2288 5863 e
2397 5821 2470 5863 an
2504 5846 2516 5863 .

2257 5819 2516 5864 erepant.
