4182 6580
277 490 353 557 65
850 491 1370 556 COMMENTAR.
1416 496 1493 556 IN
1542 487 2061 557 EVANGELIUM
2106 490 2489 556 MATTH/EI
2533 495 2687 556 LIB.
2731 492 2778 555 Ι.
2825 490 2996 556 CAP.
3040 492 3115 557 X.
3610 494 3691 561 66

279 646 381 704 pro
422 628 606 685 nihilo
666 628 968 699 ducentes,
1000 627 1303 684 cellarium
1361 645 1559 685 secum
1618 628 1929 684 vehebant.
1961 636 2007 700 Α
2044 632 2134 684 est
2165 628 2273 699 [Αἰ.
2308 628 2417 700 ﬁt],
2451 631 2518 683 ut
2556 626 2744 700 magis
2773 643 2837 684 se
2866 627 3090 684 noverit
3120 628 3379 701 accipere
3409 616 3684 704 gratiam,

278 721 465 791 Neque
521 717 663 774 duas
719 720 953 774 tunicas.
1016 717 1080 772 In
1132 717 1365 773 duabus
1430 717 1649 773 tunicis
1703 716 1929 772 videtur

281 808 421 864 mihi
453 806 669 880 duplex
699 808 1003 863 ostendere
1026 806 1463 862 vestimentdm.
1509 807 1636 862 Non
1695 824 1810 879 quo
1866 806 1928 862 in

167 940 173 947 .
275 897 416 954 locis
447 897 694 969 Scythiae
725 901 781 952 et
810 895 1041 969 glaciali
1076 897 1205 952 nive
1246 896 1576 970 rigentibus
1617 914 1736 952 una
1794 896 1929 968 quis

274 985 469 1044 tunica
500 986 707 1041 debeat
735 1003 864 1042 esse
895 991 1206 1042 contentus
1236 1003 1249 1042 :
1283 987 1383 1042 sed
1441 1003 1556 1059 quo
1613 985 1675 1041 in
1730 986 1930 1041 tunica

270 1076 682 1132 vestimentum
713 1073 1154 1148 intelligamus:
1212 1092 1285 1131 ne
1325 1073 1437 1131 alio
1495 1076 1710 1143 vestiti,
1769 1074 1927 1130 aliud

270 1164 439 1222 nobis
471 1164 802 1220 futurorum
847 1163 1060 1220 timore
1110 1180 1432 1220 servemus.
1491 1164 1673 1235 Neque
1718 1162 1930 1219 calcia-

270 1257 473 1310 menta.
510 1252 578 1309 Et
607 1252 770 1309 Plato
800 1252 1074 1326 prazcepit
1105 1252 1251 1307 duas
1274 1252 1534 1325 corporis
1556 1252 1929 1308 summitates

271 1359 385 1399 non
420 1358 550 1399 esse
570 1341 869 1412 velandus,
903 1356 1008 1396 nec
1043 1340 1345 1396 assueﬁeri
1396 1342 1606 1396 debere
1665 1340 1928 1397 mollitiei

273 1430 483 1504 capitis
514 1436 573 1487 et
600 1432 837 1504 pedum.
872 1430 1016 1485 Cum
1040 1429 1169 1505 haec
1190 1429 1347 1486 enim
1380 1428 1699 1485 habuerint
1746 1428 1927 1484 ﬁrmi-

270 1525 475 1591 tatem,
532 1526 739 1576 caetera
795 1519 1127 1575 robustiora
1183 1524 1341 1575 sunt.
1402 1519 1585 1592 Neque
1666 1520 1924 1589 virgam:

269 1610 374 1677 Qui
408 1610 639 1666 Domini
670 1609 958 1665 habemus
989 1608 1297 1675 auxilium,
1330 1608 1526 1664 baculi
1585 1607 1927 1680 praesidium

267 1717 370 1757 cur
400 1715 737 1773 quaeramus
763 1703 786 1754 Ρ
811 1698 912 1756 59
942 1700 1007 1753 Et
1047 1698 1187 1771 quia
1242 1698 1677 1771 quodammodo
1735 1697 1927 1752 nudos

263 1795 319 1847 et
348 1789 653 1863 expeditos
685 1789 756 1844 ad
812 1787 1252 1860 praedicandum
1312 1786 1609 1860 apostolos
1665 1785 1924 1857 miserat,

261 1884 318 1936 et
377 1880 531 1935 dura
578 1878 888 1934 videbatur
942 1893 1070 1934 esse
1146 1877 1402 1933 conditio
1480 1875 1924 1949 magistrorum,

263 1968 634 2025 severitatem
667 1967 939 2039 prmoepti
971 1966 1238 2038 sequenti
1281 1965 1575 2021 sententia
1633 1969 1925 2037 tempera-

265 2057 366 2127 vit,
401 2057 606 2113 diccns
636 2075 648 2113 :
684 2057 905 2128 Dignus
936 2060 1015 2112 est
1038 2056 1328 2129 operarius
1352 2057 1471 2110 cibo
1501 2071 1618 2111 suo.
1650 2054 1928 2118 Tantum,

272 2147 491 2219 inquit,
523 2146 789 2218 accipite,
823 2150 1109 2219 quantum
1133 2145 1190 2201 in
1215 2145 1372 2202 victu
1406 2148 1463 2200 et
1493 2144 1705 2201 vestitu
1762 2142 1930 2198 vobis

275 2235 678 2292 necessarium
738 2239 849 2291 est.
909 2234 1073 2290 Unde
1154 2238 1213 2290 et
1269 2233 1588 2307 Apostolus
1646 2231 1925 2305 replicat:

273 2326 549 2382 Habentes
595 2326 801 2382 victum
853 2334 906 2380 et
984 2326 1259 2391 vestitum,
1309 2324 1399 2380 his
1459 2324 1706 2379 contenti
1757 2323 1930 2377 simus

274 2416 322 2486 (Ι
348 2415 487 2470 Tim.
519 2431 599 2482 v1,
627 2413 702 2485 8).
738 2417 804 2468 Et
832 2413 893 2468 in
941 2412 1055 2469 alio
1102 2412 1266 2469 loco:
1330 2411 1697 2470 Communicet
1742 2414 1930 2466 autem

273 2505 320 2559 is
344 2505 444 2585 qui
473 2504 840 2560 catechizatur
895 2503 1055 2558 verbo
1084 2504 1101 2537 ¹
1158 2504 1210 2558 ci
1264 2506 1364 2574 qui
1408 2518 1465 2558 se
1520 2501 1818 2557 catechisat
1867 2501 1928 2555 in

272 2595 426 2649 omni
485 2592 619 2650 bono
670 2592 868 2665 (Galat.
923 2609 1001 2660 v1,
1059 2592 1152 2664 6):
1223 2596 1289 2647 ut
1345 2608 1595 2665 quorum
1654 2588 1928 2662 discipuli

273 2686 511 2740 metunt
538 2682 888 2756 spiritualia,
935 2685 1234 2739 consortes
1292 2699 1391 2738 eos
1446 2681 1663 2737 faciant
1718 2697 1927 2736 carna-

273 2769 418 2828 lium
455 2787 699 2829 suorum
728 2791 739 2827 :
776 2788 890 2829 non
923 2771 982 2826 in
1015 2771 1255 2842 avarita,
1291 2760 1403 2827 sed
1420 2758 1494 2826 in
1552 2769 1923 2825 necessitate.

272 2864 402 2917 Haec
432 2860 707 2918 historice
738 2861 1019 2917 diximus.
1068 2864 1352 2917 Caeterum
1403 2860 1731 2916 secundum
1786 2874 1927 2914 ana-

271 2966 485 3025 gogen,
515 2967 631 3007 non
671 2950 807 3008 licet
864 2949 1162 3023 magistris
1218 2940 1427 3006 aurum
1485 2954 1544 3005 et
1593 2952 1924 3022 argentum,

273 3044 331 3097 et
360 3041 672 3114 pecuniam
705 3057 833 3114 qua:
871 3040 931 3096 in
964 3041 1127 3097 zonis
1158 3045 1265 3111 est,
1322 3038 1641 3112 possidere.
1702 3040 1927 3093 Aurum

272 3146 425 3203 sepe
476 3129 750 3202 legimus,
808 3146 912 3203 pro
971 3146 1189 3197 sensu;
1251 3132 1579 3202 argentum.
1643 3143 1745 3200 pro
1802 3142 1927 3182 ser-

273 3235 489 3289 mone;
534 3236 635 3287 aes,
695 3236 799 3292 pro
854 3236 1031 3290 voce;
1092 3219 1213 3275 haec
1266 3218 1439 3275 nobis
1491 3235 1607 3274 non
1666 3216 1802 3273 licet
1856 3215 1928 3272 ab

271 3308 406 3365 aliis
467 3310 747 3382 accipere,
818 3310 920 3365 sed
989 3311 1128 3365 data
1194 3326 1228 3365 a
1292 3306 1540 3364 Domino
1606 3306 1924 3380 possidere.

2037 733 2212 790 quam
2246 717 2408 773 dare.

2108 806 2292 877 (Vers.
2330 807 2417 872 12,
2452 807 2564 879 13.)
2595 830 2623 857 ‹‹
2666 806 2962 863 Intrantes
3016 812 3212 863 autem
3273 807 3538 881 domum,
3594 827 3687 867 sa-

2039 895 2223 961 lutate
2248 912 2399 952 eam.
2432 897 2501 951 Et
2530 895 2823 968 siquidem
2858 896 3033 952 fuerit
3061 896 3272 952 domus
3330 896 3435 953 illa
3489 899 3686 969 digna,

2034 986 2225 1042 veniet
2251 1002 2361 1058 pax
2390 990 2584 1042 vestra
2611 1002 2790 1058 super
2818 1001 2985 1041 eam:
3021 984 3112 1041 sin
3169 989 3368 1042 autem
3430 1003 3543 1043 non
3585 988 3690 1044 ω

2038 1075 2213 1130 fuerit
2267 1076 2464 1148 digna,
2520 1091 2630 1146 pax
2688 1080 2881 1131 vestra
2944 1075 3016 1130 ad
3095 1091 3198 1131 vos
3281 1080 3620 1134 revertetur.
3657 1099 3687 1128 η

2037 1163 2273 1220 Occulte
2337 1163 2749 1220 salutationem
2811 1163 3030 1220 Hebraei
3088 1181 3155 1220 ac
3212 1165 3339 1238 Syri
3397 1167 3689 1225 sermonis

2037 1252 2342 1326 expressit.
2394 1253 2556 1317 Quod
2626 1253 2783 1308 enim
2844 1253 3038 1310 Graece
3092 1253 3329 1325 dicitur,
3388 1251 3572 1331 χαῗρε,
3631 1261 3690 1315 et

2040 1342 2262 1409 Latine,
2287 1358 2404 1411 ave,
2438 1342 2547 1398 hoc
2604 1341 2886 1419 Hebraico
2926 1342 3202 1419 Syroque
3260 1360 3530 1401 sermone
3582 1361 3691 1419 ap-

2037 1429 2292 1502 pellatur
2320 1448 2505 1518 SALOM
2543 1447 2682 1486 LACH
2714 1416 2811 1518 (“t5
2853 1415 3039 1502 D15W)
3065 1431 3187 1487 sive
3212 1448 3398 1489 sanum
3420 1415 3690 1491 sumen”

2037 1520 2190 1604 (Ἴων
2256 1505 2460 1591 mimi),
2522 1519 2577 1574 id
2636 1531 2723 1604 est
2767 1505 2890 1590 'pax
2958 1528 3156 1576 tecum.
3245 1521 3410 1588 Quod
3486 1529 3688 1582 autem

2037 1600 2320 1681 praacipit,
2382 1609 2498 1665 tale
2552 1600 2683 1664 est‘:
2746 1610 3117 1665 lntroeuntes
3150 1610 3429 1679 domum,
3481 1629 3685 1685 pacem

2034 1697 2443 1770 imprecamini
2474 1697 2716 1776 hospiti,
2772 1703 2831 1754 et
2885 1701 3176 1770 quantum
3234 1698 3295 1755 in
3351 1701 3514 1758 vobis
3574 1708 3687 1772 est,

2035 1784 2339 1842 discordiae
2398 1786 2551 1842 bella
2598 1787 2815 1843 sedate.
2877 1787 2978 1843 Sin
3044 1792 3241 1843 autem
3312 1793 3437 1845 orta
3517 1791 3693 1850 fuerit

2035 1876 2438 1942 contradictio,
2477 1893 2580 1932 vos
2634 1876 2961 1932 mercedem
3020 1877 3310 1934 habebitis
3366 1878 3437 1934 de
3494 1880 3691 1939 oblata

2040 1981 2178 2037 pace
2212 1983 2225 2027 ;
2259 1964 2343 2020 illi
2376 1965 2619 2034 bellum,
2652 1965 2753 2037 qui
2785 1963 2892 2040 [AL
2927 1966 3107 2038 quod]
3130 1966 3344 2024 habere
3371 1968 3686 2042 voluerint,

2038 2054 2441 2127 possidebunt.

2107 2144 2505 2216 (Vers.14.)«
2539 2144 2608 2199 Et
2664 2143 3000 2217 quicunque
3056 2163 3171 2202 non
3224 2149 3507 2221 receperit
3557 2167 3684 2221 vos,

2039 2248 2226 2304 neque
2256 2231 2509 2288 audierit
2539 2248 2840 2289 sermones
2886 2238 3134 2301 vestros,
3196 2242 3473 2294 exeuntes
3530 2239 3688 2298 foras

2037 2323 2109 2377 de
2148 2323 2347 2390 domo,
2376 2322 2465 2378 vel
2495 2322 2748 2390 civitate,
2781 2324 3031 2381 excutite
3063 2324 3357 2397 pulverem
3397 2328 3471 2384 de
3522 2330 3686 2401 pedi-

2037 2411 2149 2467 bus
2191 2412 2416 2468 vestris.
2485 2435 2506 2462 ι
2570 2412 2766 2469 Pulvis
2816 2415 3111 2470 excutitur
3164 2416 3236 2471 de
3294 2417 3565 2489 pedibus,
3624 2419 3685 2478 in

2036 2500 2440 2557 testimonium
2474 2500 2691 2558 laboris
2723 2502 2836 2571 sui,
2864 2503 3020 2576 quod
3054 2503 3303 2578 ingressi
3359 2505 3480 2563 sint
3546 2508 3685 2566 civi-

2036 2591 2238 2661 tatem,
2294 2597 2351 2646 et
2423 2590 2756 2663 praedicatio
2801 2591 3123 2663 apostolica
3179 2594 3250 2650 ad
3304 2595 3438 2653 illos
3496 2614 3686 2671 usque

2037 2679 2379 2751 pervenerit.
2413 2679 2543 2736 Sive
2570 2680 2859 2737 excutitur
2889 2680 3102 2754 pulvis:
3149 2687 3214 2738 ut
3271 2685 3417 2741 nihil
3473 2687 3547 2742 ab
3599 2688 3685 2745 eis

2037 2768 2337 2841 recipiant,
2373 2786 2447 2826 ne
2477 2769 2549 2825 ad
2580 2769 2803 2827 victum
2835 2770 3076 2843 quidem
3108 2762 3528 2843 necessarium,
3579 2778 3683 2849 qui

2035 2856 2412 2931 Evangelium
2445 2859 2787 2931 spreverint.

2108 2946 2293 3018 (Vers.
2329 2948 2439 3020 12.)
2475 2970 2501 2999 «
2526 2952 2713 3003 Amen
2744 2948 2874 3005 dico
2899 2948 3085 3018 vobis,
3151 2949 3518 3010 tolerabilius
3574 2956 3688 3013 erit

2036 3040 2200 3092 terrae
2229 3037 2619 3093 Sodomorum
2650 3040 2708 3093 et
2736 3038 3244 3096 Gomorrhaeorum
3265 3041 3325 3097 in
3347 3042 3441 3098 die
3452 3043 3685 3115 judicii,

2036 3140 2213 3196 quam
2245 3124 2331 3180 illi
2362 3125 2600 3182 civitati.
2639 3148 2668 3175 »
2698 3126 2759 3182 Si
2786 3126 3150 3185 tolerabilius
3197 3130 3308 3187 erit
3361 3135 3528 3190 term
3588 3134 3689 3191 So-

2039 3214 2351 3270 domorum
2435 3221 2494 3271 et
2553 3214 3061 3273 Gomorrhseorum
3120 3219 3229 3290 [ΑΙ.
3288 3205 3685 3297 (Ξοωοιιι-ῑιθίθ]

2040 3320 2216 3375 quam
2248 3303 2332 3360 illi
2362 3304 2578 3361 civitati
2610 3322 2735 3377 quis
2766 3322 2881 3363 non
2942 3308 3226 3380 receperit
3281 3310 3685 3385 Evangelium,

265 3396 471 3470 Neque
500 3398 905 3453 haereticorum
932 3402 989 3453 et
1010 3396 1491 3470 philosophorum
1528 3410 1928 3469 perversaque
1958 3384 2001 3450 C
2039 3399 2095 3447 et
2126 3394 2340 3450 idcirco
2367 3392 2751 3464 tolerabilius,
2788 3395 2926 3468 quia
2954 3396 3225 3453 Sodomis
3253 3402 3313 3454 et
3344 3384 3687 3459 Gomorrhis

267 3485 554 3543 doctrina;
586 3484 886 3557 suscipere
934 3484 1297 3557 disciplinas,
1356 3501 1470 3540 non
1528 3483 1721 3540 smculi
1782 3500 1925 3556 pon-

268 3577 413 3631 dere
473 3573 679 3647 premi,
743 3589 931 3646 neque
987 3573 1205 3646 duplici
1264 3590 1392 3629 esse
1459 3573 1679 3635 animo.
1741 3589 1930 3645 neque

268 3664 456 3737 pedes
528 3668 761 3718 nostros
821 3663 1140 3719 mortiferis
1201 3661 1451 3718 vinculis
1509 3660 1759 3733 alligari,
1826 3662 1927 3718 sed

269 3756 540 3809 sanctam
572 3755 787 3807 terram
819 3751 1236 3824 ingredientes,
1285 3768 1412 3808 esse
1465 3751 1696 3820 nudos;
1740 3767 1929 3824 neque

169 3839 173 3841 “
267 3841 487 3898 habere
516 3840 737 3915 virgam
773 3857 901 3913 quae
932 3845 1195 3896 vertatur
1247 3840 1307 3895 in
1367 3841 1673 3896 colubrum
1731 3839 1924 3908 (Exod.

268 3947 348 3999 iv,
379 3931 438 3999 2,
470 3931 566 4003 3);
597 3947 787 4003 neque
816 3930 873 3986 in
914 3930 1110 4003 aliquo
1155 3929 1424 4003 praesidio
1482 3929 1674 3986 carnis
1732 3929 1927 3996 inniti,

270 4020 412 4092 quia
441 4019 779 4075 istiusmodi
808 4018 970 4092 virga
1014 4023 1072 4075 et
1129 4018 1374 4075 baculus
1426 4018 1787 4075 arundineus
1840 4022 1931 4075 est

269 4109 362 4178 (IV
393 4110 517 4180 Reg.
552 4124 711 4171 xvm.
759 4109 870 4175 21;
921 4109 1026 4164 Im.
1077 4124 1271 4174 xxxvr,
1314 4108 1394 4180 6),
1443 4124 1617 4180 quem
1668 4109 1718 4164 si
1784 4124 1927 4180 pau-

269 4196 465 4253 lulum
498 4196 799 4270 presseris,
840 4197 1147 4271 frangitur,
1193 4202 1251 4254 et
1309 4214 1551 4253 manum
1610 4196 1930 4253 transforat

269 4286 695 4343 incumbentis.

340 4377 536 4448 (Vers.
571 4377 682 4447 11.)
713 4398 742 4426 «
774 4376 839 4432 In
870 4393 1282 4449 quamcunque
1314 4376 1471 4432 enim
1502 4376 1795 4432 civitatem
1828 4379 1931 4432 aut

271 4465 583 4524 castellum
620 4465 973 4522 intraveritis
1003 4467 1357 4538 interrogate
1378 4465 1510 4538 quis
1541 4466 1599 4520 in
1627 4482 1695 4520 ea
1713 4465 1929 4538 dignus

272 4556 367 4621 sit,
398 4561 460 4613 et
489 4556 571 4612 ibi
604 4560 858 4623 manete,
892 4556 1076 4612 donec
1135 4555 1358 4612 exeatis
1442 4577 1470 4604 n
1529 4555 1717 4627 Super
1772 4554 1927 4610 ordi-

272 4646 510 4702 natione
583 4644 841 4718 episcOpi
913 4650 972 4701 et
1045 4644 1275 4701 diaconi
1350 4642 1566 4700 Paulus
1643 4642 1927 4716 loquitur,

2037 3498 2148 3537 non
2181 3483 2291 3538 fuit
2322 3483 2725 3555 praedicatum,
2758 3483 2897 3540 huic
2927 3488 3125 3541 autem
3156 3486 3536 3558 praedicatum
3585 3489 3684 3560 sit,

2036 3575 2093 3625 et
2117 3576 2312 3627 tamen
2372 3587 2488 3627 non
2547 3572 2829 3644 receperit
2883 3572 3299 3645 Evangelium:
3359 3586 3496 3649 ergo
3534 3577 3689 3636 inter

2036 3665 2366 3732 peccatores
2399 3661 2626 3717 diversa
2655 3660 2948 3735 supplicia
2977 3666 3135 3718 sunt.

2107 3750 2294 3821 (Vere.
2332 3751 2442 3822 16.)
2476 3774 2504 3802 ‹‹
2538 3756 2677 3807 Ecce
2707 3767 2812 3825 ego
2864 3753 3035 3808 mitto
3064 3769 3166 3809 vos
3227 3753 3382 3811 sicut
3432 3773 3569 3815 oves
3623 3758 3686 3816 in

2037 3840 2228 3895 medio
2267 3839 2563 3912 luporum.
2623 3862 2652 3891 ››
2714 3840 2924 3914 Lupos,
2959 3841 3195 3899 Scribas
3246 3847 3306 3899 et
3361 3844 3687 3905 Pharismos

2033 3933 2220 3995 vocat,
2255 3928 2354 4001 qui
2387 3933 2525 3985 sunt
2552 3928 2743 3985 clerici
2773 3929 3131 3987 Judmorum.

2108 4016 2294 4089 (Vers.
2348 4018 2559 4086 16-18.)
2611 4041 2640 4067 ‹‹
2698 4018 2895 4074 Estote
2951 4035 3087 4089 ergo
3153 4021 3472 4092 prudentes
3532 4023 3688 4080 sicut

1990 4111 2356 4179 .serpentes,
2415 4111 2472 4162 et
2528 4104 2829 4177 simplices
2908 4107 3062 4163 sicut
3117 4108 3422 4167 columbas.
3480 4113 3688 4170 Cavete

2039 4200 2232 4251 autem
2262 4195 2333 4250 ab
2365 4193 2702 4250 hominibus
2728 4212 2740 4257 ;
2776 4195 3009 4250 tradent
3037 4196 3194 4252 enim
3225 4214 3328 4254 vos
3373 4199 3433 4254 in
3490 4201 3687 4257 conci-

2039 4284 2152 4352 liis,
2188 4289 2243 4339 et
2270 4284 2329 4340 in
2363 4282 2674 4356 synagogis
2704 4282 2830 4339 suis
2876 4283 3258 4357 ﬂagellabunt
3312 4303 3436 4352 vos,
3497 4293 3556 4344 et.
3611 4291 3686 4348 ad

2039 4375 2316 4447 praesides
2348 4378 2405 4429 et
2426 4389 2590 4446 reges
2619 4373 2914 4429 ducemini
2964 4380 3199 4447 propter
3227 4391 3341 4443 me,
3400 4375 3459 4432 in
3518 4377 3685 4434 testi-

2038 4464 2301 4519 monium
2333 4461 2539 4518 illiset
2583 4462 2877 4535 gentibus.
2940 4484 2968 4512 »
3025 4462 3100 4521 Ut
3154 4480 3258 4537 per
3312 4467 3686 4539 prudentiam

2037 4553 2294 4610 devitant
2351 4551 2617 4621 insidias,
2673 4568 2779 4624 per
2831 4551 3263 4625 simplicitatem
3325 4572 3443 4611 non
3469 4556 3690 4615 faciant

2039 4642 2257 4698 malum
2289 4642 2330 4696 ³.
2356 4641 2652 4714 Serpentis
2685 4642 2903 4698 astutia
2933 4641 3170 4715 ponitur
3196 4643 3256 4699 in
3308 4644 3643 4718 exemplum
3670 4662 3685 4704 :

274 4737 501 4807 Oportet
530 4739 717 4791 autem
745 4751 830 4791 eos
860 4739 912 4823 et
943 4736 1318 4792 testimonium
1356 4733 1557 4790 habere
1615 4734 1820 4823 bonum
1860 4734 1928 4789 ab
1960 4755 2005 4820 Ι)
2037 4731 2179 4823 quia
2206 4735 2328 4787 toto
2359 4747 2597 4803 corpore
2626 4730 2649 4765 ‘
2679 4731 2930 4788 occultat
2953 4737 3151 4805 caput,
3183 4737 3241 4790 et
3268 4734 3415 4791 illud
3463 4736 3524 4792 in
3573 4752 3689 4810 quo

271 4823 357 4880 his
386 4826 486 4897 qui
520 4826 658 4898 foris
693 4832 825 4881 sunt
860 4820 905 4893 (ι
936 4826 1070 4880 Tim.
1126 4841 1212 4893 In,
1262 4824 1351 4898 7).
1404 4821 1664 4895 Apostoli
1718 4839 1927 4879 novam
2037 4820 2155 4876 vita
2186 4826 2292 4888 est,
2328 4820 2598 4893 protegit.
2634 4822 2716 4877 Ita
2745 4825 2805 4877 et
2835 4838 2941 4878 nos
2987 4826 3107 4879 toto
3168 4824 3427 4896 periculo
3485 4842 3691 4899 corpo-

269 4911 639 4971 introeuntes
670 4914 899 4982 urbem,
932 4912 1083 4970 scire
1113 4930 1226 4969 non
1260 4916 1529 4985 poterant
1559 4912 1693 4984 quis
1736 4910 1931 4983 qualis

271 5008 447 5060 esset.
511 5005 662 5077 Ergo
724 5003 943 5077 hospes
1000 5004 1157 5060 fama
1211 5002 1517 5075 eligendus
1577 5006 1667 5058 est
1706 5000 1927 5074 populi,

272 5095 330 5147 et
366 5092 593 5167 judicio
647 5091 994 5161 vicinorum,
1055 5109 1127 5149 ne
1186 5089 1616 5165 praedicationis
1672 5091 1931 5164 dignitas

271 5181 651 5254 suscipientis
708 5182 954 5238 infamia
1012 5182 1374 5254 deturpetur.
1437 5186 1579 5235 Cum
1641 5180 1930 5237 universis

270 5267 526 5325 debeant
553 5271 885 5343 praedicare,
920 5272 1131 5343 hospes
1162 5287 1317 5326 unus
1356 5268 1615 5342 eligitur,
1648 5285 1765 5324 non
1824 5268 1928 5324 tri-

268 5356 464 5414 buens
498 5359 842 5417 beneficium
874 5361 925 5418 ei
956 5361 1057 5433 qui
1116 5360 1269 5432 apud
1328 5375 1391 5415 se
1443 5374 1761 5414 mansurus
1818 5363 1926 5429 est,

270 5448 373 5504 sed
406 5447 722 5521 accipiens,
748 5450 857 5506 hoc
887 5449 1046 5507 enim
1086 5449 1324 5519 dicitur,
1349 5437 1492 5521 quis
1523 5447 1583 5502 in
1614 5463 1681 5503 ea
1715 5445 1929 5520 dignus

343 5629 359 5662 ¹
395 5627 667 5685 Martian.
699 5645 899 5685 vocem
925 5629 1089 5686 verba
1120 5628 1592 5686 nraetermiserat.

340 5700 364 5774 ξ
394 5700 520 5774 Non
551 5699 1145 5774 improbarim,iquod
1178 5700 1359 5757 nostri
1406 5699 1725 5774 praeferunt
1749 5715 1924 5774 gmss.

275 5770 658 5845 δᾳζαπξαιασὴξ
727 5770 1233 5845 quemadmodum
1318 5776 1376 5845 et
1407 5770 1425 5772 “
1457 5771 1519 5845 in
1577 5787 1696 5845 uno
1748 5771 1928 5845 Regio

273 5841 380 5905 240
436 5841 663 5905 Latinis
720 5841 926 5907 itidem
983 5844 1271 5919 scriptum
1340 5843 1550 5904 litteris
1606 5841 1929 5904 Cotelorius

2039 4909 2120 4966 ris
2151 4913 2327 4982 caput
2358 4914 2647 4977 nostrum,
2680 4910 2783 4982 qui
2812 4910 3077 4968 Christus
3116 4919 3225 4984 est,
3259 4915 3689 4973 custodiamus.

2040 4999 2398 5072 Simplicitas
2427 4998 2835 5055 columbarum
2867 5016 2936 5056 ex
2966 5000 3222 5073 Spiritus
3251 5003 3438 5059 sancti
3496 5005 3690 5077 specie

2038 5090 2494 5144 demonstratur.
2540 5086 2704 5143 Unde
2759 5087 2903 5143 dicit
2959 5094 3017 5145 et
3061 5090 3415 5162 Apostolus:
3474 5092 3691 5149 Malitia

2033 5178 2260 5251 parvuli
2289 5180 2449 5233 estote
2470 5176 2520 5250 (Ι
2544 5176 2669 5233 Cor.
2704 5193 2819 5247 xw,
2851 5178 2965 5251 20).

2109 5268 2297 5338 (Vere.
2330 5265 2424 5337 19,
2456 5265 2571 5336 20.)
2602 5286 2631 5315 «
2664 5263 2810 5320 Cum
2841 5272 3038 5323 autem
3071 5269 3301 5325 tradent
3328 5283 3452 5338 vos,
3508 5263 3689 5323 nolite

2038 5356 2295 5429 cogitare
2324 5354 2419 5409 61
2457 5354 2753 5427 quomodo
2788 5359 2889 5411 aut
2918 5356 3058 5428 quid
3106 5354 3450 5428 loquamini.
3508 5353 3690 5410 Dabi-

2037 5450 2135 5502 tur
2162 5444 2321 5501 enim
2348 5442 2516 5501 vobis
2544 5440 2604 5498 in
2634 5441 2736 5499 illa
2764 5443 2909 5501 hora
2954 5445 3096 5517 quid
3152 5441 3497 5515 loquamini.
3558 5442 3686 5504 Non

2039 5630 2394 5787 iurgiis“
2465 5700 2621 5753 tacet
2703 5695 2847 5751 Rab.
2930 5693 3161 5765 malum,
3246 5696 3541 5771 refertque
3614 5695 3690 5763 ad

2036 5771 2523 5903 miugﬁrserunt
2550 5840 2666 5901 duo
2697 5853 2839 5898 mss.
2873 5837 3121 5902 Palatini
3149 5841 3518 5921 periclitante.
