4182 6580
491 473 569 531 67
1737 462 1802 524 S.
1849 461 2134 524 EUSEBI

2247 459 2660 522 usaenvm
3679 413 3693 429 ’
3820 461 3909 524 sa

493 605 649 662 enim
711 602 855 659 estis
884 617 986 656 vos
1018 597 1119 671 qui
1179 597 1488 670 loquimini
1529 597 1628 653 sed
1670 595 1922 669 Spiritus
1954 595 2140 650 Patris
2169 605 2223 672 Α
2256 611 2504 650 sensus:
2541 595 2726 650 Nolite
2757 594 2959 650 timere
2993 600 3432 666 persecutorum
3477 595 3779 666 saevitiam,
3841 603 3904 653 et

494 695 674 752 vestri
715 691 816 764 qui
857 689 1117 761 loquitur
1153 688 1211 742 in
1253 687 1439 742 vobis.
1511 710 1538 737 ››
1605 691 1792 758 Supra
1851 686 2075 741 dixerat
2123 699 2135 734 τ

500 785 728 844 Tradcnt
755 783 902 836 enim
931 795 1022 835 vos
1049 781 1108 834 in
1137 778 1410 842 conciliis,
1454 782 1509 832 et
1568 778 1626 832 in
1681 777 1976 848 synagogis
2031 776 2143 829 suis

497 874 851 948 ﬂagellabant
881 886 994 938 vos,
1026 871 1077 924 el
1105 867 1175 923 ad
1227 866 1492 939 praesides
1549 873 1604 921 et
1650 881 1799 934 reges
1857 865 2145 920 ducemini

499 968 840 1038 proptcrme.
871 964 1012 1014 Cum
1045 973 1180 1028 ergo
1224 961 1458 1029 propter
1509 954 1801 1010 Christum
1859 954 2145 1009 ducamur

497 1056 568 1111 ad
585 1052 839 1125 judices,
870 1047 1230 1103 voluntatem
1253 1049 1482 1100 tantum
1512 1049 1767 1099 nostram
1793 1059 1895 1115 pro
1917 1042 2142 1097 Christo

496 1143 778 1200 debemus
809 1139 1035 1194 offerre.
1105 1140 1384 1190 Caeterum
1448 1135 1571 1205 ipse
1638 1132 1903 1187 Christus
1943 1130 2041 1202 qui
2083 1131 2140 1186 in

396 1216 399 1220 y
499 1232 670 1294 nobis
709 1227 953 1296 habitat,
993 1225 1268 1296 loquetur
1306 1239 1407 1294 pro
1446 1238 1532 1286 se,
1574 1226 1630 1276 et
1667 1221 1921 1294 Spiritus
1955 1218 2143 1276 sancti

499 1319 686 1395 gratia
715 1319 772 1372 in
805 1313 1206 1387 respondendo
1238 1309 1687 1366 ministrabitur.

568 1410 754 1480 (Vers.
786 1405 878 1470 21,
907 1403 1021 1467 22.)
1054 1423 1081 1448 ‹‹
1114 1399 1327 1454 Tradet
1357 1402 1555 1452 autem
1590 1397 1768 1452 frater
1805 1396 2043 1450 fratrem
2083 1394 2142 1449 in

499 1500 767 1560 mortem,
807 1497 863 1548 et
894 1495 1056 1562 pater
1081 1488 1292 1554 lilium,
1317 1491 1373 1543 et
1402 1487 1711 1558 insurgent
1728 1485 1830 1540 lilii
1859 1485 1917 1539 in
1945 1500 2147 1557 paren-

491 1591 597 1654 tes,
633 1591 690 1640 et
711 1587 896 1639 morte
925 1596 1024 1635 eos
1055 1575 1332 1634 afticient.
1363 1577 1433 1630 Et
1457 1575 1618 1630 eritis
1676 1573 1807 1628 odio
1867 1573 2145 1628 omnibus

483 1679 728 1748 propter
759 1685 972 1725 nomen
1004 1683 1221 1722 meum.
1268 1687 1296 1714 »
1337 1665 1456 1719 Hoc
1513 1665 1571 1718 in
1645 1662 2144 1735 persecutionibus

494 1763 619 1819 fieri
649 1761 851 1817 crebro
882 1758 1186 1823 videmus;
1217 1771 1319 1809 nee
1347 1753 1504 1809 ullus
1544 1757 1631 1808 est
1671 1752 1824 1806 inter
1854 1768 1951 1806 eos
1990 1751 2145 1805 fidus

494 1852 764 1918 allectus,
815 1862 1065 1920 quorum
1124 1844 1353 1899 diversa
1389 1843 1534 1898 fides
1575 1846 1680 1897 est.
1731 1864 1750 1890 a
1797 1841 1904 1905 Qui
1945 1844 2142 1895 autem

487 1935 948 2014 perseveraverit
995 1949 1182 2006 usque
1221 1931 1279 1988 in
1323 1932 1517 1997 linem,
1560 1931 1655 1986 hic
1696 1930 1891 1986 salvus
1949 1929 2077 1983 erit.
2116 1950 2136 1978 ι

494 2030 620 2085 Non
649 2027 806 2084 enim
840 2025 1103 2096 cmpisse,
1137 2023 1236 2078 sed
1267 2021 1575 2093 perfecisse
1605 2018 1839 2074 virtutis
1869 2023 1978 2074 est.

565 2117 749 2189 (Vers.
781 2115 996 2185 23-26.)
1037 2135 1063 2163 ‹‹
1092 2115 1234 2167 Cum
1265 2113 1457 2166 autem
1491 2113 1910 2180 persequentur
1947 2123 2048 2162 vos
2081 2105 2141 2162 in

495 2207 726 2262 civitate
759 2205 893 2273 ista,
928 2202 1110 2274 fugite
1132 2201 1191 2255 in
1214 2199 1411 2254 aliam.
1443 2200 1623 2252 Amen
1659 2197 1786 2250 dico
1817 2195 2000 2261 vobis,
2025 2211 2140 2251 non

493 2293 981 2352 consummabitis
1013 2290 1274 2346 civitates
1309 2286 1502 2353 lsrael,
1537 2287 1719 2342 donec
1749 2285 1940 2341 veniat
1960 2285 2142 2341 Filius

492 2385 769 2440 hominis.
811 2383 935 2438 Non
969 2384 1057 2436 est
1078 2376 1405 2450 discipulus
1437 2393 1616 2447 supra
1643 2375 2011 2448 magistrum,
2038 2391 2141 2430 nec

495 2490 699 2530 servus
731 2489 905 2544 super
935 2469 1237 2526 dominum
1272 2483 1466 2522 suum.
1501 2464 1729 2520 Sufﬁcit
1760 2463 2048 2535 discipulo
2075 2469 2140 2519 ut

494 2563 572 2619 sit
602 2563 753 2618 sicut
785 2559 1063 2632 magister
1092 2558 1258 2627 ejus;
1291 2561 1347 2610 et
1391 2571 1576 2626 servo,
1645 2555 1798 2608 sicut
1865 2552 2139 2608 dominus

490 2651 640 2722 ejus.
678 2673 705 2699 »
737 2653 855 2704 Hoc
883 2648 954 2703 ad
986 2645 1129 2701 illud
1153 2650 1384 2716 tempus
1416 2643 1783 2699 referendum
1826 2645 1933 2707 est,
2003 2658 2137 2696 cum

493 2741 563 2795 ad
592 2737 1059 2812 praedicationem
1093 2732 1339 2806 apostoli
1373 2733 1773 2801 mittebantur,
1828 2731 2045 2802 quibus
2083 2735 2139 2784 et

494 2829 723 2902 proprie
755 2827 1002 2882 dicitur:
1037 2825 1099 2880 In
1124 2825 1272 2878 viam
1303 2823 1548 2893 gentium
1576 2837 1644 2876 ne
1674 2820 1948 2886 abierilis,
1998 2828 2048 2874 cl
2078 2821 2138 2874 in

491 2920 736 2974 civitates
766 2917 1255 2972 Samaritanorum
1282 2929 1353 2967 ne
1382 2913 1748 2976 intravcrilis,
1795 2910 1948 2980 quod
2009 2925 2136 2981 per-

494 3007 855 3064 secutionem
886 3004 1093 3058 timere
1142 3019 1256 3056 non
1325 3000 1575 3055 debeant
1613 2999 1718 3069 [AL
1749 3002 1804 3053 et
1843 2997 2134 3068 debeant],

494 3097 590 3152 sed
625 3093 936 3151 declinare.
963 3091 1124 3156 Quod
1155 3090 1393 3162 quidem
1424 3088 1690 3142 videmus
1722 3088 1826 3158 [AL
1860 3086 2136 3157 vidimus]

492 3184 553 3240 in
592 3181 878 3256 principio
919 3180 1124 3236 fecisse
1162 3179 1498 3234 credentes:
1532 3177 1763 3248 quando
1796 3181 1922 3232 orta
1974 3177 2135 3231 Jero-

493 3273 736 3345 solymis
767 3269 1188 3344 persecutione,
1223 3267 1472 3339 dispersi
1515 3271 1654 3322 sunt
1691 3266 1750 3320 in
1801 3266 2134 3321 universam

2250 682 2785 755 blasphemantium
2818 684 3058 749 rabiem,
3083 686 3222 755 quia
3250 686 3442 740 veniet
3486 685 3609 740 dies
3661 686 3899 758 judicii,

2251 771 2309 827 in
2341 789 2455 844 quo
2488 779 2543 828 et
2571 778 2763 828 vestra
2793 773 2998 844 virtus,
3033 778 3089 828 et
3118 790 3323 829 eorum
3356 773 3616 846 nequitia
3653 775 3901 830 demon-

2251 861 2548 916 strabitur.

2323 950 2516 1020 (Vers.
2556 952 2669 1017 27.)
2705 975 2731 1001 ‹‹
2763 951 2922 1014 Quod
2957 951 3084 1006 dico
3117 951 3279 1008 vobis
3311 952 3369 1007 in
3402 953 3680 1021 tenebris,
3725 954 3903 1011 dicite

2252 1040 2309 1093 in
2342 1039 2600 1108 lumine;
2640 1047 2695 1096 et
2718 1043 2868 1112 quod
2897 1041 2956 1095 in
2981 1058 3120 1096 aure
3152 1043 3370 1097 auditis
3393 1044 3699 1115 przcdicate
3723 1061 3906 1118 super

2250 1130 2418 1182 tecta.
2456 1151 2482 1176 »
2517 1130 2676 1194 Quod
2709 1129 2958 1186 audistis
2989 1131 3045 1185 in
3079 1132 3376 1203 mysterio,
3410 1133 3668 1204 apertius
3690 1134 3907 1206 praedi-

2251 1220 2410 1272 cate:
2445 1218 2597 1289 quod
2657 1217 2945 1273 didicistis
3003 1219 3339 1275 abscondite
3397 1222 3501 1285 [AL
3565 1222 3903 1294 absconse),

2251 1305 2482 1377 publica
2512 1305 2858 1377 loquimini:
2895 1309 3047 1380 quod
3105 1325 3206 1365 vos
3263 1309 3485 1365 erudivi
3546 1309 3604 1366 in
3661 1312 3905 1384 parvulo

2249 1394 2462 1451 Judazze
2493 1394 2640 1464 loco,
2672 1396 2728 1450 in
2749 1396 3035 1452 universis
3058 1399 3328 1467 urbibus,
3349 1403 3405 1454 et
3437 1399 3494 1455 in
3527 1405 3646 1456 toto
3679 1403 3908 1459 mundo

2260 1485 2536 1539 audacter
2565 1485 2770 1540 edicite
2802 1485 2905 1556 [AL
2940 1486 3160 1557 dicite].

2322 1573 2506 1642 (Vers.
2540 1572 2653 1638 '38.)
2701 1579 2765 1628 Et
2819 1574 2998 1630 nolite
3059 1577 3264 1631 timere
3319 1593 3418 1632 eos
3468 1579 3568 1651 qui
3627 1579 3908 1637 occidunt

2253 1679 2483 1734 corpus,
2520 1663 2776 1718 animam
2810 1671 3004 1719 autem
3037 1681 3152 1720 non
3187 1672 3430 1737 possunt
3459 1667 3738 1724 occidere.
3778 1693 3806 1719 »
3836 1671 3906 1727 Si

2254 1751 2351 1822 qui
2375 1768 2584 1823 corpus
2601 1751 2897 1818 occidunt,
2917 1755 3175 1808 animam
3203 1771 3313 1809 non
3336 1762 3583 1827 possunt
3602 1759 3902 1816 occidere:

2253 1857 2388 1912 ergo
2415 1842 2613 1896 anima
2641 1841 2954 1898 invisibilis
2995 1849 3053 1898 et
3084 1843 3465 1916 incorporalis
3521 1852 3630 1914 est,
3689 1865 3906 1905 secun-

2253 1930 2393 1984 dum
2427 1930 2771 1986 crassiorem
2806 1932 2934 1987 dico
2969 1933 3152 1987 nostri
3185 1937 3442 2005 corporis
3483 1937 3905 1995 substantiam.

2250 2017 2349 2074 Vel
2381 2035 2444 2074 eo
2477 2023 2631 2075 certe
2661 2024 2920 2092 tempore
2948 2022 3242 2093 punietur,
3274 2028 3331 2078 et
3357 2023 3646 2097 supplicia
3667 2029 3907 2098 sentiet,

2251 2108 2485 2180 quando
2521 2109 2832 2180 pristinum
2863 2126 3074 2182 corpus
3116 2112 3414 2184 receperit,
3473 2119 3537 2169 ut
3591 2131 3724 2170 cum
3781 2133 3904 2189 quo

2251 2199 2527 2269 peccavit,
2561 2199 2839 2270 cumipso
2865 2205 2920 2254 et
2952 2201 3252 2272 puniatur.
3289 2225 3308 2251 ι
3344 2204 3448 2259 Sed
3483 2204 3676 2276 potius
3695 2205 3905 2263 timete

2251 2303 2383 2341 cum
2409 2286 2508 2357 qui
2544 2290 2734 2357 potest
2762 2292 2819 2341 et
2848 2288 3127 2357 animam,
3162 2293 3218 2343 et
3273 2305 3484 2361 corpus
3539 2293 3776 2362 perdere
3836 2295 3902 2348 in

2249 2375 2597 2445 gehennam.
2635 2398 2661 2423 ››
2693 2376 2912 2431 Nomen
2971 2377 3255 2446 gehennae,
3285 2379 3339 2432 in
3388 2381 3680 2436 veteribus
3729 2382 3905 2439 libris

2250 2481 2363 2519 non
2396 2464 2706 2535 invenitur,
2741 2466 2839 2520 sed
2883 2468 3137 2537 primum
3198 2485 3231 2522 a
3287 2466 3579 2525 Salvatore
3637 2471 3899 2542 ponitur.

2249 2555 2586 2618 Quaeramus
2616 2572 2751 2626 ergo
2782 2572 2912 2626 quae
2956 2556 3032 2611 sit
3082 2559 3369 2613 sermonis
3418 2559 3597 2629 hujus
3641 2561 3896 2633 occasio.

2246 2643 2472 2698 Idolum
2515 2643 2649 2698 Bnal
2703 2643 2884 2698 fuisse
2932 2645 3101 2715 juxta
3158 2647 3485 2704 Jerusalem
3541 2651 3610 2704 ad
3670 2650 3899 2706 radices

2248 2733 2464 2787 montis
2497 2732 2698 2800 Moris,
2733 2733 2791 2787 in
2821 2734 3036 2804 quibus
3066 2734 3214 2791 Siloe
3247 2736 3393 2804 fluit,
3429 2756 3543 2793 non
3573 2740 3754 2795 semel
3813 2739 3894 2796 le-

2246 2821 2444 2891 gimus
2474 2821 2567 2891 (III
2597 2825 2718 2890 [ἔσθ.
2755 2840 2867 2890 xw,
2897 2824 3009 2891 3|).
3047 2825 3171 2879 llaec
3201 2825 3367 2881 vallis
3398 2831 3454 2882 et
3483 2829 3642 2898 parvi
3701 2829 3900 2902 campi

2248 2909 2563 2982 planities',
2600 2911 2820 2982 irrigua
2848 2917 2970 2967 erat
2999 2919 3053 2967 et
3086 2931 3411 2983 nemorosa,
3453 2917 3741 2990 plenaque
3795 2920 3899 2975 de-

2245 2999 2416 3064 liciis,
2449 3004 2504 3054 et
2530 2999 2698 3055 lucus
2729 3000 2786 3055 in
2829 3018 2892 3056 ea
2923 3000 3076 3057 idolo
3117 3010 3511 3061 consecratus.
3550 3007 3610 3063 In
3668 3012 3895 3064 tantam

2247 3093 2441 3144 autem
2477 3089 2828 3144 dementiam
2863 3089 3114 3162 populus
3146 3093 3321 3148 Israel
3365 3100 3618 3162 venerat,
3683 3100 3747 3151 ut
3789 3097 3894 3152 de-

2247 3182 2403 3233 serta
2435 3178 2637 3249 templi
2669 3179 2881 3234 vicinia
2911 3179 2991 3235 ibi
3024 3180 3244 3238 hostias
3276 3183 3626 3254 immolaret,
3661 3190 3717 3240 et
3739 3186 3896 3258 rigo-

2247 3284 2367 3323 rem
2427 3268 2724 3338 religionis
2781 3269 2995 3324 delicia:
3055 3271 3370 3339 vincerent,
3429 3273 3698 3344 ﬁliosque
3752 3291 3898 3332 suos

491 3363 774 3429 Judmam,
811 3365 872 3415 ut
930 3357 1326 3414 tribulationis
1390 3356 1616 3411 occasio
1643 3357 1805 3410 fieret
1845 3353 2137 3425 Evangelii
2167 3354 2210 3419 C
2248 3357 2550 3411 dccmoniis
2582 3358 2951 3413 incenderent
2974 3358 3469 3415 velinitiarent.Et
3489 3361 3900 3434 appellabatur

491 3451 896 3508 seminarium.
927 3447 1317 3520 Spiritualiter
1345 3451 1542 3502 autem
1565 3461 1879 3516 possumus
1904 3444 2132 3498 dicere:

489 3545 630 3595 Cum
662 3539 948 3610 persecuti
982 3553 1086 3592 nos
1118 3535 1332 3591 fuerint
1362 3536 1422 3590 in
1455 3551 1572 3589 una
1600 3534 1848 3601 civitate,
1887 3531 1994 3588 hoc
2026 3536 2132 3598 est,

490 3629 550 3684 in
583 3645 697 3684 uno
729 3628 1163 3699 Scripturarum
1192 3624 1338 3679 libro
1367 3623 1456 3678 vel
1491 3623 1849 3687 testimonio,
1893 3638 1998 3676 nos
2042 3623 2134 3677 lu-

490 3716 721 3790 giamus
754 3717 825 3772 ad
859 3715 1002 3772 alias
1035 3714 1317 3778 civitates,
1350 3713 1406 3769 id
1437 3719 1547 3780 est,
1581 3712 1650 3766 ad
1674 3711 1788 3767 alia
1816 3710 2132 3766 volumina.

490 3805 768 3868 Quamvis
799 3803 1198 3859 contentiosus
1233 3803 1404 3857 fuerit
1433 3805 1786 3872 persecutor,
1827 3803 1958 3854 ante
1992 3816 2133 3869 prae-

487 3893 705 3949 sidium
735 3891 1050 3948 Salvatoris
1080 3891 1366 3956 adveniet,
1399 3906 1515 3961 qua
1552 3887 1900 3944 adversariis
1957 3888 2132 3944 victo-

487 3983 575 4038 ria
642 3983 1012 4038 concedatur.
1097 4005 1116 4029 α
1163 3980 1219 4036 Si
1263 3978 1748 4052 patremfamilias
1814 3976 2132 4033 Beelzebub

486 4077 856 4138 vocaverunt,
891 4075 1109 4142 quanto
1151 4071 1340 4141 magis
1384 4068 1738 4124 domesticos
1807 4067 1988 4137 ejus?
2051 4066 2132 4122 Ne

485 4177 619 4234 ergo
660 4161 974 4216 timueritis
1013 4177 1130 4216 eos.
1177 4182 1203 4209 ››
1246 4158 1566 4215 Beelzebub
1610 4154 1834 4211 idolum
1875 4161 1962 4210 est
2001 4158 2129 4211 Aca-

483 4268 612 4319 ron,
653 4251 809 4322 quod
859 4256 1100 4306 vocatur
1165 4250 1225 4304 in
1285 4253 1506 4320 Regum
1574 4246 1869 4300 volumine
1926 4246 2131 4301 idolum

478 4357 684 4398 muscae
715 4341 801 4412 (IV
829 4342 956 4410 Reg.
993 4341 1055 4410 1).
1092 4337 1244 4408 Beel,
1289 4339 1412 4408 ipse
1451 4340 1539 4391 est
1587 4336 1704 4400 Bcl,
1763 4336 1882 4389 sive
1949 4337 2129 4391 Baal:

477 4430 656 4486 Zebub
688 4434 883 4485 autem
913 4445 1099 4483 musca
1129 4427 1362 4482 dicitur.
1429 4425 1530 4480 62
1600 4424 1922 4496 Principem
1993 4443 2128 4498 ergo

481 4518 904 4574 daemoniorum
934 4535 1001 4573 ex
1029 4515 1396 4588 spurcissimi
1432 4513 1571 4569 idoli
1606 4515 1976 4586 appellabant
2031 4532 2127 4571 vo-

479 4607 712 4672 cabulo,
745 4607 844 4678 qui
881 4623 1084 4661 musca
1114 4604 1351 4669 dicitur,
1388 4608 1621 4675 propter
1665 4604 2128 4675 immunditiam,

482 4713 608 4768 qua:
639 4695 981 4751 exterminat
1015 4695 1361 4751 suavitatem
1395 4693 1503 4748 olei
1537 4694 1729 4764 (Eccle.
1765 4694 1841 4764 x).

554 4787 739 4856 (Vers.
771 4785 883 4857 26.)
921 4806 949 4834 «
990 4783 1146 4841 Nihil
1186 4783 1343 4839 enim
1384 4787 1648 4854 opertum
1689 4788 1777 4838 est
1817 4784 1970 4854 quod
2012 4801 2126 4839 non

481 4872 850 4940 revelabitur,
881 4877 938 4929 et
969 4871 1264 4928 occultum
1308 4873 1458 4943 quod
1501 4888 1613 4927 non
1672 4872 1904 4930 scietur.
1974 4898 2001 4922 ››
2063 4874 2131 4928 Et

481 4962 772 5034 quomodo
811 4962 870 5017 in
913 4962 1178 5034 priesenti
1220 4961 1430 5017 saeculo
1470 4961 1790 5017 multorum
1847 4963 1990 5019 vitia
2029 4980 2128 5018 ne-

480 5050 795 5107 sciuntur?
834 5051 943 5107 Sed
969 5051 1039 5106 de
1063 5052 1257 5106 futuro
1285 5055 1541 5122 tempore
1590 5052 1694 5120 [AL
1730 5053 1960 5123 saeculo]
1985 5051 2127 5107 scri-

480 5140 660 5206 bitur,
694 5141 927 5212 quando
950 5139 1244 5210 judicabit
1273 5143 1422 5196 Deus
1454 5139 1679 5196 occulta
1723 5142 1820 5197 Al.
1880 5143 2126 5198 abscon-

479 5230 620 5302 dita]
659 5229 968 5285 hominum
1002 5230 1040 5296 ¹,
1083 5232 1139 5284 et
1176 5227 1532 5285 illuminabit
1570 5229 1823 5286 latebras
1864 5231 2127 5286 tenebra-

479 5335 633 5390 rum,
666 5322 723 5376 et
753 5317 1064 5374 manifesta
1091 5314 1254 5374 faciet
1281 5317 1524 5374 consilia
1559 5318 1846 5375 cordium.
1905 5320 1974 5374 Et
2037 5323 2125 5377 est

554 5517 569 5550 ¹
606 5518 689 5573 Ita
718 5519 918 5590 legunt
947 5516 1172 5574 codices
1203 5534 1346 5574 mss.
1418 5515 1819 5590 quamplures,
1864 5518 1951 5590 iid
2015 5523 2122 5586 est,

480 5587 1149 5646 Beccensismonasterii
1191 5607 1366 5655 unus,
1413 5587 1559 5644 alter
1608 5587 1793 5659 Sylva:
1862 5588 2120 5659 Majoris,

483 5677 638 5716 unus
678 5663 1015 5718 monasterii
1086 5663 1263 5718 Beata:
1331 5662 1520 5716 Maria
1588 5675 1765 5729 super
1803 5659 2026 5725 Divam,
2068 5666 2125 5717 et

481 5737 726 5814 quartus
757 5733 1018 5814 Ecclesiae
1050 5732 1468 5814 Narbonensis.
1502 5729 1655 5814 Ε.άὶιὶ
1683 5730 1902 5814 legunt,
1935 5731 1998 5787 de
2027 5732 2122 5806 fu-

477 5800 601 5865 tier
627 5807 844 5884 sazculo,
875 5811 933 5868 et
957 5810 1159 5883 postea
1186 5805 1444 5865 retinent
1496 5800 1812 5860 abscondita
1866 5800 1970 5878 pro
2027 5800 2123 5864 ὀε-

2246 3445 2408 3500 locus
2441 3445 2535 3500 ille
2565 3446 2884 3516 gchcnnom,
2921 3448 2976 3502 id
3009 3453 3116 3516 est,
3146 3449 3311 3504 vallis
3341 3449 3594 3505 filiorum
3628 3450 3732 3524 [AL
3758 3451 3890 3524 ﬁlii]

2246 3540 2500 3590 Hannon.
2564 3536 2679 3591 Hoc
2725 3536 2944 3607 llegum
3005 3537 3277 3593 volumen
3333 3540 3426 3608 (IV
3481 3541 3608 3609 ch.
3660 3556 3822 3608 xxm,
3859 3542 3896 3598 4

2244 3641 2387 3694 seqq.
2422 3630 2476 3679 et
2514 3625 2992 3695 Paralipomenon
3047 3632 3102 3680 et
3160 3626 3446 3683 Jeremias
3503 3631 3731 3698 (Jerem.
3791 3648 3892 3700 vu,

2243 3715 2498 3784 32;x1x,
2529 3716 2583 3785 6)
2629 3715 2895 3769 scribunt
2949 3713 3306 3785 plenissime.
3363 3715 3431 3768 Et
3495 3720 3897 3775 comminatur

2243 3803 2398 3858 Deus
2431 3819 2490 3858 se
2523 3803 2712 3858 locum
2747 3803 2940 3874 ipsum
2964 3803 3342 3874 impleturum
3375 3805 3756 3864 cadaveribus
3786 3809 3894 3865 68

2244 3898 2632 3959 mortuorum,
2649 3898 2712 3947 ut
2729 3907 3099 3962 nequaquam
3121 3897 3360 3948 vocetur
3375 3895 3629 3966 Trophet
3643 3902 3699 3952 et
3721 3897 3893 3970 Baal;

2242 3983 2341 4037 sed
2373 3987 2609 4038 vocetur
2639 3980 3056 4051 Polyandrium,
3091 3981 3147 4035 id
3189 3985 3296 4050 est,
3353 3985 3595 4040 tumulus
3647 3995 3892 4044 mortuo-

2239 4087 2383 4125 rum.
2418 4071 2635 4126 Futura
2690 4085 2825 4140 ergo
2883 4067 3169 4140 supplicia
3226 4075 3282 4124 et
3340 4088 3519 4142 poena)
3574 4081 3894 4147 perpetuis,

2239 4160 2454 4230 quibus
2487 4162 2816 4230 peccatores
2850 4157 3148 4212 cruciandi
3180 4164 3336 4229 sunt,
3370 4161 3546 4232 hujus
3578 4162 3687 4218 loci
3718 4180 3893 4221 voca-

2238 4248 2374 4303 bulo
2409 4250 2780 4303 denotantur.
2814 4245 3114 4317 Duplicem
3148 4253 3338 4304 autem
3373 4267 3499 4306 esse
3535 4253 3891 4323 gehennam,

2239 4337 2403 4392 nimii
2437 4336 2588 4408 ignis
2618 4339 2675 4390 et
2706 4335 2958 4407 frigoris,
2995 4337 3053 4391 in
3081 4338 3193 4393 Job
3241 4338 3580 4410 plenissime
3639 4343 3896 4414 legimus

2239 4428 2378 4495 [Ιοὸ.
2414 4441 2562 4492 xxxv,
2599 4426 2706 4490 19).

2311 4515 2494 4585 (Vers.
2529 4515 2742 4585 29-33.)
2778 4539 2803 4564 ‹‹
2850 4515 3049 4572 Nonne
3107 4517 3223 4573 duo
3281 4536 3549 4590 passeres
3608 4538 3736 4577 asse
3789 4538 3893 4584 ve-

2240 4609 2440 4670 neunt,
2476 4608 2531 4660 et
2561 4621 2714 4660 unus
2743 4622 2814 4660 ex
2844 4604 2958 4659 illis
2984 4622 3096 4661 non
3121 4609 3288 4663 cadet
3315 4626 3492 4679 super
3515 4614 3731 4666 terram
3762 4611 3895 4669 sine

2161 4722 2208 4786 D
2244 4695 2408 4750 Patre
2438 4695 2671 4750 vestro?
2694 4693 2880 4749 Vestri
2916 4701 3112 4750 autem
3147 4702 3202 4752 et
3233 4698 3426 4770 capilli
3457 4699 3663 4771 capitis
3685 4717 3892 4759 omnes

2241 4782 2530 4838 numerati
2567 4787 2724 4839 sunt.
2744 4782 2930 4839 Nolite
2961 4801 3094 4860 ergo
3124 4787 3352 4854 timere,
3389 4787 3590 4844 multis
3641 4791 3894 4862 passeri-

2238 4873 2350 4928 bus
2383 4871 2650 4928 meliores
2679 4873 2823 4928 estis
2843 4891 2963 4930 vos.
2985 4875 3188 4932 Omnis
3217 4893 3351 4948 ergo
3386 4878 3486 4949 qui
3517 4879 3893 4937 confitebitur

2239 4977 2332 5016 me
2359 4977 2554 5016 coram
2588 4961 2950 5030 hominibus,
2987 4965 3307 5021 confitebor
3334 4971 3391 5022 et
3432 4983 3538 5039 ego
3597 4985 3730 5023 eum
3790 4985 3888 5026 co-

2237 5067 2362 5106 ram
2397 5051 2558 5106 Patre
2590 5068 2716 5108 meo
2744 5053 2844 5124 qui
2877 5053 2933 5108 in
2965 5053 3125 5110 caelis
3159 5059 3264 5111 est.
3294 5055 3399 5119 Qui
3448 5061 3641 5113 autem
3705 5075 3886 5131 nega-

2237 5141 2382 5196 verit
2416 5157 2508 5197 me
2538 5159 2732 5198 coram
2780 5143 3142 5212 hominibus,
3195 5147 3417 5217 negabo
3475 5151 3531 5202 et
3582 5164 3686 5220 ego
3747 5165 3887 5206 eum

2237 5247 2431 5285 coram
2488 5231 2655 5287 Patre
2713 5249 2839 5287 meo
2894 5233 2995 5304 qui
3046 5234 3102 5288 in
3163 5233 3321 5290 cmlis
3352 5238 3458 5289 est.
3497 5259 3524 5285 »
3557 5239 3744 5292 Haeret
3771 5237 3890 5294 sibi

2235 5337 2425 5376 sermo
2456 5320 2816 5387 Dominicus,
2849 5327 2905 5376 et
2952 5323 3259 5392 sequentia
3307 5324 3560 5394 pendent
3599 5342 3668 5381 ex
3714 5341 3891 5399 supe-

2231 5520 2380 5595 calta
2410 5519 2718 5589 hominum,
2751 5524 2805 5573 et
2835 5519 3217 5588 manifestabit
3240 5536 3342 5591 pro
3365 5522 3665 5594 manifesta
3692 5526 3886 5595 faciet.

2236 5589 2749 5740 nfﬁ‘rlrostrimss;
2789 5664 2844 5740 et
2907 5660 3149 5732 quidam
3217 5679 3392 5740 penes
3445 5665 3887 5740 Martianaaum,

2232 5731 2490 5820 olimque
2520 5731 2662 5820 editi
2692 5731 2846 5802 libri,
2879 5731 2941 5789 εί
2958 5749 3135 5807 parva
3176 5731 3357 5820 σρῃιρί
3395 5735 3697 5820 planities:
3756 5731 3892 5798 tum

2231 5819 2524 5863 numerosa
2549 5819 2654 5880 pro
2682 5820 2966 5864 nemorosa
2994 5821 3170 5883 penes
3201 5807 3548 5870 Victoriam.
