4182 6612
221 499 314 557 '69
799 488 1317 554 COMMEN'I‘AR.
1363 491 1442 551 ΙΝ
1491 487 2005 551 EVANGELIUM
2049 485 2435 550 MATTHASI
2481 491 2630 550 LIB.
2679 492 2728 551 I.
2775 492 2950 552 CAP.
2996 491 3073 554 Χ.

3569 499 3652 560 70

241 627 511 684 rioribus.
547 625 808 680 Prudens
855 623 1055 691 lector,
1088 638 1226 677 cave
1256 637 1488 693 semper
1517 620 1887 693 superstitio-
1918 623 1974 688 Α
2003 620 2224 676 nabant
2254 619 2406 691 (Gen.
2439 638 2518 692 xx,
2550 625 2628 690 8),
2664 639 2766 694 per
2815 638 2994 694 quam
3042 623 3170 680 ccnli
3221 625 3342 682 alta
3379 633 3647 700 penetra-

241 735 364 774 sam
399 714 882 787 intelligentiam;
919 716 982 766 ut
1011 728 1128 766 non
1158 716 1259 766 tuo
1300 709 1501 766 sensui
1531 715 1886 781 attemperes
1996 714 2146 778 rent,
2188 711 2394 767 fecisse
2444 713 2722 769 scribitur
2770 717 2945 784 Deus,
2975 718 3040 768 ut
3085 715 3368 772 divideret
3415 718 3646 792 linguas

241 806 591 878 Scripturas,
625 804 727 859 sed
751 801 1074 873 Scripturis
1095 801 1316 872 jungas
1334 817 1575 856 sensum
1607 804 1798 870 tuum,
1832 805 1890 855 et
1997 817 2220 856 eorum.
2242 801 2403 857 Unde
2435 807 2492 858 et
2520 803 2578 858 in
2617 802 2842 859 Psalmo
2864 803 3038 859 David
3071 810 3379 876 precatur:
3410 810 3650 882 Dissipa,

243 895 534 967 intelligas
581 893 723 964 quid
768 895 1065 962 sequatur.
1118 890 1307 962 Supra
1353 889 1578 944 dixerat
1638 906 1650 942 :

242 988 414 1042 linere
461 1000 548 1040 eos
595 984 689 1054 qui
729 981 980 1038 occidunt
1007 995 1223 1050 corpus,
1255 981 1503 1035 animam
1551 983 1736 1035 autem
1782 995 1895 1034 non

239 1080 465 1150 possunt
520 1073 764 1131 occidere
824 1089 837 1127 :
894 1086 1049 1125 nunc
1109 1069 1368 1141 loquitur
1446 1073 1892 1141 consequenter,

242 1167 432 1223 Nonne
479 1163 590 1219 duo
629 1176 882 1233 passeres
929 1174 1047 1214 asse
1091 1165 1346 1224 veneunt,
1394 1160 1446 1212 et
1474 1174 1620 1212 unus
1666 1173 1735 1212 ea:
1781 1158 1897 1212 illis

240 1272 350 1312 non
394 1252 554 1310 cadet
592 1267 758 1324 super
805 1254 1012 1307 terram
1053 1249 1173 1302 sine
1223 1253 1394 1303 Patre
1439 1250 1661 1303 vestro?
1689 1251 1755 1302 Et
1811 1264 1904 1319 est

243 1359 458 1402 sensus
491 1359 504 1396 :
535 1341 596 1398 Si
624 1357 804 1414 parva
832 1336 1112 1393 animalia
1139 1341 1198 1392 et
1228 1335 1366 1393 vilia
1395 1336 1618 1408 absque
1651 1337 1765 1393 Deo
1796 1353 1898 1392 au-

242 1439 400 1492 ctore
431 1447 549 1488 non
582 1430 879 1499 decidunt,
915 1431 972 1483 et
1004 1427 1063 1481 in
1094 1425 1371 1482 omnibus
1398 1430 1488 1480 est
1515 1427 1899 1497 providentia,

241 1529 296 1581 et
324 1539 458 1594 quas
489 1522 548 1576 in
581 1521 674 1576 his
706 1519 965 1591 peritura
994 1519 1154 1581 sunt,
1178 1515 1304 1571 sine
1327 1514 1427 1570 Dei
1455 1513 1753 1569 voluntate
1785 1532 1900 1571 non

241 1617 492 1688 pereunt
523 1627 536 1666 :
570 1626 671 1665 vos
717 1607 817 1679 qui
850 1605 1050 1662 aeterni
1083 1605 1251 1669 estis,
1284 1621 1398 1659 non
1432 1604 1657 1660 debetis
1695 1604 1903 1660 timere

240 1702 398 1776 quod
427 1702 649 1772 absque
680 1696 782 1753 Dei
812 1696 1020 1750 vivatis
1054 1693 1436 1767 providentia.
1464 1694 1577 1749 Iste
1607 1711 1817 1750 sensus
1847 1699 1905 1750 et

241 1809 428 1864 supra
465 1790 662 1846 dictus
708 1791 798 1842 est
827 1785 968 1858 (cap.
1001 1801 1078 1850 v1,
1130 1800 1268 1848 vers.
1303 1785 1390 1849 26,
1424 1785 1514 1853 28,
1546 1784 1637 1854 30)
1671 1801 1684 1838 :
1722 1783 1902 1855 Respi-

241 1885 344 1939 cite
393 1879 646 1936 volatilia
691 1877 832 1943 cceli,
863 1876 1121 1946 quoniam
1166 1889 1282 1930 non
1329 1877 1538 1941 serunt,
1570 1890 1745 1945 neque
1790 1889 1902 1928 me-

1713 889 1893 944 Nolite
1999 891 2244 956 Domine,
2271 896 2455 962 gentes
2488 909 2605 962 qua:
2637 893 2782 948 bella
2814 893 3006 948 volunt
3035 893 3212 962 (Psal.
3247 912 3397 952 van
3427 897 3539 968 31).

2075 979 2261 1050 (Vers.
2293 982 2383 1044 35,
2414 981 2527 1052 36.)
2582 1003 2610 1031 «
2661 981 2803 1037 Veni
2852 982 3006 1037 enim
3053 999 3324 1055 separare
3353 985 3653 1043 hominem

2006 1069 2285 1126 adversus
2313 1073 2535 1142 patrem
2564 1087 2762 1138 suum,
2793 1077 2850 1126 et
2881 1070 3062 1127 filiam
3094 1073 3374 1131 adversus
3405 1081 3655 1134 matrem

2007 1174 2198 1223 suam,
2223 1163 2280 1213 et
2310 1176 2521 1214 nurum
2541 1161 2823 1216 adversus
2854 1177 3087 1216 socrum
3109 1179 3277 1219 suam
3305 1182 3319 1231 ;
3347 1168 3404 1220 et
3433 1164 3660 1223 inimici

2009 1247 2286 1314 hominis,
2319 1248 2620 1304 domestici
2653 1250 2802 1318 ejus.
2839 1271 2865 1298 ››
2901 1251 3004 1307 llic
3034 1251 3199 1309 locus
3231 1270 3409 1328 prope
3435 1256 3658 1313 eisdem

2010 1337 2202 1391 verbis
2231 1335 2287 1391 in
2322 1337 2561 1392 Michtea
2605 1339 2888 1409 propheta
2934 1341 3215 1397 scribitur
3244 1344 3422 1414 (Mica.
3450 1361 3550 1414 vn,
3579 1346 3658 1418 6).

2012 1426 2078 1480 Et
2108 1426 2431 1481 notandum
2465 1427 2803 1499 ubicunque
2850 1429 2921 1484 de
2951 1429 3141 1486 Veteri
3172 1432 3544 1490 Testamento
3576 1441 3662 1491 te-

2011 1514 2356 1570 stimonium
2405 1516 2662 1587 ponitur,
2697 1522 2897 1572 utrum
2950 1535 3159 1575 sensus
3197 1524 3450 1592 tantum,
3481 1541 3558 1580 an
3605 1529 3664 1582 et

1999 1620 2204 1660 sermo
2237 1604 2563 1660 consentiat
2593 1605 2633 1658 ².

2085 1694 2270 1767 (Vers.
2303 1696 2418 1765 37.)
2453 1717 2479 1743 ‹‹
2511 1695 2618 1760 Qui
2651 1700 2810 1750 amat
2847 1700 3070 1768 patrem
3102 1703 3204 1753 aut
3250 1705 3494 1757 matrem
3529 1703 3663 1774 plus

2015 1800 2192 1856 quam
2227 1800 2338 1846 me.
2372 1800 2488 1838 non
2521 1788 2609 1839 est
2649 1800 2739 1838 me
2770 1783 3007 1857 dignus.
3041 1785 3110 1840 Et
3157 1786 3256 1858 qui
3287 1795 3446 1845 amat
3476 1790 3663 1848 ﬁlium

2015 1877 2118 1928 aut
2171 1871 2348 1928 tiliam
2398 1888 2576 1945 super
2606 1889 2718 1942 me,
2770 1889 2885 1928 non
2931 1879 3022 1929 est
3069 1891 3162 1930 me
3203 1877 3505 1950 dignus.»
3555 1881 3666 1948 Qui

241 1975 389 2036 lunt,
439 1983 613 2041 neque
656 1973 993 2036 congregant
1036 1967 1098 2020 in
1144 1965 1340 2019 horrea
1360 1980 1382 2024 ;
1409 1972 1474 2030 _et
1521 1965 1689 2018 Pater
1733 1967 1906 2018 vester
1938 2001 1983 2064 Β
2015 1966 2149 2018 ante
2187 1963 2208 1995 ³
2259 1962 2662 2034 praemiserat:
2713 1961 2829 2016 Non
2873 1965 3003 2019 veni
3050 1981 3260 2049 pacem
3285 1971 3526 2040 mittere,
3570 1971 3668 2027 sed

243 2061 478 2119 caelestis
506 2059 680 2130 pascit
729 2056 853 2110 illa.
899 2053 1088 2110 Nonne
1117 2069 1207 2109 vos
1253 2053 1377 2124 plus
1419 2053 1553 2108 estis
1584 2053 1596 2084 '
1634 2052 1794 2107 illis?
1825 2058 1907 2108 Ac
1938 2052 1956 2130 ἦ

247 2153 526 2222 deinceps
562 2165 576 2204 :
611 2144 964 2203 Considerate
1015 2145 1139 2198 lilia
1177 2145 1304 2212 agri
1331 2142 1597 2214 quomodo
1644 2150 1909 2210 crescunt,

247 2247 306 2298 et
329 2239 581 2310 reliqua.
614 2235 674 2291 Si
723 2243 906 2290 autem
948 2235 1140 2304 fenum
1183 2233 1309 2301 agri
1341 2231 1485 2302 quod
1531 2231 1687 2286 hodie
1736 2241 1830 2302 est,
1862 2247 1916 2298 et

249 2347 373 2388 eras
430 2331 488 2383 in
538 2327 817 2382 ctibanum
866 2324 1128 2388 mittitur,
1164 2322 1306 2376 Deus
1355 2324 1432 2376 sic
1481 2323 1657 2385 vestit,
1709 2329 1914 2391 quanto

251 2421 428 2492 magis
460 2433 572 2485 vos,
605 2414 838 2471 modicae
877 2412 1006 2482 ﬁdei
1026 2417 1044 2466 .'
1076 2412 1324 2476 Quidam
1379 2415 1575 2466 coacte
1605 2411 1752 2466 duos
1781 2427 1914 2484 pas-

251 2526 437 2575 seres,
473 2506 731 2562 animam
763 2507 821 2559 et
868 2518 1080 2572 corpus
1131 2500 1612 2570 interpretantur.
1646 2499 1916 2572 Quinque

251 2611 494 2672 quoque
515 2609 802 2668 passeres,
827 2590 1155 2647 secundum
1181 2590 1398 2643 Lucam
1422 2591 1570 2660 (Luc.
1595 2605 1696 2655 xu,
1715 2590 1791 2660 6),
1813 2589 1911 2660 qui

251 2689 491 2744 duobus
533 2683 767 2740 assibus
816 2683 1090 2748 veneunt,
1127 2679 1196 2734 ad
1230 2695 1440 2734 sensus
1496 2680 1773 2734 referunt.
1807 2679 1914 2734 Sed

250 2776 556 2852 quomodo
588 2773 690 2829 illa
718 2769 1105 2843 intelligentia
1130 2772 1253 2824 toto
1277 2767 1593 2841 evangelici
1627 2768 1917 2824 sermonis

251 2865 486 2940 corpori
519 2867 840 2935 coaptetur,
863 2878 977 2915 non
1010 2877 1195 2931 parva:
1219 2858 1584 2914 difﬁcultatis
1614 2863 1721 2914 est.
1745 2859 1917 2914 Vestri

250 2962 442 3014 autem
476 2962 525 3010 et
553 2953 746 3025 capilli
786 2951 984 3022 capitis
1029 2965 1212 3004 omnes
1250 2950 1530 3002 numerati
1557 2952 1704 3003 sunt.
1738 2949 1917 3003 Nolite

251 3063 382 3120 ergo
443 3046 636 3100 limere
678 3059 697 3102 ;
755 3040 943 3095 multis
987 3038 1306 3110 passeribus
1350 3038 1600 3093 meliores
1645 3040 1775 3091 estis
1825 3053 1916 3092 vos

250 3135 418 3210 (Ibid.
482 3134 558 3205 7).
613 3129 981 3188 Manifestius
1031 3127 1296 3199 superior
1343 3132 1556 3182 nostra:
1605 3127 1915 3198 expositio-

252 3226 348 3282 nis
401 3239 617 3281 sensus
665 3235 974 3292 expressus
1028 3222 1161 3273 est:
1197 3218 1352 3288 quod
1400 3216 1606 3271 timere
1657 3233 1772 3271 non
1815 3217 1917 3271 84

251 3315 516 3372 debeant
562 3327 662 3368 eos
710 3310 810 3380 qui
843 3311 1091 3380 possunt
1137 3305 1398 3362 occidere
1445 3321 1676 3377 corpus,
1711 3309 1767 3361 et
1797 3306 1919 3361 ani-

2019 2052 2292 2121 gladium,
2327 2055 2384 2106 et
2413 2051 2669 2106 dividere
2699 2051 2968 2108 homines
3013 2053 3323 2112 adversum
3355 2063 3579 2130 patrem
3611 2065 3670 2117 et

2023 2144 2380 2206 matrem,‘et
2411 2157 2665 2207 socrum,
2697 2157 2768 2196 ne
2800 2140 2934 2212 quis
2963 2142 3239 2214 pietatem
3270 2147 3538 2220 religioni
3565 2168 3668 2207 an-

2019 2230 2273 2299 teferret,
2327 2229 2580 2299 subjecit
2625 2230 2826 2286 dicens
2873 2247 2886 2286 :
2947 2232 3054 2300 Qui
3099 2239 3249 2290 amat
3304 2237 3402 2295 05
3449 2247 3675 2310 patrem

2023 2329 2120 2375 aut
2147 2329 2379 2374 matrem
2417 2320 2540 2390 plus
2582 2336 2755 2391 quam
2783 2337 2893 2377 me.
2935 2322 3004 2376 Et
3044 2324 3103 2377 in
3151 2323 3388 2382 Cantica
3416 2325 3672 2400 legimus

2025 2410 2383 2465 canticorum
2409 2425 2422 2462 :
2459 2409 2721 2464 Ordinate
2743 2411 2804 2464 in
2829 2426 2916 2466 me
2943 2412 3266 2469 eharitatem
3290 2417 3481 2487 (Cant.
3507 2435 3569 2486 II,
3592 2419 3668 2492 4).

2024 2499 2128 2553 Hic
2160 2500 2298 2553 ordo
2333 2498 2388 2552 in
2421 2499 2579 2553 omni
2601 2498 2808 2554 affectu
2842 2502 3210 2558 necessarius
3239 2509 3346 2559 est.
3371 2508 3518 2563 Ama
3538 2514 3673 2581 post

2015 2589 2208 2644 Deum
2246 2589 2491 2654 Patrem,
2528 2604 2661 2642 ama
2693 2593 2960 2660 matrem,
2994 2607 3130 2647 ama
3157 2591 3330 2649 ﬁlios.
3375 2594 3434 2651 Si
3475 2603 3672 2654 autem

2027 2677 2342 2733 necessitas
2386 2677 2626 2746 venerit,
2660 2681 2724 2732 ut
2772 2695 2934 2734 amor
2965 2685 3272 2751 parentum
3322 2701 3389 2740 ac
3420 2685 3675 2744 ﬁliorum

2026 2767 2125 2824 Dei
2175 2766 2358 2823 amori
2412 2771 2805 2836 comparetur,
2856 2773 2914 2824 et
2955 2786 3071 2825 non
3130 2772 3316 2842 possit
3357 2780 3675 2849 utrumque

2026 2857 2262 2923 servari,
2305 2857 2504 2912 odium
2536 2857 2594 2911 in
2626 2874 2786 2924 suos,
2815 2858 3000 2928 pietas
3019 2859 3079 2914 in
3102 2865 3282 2916 Deum
3300 2863 3378 2918 sit
3407 2865 3512 2934 (At.
3541 2867 3676 2936 est].

2027 2948 2151 3002 Non
2184 2963 2320 3018 ergo
2355 2946 2655 3018 prohibuit
2681 2963 2878 3001 amare
2903 2952 3126 3019 patrem
3151 2955 3253 3005 aut
3279 2959 3550 3020 matrem,
3575 2955 3678 3011 sed

2027 3036 2326 3108 signanter
2380 3035 2607 3089 addidit
2649 3051 2661 3089 :
2697 3035 2803 3103 Qui
2842 3045 3001 3092 amat
3026 3042 3258 3109 {patrem
3305 3045 3408 3098 aut
3444 3051 3681 3100 matrem

2025 3129 2148 3198 plus
2180 3141 2345 3197 quam
2373 3140 2478 3180 me.

2099 3214 2282 3286 (Vers.
2309 3215 2397 3281 38,
2429 3214 2544 3286 39.)
2573 3236 2599 3264 (ι
2633 3215 2699 3269 Et
2725 3215 2824 3286 qui
2857 3231 2973 3271 non
3007 3217 3218 3290 accipit
3244 3235 3476 3277 crucem
3509 3239 3679 3279 suam

2029 3309 2086 3360 et
2120 3303 2388 3375 sequitur
2418 3320 2532 3367 me,
2566 3320 2682 3359 non
2713 3308 2802 3360 est
2849 3321 2941 3360 me
2971 3306 3206 3379 dignus.
3242 3309 3350 3374 Qui
3397 3312 3684 3370 invenerit

247 3421 422 3461 mam
470 3418 586 3457 non
637 3374 910 3472 possunt,
942 3396 1218 3468 quoniam
1271 3395 1320 3450 si
1354 3395 1480 3451 sine
1527 3394 1628 3450 Dei
1675 3395 1919 3451 scientia
1950 3374 1992 3439 ί)
2031 3394 2136 3465 (Al.
2181 3392 2426 3463 invenit)
2457 3393 2720 3447 animam
2768 3411 2960 3462 suam,
2989 3397 3195 3466 perdet
3243 3396 3446 3467 illam;
3481 3406 3539 3457 et
3579 3402 3682 3473 qui

249 3510 442 3568 parva
476 3505 709 3562 quoque
731 3485 1008 3541 animalia
1026 3501 1142 3539 non
1172 3484 1471 3547 decidunt,
1489 3489 1706 3554 quanto
1730 3485 1917 3557 magis

248 3583 469 3650 homo,
501 3578 603 3650 qui
626 3574 946 3648 apostolica
977 3572 1158 3628 fultus
1184 3572 1559 3644 sitdignitate
1585 3573 1596 3627 l
1630 3574 1790 3636 Quod
1816 3591 1917 3630 au-

246 3678 376 3731 tem
413 3670 500 3726 ait
532 3687 545 3724 :
587 3667 761 3722 Vestri
800 3673 986 3719 autem
1031 3667 1084 3717 et
1112 3661 1312 3733 capilli
1338 3665 1532 3733 capitis
1574 3679 1761 3718 omnes
1796 3681 1920 3718 mu-

246 3760 478 3818 merati
500 3764 648 3824 sunt,
677 3755 1028 3808 immensam
1061 3751 1159 3806 Dei
1200 3767 1334 3822 erga
1367 3751 1634 3807 homines
1665 3754 1922 3809 ostendit

243 3846 715 3926 providentiam,
749 3847 809 3916 et
837 3840 1186 3898 ineffabilem
1210 3840 1406 3912 signat
1437 3841 1730 3912 affectum,
1765 3842 1919 3914 quod

250 3938 409 3995 nihil
443 3940 717 3992 nostrum
743 3933 918 3988 lateat
940 3930 1123 3985 Deum
1158 3933 1214 3985 et
1239 3930 1414 3986 etiam
1449 3947 1625 4002 parva
1653 3936 1707 3987 et
1737 3933 1921 3988 otiose

253 4030 419 4085 dicta
452 4027 584 4097 ejus
618 4022 920 4079 scientiam
952 4038 1067 4075 non
1113 4019 1359 4092 fugiant.
1395 4021 1673 4077 Derident
1703 4022 1921 4078 intelli-

250 4117 530 4191 gentiam
563 4111 1024 4169 ecclesiasticam
1055 4108 1114 4163 in
1147 4109 1258 4164 hoc
1306 4108 1451 4175 loco,
1483 4110 1582 4182 qui
1616 4111 1813 4167 carnis
1843 4128 1924 4167 re-

251 4204 695 4264 surrectionem
727 4204 962 4274 negant,
989 4198 1156 4270 quasi
1189 4215 1295 4254 nos
1321 4204 1378 4254 et
1411 4199 1652 4272 capillos
1685 4201 1783 4273 qui
1814 4218 1923 4256 nu-

251 4295 477 4352 merati
529 4297 690 4358 sunt,
724 4295 778 4345 et
809 4307 843 4345 a
897 4295 1133 4344 tonsore
1171 4289 1372 4355 decisi,
1407 4305 1611 4346 omnes
1658 4291 1926 4347 dicamus

249 4397 603 4456 resurgere,
635 4395 768 4435 cum
792 4377 1056 4434 Salvator
1080 4395 1193 4432 non
1220 4378 1427 4433 dixerit
1460 4396 1472 4434 :
1507 4378 1697 4434 Vestri
1729 4385 1924 4435 autem

251 4481 310 4532 et
340 4471 555 4547 capilli
602 4469 813 4542 capitis
849 4484 1051 4523 omnes
1099 4466 1361 4522 salvandi
1392 4471 1552 4538 sunt,
1586 4468 1686 4523 sed
1719 4484 1927 4524 nume-

251 4565 367 4621 rati
452 4564 618 4619 sunt.
683 4558 788 4615 Ubi
856 4573 1138 4612 numerus
1211 4560 1321 4623 est,
1381 4556 1630 4612 scientia
1698 4558 1929 4614 numeri

251 4655 732 4714 demonstratur,
760 4665 876 4704 non
909 4647 1174 4718 ejusdem
1207 4646 1438 4701 numeri
1474 4646 1854 4702 conservatio.

2029 3482 2346 3555 perdiderit
2394 3482 2654 3537 animam
2713 3498 2885 3538 suam
2962 3491 3204 3555 propter
3259 3504 3372 3558 me,
3432 3489 3684 3546 inveniet

2029 3590 2178 3628 eam.
2212 3593 2239 3620 »
2276 3572 2336 3626 In
2371 3571 2485 3626 alio
2512 3570 2820 3642 Evangelia
2852 3572 3166 3628 scribitur:
3204 3575 3311 3643 Qui
3336 3593 3448 3632 non
3477 3580 3685 3650 accipit

2028 3678 2242 3718 crucem
2261 3678 2418 3716 suam
2440 3660 2847 3732 quotidie(Luc.
2877 3679 2948 3727 Ix,
2971 3663 3084 3731 23).
3105 3663 3186 3719 Ne
3208 3666 3388 3721 semel
3410 3673 3685 3740 putemus

2031 3753 2300 3808 ardorem
2334 3751 2463 3807 fidei
2484 3768 2653 3822 posse
2675 3751 2962 3819 sufﬁcere,
2987 3770 3219 3826 semper
3239 3772 3378 3812 crux
3397 3758 3688 3830 portanda

2030 3847 2137 3914 est,
2172 3848 2236 3896 ut
2264 3857 2497 3913 semper
2527 3857 2634 3896 nos
2666 3840 2964 3897 Christum
2996 3859 3195 3900 amare
3239 3847 3576 3904 doceamus.

2104 3932 2290 4004 (Vers.
2324 3932 2440 4001 40.)
2473 3954 2500 3980 ‹‹
2535 3929 2642 3996 Qui
2690 3930 2897 4002 recipit
2926 3949 3027 3987 vos
3078 3949 3172 3988 me
3221 3936 3465 4008 recipit;
3498 3943 3555 3994 et
3584 3939 3686 4010 qui

2034 4037 2127 4076 me
2156 4019 2379 4090 recipit,
2415 4019 2620 4090 recipit
2645 4035 2782 4073 cum
2823 4019 2923 4091 qui
2957 4038 3047 4076 me
3091 4022 3270 4079 misit.
3307 4047 3334 4074 »
3375 4026 3527 4082 Ordo
3560 4027 3686 4100 pul-

2033 4109 2380 4164 cherrimus.
2434 4108 2520 4161 Ad
2575 4107 3046 4178 praedicationem
3095 4112 3296 4183 mittit,
3330 4116 3497 4171 docet
3543 4119 3690 4188 peri-

2035 4196 2163 4254 cula
2182 4214 2295 4251 non
2317 4195 2592 4257 timenda.
2610 4195 2882 4250 affectum
2903 4198 3141 4268 subjicit
3163 4201 3450 4273 religioni.
3470 4210 3688 4261 Aurum

2036 4303 2216 4358 supra
2246 4284 2480 4351 tulerat,
2503 4301 2578 4339 aes
2612 4285 2682 4339 de
2710 4301 2855 4340 zona
2884 4293 3237 4344 excusserat.
3262 4291 3420 4347 Dura
3438 4309 3692 4365 evange-

2036 4375 2305 4433 listarum
2339 4375 2616 4430 conditio.
2640 4373 2804 4430 Unde
2835 4391 2970 4448 ergo
2993 4384 3291 4450 sumptus,
3316 4381 3472 4437 unde
3501 4382 3692 4440 victus

2037 4465 2416 4526 necessaria?
2447 4464 2863 4520 Austeritatem
2898 4467 3308 4524 mandatorum
3339 4487 3442 4543 spe
3467 4476 3691 4546 tempe-

2037 4561 2129 4611 rat
2177 4554 2626 4627 promissorum,
2657 4556 2769 4624 Qui
2817 4557 3030 4628 recipit,
3082 4555 3376 4630 inquiens,
3432 4544 3546 4628 vos,
3593 4544 3694 4619 'me

2039 4646 2238 4716 recipit
2262 4662 2280 4698 :
2310 4648 2364 4699 et
2394 4644 2487 4715 qai
2514 4659 2600 4698 me
2628 4646 2843 4716 recipit,
2875 4647 3082 4717 recipit
3111 4663 3234 4703 eum
3279 4652 3378 4722 qui
3402 4667 3491 4706 me
3519 4652 3690 4724 misit,

325 4744 530 4816 (Vere.
567 4739 680 4810 34.)
733 4761 760 4788 ‹‹
794 4736 980 4793 Nolite
1032 4736 1324 4804 arbitrari,
1357 4735 1497 4807 quia
1541 4736 1674 4791 veni
1724 4753 1927 4808 pacem
1962 4753 2006 4818 ι)
2039 4739 2103 4790 ut
2129 4734 2190 4790 in
2231 4732 2623 4804 suscipiendis
2674 4733 2977 4807 apostolis,
3011 4739 3423 4813 unusquisque
3453 4742 3694 4799 creden-

252 4834 502 4890 mittere
535 4832 596 4885 in
650 4834 870 4884 terram
906 4844 919 4882 :
956 4826 1081 4883 Non
1110 4824 1242 4880 veni
1289 4841 1493 4896 pacem
1545 4825 1792 4895 mittere,
1826 4825 1928 4881 sed

253 4923 560 4998 gladium.
597 4941 625 4969 ››
655 4923 844 4989 Supra
873 4916 1094 4972 dixerat
1127 4932 1140 4971 :
1177 4914 1326 4983 Quod
1354 4915 1472 4971 dico
1501 4909 1654 4971 vobis
1690 4916 1751 4970 in
1783 4923 1929 4971 tene-

254 5014 395 5079 bris,
421 5011 602 5068 dicite
631 5009 690 5064 in
725 5007 974 5072 lumine;
1005 5014 1056 5061 et
1087 5005 1224 5076 quod
1263 5007 1326 5060 in
1357 5021 1492 5060 aure
1520 5003 1748 5072 auditis,
1779 5021 1927 5076 pra?-

251 5103 441 5159 dicate
480 5115 655 5172 super
683 5105 839 5154 lecta.
891 5096 1056 5150 Nunc
1086 5096 1264 5150 infert
1311 5094 1450 5166 quid
1483 5100 1615 5166 post
1664 5095 1932 5166 praidica-

250 5194 488 5249 tionem
543 5193 850 5261 sequatur.
899 5185 984 5240 Ad
1028 5185 1204 5239 fidem
1265 5183 1498 5251 Christi,
1557 5189 1715 5240 totus
1772 5185 1931 5241 orbis

250 5287 475 5339 contra
507 5296 576 5335 se
623 5277 846 5334 divisus
877 5281 1007 5331 est:
1049 5290 1420 5346 unaquaeque
1466 5273 1678 5329 domus
1720 5278 1776 5329 et
1803 5274 1932 5329 infi-

252 5372 423 5430 deles
457 5368 672 5426 habuit
701 5372 757 5422 et
787 5366 1107 5429 credentes,
1129 5367 1186 5419 et
1211 5368 1518 5435 prepterea
1537 5363 1759 5419 bellum
1788 5363 1931 5419 mis-

253 5479 395 5519 sum
453 5463 554 5515 est
608 5458 850 5526 bonum,
885 5461 950 5511 ut
997 5457 1368 5525 rumperetur
1417 5470 1528 5525 pax
1576 5452 1750 5508 mala.
1794 5453 1932 5510 Tale

254 5551 421 5625 quod
455 5553 519 5605 et
551 5547 614 5602 in
647 5546 856 5602 Genesi
906 5545 1188 5600 adversus
1237 5541 1480 5598 rebelles
1511 5541 1802 5614 homines,
1833 5543 1933 5616 qui

257 5642 406 5698 moti
446 5641 692 5695 fuerant
711 5636 781 5691 de
813 5635 1065 5700 Oriente,
1101 5638 1156 5688 et
1185 5638 1406 5687 turrem
1439 5638 1735 5688 exstruere
1769 5633 1932 5689 festi-

333 5789 350 5822 ι
389 5785 528 5841 Duo
573 5778 848 5854 Palatini,
880 5794 990 5854 vos
1018 5779 1202 5850 magis
1241 5776 1420 5854 pluris
1461 5777 1626 5854 estis;
1658 5780 1715 5834 et
1762 5775 1934 5854 paulo

261 5857 549 5925 inferius,
582 5847 840 5914 minimas
861 5849 1012 5926 ﬁdei,
1041 5847 1145 5925 pro
1172 5847 1424 5922 modica,
1457 5853 1566 5908 etc.

2037 4825 2187 4880 tium
2217 4823 2514 4878 Christum
2549 4839 2611 4878 se
2642 4824 2972 4896 suscepisse
3005 4827 3339 4885 arbitretur.

2111 4913 2295 4986 (Vers.
2323 4913 2436 4983 41.)
2469 4935 2497 4961 ‹‹
2547 4911 2655 4976 Qui
2702 4913 2906 4986 recipit
2955 4917 3302 4988 prophetam
3331 4919 3404 4996 (in
3455 4921 3694 4978 nomine

2039 5004 2353 5077 prophetae,
2416 5002 2743 5058 mercedem
2792 5005 3086 5076 prophetae
3135 5007 3401 5081 accipiet.
3470 5011 3538 5066 Et
3590 5009 3691 5083 qui

2040 5095 2245 5166 recipit
2282 5094 2517 5163 justum
2565 5091 2622 5146 in
2674 5093 2912 5149 nomine
2957 5094 3128 5167 justi,
3172 5099 3498 5155 mercedem
3539 5097 3690 5170 justi

2041 5184 2304 5255 accipiet.
2345 5205 2372 5230 »
2404 5181 2510 5245 Qui
2559 5181 2906 5254 prophetam
2957 5186 3162 5257 recipit
3208 5193 3274 5243 ut
3320 5186 3686 5260 prephetam',

2039 5277 2097 5329 et
2125 5271 2402 5344 intelligit
2434 5287 2566 5326 eum
2600 5271 2670 5326 de
2705 5272 2916 5328 futuris
2947 5272 3305 5348 loquentem,
3341 5276 3434 5331 hic
3465 5291 3689 5331 merce-

2043 5364 2173 5418 dem
2233 5361 2528 5433 pr0phetaa
2587 5361 2851 5434 accipiet.
2906 5365 3092 5436 Igitur
3134 5366 3321 5421 Judaei
3377 5362 3690 5422 carnaliter

2043 5453 2356 5526 prophetas
2413 5449 2828 5524 intelligentes,
2889 5454 3213 5510 mercedem
3272 5453 3687 5525 prophetarum

2044 5560 2158 5598 non
2183 5540 2487 5613 accipient.
2513 5538 2695 5597 Aliter
2719 5559 2732 5598 :
2760 5543 2819 5598 In
2843 5544 3002 5598 omni
3026 5541 3382 5614 professione
3397 5543 3689 5604 zizaniam

2045 5634 2293 5688 mixtum
2325 5636 2414 5686 est
2451 5631 2668 5687 tritico.
2704 5632 3217 5700 PraemiseratzQui
3248 5637 3444 5708 recipit
3470 5651 3582 5710 vos,
3603 5652 3694 5698 me

2114 5778 2136 5813 ³
2166 5776 2344 5833 Palat.
2379 5775 2570 5840 codd.,
2601 5792 2674 5832 an
2703 5784 2753 5833 et
2777 5776 2936 5834 verba
2963 5779 3322 5841 consentiant.

2114 5850 2136 5885 ³
2165 5850 2370 5919 Iidem,
2406 5849 2548 5920 Quia
2585 5851 2739 5908 ante.
