  <div class='ocr_page' id='page_1' title='image "/cluster/home/n/w/nwhite01/storage/ocr_20150623/26/umn.31951002477320a/041.png"; bbox 0 0 4182 6640; ppageno 0'>
   <div class='ocr_carea' id='block_1_1' title="bbox 489 482 2140 553">
    <p class='ocr_par' dir='ltr' id='par_1_1' title="bbox 489 483 2140 553">
     <span class='ocr_line' id='line_1_1' title="bbox 489 483 2140 553; baseline -0.005 -1"><span class='ocrx_word' id='word_1_1' title='bbox 489 493 559 553; x_wconf 83' lang='grc' dir='ltr'>Ἠ</span> <span class='ocrx_word' id='word_1_2' title='bbox 1734 484 1799 545; x_wconf 90' lang='lat' dir='ltr'><strong><em>S.</em></strong></span> <span class='ocrx_word' id='word_1_3' title='bbox 1844 483 2140 546; x_wconf 59' lang='lat' dir='ltr'><strong><em>EUSEBII</em></strong></span> 
     </span>
    </p>
   </div>
   <div class='ocr_carea' id='block_1_2' title="bbox 2254 482 3905 553">
    <p class='ocr_par' dir='ltr' id='par_1_2' title="bbox 2254 482 3905 548">
     <span class='ocr_line' id='line_1_2' title="bbox 2254 482 3905 548; baseline 0.003 -5"><span class='ocrx_word' id='word_1_4' title='bbox 2254 482 2653 545; x_wconf 62' lang='lat' dir='ltr'><strong><em>lIERONYMI</em></strong></span> <span class='ocrx_word' id='word_1_5' title='bbox 3814 486 3905 548; x_wconf 69' lang='grc'><strong><em>’12</em></strong></span> 
     </span>
    </p>
   </div>
   <div class='ocr_carea' id='block_1_3' title="bbox 486 615 3904 696">
    <p class='ocr_par' dir='ltr' id='par_1_3' title="bbox 486 615 3904 696">
     <span class='ocr_line' id='line_1_3' title="bbox 486 615 3904 696; baseline -0.001 -16"><span class='ocrx_word' id='word_1_6' title='bbox 486 625 688 696; x_wconf 83' lang='lat' dir='ltr'><strong><em>recipit</em></strong></span> <span class='ocrx_word' id='word_1_7' title='bbox 718 640 737 676; x_wconf 91' lang='lat'><strong><em>:</em></strong></span> <span class='ocrx_word' id='word_1_8' title='bbox 768 624 819 677; x_wconf 88' lang='lat' dir='ltr'><strong><em>et</em></strong></span> <span class='ocrx_word' id='word_1_9' title='bbox 847 621 943 692; x_wconf 99' lang='lat' dir='ltr'><strong><em>qui</em></strong></span> <span class='ocrx_word' id='word_1_10' title='bbox 969 634 1056 675; x_wconf 87' lang='lat' dir='ltr'><strong><em>me</em></strong></span> <span class='ocrx_word' id='word_1_11' title='bbox 1084 619 1299 690; x_wconf 80' lang='lat' dir='ltr'><strong><em>recipit,</em></strong></span> <span class='ocrx_word' id='word_1_12' title='bbox 1333 619 1527 690; x_wconf 77' lang='lat' dir='ltr'><strong><em>recipit</em></strong></span> <span class='ocrx_word' id='word_1_13' title='bbox 1556 633 1682 672; x_wconf 90' lang='lat' dir='ltr'><strong><em>eum</em></strong></span> <span class='ocrx_word' id='word_1_14' title='bbox 1717 617 1814 687; x_wconf 91' lang='lat' dir='ltr'><strong><em>qui</em></strong></span> <span class='ocrx_word' id='word_1_15' title='bbox 1840 632 1929 671; x_wconf 87' lang='lat' dir='ltr'><strong><em>me</em></strong></span> <span class='ocrx_word' id='word_1_16' title='bbox 1958 615 2128 671; x_wconf 90' lang='lat' dir='ltr'><strong><em>misit.</em></strong></span> <span class='ocrx_word' id='word_1_17' title='bbox 2160 617 2215 683; x_wconf 80' lang='grc' dir='ltr'><strong>Α</strong></span> <span class='ocrx_word' id='word_1_18' title='bbox 2246 631 2477 687; x_wconf 88' lang='lat' dir='ltr'><strong><em>quoque</em></strong></span> <span class='ocrx_word' id='word_1_19' title='bbox 2525 615 2821 683; x_wconf 85' lang='lat' dir='ltr'><strong><em>seandalo,</em></strong></span> <span class='ocrx_word' id='word_1_20' title='bbox 2854 615 3056 672; x_wconf 90' lang='lat' dir='ltr'><strong><em>dicens</em></strong></span> <span class='ocrx_word' id='word_1_21' title='bbox 3108 633 3121 671; x_wconf 94' lang='lat'><strong>:</strong></span> <span class='ocrx_word' id='word_1_22' title='bbox 3176 616 3283 685; x_wconf 91' lang='lat' dir='ltr'><strong><em>Qui</em></strong></span> <span class='ocrx_word' id='word_1_23' title='bbox 3326 617 3523 689; x_wconf 80' lang='lat' dir='ltr'><strong><em>recipit</em></strong></span> <span class='ocrx_word' id='word_1_24' title='bbox 3564 618 3781 690; x_wconf 87' lang='lat' dir='ltr'><strong><em>justum</em></strong></span> <span class='ocrx_word' id='word_1_25' title='bbox 3832 620 3904 675; x_wconf 80' lang='lat' dir='ltr'><strong><em>in</em></strong></span> 
     </span>
    </p>
   </div>
   <div class='ocr_carea' id='block_1_4' title="bbox 484 704 3900 783">
    <p class='ocr_par' dir='ltr' id='par_1_4' title="bbox 484 704 3900 783">
     <span class='ocr_line' id='line_1_4' title="bbox 484 704 3900 783; baseline -0.002 -13"><span class='ocrx_word' id='word_1_26' title='bbox 484 714 570 771; x_wconf 85' lang='lat' dir='ltr'><strong><em>Ad</em></strong></span> <span class='ocrx_word' id='word_1_27' title='bbox 601 710 1032 783; x_wconf 78' lang='lat' dir='ltr'><strong><em>susceptionem</em></strong></span> <span class='ocrx_word' id='word_1_28' title='bbox 1065 708 1482 780; x_wconf 87' lang='lat' dir='ltr'><strong><em>magistrorum</em></strong></span> <span class='ocrx_word' id='word_1_29' title='bbox 1515 704 1834 778; x_wconf 88' lang='lat' dir='ltr'><strong><em>discipulos</em></strong></span> <span class='ocrx_word' id='word_1_30' title='bbox 1866 721 2136 777; x_wconf 88' lang='lat' dir='ltr'><strong><em>provoca-</em></strong></span> <span class='ocrx_word' id='word_1_31' title='bbox 2246 706 2470 760; x_wconf 80' lang='lat' dir='ltr'><strong><em>nomine</em></strong></span> <span class='ocrx_word' id='word_1_32' title='bbox 2497 705 2661 777; x_wconf 88' lang='lat' dir='ltr'><strong><em>justi,</em></strong></span> <span class='ocrx_word' id='word_1_33' title='bbox 2692 704 2988 760; x_wconf 78' lang='lat' dir='ltr'><strong><em>mercedem</em></strong></span> <span class='ocrx_word' id='word_1_34' title='bbox 3007 705 3153 775; x_wconf 88' lang='lat' dir='ltr'><strong><em>justi</em></strong></span> <span class='ocrx_word' id='word_1_35' title='bbox 3193 707 3442 777; x_wconf 75' lang='lat' dir='ltr'><strong><em>accipiet.</em></strong></span> <span class='ocrx_word' id='word_1_36' title='bbox 3474 710 3698 762; x_wconf 79' lang='lat' dir='ltr'><strong><em>Rursus</em></strong></span> <span class='ocrx_word' id='word_1_37' title='bbox 3729 712 3900 779; x_wconf 86' lang='lat' dir='ltr'><strong><em>pote-</em></strong></span> 
     </span>
    </p>
   </div>
   <div class='ocr_carea' id='block_1_5' title="bbox 485 792 3899 868">
    <p class='ocr_par' dir='ltr' id='par_1_5' title="bbox 485 792 3899 868">
     <span class='ocr_line' id='line_1_5' title="bbox 485 792 3899 868; baseline -0.001 -10"><span class='ocrx_word' id='word_1_38' title='bbox 485 805 666 859; x_wconf 86' lang='lat' dir='ltr'><strong><em>verat.</em></strong></span> <span class='ocrx_word' id='word_1_39' title='bbox 697 800 924 855; x_wconf 80' lang='lat' dir='ltr'><strong><em>Poterat</em></strong></span> <span class='ocrx_word' id='word_1_40' title='bbox 956 798 1057 853; x_wconf 76' lang='lat'><strong>66</strong></span> <span class='ocrx_word' id='word_1_41' title='bbox 1088 796 1318 853; x_wconf 89' lang='lat' dir='ltr'><strong><em>occulta</em></strong></span> <span class='ocrx_word' id='word_1_42' title='bbox 1337 811 1468 852; x_wconf 89' lang='lat' dir='ltr'><strong><em>esse</em></strong></span> <span class='ocrx_word' id='word_1_43' title='bbox 1497 794 1855 850; x_wconf 80' lang='lat' dir='ltr'><strong><em>credentium</em></strong></span> <span class='ocrx_word' id='word_1_44' title='bbox 1889 810 2133 866; x_wconf 86' lang='lat' dir='ltr'><strong><em>respon-</em></strong></span> <span class='ocrx_word' id='word_1_45' title='bbox 2244 798 2334 849; x_wconf 91' lang='lat' dir='ltr'><strong><em>rat</em></strong></span> <span class='ocrx_word' id='word_1_46' title='bbox 2363 792 2515 849; x_wconf 90' lang='lat' dir='ltr'><strong><em>alius</em></strong></span> <span class='ocrx_word' id='word_1_47' title='bbox 2543 794 2773 849; x_wconf 89' lang='lat' dir='ltr'><strong><em>causari</em></strong></span> <span class='ocrx_word' id='word_1_48' title='bbox 2805 799 2863 849; x_wconf 90' lang='lat' dir='ltr'><strong><em>et</em></strong></span> <span class='ocrx_word' id='word_1_49' title='bbox 2911 794 3102 850; x_wconf 80' lang='lat' dir='ltr'><strong><em>dicere</em></strong></span> <span class='ocrx_word' id='word_1_50' title='bbox 3133 812 3147 851; x_wconf 88' lang='lat'><strong>:</strong></span> <span class='ocrx_word' id='word_1_51' title='bbox 3183 795 3526 867; x_wconf 81' lang='lat' dir='ltr'><strong><em>Paupertate</em></strong></span> <span class='ocrx_word' id='word_1_52' title='bbox 3558 795 3899 868; x_wconf 86' lang='lat' dir='ltr'><strong><em>prohibeor,</em></strong></span> 
     </span>
    </p>
   </div>
   <div class='ocr_carea' id='block_1_6' title="bbox 488 882 3893 962">
    <p class='ocr_par' dir='ltr' id='par_1_6' title="bbox 488 882 3893 962">
     <span class='ocr_line' id='line_1_6' title="bbox 488 882 3893 962; baseline -0.001 -15"><span class='ocrx_word' id='word_1_53' title='bbox 488 891 574 947; x_wconf 91' lang='lat' dir='ltr'><strong><em>sio</em></strong></span> <span class='ocrx_word' id='word_1_54' title='bbox 600 908 613 959; x_wconf 91' lang='lat'><strong>;</strong></span> <span class='ocrx_word' id='word_1_55' title='bbox 646 905 783 962; x_wconf 86' lang='lat' dir='ltr'><strong><em>ergo</em></strong></span> <span class='ocrx_word' id='word_1_56' title='bbox 813 892 869 943; x_wconf 92' lang='lat' dir='ltr'><strong><em>et</em></strong></span> <span class='ocrx_word' id='word_1_57' title='bbox 889 886 1430 960; x_wconf 88' lang='lat' dir='ltr'><strong><em>pseudoprophetas</em></strong></span> <span class='ocrx_word' id='word_1_58' title='bbox 1451 889 1508 940; x_wconf 91' lang='lat' dir='ltr'><strong><em>et</em></strong></span> <span class='ocrx_word' id='word_1_59' title='bbox 1534 884 1749 941; x_wconf 85' lang='lat' dir='ltr'><strong><em>Judam</em></strong></span> <span class='ocrx_word' id='word_1_60' title='bbox 1776 884 2132 956; x_wconf 84' lang='lat' dir='ltr'><strong><em>proditorem</em></strong></span> <span class='ocrx_word' id='word_1_61' title='bbox 2242 882 2499 937; x_wconf 83' lang='lat' dir='ltr'><strong><em>tenuitas</em></strong></span> <span class='ocrx_word' id='word_1_62' title='bbox 2530 898 2622 937; x_wconf 90' lang='lat' dir='ltr'><strong><em>me</em></strong></span> <span class='ocrx_word' id='word_1_63' title='bbox 2652 882 2880 952; x_wconf 85' lang='lat' dir='ltr'><strong><em>retinet,</em></strong></span> <span class='ocrx_word' id='word_1_64' title='bbox 2914 886 2978 937; x_wconf 91' lang='lat' dir='ltr'><strong><em>ut</em></strong></span> <span class='ocrx_word' id='word_1_65' title='bbox 3008 882 3319 954; x_wconf 88' lang='lat' dir='ltr'><strong><em>hospitalis</em></strong></span> <span class='ocrx_word' id='word_1_66' title='bbox 3340 900 3468 939; x_wconf 88' lang='lat' dir='ltr'><strong><em>esse</em></strong></span> <span class='ocrx_word' id='word_1_67' title='bbox 3498 900 3611 939; x_wconf 94' lang='lat' dir='ltr'><strong><em>non</em></strong></span> <span class='ocrx_word' id='word_1_68' title='bbox 3643 885 3893 956; x_wconf 89' lang='lat' dir='ltr'><strong><em>possim.</em></strong></span> 
     </span>
    </p>
   </div>
   <div class='ocr_carea' id='block_1_7' title="bbox 485 970 3899 1048">
    <p class='ocr_par' dir='ltr' id='par_1_7' title="bbox 485 970 3899 1048">
     <span class='ocr_line' id='line_1_7' title="bbox 485 970 3899 1048; baseline -0.002 -11"><span class='ocrx_word' id='word_1_69' title='bbox 485 981 768 1037; x_wconf 88' lang='lat' dir='ltr'><strong><em>debemus</em></strong></span> <span class='ocrx_word' id='word_1_70' title='bbox 812 975 1082 1048; x_wconf 88' lang='lat' dir='ltr'><strong><em>recipere,</em></strong></span> <span class='ocrx_word' id='word_1_71' title='bbox 1114 981 1172 1030; x_wconf 90' lang='lat' dir='ltr'><strong><em>et</em></strong></span> <span class='ocrx_word' id='word_1_72' title='bbox 1221 974 1337 1029; x_wconf 87' lang='lat' dir='ltr'><strong><em>illis</em></strong></span> <span class='ocrx_word' id='word_1_73' title='bbox 1386 973 1724 1030; x_wconf 82' lang='lat' dir='ltr'><strong><em>alimoniam</em></strong></span> <span class='ocrx_word' id='word_1_74' title='bbox 1777 972 2128 1027; x_wconf 89' lang='lat' dir='ltr'><strong><em>ministrare.</em></strong></span> <span class='ocrx_word' id='word_1_75' title='bbox 2239 971 2309 1024; x_wconf 91' lang='lat' dir='ltr'><strong><em>Et</em></strong></span> <span class='ocrx_word' id='word_1_76' title='bbox 2339 970 2487 1025; x_wconf 88' lang='lat' dir='ltr'><strong><em>hanc</em></strong></span> <span class='ocrx_word' id='word_1_77' title='bbox 2520 971 2950 1026; x_wconf 80' lang='lat' dir='ltr'><strong><em>excusationem</em></strong></span> <span class='ocrx_word' id='word_1_78' title='bbox 2973 971 3268 1028; x_wconf 88' lang='lat' dir='ltr'><strong><em>levissimo</em></strong></span> <span class='ocrx_word' id='word_1_79' title='bbox 3292 978 3577 1044; x_wconf 75' lang='lat' dir='ltr'><strong><em>praecepto</em></strong></span> <span class='ocrx_word' id='word_1_80' title='bbox 3599 972 3793 1041; x_wconf 88' lang='lat' dir='ltr'><strong><em>diluit,</em></strong></span> <span class='ocrx_word' id='word_1_81' title='bbox 3826 979 3899 1031; x_wconf 88' lang='lat' dir='ltr'><strong><em>ut</em></strong></span> 
     </span>
    </p>
   </div>
   <div class='ocr_carea' id='block_1_8' title="bbox 484 1058 3894 1137">
    <p class='ocr_par' dir='ltr' id='par_1_8' title="bbox 484 1058 3894 1137">
     <span class='ocr_line' id='line_1_8' title="bbox 484 1058 3894 1137; baseline -0.001 -11"><span class='ocrx_word' id='word_1_82' title='bbox 484 1070 603 1127; x_wconf 87' lang='lat' dir='ltr'><strong><em>Hoc</em></strong></span> <span class='ocrx_word' id='word_1_83' title='bbox 662 1066 942 1125; x_wconf 77' lang='lat' dir='ltr'><strong><em>Dominus</em></strong></span> <span class='ocrx_word' id='word_1_84' title='bbox 989 1070 1121 1121; x_wconf 89' lang='lat' dir='ltr'><strong><em>ante</em></strong></span> <span class='ocrx_word' id='word_1_85' title='bbox 1169 1080 1494 1137; x_wconf 88' lang='lat' dir='ltr'><strong><em>procurans</em></strong></span> <span class='ocrx_word' id='word_1_86' title='bbox 1551 1062 1713 1127; x_wconf 86' lang='lat' dir='ltr'><strong><em>dicit,</em></strong></span> <span class='ocrx_word' id='word_1_87' title='bbox 1766 1078 1882 1117; x_wconf 90' lang='lat' dir='ltr'><strong><em>non</em></strong></span> <span class='ocrx_word' id='word_1_88' title='bbox 1932 1078 2127 1133; x_wconf 63' lang='lat' dir='ltr'><strong><em>pereo-</em></strong></span> <span class='ocrx_word' id='word_1_89' title='bbox 2238 1058 2479 1115; x_wconf 88' lang='lat' dir='ltr'><strong><em>calicem</em></strong></span> <span class='ocrx_word' id='word_1_90' title='bbox 2535 1078 2697 1132; x_wconf 75' lang='lat' dir='ltr'><strong><em>aquae</em></strong></span> <span class='ocrx_word' id='word_1_91' title='bbox 2756 1059 2979 1131; x_wconf 62' lang='lat' dir='ltr'><strong><em>frigida:</em></strong></span> <span class='ocrx_word' id='word_1_92' title='bbox 3060 1065 3178 1116; x_wconf 91' lang='lat' dir='ltr'><strong><em>toto</em></strong></span> <span class='ocrx_word' id='word_1_93' title='bbox 3236 1061 3432 1117; x_wconf 89' lang='lat' dir='ltr'><strong><em>animo</em></strong></span> <span class='ocrx_word' id='word_1_94' title='bbox 3493 1062 3894 1135; x_wconf 84' lang='lat' dir='ltr'><strong><em>porrigamus.</em></strong></span> 
     </span>
    </p>
   </div>
   <div class='ocr_carea' id='block_1_9' title="bbox 484 1148 3897 1229">
    <p class='ocr_par' dir='ltr' id='par_1_9' title="bbox 484 1148 3897 1229">
     <span class='ocr_line' id='line_1_9' title="bbox 484 1148 3897 1229; baseline -0.002 -12"><span class='ocrx_word' id='word_1_95' title='bbox 484 1177 592 1216; x_wconf 89' lang='lat' dir='ltr'><strong><em>nas</em></strong></span> <span class='ocrx_word' id='word_1_96' title='bbox 639 1154 1044 1229; x_wconf 89' lang='lat' dir='ltr'><strong><em>suscipiendas</em></strong></span> <span class='ocrx_word' id='word_1_97' title='bbox 1096 1171 1243 1223; x_wconf 89' lang='lat' dir='ltr'><strong><em>esse,</em></strong></span> <span class='ocrx_word' id='word_1_98' title='bbox 1296 1153 1394 1210; x_wconf 87' lang='lat' dir='ltr'><strong><em>sed</em></strong></span> <span class='ocrx_word' id='word_1_99' title='bbox 1444 1151 1686 1207; x_wconf 90' lang='lat' dir='ltr'><strong><em>nomina</em></strong></span> <span class='ocrx_word' id='word_1_100' title='bbox 1735 1167 1748 1205; x_wconf 91' lang='lat'><strong>:</strong></span> <span class='ocrx_word' id='word_1_101' title='bbox 1798 1155 1856 1205; x_wconf 88' lang='lat' dir='ltr'><strong><em>et</em></strong></span> <span class='ocrx_word' id='word_1_102' title='bbox 1912 1166 2128 1205; x_wconf 87' lang='lat' dir='ltr'><strong><em>merce-</em></strong></span> <span class='ocrx_word' id='word_1_103' title='bbox 2239 1148 2502 1220; x_wconf 52' lang='lat' dir='ltr'><strong><em>Frigida,</em></strong></span> <span class='ocrx_word' id='word_1_104' title='bbox 2535 1149 2746 1221; x_wconf 83' lang='lat' dir='ltr'><strong><em>inquit,</em></strong></span> <span class='ocrx_word' id='word_1_105' title='bbox 2779 1165 2963 1220; x_wconf 83' lang='lat' dir='ltr'><strong><em>aquae,</em></strong></span> <span class='ocrx_word' id='word_1_106' title='bbox 2997 1166 3112 1205; x_wconf 89' lang='lat' dir='ltr'><strong><em>non</em></strong></span> <span class='ocrx_word' id='word_1_107' title='bbox 3143 1149 3365 1218; x_wconf 64' lang='lat' dir='ltr'><strong><em>calidae,</em></strong></span> <span class='ocrx_word' id='word_1_108' title='bbox 3400 1167 3471 1206; x_wconf 88' lang='lat' dir='ltr'><strong><em>ne</em></strong></span> <span class='ocrx_word' id='word_1_109' title='bbox 3520 1157 3575 1206; x_wconf 91' lang='lat' dir='ltr'><strong><em>et</em></strong></span> <span class='ocrx_word' id='word_1_110' title='bbox 3607 1152 3666 1207; x_wconf 92' lang='lat' dir='ltr'><strong><em>in</em></strong></span> <span class='ocrx_word' id='word_1_111' title='bbox 3699 1152 3897 1210; x_wconf 86' lang='lat' dir='ltr'><strong><em>calida.</em></strong></span> 
     </span>
    </p>
   </div>
   <div class='ocr_carea' id='block_1_10' title="bbox 482 1238 3892 1316">
    <p class='ocr_par' dir='ltr' id='par_1_10' title="bbox 482 1238 3892 1316">
     <span class='ocr_line' id='line_1_10' title="bbox 482 1238 3892 1316; baseline -0.002 -12"><span class='ocrx_word' id='word_1_112' title='bbox 482 1249 616 1304; x_wconf 87' lang='lat' dir='ltr'><strong><em>dem</em></strong></span> <span class='ocrx_word' id='word_1_113' title='bbox 686 1262 801 1301; x_wconf 92' lang='lat' dir='ltr'><strong><em>non</em></strong></span> <span class='ocrx_word' id='word_1_114' title='bbox 871 1244 1110 1316; x_wconf 86' lang='lat' dir='ltr'><strong><em>perdere</em></strong></span> <span class='ocrx_word' id='word_1_115' title='bbox 1177 1239 1585 1313; x_wconf 73' lang='lat' dir='ltr'><strong><em>suscipientes,</em></strong></span> <span class='ocrx_word' id='word_1_116' title='bbox 1643 1238 1778 1294; x_wconf 87' lang='lat' dir='ltr'><strong><em>licet</em></strong></span> <span class='ocrx_word' id='word_1_117' title='bbox 1842 1238 2125 1310; x_wconf 89' lang='lat' dir='ltr'><strong><em>indignus</em></strong></span> <span class='ocrx_word' id='word_1_118' title='bbox 2234 1238 2597 1309; x_wconf 84' lang='lat' dir='ltr'><strong><em>paupertatis</em></strong></span> <span class='ocrx_word' id='word_1_119' title='bbox 2644 1241 2701 1293; x_wconf 89' lang='lat' dir='ltr'><strong><em>et</em></strong></span> <span class='ocrx_word' id='word_1_120' title='bbox 2730 1238 2984 1310; x_wconf 65' lang='lat' dir='ltr'><strong><em>penuriae</em></strong></span> <span class='ocrx_word' id='word_1_121' title='bbox 3033 1239 3323 1311; x_wconf 89' lang='lat' dir='ltr'><strong><em>lignorum</em></strong></span> <span class='ocrx_word' id='word_1_122' title='bbox 3356 1240 3369 1273; x_wconf 89' lang='grc'>¹</span> <span class='ocrx_word' id='word_1_123' title='bbox 3403 1240 3630 1296; x_wconf 90' lang='lat' dir='ltr'><strong><em>occasio</em></strong></span> <span class='ocrx_word' id='word_1_124' title='bbox 3661 1258 3892 1313; x_wconf 65' lang='lat' dir='ltr'><strong><em>quaere-</em></strong></span> 
     </span>
    </p>
   </div>
   <div class='ocr_carea' id='block_1_11' title="bbox 486 1325 3890 1409">
    <p class='ocr_par' dir='ltr' id='par_1_11' title="bbox 486 1325 3890 1409">
     <span class='ocr_line' id='line_1_11' title="bbox 486 1325 3890 1409; baseline -0.002 -16"><span class='ocrx_word' id='word_1_125' title='bbox 486 1337 664 1393; x_wconf 81' lang='lat' dir='ltr'><strong><em>fuerit</em></strong></span> <span class='ocrx_word' id='word_1_126' title='bbox 693 1333 794 1409; x_wconf 79' lang='lat' dir='ltr'><strong><em>qui</em></strong></span> <span class='ocrx_word' id='word_1_127' title='bbox 823 1335 1133 1403; x_wconf 89' lang='lat' dir='ltr'><strong><em>susceptus</em></strong></span> <span class='ocrx_word' id='word_1_128' title='bbox 1161 1330 1256 1386; x_wconf 90' lang='lat' dir='ltr'><strong><em>sit.</em></strong></span> <span class='ocrx_word' id='word_1_129' title='bbox 2232 1329 2410 1381; x_wconf 89' lang='lat' dir='ltr'><strong><em>retur.</em></strong></span> <span class='ocrx_word' id='word_1_130' title='bbox 2440 1325 2579 1382; x_wconf 87' lang='lat' dir='ltr'><strong><em>Tale</em></strong></span> <span class='ocrx_word' id='word_1_131' title='bbox 2609 1326 2750 1398; x_wconf 89' lang='lat' dir='ltr'><strong><em>quid</em></strong></span> <span class='ocrx_word' id='word_1_132' title='bbox 2772 1330 2830 1382; x_wconf 90' lang='lat' dir='ltr'><strong><em>et</em></strong></span> <span class='ocrx_word' id='word_1_133' title='bbox 2848 1327 3161 1398; x_wconf 85' lang='lat' dir='ltr'><strong><em>Apostolus</em></strong></span> <span class='ocrx_word' id='word_1_134' title='bbox 3190 1328 3275 1399; x_wconf 86' lang='lat' dir='ltr'><strong><em>(ut</em></strong></span> <span class='ocrx_word' id='word_1_135' title='bbox 3296 1333 3430 1383; x_wconf 87' lang='lat' dir='ltr'><strong><em>ante</em></strong></span> <span class='ocrx_word' id='word_1_136' title='bbox 3448 1329 3572 1399; x_wconf 87' lang='lat' dir='ltr'><strong><em>jam</em></strong></span> <span class='ocrx_word' id='word_1_137' title='bbox 3605 1328 3890 1404; x_wconf 84' lang='lat' dir='ltr'><strong><em>diximus)</em></strong></span> 
     </span>
    </p>
   </div>
   <div class='ocr_carea' id='block_1_12' title="bbox 549 1413 3894 1496">
    <p class='ocr_par' dir='ltr' id='par_1_12' title="bbox 549 1413 3894 1496">
     <span class='ocr_line' id='line_1_12' title="bbox 549 1413 3894 1496; baseline -0.001 -15"><span class='ocrx_word' id='word_1_138' title='bbox 549 1426 730 1496; x_wconf 88' lang='lat' dir='ltr'><strong><em>(Vers.</em></strong></span> <span class='ocrx_word' id='word_1_139' title='bbox 762 1423 877 1492; x_wconf 63' lang='lat'><strong><em>1:2.)</em></strong></span> <span class='ocrx_word' id='word_1_140' title='bbox 909 1444 937 1470; x_wconf 90' lang='grc'><strong><em>‹‹</em></strong></span> <span class='ocrx_word' id='word_1_141' title='bbox 969 1421 1037 1475; x_wconf 83' lang='lat' dir='ltr'><strong><em>Et</em></strong></span> <span class='ocrx_word' id='word_1_142' title='bbox 1066 1418 1405 1491; x_wconf 88' lang='lat' dir='ltr'><strong><em>quicunque</em></strong></span> <span class='ocrx_word' id='word_1_143' title='bbox 1435 1421 1639 1491; x_wconf 91' lang='lat' dir='ltr'><strong><em>potum</em></strong></span> <span class='ocrx_word' id='word_1_144' title='bbox 1672 1415 1895 1471; x_wconf 88' lang='lat' dir='ltr'><strong><em>dederit</em></strong></span> <span class='ocrx_word' id='word_1_145' title='bbox 1923 1416 2023 1471; x_wconf 91' lang='lat' dir='ltr'><strong><em>uni</em></strong></span> <span class='ocrx_word' id='word_1_146' title='bbox 2053 1432 2125 1472; x_wconf 83' lang='lat' dir='ltr'><strong><em>ex</em></strong></span> <span class='ocrx_word' id='word_1_147' title='bbox 2231 1415 2302 1470; x_wconf 90' lang='lat' dir='ltr'><strong><em>ad</em></strong></span> <span class='ocrx_word' id='word_1_148' title='bbox 2327 1413 2563 1469; x_wconf 87' lang='lat' dir='ltr'><strong><em>Galatas</em></strong></span> <span class='ocrx_word' id='word_1_149' title='bbox 2588 1416 2861 1487; x_wconf 67' lang='lat' dir='ltr'><strong><em>praecepit</em></strong></span> <span class='ocrx_word' id='word_1_150' title='bbox 2887 1430 2900 1470; x_wconf 87' lang='lat'><strong>:</strong></span> <span class='ocrx_word' id='word_1_151' title='bbox 2926 1416 3303 1472; x_wconf 87' lang='lat' dir='ltr'><strong><em>Communicet</em></strong></span> <span class='ocrx_word' id='word_1_152' title='bbox 3322 1421 3507 1473; x_wconf 90' lang='lat' dir='ltr'><strong><em>autem</em></strong></span> <span class='ocrx_word' id='word_1_153' title='bbox 3538 1419 3585 1473; x_wconf 87' lang='lat' dir='ltr'><strong><em>is</em></strong></span> <span class='ocrx_word' id='word_1_154' title='bbox 3612 1420 3711 1490; x_wconf 84' lang='lat' dir='ltr'><strong><em>qui</em></strong></span> <span class='ocrx_word' id='word_1_155' title='bbox 3738 1423 3894 1477; x_wconf 84' lang='lat' dir='ltr'><strong><em>cate-</em></strong></span> 
     </span>
    </p>
   </div>
   <div class='ocr_carea' id='block_1_13' title="bbox 475 1504 3892 1579">
    <p class='ocr_par' dir='ltr' id='par_1_13' title="bbox 475 1504 3892 1579">
     <span class='ocr_line' id='line_1_13' title="bbox 475 1504 3892 1579; baseline -0.002 -8"><span class='ocrx_word' id='word_1_156' title='bbox 475 1513 737 1571; x_wconf 88' lang='lat' dir='ltr'><strong><em>minimis</em></strong></span> <span class='ocrx_word' id='word_1_157' title='bbox 780 1510 931 1577; x_wconf 90' lang='lat' dir='ltr'><strong><em>istis,</em></strong></span> <span class='ocrx_word' id='word_1_158' title='bbox 981 1508 1222 1564; x_wconf 87' lang='lat' dir='ltr'><strong><em>calicem</em></strong></span> <span class='ocrx_word' id='word_1_159' title='bbox 1270 1523 1435 1579; x_wconf 73' lang='lat' dir='ltr'><strong><em>aquae</em></strong></span> <span class='ocrx_word' id='word_1_160' title='bbox 1490 1505 1713 1577; x_wconf 64' lang='lat' dir='ltr'><strong><em>frigidae</em></strong></span> <span class='ocrx_word' id='word_1_161' title='bbox 1763 1509 2015 1572; x_wconf 87' lang='lat' dir='ltr'><strong><em>tantum,</em></strong></span> <span class='ocrx_word' id='word_1_162' title='bbox 2061 1504 2121 1561; x_wconf 88' lang='lat' dir='ltr'><strong><em>in</em></strong></span> <span class='ocrx_word' id='word_1_163' title='bbox 2229 1504 2484 1559; x_wconf 73' lang='lat' dir='ltr'><strong><em>chimtur</em></strong></span> <span class='ocrx_word' id='word_1_164' title='bbox 2510 1504 2673 1560; x_wconf 84' lang='lat' dir='ltr'><strong><em>verba</em></strong></span> <span class='ocrx_word' id='word_1_165' title='bbox 2708 1506 2762 1559; x_wconf 89' lang='lat' dir='ltr'><strong><em>ei</em></strong></span> <span class='ocrx_word' id='word_1_166' title='bbox 2788 1506 2885 1574; x_wconf 87' lang='lat' dir='ltr'><strong><em>qui</em></strong></span> <span class='ocrx_word' id='word_1_167' title='bbox 2919 1521 2974 1560; x_wconf 87' lang='lat' dir='ltr'><strong><em>se</em></strong></span> <span class='ocrx_word' id='word_1_168' title='bbox 3014 1506 3314 1561; x_wconf 68' lang='lat' dir='ltr'><strong><em>catechizat</em></strong></span> <span class='ocrx_word' id='word_1_169' title='bbox 3343 1509 3405 1561; x_wconf 91' lang='lat' dir='ltr'><strong><em>in</em></strong></span> <span class='ocrx_word' id='word_1_170' title='bbox 3432 1508 3687 1564; x_wconf 87' lang='lat' dir='ltr'><strong><em>omnibus</em></strong></span> <span class='ocrx_word' id='word_1_171' title='bbox 3730 1510 3892 1566; x_wconf 84' lang='lat' dir='ltr'><strong><em>bonis</em></strong></span> 
     </span>
    </p>
   </div>
   <div class='ocr_carea' id='block_1_14' title="bbox 470 1591 3890 1673">
    <p class='ocr_par' dir='ltr' id='par_1_14' title="bbox 470 1591 3890 1673">
     <span class='ocr_line' id='line_1_14' title="bbox 470 1591 3890 1673; baseline -0.002 -12"><span class='ocrx_word' id='word_1_172' title='bbox 470 1604 706 1661; x_wconf 90' lang='lat' dir='ltr'><strong><em>nomine</em></strong></span> <span class='ocrx_word' id='word_1_173' title='bbox 727 1597 1024 1672; x_wconf 88' lang='lat' dir='ltr'><strong><em>discipuli,</em></strong></span> <span class='ocrx_word' id='word_1_174' title='bbox 1045 1613 1215 1652; x_wconf 88' lang='lat' dir='ltr'><strong><em>amen</em></strong></span> <span class='ocrx_word' id='word_1_175' title='bbox 1242 1596 1370 1651; x_wconf 91' lang='lat' dir='ltr'><strong><em>dico</em></strong></span> <span class='ocrx_word' id='word_1_176' title='bbox 1390 1594 1578 1662; x_wconf 90' lang='lat' dir='ltr'><strong><em>vobis,</em></strong></span> <span class='ocrx_word' id='word_1_177' title='bbox 1600 1611 1714 1648; x_wconf 93' lang='lat' dir='ltr'><strong><em>non</em></strong></span> <span class='ocrx_word' id='word_1_178' title='bbox 1741 1594 1944 1665; x_wconf 88' lang='lat' dir='ltr'><strong><em>perdet</em></strong></span> <span class='ocrx_word' id='word_1_179' title='bbox 1967 1608 2119 1649; x_wconf 88' lang='lat' dir='ltr'><strong><em>mer-</em></strong></span> <span class='ocrx_word' id='word_1_180' title='bbox 2226 1591 2431 1673; x_wconf 78' lang='lat' dir='ltr'><strong><em>(Galat.</em></strong></span> <span class='ocrx_word' id='word_1_181' title='bbox 2460 1610 2536 1657; x_wconf 73' lang='lat' dir='ltr'><strong><em>vx,</em></strong></span> <span class='ocrx_word' id='word_1_182' title='bbox 2566 1594 2643 1662; x_wconf 87' lang='lat'><strong><em>6),</em></strong></span> <span class='ocrx_word' id='word_1_183' title='bbox 2677 1596 2735 1648; x_wconf 91' lang='lat' dir='ltr'><strong><em>et</em></strong></span> <span class='ocrx_word' id='word_1_184' title='bbox 2789 1593 3113 1666; x_wconf 90' lang='lat' dir='ltr'><strong><em>discipulos</em></strong></span> <span class='ocrx_word' id='word_1_185' title='bbox 3162 1596 3234 1650; x_wconf 89' lang='lat' dir='ltr'><strong><em>ad</em></strong></span> <span class='ocrx_word' id='word_1_186' title='bbox 3269 1596 3685 1668; x_wconf 86' lang='lat' dir='ltr'><strong><em>magistrorum</em></strong></span> <span class='ocrx_word' id='word_1_187' title='bbox 3717 1599 3890 1655; x_wconf 80' lang='lat' dir='ltr'><strong><em>refri-</em></strong></span> 
     </span>
    </p>
   </div>
   <div class='ocr_carea' id='block_1_15' title="bbox 469 1682 3891 1757">
    <p class='ocr_par' dir='ltr' id='par_1_15' title="bbox 469 1682 3891 1757">
     <span class='ocr_line' id='line_1_15' title="bbox 469 1682 3891 1757; baseline -0.001 -7"><span class='ocrx_word' id='word_1_188' title='bbox 469 1693 672 1750; x_wconf 87' lang='lat' dir='ltr'><strong><em>cedem</em></strong></span> <span class='ocrx_word' id='word_1_189' title='bbox 720 1705 911 1746; x_wconf 91' lang='lat' dir='ltr'><strong><em>suam.</em></strong></span> <span class='ocrx_word' id='word_1_190' title='bbox 948 1709 978 1738; x_wconf 83' lang='lat'>»</span> <span class='ocrx_word' id='word_1_191' title='bbox 1031 1686 1308 1757; x_wconf 84' lang='lat' dir='ltr'><strong><em>Legimus</em></strong></span> <span class='ocrx_word' id='word_1_192' title='bbox 1339 1684 1397 1739; x_wconf 89' lang='lat' dir='ltr'><strong><em>in</em></strong></span> <span class='ocrx_word' id='word_1_193' title='bbox 1451 1683 1733 1755; x_wconf 88' lang='lat' dir='ltr'><strong><em>pr0pheta</em></strong></span> <span class='ocrx_word' id='word_1_194' title='bbox 1782 1682 1955 1737; x_wconf 83' lang='lat' dir='ltr'><strong><em>David</em></strong></span> <span class='ocrx_word' id='word_1_195' title='bbox 1990 1698 2003 1739; x_wconf 92' lang='lat'><strong>:</strong></span> <span class='ocrx_word' id='word_1_196' title='bbox 2037 1682 2121 1738; x_wconf 81' lang='lat' dir='ltr'><strong><em>Ad</em></strong></span> <span class='ocrx_word' id='word_1_197' title='bbox 2227 1682 2390 1754; x_wconf 85' lang='lat' dir='ltr'><strong><em>geria</em></strong></span> <span class='ocrx_word' id='word_1_198' title='bbox 2436 1682 2795 1738; x_wconf 83' lang='lat' dir='ltr'><strong><em>cohortatur.</em></strong></span> <span class='ocrx_word' id='word_1_199' title='bbox 2845 1685 2994 1749; x_wconf 83' lang='lat' dir='ltr'><strong><em>Quia</em></strong></span> <span class='ocrx_word' id='word_1_200' title='bbox 3021 1689 3247 1756; x_wconf 90' lang='lat' dir='ltr'><strong><em>poterat</em></strong></span> <span class='ocrx_word' id='word_1_201' title='bbox 3295 1685 3543 1756; x_wconf 88' lang='lat' dir='ltr'><strong><em>quilibet</em></strong></span> <span class='ocrx_word' id='word_1_202' title='bbox 3569 1686 3891 1745; x_wconf 85' lang='lat' dir='ltr'><strong><em>obtendere</em></strong></span> 
     </span>
    </p>
   </div>
   <div class='ocr_carea' id='block_1_16' title="bbox 468 1771 3891 1850">
    <p class='ocr_par' dir='ltr' id='par_1_16' title="bbox 468 1771 3891 1850">
     <span class='ocr_line' id='line_1_16' title="bbox 468 1771 3891 1850; baseline -0.001 -12"><span class='ocrx_word' id='word_1_203' title='bbox 468 1779 812 1838; x_wconf 73' lang='lat' dir='ltr'><strong><em>excusandas</em></strong></span> <span class='ocrx_word' id='word_1_204' title='bbox 859 1776 1235 1833; x_wconf 74' lang='lat' dir='ltr'><strong><em>excusationes</em></strong></span> <span class='ocrx_word' id='word_1_205' title='bbox 1265 1776 1325 1829; x_wconf 90' lang='lat' dir='ltr'><strong><em>in</em></strong></span> <span class='ocrx_word' id='word_1_206' title='bbox 1367 1773 1615 1845; x_wconf 83' lang='lat' dir='ltr'><strong><em>peccatis</em></strong></span> <span class='ocrx_word' id='word_1_207' title='bbox 1648 1772 1819 1843; x_wconf 88' lang='lat' dir='ltr'><strong><em>(Psal.</em></strong></span> <span class='ocrx_word' id='word_1_208' title='bbox 1852 1788 1979 1839; x_wconf 78' lang='lat' dir='ltr'><strong><em>CXL,</em></strong></span> <span class='ocrx_word' id='word_1_209' title='bbox 2010 1771 2113 1842; x_wconf 71' lang='lat'><strong><em>4):</em></strong></span> <span class='ocrx_word' id='word_1_210' title='bbox 2227 1776 2657 1842; x_wconf 88' lang='lat' dir='ltr'><strong><em>paupertatem,</em></strong></span> <span class='ocrx_word' id='word_1_211' title='bbox 2709 1775 2766 1826; x_wconf 89' lang='lat' dir='ltr'><strong><em>et</em></strong></span> <span class='ocrx_word' id='word_1_212' title='bbox 2816 1778 3169 1844; x_wconf 64' lang='lat' dir='ltr'><strong><em>pra&#39;ceptum</em></strong></span> <span class='ocrx_word' id='word_1_213' title='bbox 3228 1773 3484 1843; x_wconf 87' lang='lat' dir='ltr'><strong><em>eludere,</em></strong></span> <span class='ocrx_word' id='word_1_214' title='bbox 3537 1776 3891 1850; x_wconf 87' lang='lat' dir='ltr'><strong><em>priusquam</em></strong></span> 
     </span>
    </p>
   </div>
   <div class='ocr_carea' id='block_1_17' title="bbox 466 1858 3891 1944">
    <p class='ocr_par' dir='ltr' id='par_1_17' title="bbox 466 1858 3891 1944">
     <span class='ocr_line' id='line_1_17' title="bbox 466 1858 3891 1944; baseline -0.002 -17"><span class='ocrx_word' id='word_1_215' title='bbox 466 1870 625 1944; x_wconf 89' lang='lat' dir='ltr'><strong><em>quod</em></strong></span> <span class='ocrx_word' id='word_1_216' title='bbox 655 1867 827 1924; x_wconf 91' lang='lat' dir='ltr'><strong><em>multi</em></strong></span> <span class='ocrx_word' id='word_1_217' title='bbox 857 1868 1227 1938; x_wconf 81' lang='lat' dir='ltr'><strong><em>peccatorum</em></strong></span> <span class='ocrx_word' id='word_1_218' title='bbox 1259 1878 1500 1919; x_wconf 88' lang='lat' dir='ltr'><strong><em>suorum</em></strong></span> <span class='ocrx_word' id='word_1_219' title='bbox 1551 1860 1715 1933; x_wconf 90' lang='lat' dir='ltr'><strong><em>quasi</em></strong></span> <span class='ocrx_word' id='word_1_220' title='bbox 1740 1862 1936 1932; x_wconf 87' lang='lat' dir='ltr'><strong><em>justas</em></strong></span> <span class='ocrx_word' id='word_1_221' title='bbox 1966 1877 2114 1932; x_wconf 69' lang='lat' dir='ltr'><strong><em>prae-</em></strong></span> <span class='ocrx_word' id='word_1_222' title='bbox 2227 1858 2325 1914; x_wconf 89' lang='lat' dir='ltr'><strong><em>ille</em></strong></span> <span class='ocrx_word' id='word_1_223' title='bbox 2385 1863 2693 1931; x_wconf 87' lang='lat' dir='ltr'><strong><em>proponat,</em></strong></span> <span class='ocrx_word' id='word_1_224' title='bbox 2764 1860 3170 1917; x_wconf 88' lang='lat' dir='ltr'><strong><em>imminentem</em></strong></span> <span class='ocrx_word' id='word_1_225' title='bbox 3240 1863 3410 1917; x_wconf 88' lang='lat' dir='ltr'><strong><em>solvit</em></strong></span> <span class='ocrx_word' id='word_1_226' title='bbox 3478 1866 3891 1937; x_wconf 80' lang='lat' dir='ltr'><strong><em>quaestionem,</em></strong></span> 
     </span>
    </p>
   </div>
   <div class='ocr_carea' id='block_1_18' title="bbox 464 1948 3891 2064">
    <p class='ocr_par' dir='ltr' id='par_1_18' title="bbox 464 1948 3891 2064">
     <span class='ocr_line' id='line_1_18' title="bbox 464 1948 3891 2064; baseline -0.001 -47"><span class='ocrx_word' id='word_1_227' title='bbox 464 1959 713 2017; x_wconf 85' lang='lat' dir='ltr'><strong><em>tendant</em></strong></span> <span class='ocrx_word' id='word_1_228' title='bbox 735 1955 1092 2020; x_wconf 86' lang='lat' dir='ltr'><strong><em>occasiones,</em></strong></span> <span class='ocrx_word' id='word_1_229' title='bbox 1124 1956 1190 2007; x_wconf 91' lang='lat' dir='ltr'><strong><em>ut</em></strong></span> <span class='ocrx_word' id='word_1_230' title='bbox 1218 1952 1371 2025; x_wconf 90' lang='lat' dir='ltr'><strong><em>quod</em></strong></span> <span class='ocrx_word' id='word_1_231' title='bbox 1416 1949 1713 2006; x_wconf 86' lang='lat' dir='ltr'><strong><em>voluntate</em></strong></span> <span class='ocrx_word' id='word_1_232' title='bbox 1741 1948 2111 2023; x_wconf 89' lang='lat' dir='ltr'><strong><em>delinquunt,</em></strong></span> <span class='ocrx_word' id='word_1_233' title='bbox 2146 1999 2194 2064; x_wconf 80' lang='grc' dir='ltr'><strong>Β</strong></span> <span class='ocrx_word' id='word_1_234' title='bbox 2225 1948 2460 2005; x_wconf 91' lang='lat' dir='ltr'><strong><em>dicens:</em></strong></span> <span class='ocrx_word' id='word_1_235' title='bbox 2485 1948 2667 2004; x_wconf 78' lang='lat' dir='ltr'><strong><em>Nolite</em></strong></span> <span class='ocrx_word' id='word_1_236' title='bbox 2702 1965 2911 2018; x_wconf 85' lang='lat' dir='ltr'><strong><em>errare,</em></strong></span> <span class='ocrx_word' id='word_1_237' title='bbox 2942 1952 3079 2007; x_wconf 81' lang='lat' dir='ltr'><strong><em>Deus</em></strong></span> <span class='ocrx_word' id='word_1_238' title='bbox 3115 1968 3221 2006; x_wconf 87' lang='lat' dir='ltr'><strong><em>non</em></strong></span> <span class='ocrx_word' id='word_1_239' title='bbox 3254 1952 3541 2009; x_wconf 83' lang='lat' dir='ltr'><strong><em>irridetur.</em></strong></span> <span class='ocrx_word' id='word_1_240' title='bbox 3568 1954 3694 2022; x_wconf 74' lang='lat' dir='ltr'><strong><em>Quae</em></strong></span> <span class='ocrx_word' id='word_1_241' title='bbox 3725 1958 3891 2013; x_wconf 79' lang='lat' dir='ltr'><strong><em>enim</em></strong></span> 
     </span>
     <span class='ocr_line' id='line_1_19' title="bbox 505 2037 3882 2064; baseline 0 0"><span class='ocrx_word' id='word_1_242' title='bbox 505 2049 556 2064; x_wconf 77' lang='grc' dir='ltr'><strong>οι</strong></span> <span class='ocrx_word' id='word_1_243' title='bbox 679 2051 690 2064; x_wconf 81' lang='grc' dir='ltr'>ι</span> <span class='ocrx_word' id='word_1_244' title='bbox 748 2063 768 2064; x_wconf 55' lang='grc' dir='ltr'><em>η</em></span> <span class='ocrx_word' id='word_1_245' title='bbox 827 2042 1164 2064; x_wconf 56' lang='lat' dir='ltr'><strong><em>,__---_:L_L-</em></strong></span> <span class='ocrx_word' id='word_1_246' title='bbox 1216 2056 1452 2064; x_wconf 66' lang='lat'><strong><em>_----_-</em></strong></span> <span class='ocrx_word' id='word_1_247' title='bbox 1492 2055 1503 2064; x_wconf 84' lang='grc'><strong>.</strong></span> <span class='ocrx_word' id='word_1_248' title='bbox 1561 2037 1842 2064; x_wconf 71' lang='grc' dir='ltr'><strong><em>η-....ε....,..</em></strong></span> <span class='ocrx_word' id='word_1_249' title='bbox 1892 2043 2082 2064; x_wconf 65' lang='grc' dir='ltr'><strong><em>..Α-..-ι-</em></strong></span> <span class='ocrx_word' id='word_1_250' title='bbox 2230 2039 2580 2064; x_wconf 60' lang='grc' dir='ltr'><strong><em>-Α...ιξ..-..ιι..;ι</em></strong></span> <span class='ocrx_word' id='word_1_251' title='bbox 2642 2038 2793 2064; x_wconf 62' lang='grc' dir='ltr'><strong><em>ιλμ.-</em></strong></span> <span class='ocrx_word' id='word_1_252' title='bbox 2853 2041 2964 2064; x_wconf 56' lang='grc' dir='ltr'><strong><em>ιη,</em></strong></span> <span class='ocrx_word' id='word_1_253' title='bbox 3012 2044 3054 2064; x_wconf 64' lang='grc' dir='ltr'><strong>,ι</strong></span> <span class='ocrx_word' id='word_1_254' title='bbox 3103 2045 3260 2064; x_wconf 72' lang='grc' dir='ltr'><strong><em>----ι-ι</em></strong></span> <span class='ocrx_word' id='word_1_255' title='bbox 3307 2042 3445 2064; x_wconf 75' lang='lat' dir='ltr'><strong><em>IlL.‘J</em></strong></span> <span class='ocrx_word' id='word_1_256' title='bbox 3490 2043 3525 2064; x_wconf 61' lang='grc' dir='ltr'><strong>Η</strong></span> <span class='ocrx_word' id='word_1_257' title='bbox 3578 2044 3609 2064; x_wconf 81' lang='grc' dir='ltr'>ο</span> <span class='ocrx_word' id='word_1_258' title='bbox 3640 2047 3654 2064; x_wconf 85' lang='lat'><strong><em>\</em></strong></span> <span class='ocrx_word' id='word_1_259' title='bbox 3693 2045 3750 2064; x_wconf 59' lang='lat' dir='ltr'><strong><em>n1</em></strong></span> <span class='ocrx_word' id='word_1_260' title='bbox 3803 2049 3882 2064; x_wconf 45' lang='lat' dir='ltr'><strong><em>-An</em></strong></span> 
     </span>
    </p>
   </div>
   <div class='ocr_carea' id='block_1_19' title="bbox 464 2037 3891 2113">
    <p class='ocr_par' dir='ltr' id='par_1_19' title="bbox 464 2037 3891 2113">
     <span class='ocr_line' id='line_1_20' title="bbox 464 2037 3891 2113; baseline -0.001 -8"><span class='ocrx_word' id='word_1_261' title='bbox 464 2049 774 2105; x_wconf 89' lang='lat' dir='ltr'><strong><em>videantur</em></strong></span> <span class='ocrx_word' id='word_1_262' title='bbox 824 2042 1168 2100; x_wconf 85' lang='lat' dir='ltr'><strong><em>necessitate</em></strong></span> <span class='ocrx_word' id='word_1_263' title='bbox 1216 2056 1455 2113; x_wconf 79' lang='lat' dir='ltr'><strong><em>peccare</em></strong></span> <span class='ocrx_word' id='word_1_264' title='bbox 1492 2055 1503 2095; x_wconf 94' lang='lat'>:</span> <span class='ocrx_word' id='word_1_265' title='bbox 1560 2037 1843 2094; x_wconf 89' lang='lat' dir='ltr'><strong><em>Dominus</em></strong></span> <span class='ocrx_word' id='word_1_266' title='bbox 1892 2043 2113 2094; x_wconf 86' lang='lat' dir='ltr'><strong><em>scruta-</em></strong></span> <span class='ocrx_word' id='word_1_267' title='bbox 2146 2037 2194 2064; x_wconf 79' lang='grc' dir='ltr'><strong><em>υ</em></strong></span> <span class='ocrx_word' id='word_1_268' title='bbox 2224 2039 2581 2093; x_wconf 82' lang='lat' dir='ltr'><strong><em>seminaverit</em></strong></span> <span class='ocrx_word' id='word_1_269' title='bbox 2635 2038 2813 2109; x_wconf 82' lang='lat' dir='ltr'><strong><em>homo,</em></strong></span> <span class='ocrx_word' id='word_1_270' title='bbox 2846 2041 2964 2096; x_wconf 67' lang='lat' dir='ltr'><strong><em>haec</em></strong></span> <span class='ocrx_word' id='word_1_271' title='bbox 3004 2044 3054 2095; x_wconf 88' lang='lat' dir='ltr'><strong><em>et</em></strong></span> <span class='ocrx_word' id='word_1_272' title='bbox 3100 2045 3260 2096; x_wconf 86' lang='lat' dir='ltr'><strong><em>metet</em></strong></span> <span class='ocrx_word' id='word_1_273' title='bbox 3304 2042 3463 2111; x_wconf 83' lang='lat' dir='ltr'><strong><em>(Ibid.</em></strong></span> <span class='ocrx_word' id='word_1_274' title='bbox 3490 2043 3544 2097; x_wconf 89' lang='lat'><strong><em>7.</em></strong></span> <span class='ocrx_word' id='word_1_275' title='bbox 3575 2044 3657 2112; x_wconf 92' lang='lat'><strong><em>8.)</em></strong></span> <span class='ocrx_word' id='word_1_276' title='bbox 3688 2045 3756 2100; x_wconf 85' lang='lat' dir='ltr'><strong><em>Et</em></strong></span> <span class='ocrx_word' id='word_1_277' title='bbox 3793 2049 3891 2102; x_wconf 85' lang='lat' dir='ltr'><strong><em>est</em></strong></span> 
     </span>
    </p>
   </div>
   <div class='ocr_carea' id='block_1_20' title="bbox 466 2127 3888 2201">
    <p class='ocr_par' dir='ltr' id='par_1_20' title="bbox 466 2127 3888 2201">
     <span class='ocr_line' id='line_1_21' title="bbox 466 2127 3888 2201; baseline -0.001 -7"><span class='ocrx_word' id='word_1_278' title='bbox 466 2143 558 2194; x_wconf 93' lang='lat' dir='ltr'><strong><em>tor</em></strong></span> <span class='ocrx_word' id='word_1_279' title='bbox 579 2136 771 2192; x_wconf 89' lang='lat' dir='ltr'><strong><em>cordis</em></strong></span> <span class='ocrx_word' id='word_1_280' title='bbox 792 2139 849 2190; x_wconf 90' lang='lat' dir='ltr'><strong><em>et</em></strong></span> <span class='ocrx_word' id='word_1_281' title='bbox 872 2147 1103 2199; x_wconf 88' lang='lat' dir='ltr'><strong><em>renum,</em></strong></span> <span class='ocrx_word' id='word_1_282' title='bbox 1126 2131 1354 2186; x_wconf 77' lang='lat' dir='ltr'><strong><em>futuras</em></strong></span> <span class='ocrx_word' id='word_1_283' title='bbox 1378 2128 1761 2201; x_wconf 83' lang='lat' dir='ltr'><strong><em>cogitationes</em></strong></span> <span class='ocrx_word' id='word_1_284' title='bbox 1785 2128 1842 2181; x_wconf 92' lang='lat' dir='ltr'><strong><em>in</em></strong></span> <span class='ocrx_word' id='word_1_285' title='bbox 1866 2127 2117 2198; x_wconf 86' lang='lat' dir='ltr'><strong><em>singulis</em></strong></span> <span class='ocrx_word' id='word_1_286' title='bbox 2228 2142 2438 2181; x_wconf 90' lang='lat' dir='ltr'><strong><em>sensus</em></strong></span> <span class='ocrx_word' id='word_1_287' title='bbox 2470 2142 2483 2180; x_wconf 90' lang='lat'><strong>:</strong></span> <span class='ocrx_word' id='word_1_288' title='bbox 2516 2127 2737 2182; x_wconf 87' lang='lat' dir='ltr'><strong><em>frustra</em></strong></span> <span class='ocrx_word' id='word_1_289' title='bbox 2765 2128 3027 2184; x_wconf 91' lang='lat' dir='ltr'><strong><em>causaris</em></strong></span> <span class='ocrx_word' id='word_1_290' title='bbox 3077 2129 3332 2201; x_wconf 88' lang='lat' dir='ltr'><strong><em>inopiam</em></strong></span> <span class='ocrx_word' id='word_1_291' title='bbox 3366 2148 3380 2197; x_wconf 87' lang='lat'><strong>;</strong></span> <span class='ocrx_word' id='word_1_292' title='bbox 3414 2147 3549 2186; x_wconf 91' lang='lat' dir='ltr'><strong><em>cum</em></strong></span> <span class='ocrx_word' id='word_1_293' title='bbox 3582 2131 3741 2188; x_wconf 88' lang='lat' dir='ltr'><strong><em>aliud</em></strong></span> <span class='ocrx_word' id='word_1_294' title='bbox 3774 2132 3888 2190; x_wconf 87' lang='lat' dir='ltr'><strong><em>ha-</em></strong></span> 
     </span>
    </p>
   </div>
   <div class='ocr_carea' id='block_1_21' title="bbox 462 2213 3887 2291">
    <p class='ocr_par' dir='ltr' id='par_1_21' title="bbox 462 2213 3887 2291">
     <span class='ocr_line' id='line_1_22' title="bbox 462 2213 3887 2291; baseline -0.001 -7"><span class='ocrx_word' id='word_1_295' title='bbox 462 2229 790 2284; x_wconf 88' lang='lat' dir='ltr'><strong><em>contuetur.</em></strong></span> <span class='ocrx_word' id='word_1_296' title='bbox 826 2223 1060 2279; x_wconf 88' lang='lat' dir='ltr'><strong><em>Dixerat</em></strong></span> <span class='ocrx_word' id='word_1_297' title='bbox 1091 2237 1104 2276; x_wconf 92' lang='lat'><strong>:</strong></span> <span class='ocrx_word' id='word_1_298' title='bbox 1139 2221 1245 2289; x_wconf 89' lang='lat' dir='ltr'><strong><em>Qui</em></strong></span> <span class='ocrx_word' id='word_1_299' title='bbox 1272 2220 1467 2291; x_wconf 86' lang='lat' dir='ltr'><strong><em>recipit</em></strong></span> <span class='ocrx_word' id='word_1_300' title='bbox 1498 2234 1609 2279; x_wconf 78' lang='lat' dir='ltr'><strong><em>vos.</em></strong></span> <span class='ocrx_word' id='word_1_301' title='bbox 1640 2233 1725 2271; x_wconf 79' lang='lat' dir='ltr'><strong><em>me</em></strong></span> <span class='ocrx_word' id='word_1_302' title='bbox 1753 2219 1966 2288; x_wconf 72' lang='lat' dir='ltr'><strong><em>recipit.</em></strong></span> <span class='ocrx_word' id='word_1_303' title='bbox 2002 2218 2112 2274; x_wconf 89' lang='lat' dir='ltr'><strong><em>Sed</em></strong></span> <span class='ocrx_word' id='word_1_304' title='bbox 2226 2213 2359 2270; x_wconf 86' lang='lat' dir='ltr'><strong><em>beat</em></strong></span> <span class='ocrx_word' id='word_1_305' title='bbox 2386 2216 2745 2271; x_wconf 89' lang='lat' dir='ltr'><strong><em>conscientia</em></strong></span> <span class='ocrx_word' id='word_1_306' title='bbox 2773 2221 2875 2271; x_wconf 88' lang='lat' dir='ltr'><strong><em>tua</em></strong></span> <span class='ocrx_word' id='word_1_307' title='bbox 2904 2218 2926 2251; x_wconf 87' lang='grc'>²</span> <span class='ocrx_word' id='word_1_308' title='bbox 2960 2233 2974 2273; x_wconf 91' lang='lat'><strong>:</strong></span> <span class='ocrx_word' id='word_1_309' title='bbox 3007 2234 3101 2273; x_wconf 91' lang='lat' dir='ltr'><strong><em>me</em></strong></span> <span class='ocrx_word' id='word_1_310' title='bbox 3132 2224 3293 2290; x_wconf 84' lang='lat' dir='ltr'><strong><em>potes</em></strong></span> <span class='ocrx_word' id='word_1_311' title='bbox 3344 2219 3541 2276; x_wconf 83' lang='lat' dir='ltr'><strong><em>fallere</em></strong></span> <span class='ocrx_word' id='word_1_312' title='bbox 3577 2221 3887 2280; x_wconf 89' lang='lat' dir='ltr'><strong><em>cohortan-</em></strong></span> 
     </span>
    </p>
   </div>
   <div class='ocr_carea' id='block_1_22' title="bbox 456 2304 3881 2388">
    <p class='ocr_par' dir='ltr' id='par_1_22' title="bbox 456 2304 3881 2388">
     <span class='ocr_line' id='line_1_23' title="bbox 456 2304 3881 2388; baseline -0.006 -14"><span class='ocrx_word' id='word_1_313' title='bbox 456 2316 566 2373; x_wconf 92' lang='lat' dir='ltr'><strong><em>hoc</em></strong></span> <span class='ocrx_word' id='word_1_314' title='bbox 596 2316 951 2388; x_wconf 66' lang='lat' dir='ltr'><strong><em>praeceptum</em></strong></span> <span class='ocrx_word' id='word_1_315' title='bbox 976 2308 1147 2365; x_wconf 88' lang='lat' dir='ltr'><strong><em>multi</em></strong></span> <span class='ocrx_word' id='word_1_316' title='bbox 1183 2306 1702 2381; x_wconf 65' lang='lat' dir='ltr'><strong><em>pseudoprophetis</em></strong></span> <span class='ocrx_word' id='word_1_317' title='bbox 1733 2310 1790 2360; x_wconf 90' lang='lat' dir='ltr'><strong><em>et</em></strong></span> <span class='ocrx_word' id='word_1_318' title='bbox 1818 2305 1949 2361; x_wconf 76' lang='lat' dir='ltr'><strong><em>falsi</em></strong></span> <span class='ocrx_word' id='word_1_319' title='bbox 1972 2321 2113 2377; x_wconf 73' lang='lat' dir='ltr'><strong><em>prte-</em></strong></span> <span class='ocrx_word' id='word_1_320' title='bbox 2220 2308 2337 2358; x_wconf 84' lang='lat' dir='ltr'><strong><em>tem</em></strong></span> <span class='ocrx_word' id='word_1_321' title='bbox 2370 2304 2425 2370; x_wconf 87' lang='grc'><strong><em>³;</em></strong></span> <span class='ocrx_word' id='word_1_322' title='bbox 2455 2305 2556 2360; x_wconf 93' lang='lat' dir='ltr'><strong><em>sed</em></strong></span> <span class='ocrx_word' id='word_1_323' title='bbox 2589 2305 2733 2360; x_wconf 89' lang='lat' dir='ltr'><strong><em>scito</em></strong></span> <span class='ocrx_word' id='word_1_324' title='bbox 2777 2306 2933 2377; x_wconf 86' lang='lat' dir='ltr'><strong><em>quod</em></strong></span> <span class='ocrx_word' id='word_1_325' title='bbox 2982 2313 3507 2381; x_wconf 82' lang='lat' dir='ltr'><strong><em>quantumcunque</em></strong></span> <span class='ocrx_word' id='word_1_326' title='bbox 3554 2312 3881 2368; x_wconf 61' lang='lat' dir='ltr'><strong><em>seminam.</em></strong></span> 
     </span>
    </p>
   </div>
   <div class='ocr_carea' id='block_1_23' title="bbox 450 2392 3135 2474">
    <p class='ocr_par' dir='ltr' id='par_1_23' title="bbox 450 2392 3135 2474">
     <span class='ocr_line' id='line_1_24' title="bbox 450 2392 3135 2474; baseline -0.004 -12"><span class='ocrx_word' id='word_1_327' title='bbox 450 2404 739 2462; x_wconf 84' lang='lat' dir='ltr'><strong><em>dicatores</em></strong></span> <span class='ocrx_word' id='word_1_328' title='bbox 788 2402 1057 2474; x_wconf 88' lang='lat' dir='ltr'><strong><em>poterant</em></strong></span> <span class='ocrx_word' id='word_1_329' title='bbox 1105 2396 1390 2469; x_wconf 88' lang='lat' dir='ltr'><strong><em>impedire</em></strong></span> <span class='ocrx_word' id='word_1_330' title='bbox 1419 2413 1433 2465; x_wconf 83' lang='lat'><strong>;</strong></span> <span class='ocrx_word' id='word_1_331' title='bbox 1466 2393 1792 2450; x_wconf 90' lang='lat' dir='ltr'><strong><em>medicatus</em></strong></span> <span class='ocrx_word' id='word_1_332' title='bbox 1841 2398 1933 2449; x_wconf 89' lang='lat' dir='ltr'><strong><em>est</em></strong></span> <span class='ocrx_word' id='word_1_333' title='bbox 1971 2393 2110 2449; x_wconf 88' lang='lat' dir='ltr'><strong><em>huic</em></strong></span> <span class='ocrx_word' id='word_1_334' title='bbox 2220 2392 2321 2463; x_wconf 86' lang='lat' dir='ltr'><strong><em>ris,</em></strong></span> <span class='ocrx_word' id='word_1_335' title='bbox 2352 2396 2579 2448; x_wconf 84' lang='lat' dir='ltr'><strong><em>tantum</em></strong></span> <span class='ocrx_word' id='word_1_336' title='bbox 2611 2399 2669 2448; x_wconf 89' lang='lat' dir='ltr'><strong><em>et</em></strong></span> <span class='ocrx_word' id='word_1_337' title='bbox 2698 2410 3002 2451; x_wconf 89' lang='lat' dir='ltr'><strong><em>messurus</em></strong></span> <span class='ocrx_word' id='word_1_338' title='bbox 3032 2396 3135 2451; x_wconf 91' lang='lat' dir='ltr'><strong><em>sis.</em></strong></span> 
     </span>
    </p>
   </div>
   <div class='ocr_carea' id='block_1_24' title="bbox 524 2553 3874 2628">
    <p class='ocr_par' dir='ltr' id='par_1_24' title="bbox 524 2553 3874 2628">
     <span class='ocr_line' id='line_1_25' title="bbox 524 2553 3874 2628; baseline 0.001 -12"><span class='ocrx_word' id='word_1_339' title='bbox 524 2566 541 2599; x_wconf 77' lang='grc' dir='ltr'><strong><em>ι</em></strong></span> <span class='ocrx_word' id='word_1_340' title='bbox 572 2559 891 2628; x_wconf 89' lang='lat' dir='ltr'><strong><em>Victorius,</em></strong></span> <span class='ocrx_word' id='word_1_341' title='bbox 921 2573 994 2613; x_wconf 64' lang='lat' dir='ltr'><strong><em>ex</em></strong></span> <span class='ocrx_word' id='word_1_342' title='bbox 1020 2557 1260 2628; x_wconf 86' lang='lat' dir='ltr'><strong><em>penuria</em></strong></span> <span class='ocrx_word' id='word_1_343' title='bbox 1289 2556 1595 2628; x_wconf 78' lang='lat' dir='ltr'><strong><em>lignorum,</em></strong></span> <span class='ocrx_word' id='word_1_344' title='bbox 1630 2558 1775 2628; x_wconf 32' lang='lat' dir='ltr'><strong><em>etc.‘</em></strong></span> <span class='ocrx_word' id='word_1_345' title='bbox 1824 2623 1838 2628; x_wconf 93' lang='lat'><em>_</em></span> <span class='ocrx_word' id='word_1_346' title='bbox 2213 2553 2411 2623; x_wconf 75' lang='lat' dir='ltr'><strong><em>fallere</em></strong></span> <span class='ocrx_word' id='word_1_347' title='bbox 2436 2558 2833 2628; x_wconf 67' lang='lat' dir='ltr'><strong><em>cohortantem.</em></strong></span> <span class='ocrx_word' id='word_1_348' title='bbox 2871 2556 2984 2610; x_wconf 91' lang='lat' dir='ltr'><strong><em>Hoc</em></strong></span> <span class='ocrx_word' id='word_1_349' title='bbox 3015 2556 3188 2611; x_wconf 92' lang='lat' dir='ltr'><strong><em>modo</em></strong></span> <span class='ocrx_word' id='word_1_350' title='bbox 3237 2557 3424 2614; x_wconf 88' lang='lat' dir='ltr'><strong><em>multa</em></strong></span> <span class='ocrx_word' id='word_1_351' title='bbox 3452 2560 3699 2616; x_wconf 89' lang='lat' dir='ltr'><strong><em>restituo</em></strong></span> <span class='ocrx_word' id='word_1_352' title='bbox 3730 2562 3874 2619; x_wconf 88' lang='lat' dir='ltr'><strong><em>abs-</em></strong></span> 
     </span>
    </p>
   </div>
   <div class='ocr_carea' id='block_1_25' title="bbox 520 2623 3877 2703">
    <p class='ocr_par' dir='ltr' id='par_1_25' title="bbox 520 2623 3877 2703">
     <span class='ocr_line' id='line_1_26' title="bbox 520 2623 3877 2703; baseline 0.001 -15"><span class='ocrx_word' id='word_1_353' title='bbox 520 2635 543 2669; x_wconf 85' lang='grc'><strong><em>²</em></strong></span> <span class='ocrx_word' id='word_1_354' title='bbox 571 2631 853 2703; x_wconf 84' lang='lat' dir='ltr'><strong><em>Voculam</em></strong></span> <span class='ocrx_word' id='word_1_355' title='bbox 870 2623 965 2685; x_wconf 79' lang='lat' dir='ltr'><strong><em>tua</em></strong></span> <span class='ocrx_word' id='word_1_356' title='bbox 986 2623 1261 2699; x_wconf 83' lang='lat' dir='ltr'><strong><em>ignorant</em></strong></span> <span class='ocrx_word' id='word_1_357' title='bbox 1280 2623 1728 2703; x_wconf 22' lang='lat' dir='ltr'><strong><em>Ci’stercienspet</em></strong></span> <span class='ocrx_word' id='word_1_358' title='bbox 1745 2623 1924 2703; x_wconf 85' lang='lat' dir='ltr'><strong><em>Palat.</em></strong></span> <span class='ocrx_word' id='word_1_359' title='bbox 1955 2639 2100 2680; x_wconf 89' lang='lat' dir='ltr'><strong><em>mss.</em></strong></span> <span class='ocrx_word' id='word_1_360' title='bbox 2214 2625 2535 2703; x_wconf 83' lang='lat' dir='ltr'><strong><em>que_not_is,</em></strong></span> <span class='ocrx_word' id='word_1_361' title='bbox 2567 2627 2707 2696; x_wconf 91' lang='lat' dir='ltr'><strong><em>quia</em></strong></span> <span class='ocrx_word' id='word_1_362' title='bbox 2757 2625 3196 2703; x_wconf 53' lang='lat' dir='ltr'><strong><em>longumuesset</em></strong></span> <span class='ocrx_word' id='word_1_363' title='bbox 3245 2630 3511 2703; x_wconf 88' lang='lat' dir='ltr'><strong><em>singulas</em></strong></span> <span class='ocrx_word' id='word_1_364' title='bbox 3563 2637 3877 2691; x_wconf 79' lang='lat' dir='ltr'><strong><em>contextus</em></strong></span> 
     </span>
    </p>
   </div>
   <div class='ocr_carea' id='block_1_26' title="bbox 519 2695 3179 2767">
    <p class='ocr_par' dir='ltr' id='par_1_26' title="bbox 519 2695 3179 2767">
     <span class='ocr_line' id='line_1_27' title="bbox 519 2695 3179 2767; baseline -0.002 -8"><span class='ocrx_word' id='word_1_365' title='bbox 519 2706 541 2740; x_wconf 82' lang='grc'>³</span> <span class='ocrx_word' id='word_1_366' title='bbox 573 2704 726 2761; x_wconf 85' lang='lat' dir='ltr'><strong><em>Editi</em></strong></span> <span class='ocrx_word' id='word_1_367' title='bbox 754 2702 938 2758; x_wconf 88' lang='lat' dir='ltr'><strong><em>alium</em></strong></span> <span class='ocrx_word' id='word_1_368' title='bbox 986 2695 1230 2756; x_wconf 64' lang='lat' dir='ltr'><strong><em>ssnsum</em></strong></span> <span class='ocrx_word' id='word_1_369' title='bbox 1260 2698 1529 2765; x_wconf 88' lang='lat' dir='ltr'><strong><em>retinent,</em></strong></span> <span class='ocrx_word' id='word_1_370' title='bbox 1562 2696 1803 2763; x_wconf 90' lang='lat' dir='ltr'><strong><em>scilicet,</em></strong></span> <span class='ocrx_word' id='word_1_371' title='bbox 1836 2712 1905 2751; x_wconf 89' lang='lat' dir='ltr'><strong><em>ne</em></strong></span> <span class='ocrx_word' id='word_1_372' title='bbox 1940 2705 2101 2767; x_wconf 87' lang='lat' dir='ltr'><strong><em>putes</em></strong></span> <span class='ocrx_word' id='word_1_373' title='bbox 2212 2695 2609 2752; x_wconf 85' lang='lat' dir='ltr'><strong><em>restitutiones</em></strong></span> <span class='ocrx_word' id='word_1_374' title='bbox 2641 2695 2957 2753; x_wconf 74' lang='lat' dir='ltr'><strong><em>recensere.</em></strong></span> <span class='ocrx_word' id='word_1_375' title='bbox 2992 2699 3179 2754; x_wconf 79' lang='lat' dir='ltr'><strong>MART.</strong></span> 
     </span>
    </p>
   </div>
   <div class='ocr_carea' id='block_1_27' title="bbox 457 2880 3873 2908">
    <p class='ocr_par' dir='ltr' id='par_1_27' title="bbox 457 2880 3873 2908">
     <span class='ocr_line' id='line_1_28' title="bbox 457 2880 3873 2908; baseline 0 -9"><span class='ocrx_word' id='word_1_376' title='bbox 457 2880 3873 2908; x_wconf 47' lang='grc' dir='ltr'>Μ</span> 
     </span>
    </p>
   </div>
   <div class='ocr_carea' id='block_1_28' title="bbox 1643 3019 2668 3112">
    <p class='ocr_par' dir='ltr' id='par_1_28' title="bbox 1643 3019 2668 3112">
     <span class='ocr_line' id='line_1_29' title="bbox 1643 3019 2668 3112; baseline 0.003 -3"><span class='ocrx_word' id='word_1_377' title='bbox 1643 3023 1972 3109; x_wconf 81' lang='lat' dir='ltr'><strong><em>LIBER</em></strong></span> <span class='ocrx_word' id='word_1_378' title='bbox 2032 3019 2668 3112; x_wconf 87' lang='lat' dir='ltr'><strong><em>SECUNDUS.</em></strong></span> 
     </span>
    </p>
   </div>
   <div class='ocr_carea' id='block_1_29' title="bbox 514 3353 3861 3430">
    <p class='ocr_par' dir='ltr' id='par_1_29' title="bbox 514 3353 3861 3430">
     <span class='ocr_line' id='line_1_30' title="bbox 514 3353 3861 3430; baseline 0 -17"><span class='ocrx_word' id='word_1_379' title='bbox 514 3358 609 3414; x_wconf 78' lang='lat'><strong><em>61</em></strong></span> <span class='ocrx_word' id='word_1_380' title='bbox 648 3358 807 3430; x_wconf 90' lang='lat' dir='ltr'><strong><em>(Cap.</em></strong></span> <span class='ocrx_word' id='word_1_381' title='bbox 841 3360 939 3413; x_wconf 83' lang='lat' dir='ltr'><strong><em>XI.</em></strong></span> <span class='ocrx_word' id='word_1_382' title='bbox 971 3386 1039 3396; x_wconf 91' lang='lat'><strong><em>-—</em></strong></span> <span class='ocrx_word' id='word_1_383' title='bbox 1086 3353 1249 3411; x_wconf 88' lang='lat' dir='ltr'><strong><em>Vers.</em></strong></span> <span class='ocrx_word' id='word_1_384' title='bbox 1288 3354 1340 3426; x_wconf 87' lang='grc'><strong>1,</strong></span> <span class='ocrx_word' id='word_1_385' title='bbox 1371 3354 1425 3425; x_wconf 88' lang='grc'>2)</span> <span class='ocrx_word' id='word_1_386' title='bbox 1461 3356 1500 3408; x_wconf 83' lang='grc' dir='ltr'><strong><em>ι.</em></strong></span> <span class='ocrx_word' id='word_1_387' title='bbox 1552 3375 1580 3403; x_wconf 86' lang='grc'><strong><em>‹‹</em></strong></span> <span class='ocrx_word' id='word_1_388' title='bbox 1614 3354 1684 3407; x_wconf 88' lang='lat' dir='ltr'><strong><em>Et</em></strong></span> <span class='ocrx_word' id='word_1_389' title='bbox 1731 3354 1948 3408; x_wconf 87' lang='lat' dir='ltr'><strong><em>factum</em></strong></span> <span class='ocrx_word' id='word_1_390' title='bbox 1998 3356 2160 3422; x_wconf 88' lang='lat' dir='ltr'><strong><em>estC</em></strong></span> <span class='ocrx_word' id='word_1_391' title='bbox 2196 3354 2508 3425; x_wconf 59' lang='lat' dir='ltr'><strong><em>praebuisti)</em></strong></span> <span class='ocrx_word' id='word_1_392' title='bbox 2558 3353 2929 3409; x_wconf 87' lang='lat' dir='ltr'><strong><em>testimonium</em></strong></span> <span class='ocrx_word' id='word_1_393' title='bbox 2956 3353 3025 3408; x_wconf 86' lang='lat' dir='ltr'><strong><em>ad</em></strong></span> <span class='ocrx_word' id='word_1_394' title='bbox 3070 3356 3390 3422; x_wconf 79' lang='lat' dir='ltr'><strong><em>Iordanem,</em></strong></span> <span class='ocrx_word' id='word_1_395' title='bbox 3424 3370 3541 3410; x_wconf 89' lang='lat' dir='ltr'><strong><em>ecce</em></strong></span> <span class='ocrx_word' id='word_1_396' title='bbox 3588 3354 3861 3427; x_wconf 88' lang='lat' dir='ltr'><strong><em>discipuli</em></strong></span> 
     </span>
    </p>
   </div>
   <div class='ocr_carea' id='block_1_30' title="bbox 439 3440 3858 3517">
    <p class='ocr_par' dir='ltr' id='par_1_30' title="bbox 439 3440 3858 3517">
     <span class='ocr_line' id='line_1_31' title="bbox 439 3440 3858 3517; baseline -0 -14"><span class='ocrx_word' id='word_1_397' title='bbox 439 3463 575 3504; x_wconf 90' lang='lat' dir='ltr'><strong><em>cum</em></strong></span> <span class='ocrx_word' id='word_1_398' title='bbox 629 3448 1099 3502; x_wconf 87' lang='lat' dir='ltr'><strong><em>consummasset</em></strong></span> <span class='ocrx_word' id='word_1_399' title='bbox 1143 3444 1337 3509; x_wconf 88' lang='lat' dir='ltr'><strong><em>Jesus,</em></strong></span> <span class='ocrx_word' id='word_1_400' title='bbox 1388 3442 1730 3515; x_wconf 68' lang='lat' dir='ltr'><strong><em>praecipiens</em></strong></span> <span class='ocrx_word' id='word_1_401' title='bbox 1782 3440 2090 3497; x_wconf 89' lang='lat' dir='ltr'><strong><em>duodecim</em></strong></span> <span class='ocrx_word' id='word_1_402' title='bbox 2201 3445 2319 3513; x_wconf 77' lang='lat' dir='ltr'><strong><em>ejus</em></strong></span> <span class='ocrx_word' id='word_1_403' title='bbox 2371 3443 2674 3514; x_wconf 74' lang='lat' dir='ltr'><strong><em>baptimnt,</em></strong></span> <span class='ocrx_word' id='word_1_404' title='bbox 2705 3446 2754 3497; x_wconf 90' lang='lat' dir='ltr'><strong><em>et</em></strong></span> <span class='ocrx_word' id='word_1_405' title='bbox 2803 3458 2993 3499; x_wconf 83' lang='lat' dir='ltr'><strong><em>omnes</em></strong></span> <span class='ocrx_word' id='word_1_406' title='bbox 3043 3444 3065 3476; x_wconf 84' lang='grc'>³</span> <span class='ocrx_word' id='word_1_407' title='bbox 3114 3447 3344 3499; x_wconf 76' lang='lat' dir='ltr'><strong><em>veniunt</em></strong></span> <span class='ocrx_word' id='word_1_408' title='bbox 3390 3442 3460 3498; x_wconf 87' lang='lat' dir='ltr'><strong><em>ad</em></strong></span> <span class='ocrx_word' id='word_1_409' title='bbox 3503 3459 3629 3499; x_wconf 88' lang='lat' dir='ltr'><strong><em>eum</em></strong></span> <span class='ocrx_word' id='word_1_410' title='bbox 3676 3446 3858 3517; x_wconf 87' lang='lat' dir='ltr'><strong><em>(Joan.</em></strong></span> 
     </span>
    </p>
   </div>
   <div class='ocr_carea' id='block_1_31' title="bbox 439 3530 3862 3608">
    <p class='ocr_par' dir='ltr' id='par_1_31' title="bbox 439 3530 3862 3608">
     <span class='ocr_line' id='line_1_32' title="bbox 439 3530 3862 3608; baseline 0 -16"><span class='ocrx_word' id='word_1_411' title='bbox 439 3535 768 3608; x_wconf 90' lang='lat' dir='ltr'><strong><em>discipulis,</em></strong></span> <span class='ocrx_word' id='word_1_412' title='bbox 794 3534 1030 3591; x_wconf 90' lang='lat' dir='ltr'><strong><em>transiit</em></strong></span> <span class='ocrx_word' id='word_1_413' title='bbox 1060 3532 1196 3589; x_wconf 90' lang='lat' dir='ltr'><strong><em>inde</em></strong></span> <span class='ocrx_word' id='word_1_414' title='bbox 1227 3537 1289 3588; x_wconf 92' lang='lat' dir='ltr'><strong><em>ut</em></strong></span> <span class='ocrx_word' id='word_1_415' title='bbox 1319 3532 1550 3587; x_wconf 89' lang='lat' dir='ltr'><strong><em>doceret</em></strong></span> <span class='ocrx_word' id='word_1_416' title='bbox 1579 3535 1635 3585; x_wconf 89' lang='lat' dir='ltr'><strong><em>et</em></strong></span> <span class='ocrx_word' id='word_1_417' title='bbox 1662 3530 1998 3601; x_wconf 69' lang='lat' dir='ltr'><strong><em>prmdicaret</em></strong></span> <span class='ocrx_word' id='word_1_418' title='bbox 2030 3530 2090 3584; x_wconf 89' lang='lat' dir='ltr'><strong><em>in</em></strong></span> <span class='ocrx_word' id='word_1_419' title='bbox 2202 3549 2288 3597; x_wconf 84' lang='grc' dir='ltr'><strong>ιιι,</strong></span> <span class='ocrx_word' id='word_1_420' title='bbox 2322 3532 2435 3602; x_wconf 78' lang='lat'><strong><em>26),</em></strong></span> <span class='ocrx_word' id='word_1_421' title='bbox 2466 3532 2634 3603; x_wconf 87' lang='lat' dir='ltr'><strong><em>quasi</em></strong></span> <span class='ocrx_word' id='word_1_422' title='bbox 2666 3531 2919 3587; x_wconf 84' lang='lat' dir='ltr'><strong><em>dixerint</em></strong></span> <span class='ocrx_word' id='word_1_423' title='bbox 2952 3549 2964 3587; x_wconf 92' lang='lat'>:</span> <span class='ocrx_word' id='word_1_424' title='bbox 2999 3532 3114 3588; x_wconf 92' lang='lat' dir='ltr'><strong><em>Nos</em></strong></span> <span class='ocrx_word' id='word_1_425' title='bbox 3147 3532 3493 3600; x_wconf 89' lang='lat' dir='ltr'><strong><em>deserimur,</em></strong></span> <span class='ocrx_word' id='word_1_426' title='bbox 3520 3532 3614 3588; x_wconf 90' lang='lat' dir='ltr'><strong><em>hic</em></strong></span> <span class='ocrx_word' id='word_1_427' title='bbox 3645 3534 3862 3592; x_wconf 80' lang='lat' dir='ltr'><strong><em>raritas</em></strong></span> 
     </span>
    </p>
   </div>
   <div class='ocr_carea' id='block_1_32' title="bbox 439 3618 3157 3693">
    <p class='ocr_par' dir='ltr' id='par_1_32' title="bbox 439 3618 3157 3693">
     <span class='ocr_line' id='line_1_33' title="bbox 439 3618 3157 3693; baseline -0.003 -12"><span class='ocrx_word' id='word_1_428' title='bbox 439 3624 774 3681; x_wconf 87' lang='lat' dir='ltr'><strong><em>civitatibus</em></strong></span> <span class='ocrx_word' id='word_1_429' title='bbox 796 3639 1020 3679; x_wconf 88' lang='lat' dir='ltr'><strong><em>eorum.</em></strong></span> <span class='ocrx_word' id='word_1_430' title='bbox 1039 3644 1067 3671; x_wconf 88' lang='lat'>»</span> <span class='ocrx_word' id='word_1_431' title='bbox 1091 3622 1219 3679; x_wconf 87' lang='lat' dir='ltr'><strong><em>Non</em></strong></span> <span class='ocrx_word' id='word_1_432' title='bbox 1242 3619 1412 3693; x_wconf 88' lang='lat' dir='ltr'><strong><em>quasi</em></strong></span> <span class='ocrx_word' id='word_1_433' title='bbox 1439 3620 1715 3691; x_wconf 88' lang='lat' dir='ltr'><strong><em>ignorans</em></strong></span> <span class='ocrx_word' id='word_1_434' title='bbox 1733 3618 2086 3688; x_wconf 86' lang='lat' dir='ltr'><strong><em>interrogat;</em></strong></span> <span class='ocrx_word' id='word_1_435' title='bbox 2201 3627 2309 3687; x_wconf 87' lang='lat' dir='ltr'><strong><em>est,</em></strong></span> <span class='ocrx_word' id='word_1_436' title='bbox 2336 3622 2405 3675; x_wconf 87' lang='lat' dir='ltr'><strong><em>ad</em></strong></span> <span class='ocrx_word' id='word_1_437' title='bbox 2442 3620 2609 3675; x_wconf 90' lang='lat' dir='ltr'><strong><em>illum</em></strong></span> <span class='ocrx_word' id='word_1_438' title='bbox 2642 3622 2814 3676; x_wconf 89' lang='lat' dir='ltr'><strong><em>turba</em></strong></span> <span class='ocrx_word' id='word_1_439' title='bbox 2844 3623 3157 3676; x_wconf 88' lang='lat' dir='ltr'><strong><em>concurrit.</em></strong></span> 
     </span>
    </p>
   </div>
   <div class='ocr_carea' id='block_1_33' title="bbox 437 3707 3859 3785">
    <p class='ocr_par' dir='ltr' id='par_1_33' title="bbox 437 3707 3859 3785">
     <span class='ocr_line' id='line_1_34' title="bbox 437 3707 3859 3785; baseline 0 -17"><span class='ocrx_word' id='word_1_440' title='bbox 437 3712 564 3785; x_wconf 83' lang='lat' dir='ltr'><strong><em>ipse</em></strong></span> <span class='ocrx_word' id='word_1_441' title='bbox 619 3711 776 3767; x_wconf 90' lang='lat' dir='ltr'><strong><em>enim</em></strong></span> <span class='ocrx_word' id='word_1_442' title='bbox 825 3709 1045 3765; x_wconf 74' lang='lat' dir='ltr'><strong><em>caeteris</em></strong></span> <span class='ocrx_word' id='word_1_443' title='bbox 1097 3708 1506 3780; x_wconf 85' lang='lat' dir='ltr'><strong><em>ignorantibus</em></strong></span> <span class='ocrx_word' id='word_1_444' title='bbox 1565 3707 2085 3773; x_wconf 84' lang='lat' dir='ltr'><strong><em>demonstraverat,</em></strong></span> <span class='ocrx_word' id='word_1_445' title='bbox 2271 3709 2455 3779; x_wconf 90' lang='lat' dir='ltr'><strong><em>(Vers.</em></strong></span> <span class='ocrx_word' id='word_1_446' title='bbox 2511 3710 2590 3781; x_wconf 89' lang='lat'><strong><em>3.)</em></strong></span> <span class='ocrx_word' id='word_1_447' title='bbox 2630 3732 2657 3759; x_wconf 84' lang='grc'><em>‹‹</em></span> <span class='ocrx_word' id='word_1_448' title='bbox 2710 3710 2796 3763; x_wconf 92' lang='lat' dir='ltr'><strong><em>Tu</em></strong></span> <span class='ocrx_word' id='word_1_449' title='bbox 2843 3726 2905 3764; x_wconf 87' lang='lat' dir='ltr'><strong><em>es</em></strong></span> <span class='ocrx_word' id='word_1_450' title='bbox 2949 3709 3051 3780; x_wconf 89' lang='lat' dir='ltr'><strong><em>qui</em></strong></span> <span class='ocrx_word' id='word_1_451' title='bbox 3098 3714 3378 3764; x_wconf 88' lang='lat' dir='ltr'><strong><em>venturus</em></strong></span> <span class='ocrx_word' id='word_1_452' title='bbox 3410 3726 3492 3772; x_wconf 90' lang='lat' dir='ltr'><strong><em>es,</em></strong></span> <span class='ocrx_word' id='word_1_453' title='bbox 3542 3726 3617 3766; x_wconf 89' lang='lat' dir='ltr'><strong><em>an</em></strong></span> <span class='ocrx_word' id='word_1_454' title='bbox 3669 3711 3859 3770; x_wconf 88' lang='lat' dir='ltr'><strong><em>alium</em></strong></span> 
     </span>
    </p>
   </div>
   <div class='ocr_carea' id='block_1_34' title="bbox 434 3794 3856 3870">
    <p class='ocr_par' dir='ltr' id='par_1_34' title="bbox 434 3794 3856 3870">
     <span class='ocr_line' id='line_1_35' title="bbox 434 3794 3856 3870; baseline 0.001 -15"><span class='ocrx_word' id='word_1_455' title='bbox 434 3799 639 3855; x_wconf 90' lang='lat' dir='ltr'><strong><em>dicens</em></strong></span> <span class='ocrx_word' id='word_1_456' title='bbox 668 3817 681 3855; x_wconf 89' lang='lat'><strong>:</strong></span> <span class='ocrx_word' id='word_1_457' title='bbox 711 3800 840 3854; x_wconf 86' lang='lat' dir='ltr'><strong><em>Ecce</em></strong></span> <span class='ocrx_word' id='word_1_458' title='bbox 860 3800 1043 3867; x_wconf 85' lang='lat' dir='ltr'><strong><em>Agnus</em></strong></span> <span class='ocrx_word' id='word_1_459' title='bbox 1064 3798 1180 3863; x_wconf 87' lang='lat' dir='ltr'><strong><em>Dei,</em></strong></span> <span class='ocrx_word' id='word_1_460' title='bbox 1203 3812 1320 3852; x_wconf 84' lang='lat' dir='ltr'><strong><em>ecce</em></strong></span> <span class='ocrx_word' id='word_1_461' title='bbox 1344 3798 1442 3866; x_wconf 89' lang='lat' dir='ltr'><strong><em>qui</em></strong></span> <span class='ocrx_word' id='word_1_462' title='bbox 1472 3796 1615 3850; x_wconf 86' lang='lat' dir='ltr'><strong><em>tollit</em></strong></span> <span class='ocrx_word' id='word_1_463' title='bbox 1634 3798 1854 3865; x_wconf 88' lang='lat' dir='ltr'><strong><em>peccata</em></strong></span> <span class='ocrx_word' id='word_1_464' title='bbox 1883 3794 2090 3848; x_wconf 85' lang='lat' dir='ltr'><strong><em>mundi</em></strong></span> <span class='ocrx_word' id='word_1_465' title='bbox 2199 3802 2603 3868; x_wconf 83' lang='lat' dir='ltr'><strong><em>exspectamus</em></strong></span> <span class='ocrx_word' id='word_1_466' title='bbox 2627 3798 2655 3851; x_wconf 86' lang='lat'><strong>?</strong></span> <span class='ocrx_word' id='word_1_467' title='bbox 2698 3818 2720 3847; x_wconf 75' lang='grc' dir='ltr'>ι</span> <span class='ocrx_word' id='word_1_468' title='bbox 2772 3796 2897 3852; x_wconf 85' lang='lat' dir='ltr'><strong><em>Non</em></strong></span> <span class='ocrx_word' id='word_1_469' title='bbox 2947 3797 3047 3865; x_wconf 87' lang='lat' dir='ltr'><strong><em>ait,</em></strong></span> <span class='ocrx_word' id='word_1_470' title='bbox 3079 3801 3140 3852; x_wconf 92' lang='lat' dir='ltr'><strong><em>tu</em></strong></span> <span class='ocrx_word' id='word_1_471' title='bbox 3191 3814 3253 3853; x_wconf 90' lang='lat' dir='ltr'><strong><em>es</em></strong></span> <span class='ocrx_word' id='word_1_472' title='bbox 3301 3799 3400 3869; x_wconf 92' lang='lat' dir='ltr'><strong><em>qui</em></strong></span> <span class='ocrx_word' id='word_1_473' title='bbox 3444 3799 3676 3869; x_wconf 88' lang='lat' dir='ltr'><strong><em>venisti,</em></strong></span> <span class='ocrx_word' id='word_1_474' title='bbox 3725 3802 3856 3870; x_wconf 87' lang='lat' dir='ltr'><strong><em>sed,</em></strong></span> 
     </span>
    </p>
   </div>
   <div class='ocr_carea' id='block_1_35' title="bbox 432 3882 3854 3960">
    <p class='ocr_par' dir='ltr' id='par_1_35' title="bbox 432 3882 3854 3960">
     <span class='ocr_line' id='line_1_36' title="bbox 432 3882 3854 3960; baseline -0 -15"><span class='ocrx_word' id='word_1_475' title='bbox 432 3890 610 3958; x_wconf 85' lang='lat' dir='ltr'><strong><em>(Joan.</em></strong></span> <span class='ocrx_word' id='word_1_476' title='bbox 637 3905 676 3960; x_wconf 84' lang='lat'><strong><em>1,</em></strong></span> <span class='ocrx_word' id='word_1_477' title='bbox 698 3887 790 3959; x_wconf 80' lang='lat'><strong><em>29)</em></strong></span> <span class='ocrx_word' id='word_1_478' title='bbox 826 3904 838 3943; x_wconf 90' lang='lat'><strong>:</strong></span> <span class='ocrx_word' id='word_1_479' title='bbox 871 3892 928 3943; x_wconf 90' lang='lat' dir='ltr'><strong><em>et</em></strong></span> <span class='ocrx_word' id='word_1_480' title='bbox 951 3886 1134 3943; x_wconf 84' lang='lat' dir='ltr'><strong><em>Patris</em></strong></span> <span class='ocrx_word' id='word_1_481' title='bbox 1162 3900 1361 3940; x_wconf 89' lang='lat' dir='ltr'><strong><em>vocem</em></strong></span> <span class='ocrx_word' id='word_1_482' title='bbox 1394 3884 1677 3953; x_wconf 88' lang='lat' dir='ltr'><strong><em>audierat,</em></strong></span> <span class='ocrx_word' id='word_1_483' title='bbox 1709 3882 2035 3937; x_wconf 88' lang='lat' dir='ltr'><strong><em>intonantis</em></strong></span> <span class='ocrx_word' id='word_1_484' title='bbox 2071 3899 2084 3938; x_wconf 92' lang='lat'><strong>:</strong></span> <span class='ocrx_word' id='word_1_485' title='bbox 2197 3893 2254 3941; x_wconf 89' lang='lat' dir='ltr'><strong><em>tu</em></strong></span> <span class='ocrx_word' id='word_1_486' title='bbox 2282 3902 2335 3940; x_wconf 91' lang='lat' dir='ltr'><strong><em>es</em></strong></span> <span class='ocrx_word' id='word_1_487' title='bbox 2368 3888 2462 3956; x_wconf 86' lang='lat' dir='ltr'><strong><em>qui</em></strong></span> <span class='ocrx_word' id='word_1_488' title='bbox 2500 3889 2763 3941; x_wconf 88' lang='lat' dir='ltr'><strong><em>venturus</em></strong></span> <span class='ocrx_word' id='word_1_489' title='bbox 2792 3900 2866 3940; x_wconf 88' lang='lat' dir='ltr'><strong><em>es.</em></strong></span> <span class='ocrx_word' id='word_1_490' title='bbox 2901 3886 2969 3940; x_wconf 84' lang='lat' dir='ltr'><strong><em>Et</em></strong></span> <span class='ocrx_word' id='word_1_491' title='bbox 3015 3890 3105 3941; x_wconf 87' lang='lat' dir='ltr'><strong><em>est</em></strong></span> <span class='ocrx_word' id='word_1_492' title='bbox 3152 3902 3363 3943; x_wconf 87' lang='lat' dir='ltr'><strong><em>sensus</em></strong></span> <span class='ocrx_word' id='word_1_493' title='bbox 3396 3905 3409 3943; x_wconf 88' lang='lat'><strong>:</strong></span> <span class='ocrx_word' id='word_1_494' title='bbox 3437 3888 3646 3944; x_wconf 84' lang='lat' dir='ltr'><strong><em>Manda</em></strong></span> <span class='ocrx_word' id='word_1_495' title='bbox 3678 3889 3854 3960; x_wconf 89' lang='lat' dir='ltr'><strong><em>mihi,</em></strong></span> 
     </span>
    </p>
   </div>
   <div class='ocr_carea' id='block_1_36' title="bbox 428 3971 3853 4045">
    <p class='ocr_par' dir='ltr' id='par_1_36' title="bbox 428 3971 3853 4045">
     <span class='ocr_line' id='line_1_37' title="bbox 428 3971 3853 4045; baseline 0 -12"><span class='ocrx_word' id='word_1_496' title='bbox 428 3979 532 4033; x_wconf 89' lang='lat' dir='ltr'><strong><em>Hic</em></strong></span> <span class='ocrx_word' id='word_1_497' title='bbox 559 3986 634 4034; x_wconf 88' lang='lat' dir='ltr'><strong><em>est</em></strong></span> <span class='ocrx_word' id='word_1_498' title='bbox 665 3978 847 4035; x_wconf 80' lang='lat' dir='ltr'><strong><em>Filius</em></strong></span> <span class='ocrx_word' id='word_1_499' title='bbox 891 3992 1043 4031; x_wconf 88' lang='lat' dir='ltr'><strong><em>meus</em></strong></span> <span class='ocrx_word' id='word_1_500' title='bbox 1090 3974 1336 4043; x_wconf 86' lang='lat' dir='ltr'><strong><em>dilectus,</em></strong></span> <span class='ocrx_word' id='word_1_501' title='bbox 1369 3974 1429 4028; x_wconf 85' lang='lat' dir='ltr'><strong><em>in</em></strong></span> <span class='ocrx_word' id='word_1_502' title='bbox 1457 3988 1560 4044; x_wconf 88' lang='lat' dir='ltr'><strong><em>quo</em></strong></span> <span class='ocrx_word' id='word_1_503' title='bbox 1607 3971 1749 4027; x_wconf 86' lang='lat' dir='ltr'><strong><em>mihi</em></strong></span> <span class='ocrx_word' id='word_1_504' title='bbox 1777 3971 2086 4042; x_wconf 85' lang='lat' dir='ltr'><strong><em>complacui</em></strong></span> <span class='ocrx_word' id='word_1_505' title='bbox 2197 3974 2336 4045; x_wconf 88' lang='lat' dir='ltr'><strong><em>quia</em></strong></span> <span class='ocrx_word' id='word_1_506' title='bbox 2364 3976 2435 4029; x_wconf 90' lang='lat' dir='ltr'><strong><em>ad</em></strong></span> <span class='ocrx_word' id='word_1_507' title='bbox 2469 3974 2697 4029; x_wconf 82' lang='lat' dir='ltr'><strong><em>inferna</em></strong></span> <span class='ocrx_word' id='word_1_508' title='bbox 2724 3974 3113 4030; x_wconf 88' lang='lat' dir='ltr'><strong><em>descensurus</em></strong></span> <span class='ocrx_word' id='word_1_509' title='bbox 3162 3992 3317 4044; x_wconf 90' lang='lat' dir='ltr'><strong><em>sum,</em></strong></span> <span class='ocrx_word' id='word_1_510' title='bbox 3351 3981 3550 4032; x_wconf 90' lang='lat' dir='ltr'><strong><em>utrum</em></strong></span> <span class='ocrx_word' id='word_1_511' title='bbox 3583 3982 3638 4033; x_wconf 88' lang='lat' dir='ltr'><strong><em>te</em></strong></span> <span class='ocrx_word' id='word_1_512' title='bbox 3671 3982 3727 4032; x_wconf 91' lang='lat' dir='ltr'><strong><em>et</em></strong></span> <span class='ocrx_word' id='word_1_513' title='bbox 3756 3977 3853 4033; x_wconf 89' lang='lat' dir='ltr'><strong><em>in-</em></strong></span> 
     </span>
    </p>
   </div>
   <div class='ocr_carea' id='block_1_37' title="bbox 429 4059 3851 4139">
    <p class='ocr_par' dir='ltr' id='par_1_37' title="bbox 429 4059 3851 4139">
     <span class='ocr_line' id='line_1_38' title="bbox 429 4059 3851 4139; baseline 0.001 -17"><span class='ocrx_word' id='word_1_514' title='bbox 429 4066 640 4139; x_wconf 81' lang='lat' dir='ltr'><strong><em>(Matth.</em></strong></span> <span class='ocrx_word' id='word_1_515' title='bbox 676 4083 759 4134; x_wconf 82' lang='grc' dir='ltr'><strong>ιιι,</strong></span> <span class='ocrx_word' id='word_1_516' title='bbox 803 4066 882 4137; x_wconf 71' lang='grc' dir='ltr'><strong><em>ῖ7)</em></strong></span> <span class='ocrx_word' id='word_1_517' title='bbox 916 4082 929 4119; x_wconf 93' lang='lat'>:</span> <span class='ocrx_word' id='word_1_518' title='bbox 964 4064 1065 4120; x_wconf 87' lang='lat' dir='ltr'><strong><em>sed</em></strong></span> <span class='ocrx_word' id='word_1_519' title='bbox 1110 4063 1401 4136; x_wconf 90' lang='lat' dir='ltr'><strong><em>quomodo</em></strong></span> <span class='ocrx_word' id='word_1_520' title='bbox 1433 4060 1702 4118; x_wconf 88' lang='lat' dir='ltr'><strong><em>Salvator</em></strong></span> <span class='ocrx_word' id='word_1_521' title='bbox 1739 4059 2080 4131; x_wconf 87' lang='lat' dir='ltr'><strong><em>interrogat,</em></strong></span> <span class='ocrx_word' id='word_1_522' title='bbox 2196 4062 2333 4118; x_wconf 90' lang='lat' dir='ltr'><strong><em>feris</em></strong></span> <span class='ocrx_word' id='word_1_523' title='bbox 2380 4064 2624 4119; x_wconf 85' lang='lat' dir='ltr'><strong><em>debeam</em></strong></span> <span class='ocrx_word' id='word_1_524' title='bbox 2676 4064 2967 4131; x_wconf 89' lang='lat' dir='ltr'><strong><em>nuntiare,</em></strong></span> <span class='ocrx_word' id='word_1_525' title='bbox 3002 4063 3101 4135; x_wconf 90' lang='lat' dir='ltr'><strong><em>qui</em></strong></span> <span class='ocrx_word' id='word_1_526' title='bbox 3145 4064 3401 4120; x_wconf 90' lang='lat' dir='ltr'><strong><em>nuntiari</em></strong></span> <span class='ocrx_word' id='word_1_527' title='bbox 3449 4064 3727 4137; x_wconf 83' lang='lat' dir='ltr'><strong><em>superis?</em></strong></span> <span class='ocrx_word' id='word_1_528' title='bbox 3756 4068 3851 4124; x_wconf 85' lang='lat' dir='ltr'><strong><em>An</em></strong></span> 
     </span>
    </p>
   </div>
   <div class='ocr_carea' id='block_1_38' title="bbox 435 4148 3850 4225">
    <p class='ocr_par' dir='ltr' id='par_1_38' title="bbox 435 4148 3850 4225">
     <span class='ocr_line' id='line_1_39' title="bbox 435 4148 3850 4225; baseline 0 -14"><span class='ocrx_word' id='word_1_529' title='bbox 435 4161 500 4211; x_wconf 90' lang='lat' dir='ltr'><strong><em>ut</em></strong></span> <span class='ocrx_word' id='word_1_530' title='bbox 531 4154 608 4210; x_wconf 90' lang='lat' dir='ltr'><strong><em>sit</em></strong></span> <span class='ocrx_word' id='word_1_531' title='bbox 637 4154 864 4220; x_wconf 88' lang='lat' dir='ltr'><strong><em>positus</em></strong></span> <span class='ocrx_word' id='word_1_532' title='bbox 895 4159 1143 4210; x_wconf 86' lang='lat' dir='ltr'><strong><em>Lazarus</em></strong></span> <span class='ocrx_word' id='word_1_533' title='bbox 1182 4153 1360 4225; x_wconf 88' lang='lat' dir='ltr'><strong><em>(Joan.</em></strong></span> <span class='ocrx_word' id='word_1_534' title='bbox 1403 4168 1482 4217; x_wconf 79' lang='lat' dir='ltr'><strong><em>x1,</em></strong></span> <span class='ocrx_word' id='word_1_535' title='bbox 1514 4151 1627 4221; x_wconf 77' lang='grc'><strong><em>34),</em></strong></span> <span class='ocrx_word' id='word_1_536' title='bbox 1663 4153 1727 4205; x_wconf 91' lang='lat' dir='ltr'><strong><em>ut</em></strong></span> <span class='ocrx_word' id='word_1_537' title='bbox 1757 4150 1857 4221; x_wconf 87' lang='lat' dir='ltr'><strong><em>qui</em></strong></span> <span class='ocrx_word' id='word_1_538' title='bbox 1889 4148 2081 4205; x_wconf 90' lang='lat' dir='ltr'><strong><em>locum</em></strong></span> <span class='ocrx_word' id='word_1_539' title='bbox 2193 4168 2307 4208; x_wconf 91' lang='lat' dir='ltr'><strong><em>non</em></strong></span> <span class='ocrx_word' id='word_1_540' title='bbox 2341 4153 2646 4208; x_wconf 90' lang='lat' dir='ltr'><strong><em>conveniat</em></strong></span> <span class='ocrx_word' id='word_1_541' title='bbox 2668 4152 2808 4208; x_wconf 90' lang='lat' dir='ltr'><strong><em>Filio</em></strong></span> <span class='ocrx_word' id='word_1_542' title='bbox 2840 4152 2962 4221; x_wconf 89' lang='lat' dir='ltr'><strong><em>Dei,</em></strong></span> <span class='ocrx_word' id='word_1_543' title='bbox 2984 4157 3048 4208; x_wconf 91' lang='lat' dir='ltr'><strong><em>ut</em></strong></span> <span class='ocrx_word' id='word_1_544' title='bbox 3068 4157 3264 4224; x_wconf 88' lang='lat' dir='ltr'><strong><em>gustet</em></strong></span> <span class='ocrx_word' id='word_1_545' title='bbox 3285 4158 3631 4223; x_wconf 88' lang='lat' dir='ltr'><strong><em>mortem,et</em></strong></span> <span class='ocrx_word' id='word_1_546' title='bbox 3658 4153 3850 4213; x_wconf 86' lang='lat' dir='ltr'><strong><em>alium</em></strong></span> 
     </span>
    </p>
   </div>
   <div class='ocr_carea' id='block_1_39' title="bbox 429 4236 3276 4317">
    <p class='ocr_par' dir='ltr' id='par_1_39' title="bbox 429 4236 3276 4317">
     <span class='ocr_line' id='line_1_40' title="bbox 429 4236 3276 4317; baseline -0.001 -18"><span class='ocrx_word' id='word_1_547' title='bbox 429 4244 682 4317; x_wconf 89' lang='lat' dir='ltr'><strong><em>sepulcri</em></strong></span> <span class='ocrx_word' id='word_1_548' title='bbox 706 4244 1059 4310; x_wconf 88' lang='lat' dir='ltr'><strong><em>indicabant,</em></strong></span> <span class='ocrx_word' id='word_1_549' title='bbox 1081 4242 1289 4298; x_wconf 88' lang='lat' dir='ltr'><strong><em>saltem</em></strong></span> <span class='ocrx_word' id='word_1_550' title='bbox 1311 4240 1394 4297; x_wconf 91' lang='lat' dir='ltr'><strong><em>sic</em></strong></span> <span class='ocrx_word' id='word_1_551' title='bbox 1417 4244 1764 4311; x_wconf 88' lang='lat' dir='ltr'><strong><em>pararentur</em></strong></span> <span class='ocrx_word' id='word_1_552' title='bbox 1789 4239 1857 4292; x_wconf 91' lang='lat' dir='ltr'><strong><em>ad</em></strong></span> <span class='ocrx_word' id='word_1_553' title='bbox 1885 4236 2078 4307; x_wconf 62' lang='lat' dir='ltr'><strong><em>fidem,</em></strong></span> <span class='ocrx_word' id='word_1_554' title='bbox 2192 4240 2262 4295; x_wconf 90' lang='lat' dir='ltr'><strong><em>ad</em></strong></span> <span class='ocrx_word' id='word_1_555' title='bbox 2295 4241 2413 4295; x_wconf 57' lang='lat' dir='ltr'><strong><em>haec</em></strong></span> <span class='ocrx_word' id='word_1_556' title='bbox 2444 4247 2814 4296; x_wconf 90' lang='lat' dir='ltr'><strong><em>sacramenta</em></strong></span> <span class='ocrx_word' id='word_1_557' title='bbox 2843 4243 3138 4297; x_wconf 88' lang='lat' dir='ltr'><strong><em>missurus</em></strong></span> <span class='ocrx_word' id='word_1_558' title='bbox 3167 4256 3230 4296; x_wconf 90' lang='lat' dir='ltr'><strong><em>es</em></strong></span> <span class='ocrx_word' id='word_1_559' title='bbox 3249 4242 3276 4296; x_wconf 75' lang='lat' dir='ltr'><strong><em>‘I</em></strong></span> 
     </span>
    </p>
   </div>
   <div class='ocr_carea' id='block_1_40' title="bbox 425 4327 3845 4404">
    <p class='ocr_par' dir='ltr' id='par_1_40' title="bbox 425 4327 3845 4404">
     <span class='ocr_line' id='line_1_41' title="bbox 425 4327 3845 4404; baseline 0 -14"><span class='ocrx_word' id='word_1_560' title='bbox 425 4337 484 4390; x_wconf 90' lang='lat' dir='ltr'><strong><em>et</em></strong></span> <span class='ocrx_word' id='word_1_561' title='bbox 511 4334 776 4390; x_wconf 90' lang='lat' dir='ltr'><strong><em>viderent</em></strong></span> <span class='ocrx_word' id='word_1_562' title='bbox 816 4337 1109 4388; x_wconf 88' lang='lat' dir='ltr'><strong><em>mortuum</em></strong></span> <span class='ocrx_word' id='word_1_563' title='bbox 1142 4333 1543 4401; x_wconf 85' lang='lat' dir='ltr'><strong><em>resurgentem</em></strong></span> <span class='ocrx_word' id='word_1_564' title='bbox 1579 4345 1591 4383; x_wconf 94' lang='lat'>:</span> <span class='ocrx_word' id='word_1_565' title='bbox 1628 4328 1709 4383; x_wconf 88' lang='lat' dir='ltr'><strong><em>sic</em></strong></span> <span class='ocrx_word' id='word_1_566' title='bbox 1742 4332 1797 4382; x_wconf 89' lang='lat' dir='ltr'><strong><em>et</em></strong></span> <span class='ocrx_word' id='word_1_567' title='bbox 1827 4327 2080 4385; x_wconf 87' lang='lat' dir='ltr'><strong><em>Joannes</em></strong></span> <span class='ocrx_word' id='word_1_568' title='bbox 2262 4329 2450 4401; x_wconf 90' lang='lat' dir='ltr'><strong><em>(Vers.</em></strong></span> <span class='ocrx_word' id='word_1_569' title='bbox 2486 4331 2537 4397; x_wconf 80' lang='grc'><strong>4,</strong></span> <span class='ocrx_word' id='word_1_570' title='bbox 2587 4331 2666 4401; x_wconf 87' lang='grc'><strong><em>5.)</em></strong></span> <span class='ocrx_word' id='word_1_571' title='bbox 2718 4352 2745 4379; x_wconf 88' lang='grc'><strong><em>‹‹</em></strong></span> <span class='ocrx_word' id='word_1_572' title='bbox 2796 4331 2866 4384; x_wconf 89' lang='lat' dir='ltr'><strong><em>Et</em></strong></span> <span class='ocrx_word' id='word_1_573' title='bbox 2912 4330 3275 4401; x_wconf 89' lang='lat' dir='ltr'><strong><em>respondens</em></strong></span> <span class='ocrx_word' id='word_1_574' title='bbox 3318 4331 3510 4404; x_wconf 87' lang='lat' dir='ltr'><strong><em>Jesus,</em></strong></span> <span class='ocrx_word' id='word_1_575' title='bbox 3544 4332 3625 4388; x_wconf 89' lang='lat' dir='ltr'><strong><em>ait</em></strong></span> <span class='ocrx_word' id='word_1_576' title='bbox 3676 4331 3793 4389; x_wconf 91' lang='lat' dir='ltr'><strong><em>illis</em></strong></span> <span class='ocrx_word' id='word_1_577' title='bbox 3829 4351 3845 4390; x_wconf 89' lang='lat'><strong>:</strong></span> 
     </span>
    </p>
   </div>
   <div class='ocr_carea' id='block_1_41' title="bbox 424 4416 3852 4491">
    <p class='ocr_par' dir='ltr' id='par_1_41' title="bbox 424 4416 3852 4491">
     <span class='ocr_line' id='line_1_42' title="bbox 424 4416 3852 4491; baseline 0.001 -16"><span class='ocrx_word' id='word_1_578' title='bbox 424 4421 864 4477; x_wconf 80' lang='lat' dir='ltr'><strong><em>interﬁciendus</em></strong></span> <span class='ocrx_word' id='word_1_579' title='bbox 897 4422 969 4475; x_wconf 89' lang='lat' dir='ltr'><strong><em>ab</em></strong></span> <span class='ocrx_word' id='word_1_580' title='bbox 1000 4420 1244 4488; x_wconf 84' lang='lat' dir='ltr'><strong><em>Herode,</em></strong></span> <span class='ocrx_word' id='word_1_581' title='bbox 1269 4416 1593 4488; x_wconf 90' lang='lat' dir='ltr'><strong><em>discipulos</em></strong></span> <span class='ocrx_word' id='word_1_582' title='bbox 1625 4433 1763 4472; x_wconf 90' lang='lat' dir='ltr'><strong><em>suos</em></strong></span> <span class='ocrx_word' id='word_1_583' title='bbox 1797 4416 1977 4472; x_wconf 84' lang='lat' dir='ltr'><strong><em>mittit</em></strong></span> <span class='ocrx_word' id='word_1_584' title='bbox 2005 4418 2078 4472; x_wconf 90' lang='lat' dir='ltr'><strong><em>ad</em></strong></span> <span class='ocrx_word' id='word_1_585' title='bbox 2190 4418 2405 4473; x_wconf 89' lang='lat' dir='ltr'><strong><em>Euntes</em></strong></span> <span class='ocrx_word' id='word_1_586' title='bbox 2437 4418 2537 4472; x_wconf 78' lang='lat'><strong><em>68</em></strong></span> <span class='ocrx_word' id='word_1_587' title='bbox 2572 4417 2905 4472; x_wconf 87' lang='lat' dir='ltr'><strong><em>renuntiate</em></strong></span> <span class='ocrx_word' id='word_1_588' title='bbox 2934 4417 3146 4473; x_wconf 87' lang='lat' dir='ltr'><strong><em>Joanni</em></strong></span> <span class='ocrx_word' id='word_1_589' title='bbox 3178 4434 3305 4491; x_wconf 82' lang='lat' dir='ltr'><strong><em>quae</em></strong></span> <span class='ocrx_word' id='word_1_590' title='bbox 3336 4421 3587 4476; x_wconf 91' lang='lat' dir='ltr'><strong><em>audistis</em></strong></span> <span class='ocrx_word' id='word_1_591' title='bbox 3618 4425 3676 4476; x_wconf 90' lang='lat' dir='ltr'><strong><em>et</em></strong></span> <span class='ocrx_word' id='word_1_592' title='bbox 3704 4420 3852 4477; x_wconf 90' lang='lat' dir='ltr'><strong><em>vidi-</em></strong></span> 
     </span>
    </p>
   </div>
   <div class='ocr_carea' id='block_1_42' title="bbox 422 4504 3848 4582">
    <p class='ocr_par' dir='ltr' id='par_1_42' title="bbox 422 4504 3848 4582">
     <span class='ocr_line' id='line_1_43' title="bbox 422 4504 3848 4582; baseline 0 -18"><span class='ocrx_word' id='word_1_593' title='bbox 422 4508 743 4574; x_wconf 87' lang='lat' dir='ltr'><strong><em>Christum,</em></strong></span> <span class='ocrx_word' id='word_1_594' title='bbox 779 4514 842 4563; x_wconf 91' lang='lat' dir='ltr'><strong><em>ut</em></strong></span> <span class='ocrx_word' id='word_1_595' title='bbox 873 4525 975 4580; x_wconf 87' lang='lat' dir='ltr'><strong><em>per</em></strong></span> <span class='ocrx_word' id='word_1_596' title='bbox 1018 4508 1171 4563; x_wconf 91' lang='lat' dir='ltr'><strong><em>hanc</em></strong></span> <span class='ocrx_word' id='word_1_597' title='bbox 1202 4506 1570 4563; x_wconf 89' lang='lat' dir='ltr'><strong><em>occasionem</em></strong></span> <span class='ocrx_word' id='word_1_598' title='bbox 1602 4505 1861 4561; x_wconf 90' lang='lat' dir='ltr'><strong><em>videntes</em></strong></span> <span class='ocrx_word' id='word_1_599' title='bbox 1909 4507 2080 4578; x_wconf 85' lang='lat' dir='ltr'><strong><em>signa</em></strong></span> <span class='ocrx_word' id='word_1_600' title='bbox 2188 4507 2315 4562; x_wconf 88' lang='lat' dir='ltr'><strong><em>stis.</em></strong></span> <span class='ocrx_word' id='word_1_601' title='bbox 2351 4506 2494 4561; x_wconf 67' lang='lat' dir='ltr'><strong><em>Caeci</em></strong></span> <span class='ocrx_word' id='word_1_602' title='bbox 2542 4507 2764 4573; x_wconf 89' lang='lat' dir='ltr'><strong><em>vident,</em></strong></span> <span class='ocrx_word' id='word_1_603' title='bbox 2798 4504 2991 4560; x_wconf 91' lang='lat' dir='ltr'><strong><em>claudi</em></strong></span> <span class='ocrx_word' id='word_1_604' title='bbox 3040 4506 3370 4575; x_wconf 88' lang='lat' dir='ltr'><strong><em>ambulant,</em></strong></span> <span class='ocrx_word' id='word_1_605' title='bbox 3404 4508 3618 4582; x_wconf 91' lang='lat' dir='ltr'><strong><em>leprosi</em></strong></span> <span class='ocrx_word' id='word_1_606' title='bbox 3667 4526 3848 4566; x_wconf 87' lang='lat' dir='ltr'><strong><em>mun-</em></strong></span> 
     </span>
    </p>
   </div>
   <div class='ocr_carea' id='block_1_43' title="bbox 427 4594 3848 4670">
    <p class='ocr_par' dir='ltr' id='par_1_43' title="bbox 427 4594 3848 4670">
     <span class='ocr_line' id='line_1_44' title="bbox 427 4594 3848 4670; baseline 0.001 -18"><span class='ocrx_word' id='word_1_607' title='bbox 427 4600 603 4668; x_wconf 90' lang='lat' dir='ltr'><strong><em>atque</em></strong></span> <span class='ocrx_word' id='word_1_608' title='bbox 642 4597 913 4662; x_wconf 89' lang='lat' dir='ltr'><strong><em>virtutes,</em></strong></span> <span class='ocrx_word' id='word_1_609' title='bbox 945 4596 1253 4669; x_wconf 79' lang='lat' dir='ltr'><strong><em>crederent</em></strong></span> <span class='ocrx_word' id='word_1_610' title='bbox 1297 4594 1356 4649; x_wconf 91' lang='lat' dir='ltr'><strong><em>in</em></strong></span> <span class='ocrx_word' id='word_1_611' title='bbox 1388 4611 1546 4659; x_wconf 91' lang='lat' dir='ltr'><strong><em>eum,</em></strong></span> <span class='ocrx_word' id='word_1_612' title='bbox 1577 4598 1634 4649; x_wconf 91' lang='lat' dir='ltr'><strong><em>et</em></strong></span> <span class='ocrx_word' id='word_1_613' title='bbox 1682 4594 1957 4668; x_wconf 88' lang='lat' dir='ltr'><strong><em>magistro</em></strong></span> <span class='ocrx_word' id='word_1_614' title='bbox 1988 4595 2076 4650; x_wconf 90' lang='lat' dir='ltr'><strong><em>in-</em></strong></span> <span class='ocrx_word' id='word_1_615' title='bbox 2187 4596 2423 4663; x_wconf 91' lang='lat' dir='ltr'><strong><em>dantur,</em></strong></span> <span class='ocrx_word' id='word_1_616' title='bbox 2458 4595 2621 4651; x_wconf 89' lang='lat' dir='ltr'><strong><em>surdi</em></strong></span> <span class='ocrx_word' id='word_1_617' title='bbox 2672 4595 2941 4660; x_wconf 89' lang='lat' dir='ltr'><strong><em>audiunt,</em></strong></span> <span class='ocrx_word' id='word_1_618' title='bbox 2976 4596 3191 4650; x_wconf 90' lang='lat' dir='ltr'><strong><em>mortui</em></strong></span> <span class='ocrx_word' id='word_1_619' title='bbox 3242 4604 3575 4670; x_wconf 88' lang='lat' dir='ltr'><strong><em>resurgunt.</em></strong></span> <span class='ocrx_word' id='word_1_620' title='bbox 3610 4621 3639 4647; x_wconf 85' lang='grc'><strong>››</strong></span> <span class='ocrx_word' id='word_1_621' title='bbox 3667 4599 3848 4656; x_wconf 85' lang='lat' dir='ltr'><strong><em>Joan-</em></strong></span> 
     </span>
    </p>
   </div>
   <div class='ocr_carea' id='block_1_44' title="bbox 423 4680 3844 4793">
    <p class='ocr_par' dir='ltr' id='par_1_44' title="bbox 423 4680 3844 4793">
     <span class='ocr_line' id='line_1_45' title="bbox 423 4680 3844 4793; baseline 0.001 -54"><span class='ocrx_word' id='word_1_622' title='bbox 423 4688 782 4757; x_wconf 85' lang='lat' dir='ltr'><strong><em>terrogante.</em></strong></span> <span class='ocrx_word' id='word_1_623' title='bbox 811 4683 924 4740; x_wconf 89' lang='lat' dir='ltr'><strong><em>sibi</em></strong></span> <span class='ocrx_word' id='word_1_624' title='bbox 955 4680 1445 4745; x_wconf 88' lang='lat' dir='ltr'><strong><em>discerent.Quod</em></strong></span> <span class='ocrx_word' id='word_1_625' title='bbox 1479 4686 1673 4737; x_wconf 90' lang='lat' dir='ltr'><strong><em>autem</em></strong></span> <span class='ocrx_word' id='word_1_626' title='bbox 1706 4684 2077 4755; x_wconf 89' lang='lat' dir='ltr'><strong><em>superbirent</em></strong></span> <span class='ocrx_word' id='word_1_627' title='bbox 2107 4729 2155 4793; x_wconf 70' lang='grc' dir='ltr'><strong>Β</strong></span> <span class='ocrx_word' id='word_1_628' title='bbox 2187 4699 2291 4739; x_wconf 86' lang='lat' dir='ltr'><strong><em>nes</em></strong></span> <span class='ocrx_word' id='word_1_629' title='bbox 2336 4684 2793 4755; x_wconf 89' lang='lat' dir='ltr'><strong><em>interrogaverat</em></strong></span> <span class='ocrx_word' id='word_1_630' title='bbox 2824 4698 2926 4754; x_wconf 88' lang='lat' dir='ltr'><strong><em>per</em></strong></span> <span class='ocrx_word' id='word_1_631' title='bbox 2972 4684 3293 4757; x_wconf 90' lang='lat' dir='ltr'><strong><em>discipulos</em></strong></span> <span class='ocrx_word' id='word_1_632' title='bbox 3328 4703 3340 4741; x_wconf 91' lang='lat'>:</span> <span class='ocrx_word' id='word_1_633' title='bbox 3377 4688 3447 4741; x_wconf 88' lang='lat' dir='ltr'><strong><em>Tu</em></strong></span> <span class='ocrx_word' id='word_1_634' title='bbox 3476 4703 3533 4742; x_wconf 88' lang='lat' dir='ltr'><strong><em>es</em></strong></span> <span class='ocrx_word' id='word_1_635' title='bbox 3580 4689 3676 4759; x_wconf 87' lang='lat' dir='ltr'><strong><em>qui</em></strong></span> <span class='ocrx_word' id='word_1_636' title='bbox 3704 4704 3844 4743; x_wconf 82' lang='lat' dir='ltr'><strong><em>ven-</em></strong></span> 
     </span>
     <span class='ocr_line' id='line_1_46' title="bbox 433 4770 3795 4793; baseline 0 0"><span class='ocrx_word' id='word_1_637' title='bbox 433 4772 698 4793; x_wconf 26' lang='lat' dir='ltr'><strong><em>_‘I!_-1As-l:</em></strong></span> <span class='ocrx_word' id='word_1_638' title='bbox 742 4772 975 4793; x_wconf 65' lang='lat'><strong><em>1‘--__!_</em></strong></span> <span class='ocrx_word' id='word_1_639' title='bbox 1019 4772 1295 4793; x_wconf 68' lang='lat' dir='ltr'><strong><em>_J_______--</em></strong></span> <span class='ocrx_word' id='word_1_640' title='bbox 1340 4770 1646 4793; x_wconf 64' lang='lat' dir='ltr'><strong><em>h-_.:_._-...</em></strong></span> <span class='ocrx_word' id='word_1_641' title='bbox 1709 4778 1756 4793; x_wconf 68' lang='grc' dir='ltr'><strong>,ι</strong></span> <span class='ocrx_word' id='word_1_642' title='bbox 1793 4772 2072 4793; x_wconf 63' lang='lat' dir='ltr'><strong><em>L_L__-_L</em></strong></span> <span class='ocrx_word' id='word_1_643' title='bbox 2185 4775 2341 4793; x_wconf 52' lang='lat' dir='ltr'><strong><em>tu“---</em></strong></span> <span class='ocrx_word' id='word_1_644' title='bbox 2381 4789 2427 4793; x_wconf 82' lang='lat'>__</span> <span class='ocrx_word' id='word_1_645' title='bbox 2492 4789 2559 4793; x_wconf 75' lang='grc'><strong><em>---</em></strong></span> <span class='ocrx_word' id='word_1_646' title='bbox 2600 4772 2767 4793; x_wconf 72' lang='grc'><strong><em>-1.’-----</em></strong></span> <span class='ocrx_word' id='word_1_647' title='bbox 2802 4780 3160 4793; x_wconf 58' lang='grc' dir='ltr'><strong><em>-μ-μ--ι...---.-</em></strong></span> <span class='ocrx_word' id='word_1_648' title='bbox 3186 4779 3209 4793; x_wconf 75' lang='grc' dir='ltr'><strong><em>υ</em></strong></span> <span class='ocrx_word' id='word_1_649' title='bbox 3240 4774 3311 4793; x_wconf 58' lang='lat' dir='ltr'><strong><em>n1-</em></strong></span> <span class='ocrx_word' id='word_1_650' title='bbox 3334 4775 3371 4793; x_wconf 54' lang='grc' dir='ltr'>η·</span> <span class='ocrx_word' id='word_1_651' title='bbox 3413 4780 3426 4793; x_wconf 80' lang='grc' dir='ltr'>ι</span> <span class='ocrx_word' id='word_1_652' title='bbox 3574 4776 3584 4787; x_wconf 72' lang='grc' dir='ltr'>ι</span> <span class='ocrx_word' id='word_1_653' title='bbox 3754 4778 3795 4793; x_wconf 60' lang='lat'><strong><em>1,</em></strong></span> 
     </span>
    </p>
   </div>
   <div class='ocr_carea' id='block_1_45' title="bbox 425 4770 3839 4849">
    <p class='ocr_par' dir='ltr' id='par_1_45' title="bbox 425 4770 3839 4849">
     <span class='ocr_line' id='line_1_47' title="bbox 425 4770 3839 4849; baseline 0.001 -20"><span class='ocrx_word' id='word_1_654' title='bbox 425 4772 701 4846; x_wconf 90' lang='lat' dir='ltr'><strong><em>discipuli</em></strong></span> <span class='ocrx_word' id='word_1_655' title='bbox 731 4772 977 4828; x_wconf 88' lang='lat' dir='ltr'><strong><em>Joannis</em></strong></span> <span class='ocrx_word' id='word_1_656' title='bbox 1015 4772 1298 4827; x_wconf 87' lang='lat' dir='ltr'><strong><em>adversus</em></strong></span> <span class='ocrx_word' id='word_1_657' title='bbox 1340 4770 1674 4839; x_wconf 90' lang='lat' dir='ltr'><strong><em>Dominum,</em></strong></span> <span class='ocrx_word' id='word_1_658' title='bbox 1704 4778 1760 4827; x_wconf 90' lang='lat' dir='ltr'><strong><em>et</em></strong></span> <span class='ocrx_word' id='word_1_659' title='bbox 1791 4772 2077 4829; x_wconf 89' lang='lat' dir='ltr'><strong><em>haberent</em></strong></span> <span class='ocrx_word' id='word_1_660' title='bbox 2107 4770 2154 4793; x_wconf 79' lang='lat'>”</span> <span class='ocrx_word' id='word_1_661' title='bbox 2183 4775 2342 4826; x_wconf 84' lang='lat' dir='ltr'><strong><em>turus</em></strong></span> <span class='ocrx_word' id='word_1_662' title='bbox 2371 4789 2449 4841; x_wconf 84' lang='lat' dir='ltr'><strong><em>es,</em></strong></span> <span class='ocrx_word' id='word_1_663' title='bbox 2483 4789 2565 4827; x_wconf 90' lang='lat' dir='ltr'><strong><em>an</em></strong></span> <span class='ocrx_word' id='word_1_664' title='bbox 2593 4772 2772 4826; x_wconf 87' lang='lat' dir='ltr'><strong><em>alium</em></strong></span> <span class='ocrx_word' id='word_1_665' title='bbox 2791 4780 3162 4843; x_wconf 62' lang='lat' dir='ltr'><strong><em>exspectamus</em></strong></span> <span class='ocrx_word' id='word_1_666' title='bbox 3183 4779 3209 4828; x_wconf 67' lang='grc' dir='ltr'><em>γ</em></span> <span class='ocrx_word' id='word_1_667' title='bbox 3239 4774 3506 4831; x_wconf 86' lang='lat' dir='ltr'><strong><em>Christus</em></strong></span> <span class='ocrx_word' id='word_1_668' title='bbox 3538 4776 3708 4849; x_wconf 88' lang='lat' dir='ltr'><strong><em>signa</em></strong></span> <span class='ocrx_word' id='word_1_669' title='bbox 3737 4778 3839 4833; x_wconf 86' lang='lat' dir='ltr'><strong><em>de-</em></strong></span> 
     </span>
    </p>
   </div>
   <div class='ocr_carea' id='block_1_46' title="bbox 426 4856 3839 4937">
    <p class='ocr_par' dir='ltr' id='par_1_46' title="bbox 426 4856 3839 4937">
     <span class='ocr_line' id='line_1_48' title="bbox 426 4856 3839 4937; baseline 0.001 -18"><span class='ocrx_word' id='word_1_670' title='bbox 426 4861 648 4934; x_wconf 87' lang='lat' dir='ltr'><strong><em>aliquid</em></strong></span> <span class='ocrx_word' id='word_1_671' title='bbox 680 4860 1081 4917; x_wconf 90' lang='lat' dir='ltr'><strong><em>mordacitatis</em></strong></span> <span class='ocrx_word' id='word_1_672' title='bbox 1129 4876 1198 4915; x_wconf 83' lang='lat' dir='ltr'><strong><em>ex</em></strong></span> <span class='ocrx_word' id='word_1_673' title='bbox 1226 4858 1403 4915; x_wconf 88' lang='lat' dir='ltr'><strong><em>livore</em></strong></span> <span class='ocrx_word' id='word_1_674' title='bbox 1451 4863 1507 4915; x_wconf 90' lang='lat' dir='ltr'><strong><em>et</em></strong></span> <span class='ocrx_word' id='word_1_675' title='bbox 1537 4860 1775 4932; x_wconf 89' lang='lat' dir='ltr'><strong><em>invidia,</em></strong></span> <span class='ocrx_word' id='word_1_676' title='bbox 1808 4862 2077 4934; x_wconf 86' lang='lat' dir='ltr'><strong><em>superior</em></strong></span> <span class='ocrx_word' id='word_1_677' title='bbox 2184 4856 2492 4931; x_wconf 81' lang='lat' dir='ltr'><strong><em>monstrat,</em></strong></span> <span class='ocrx_word' id='word_1_678' title='bbox 2527 4876 2643 4915; x_wconf 92' lang='lat' dir='ltr'><strong><em>non</em></strong></span> <span class='ocrx_word' id='word_1_679' title='bbox 2673 4861 2744 4916; x_wconf 91' lang='lat' dir='ltr'><strong><em>ad</em></strong></span> <span class='ocrx_word' id='word_1_680' title='bbox 2777 4877 2845 4916; x_wconf 89' lang='lat' dir='ltr'><strong><em>ea</em></strong></span> <span class='ocrx_word' id='word_1_681' title='bbox 2876 4864 3234 4937; x_wconf 65' lang='lat' dir='ltr'><strong><em>respondens</em></strong></span> <span class='ocrx_word' id='word_1_682' title='bbox 3281 4880 3409 4935; x_wconf 64' lang='lat' dir='ltr'><strong><em>quae</em></strong></span> <span class='ocrx_word' id='word_1_683' title='bbox 3434 4866 3839 4937; x_wconf 84' lang='lat' dir='ltr'><strong><em>interrogatus</em></strong></span> 
     </span>
    </p>
   </div>
   <div class='ocr_carea' id='block_1_47' title="bbox 423 4929 3835 5031">
    <p class='ocr_par' dir='ltr' id='par_1_47' title="bbox 423 4929 3835 5031">
     <span class='ocr_line' id='line_1_49' title="bbox 423 4929 3835 5031; baseline 0.001 -25"><span class='ocrx_word' id='word_1_684' title='bbox 423 4929 657 5023; x_wconf 79' lang='lat' dir='ltr'><strong><em>quoque</em></strong></span> <span class='ocrx_word' id='word_1_685' title='bbox 714 4949 1090 5022; x_wconf 85' lang='lat' dir='ltr'><strong><em>interrogatio</em></strong></span> <span class='ocrx_word' id='word_1_686' title='bbox 1146 4950 1168 4983; x_wconf 83' lang='grc'>²</span> <span class='ocrx_word' id='word_1_687' title='bbox 1215 4949 1658 5017; x_wconf 89' lang='lat' dir='ltr'><strong><em>demonstravit,</em></strong></span> <span class='ocrx_word' id='word_1_688' title='bbox 1717 4929 2075 5022; x_wconf 74' lang='lat' dir='ltr'><strong><em>evangelista</em></strong></span> <span class='ocrx_word' id='word_1_689' title='bbox 2182 4950 2393 5014; x_wconf 82' lang='lat' dir='ltr'><strong><em>fuerat,</em></strong></span> <span class='ocrx_word' id='word_1_690' title='bbox 2424 4929 2525 5004; x_wconf 86' lang='lat' dir='ltr'><strong><em>sed</em></strong></span> <span class='ocrx_word' id='word_1_691' title='bbox 2566 4950 2636 5004; x_wconf 88' lang='lat' dir='ltr'><strong><em>ad</em></strong></span> <span class='ocrx_word' id='word_1_692' title='bbox 2670 4929 3013 5031; x_wconf 72' lang='lat' dir='ltr'><strong><em>scandalum</em></strong></span> <span class='ocrx_word' id='word_1_693' title='bbox 3068 4929 3411 5009; x_wconf 73' lang='lat' dir='ltr'><strong><em>nuntiorum</em></strong></span> <span class='ocrx_word' id='word_1_694' title='bbox 3445 4971 3459 5010; x_wconf 87' lang='lat'><strong>:</strong></span> <span class='ocrx_word' id='word_1_695' title='bbox 3493 4955 3587 5021; x_wconf 85' lang='lat' dir='ltr'><strong><em>Ite,</em></strong></span> <span class='ocrx_word' id='word_1_696' title='bbox 3620 4929 3835 5027; x_wconf 75' lang='lat' dir='ltr'><strong><em>inquit,</em></strong></span> 
     </span>
    </p>
   </div>
   <div class='ocr_carea' id='block_1_48' title="bbox 422 5036 3838 5114">
    <p class='ocr_par' dir='ltr' id='par_1_48' title="bbox 422 5036 3838 5114">
     <span class='ocr_line' id='line_1_50' title="bbox 422 5036 3838 5114; baseline 0.001 -19"><span class='ocrx_word' id='word_1_697' title='bbox 422 5038 709 5096; x_wconf 87' lang='lat' dir='ltr'><strong><em>referente</em></strong></span> <span class='ocrx_word' id='word_1_698' title='bbox 743 5056 755 5095; x_wconf 92' lang='lat'>:</span> <span class='ocrx_word' id='word_1_699' title='bbox 793 5041 935 5094; x_wconf 85' lang='lat' dir='ltr'><strong><em>Tunc</em></strong></span> <span class='ocrx_word' id='word_1_700' title='bbox 981 5045 1323 5094; x_wconf 86' lang='lat' dir='ltr'><strong><em>accesserunt</em></strong></span> <span class='ocrx_word' id='word_1_701' title='bbox 1350 5037 1419 5093; x_wconf 85' lang='lat' dir='ltr'><strong><em>ad</em></strong></span> <span class='ocrx_word' id='word_1_702' title='bbox 1446 5055 1573 5094; x_wconf 85' lang='lat' dir='ltr'><strong><em>eum</em></strong></span> <span class='ocrx_word' id='word_1_703' title='bbox 1618 5038 1882 5110; x_wconf 84' lang='lat' dir='ltr'><strong><em>discipuli</em></strong></span> <span class='ocrx_word' id='word_1_704' title='bbox 1907 5041 2072 5094; x_wconf 85' lang='lat' dir='ltr'><strong><em>Joan-</em></strong></span> <span class='ocrx_word' id='word_1_705' title='bbox 2181 5044 2234 5091; x_wconf 88' lang='lat' dir='ltr'><strong><em>et</em></strong></span> <span class='ocrx_word' id='word_1_706' title='bbox 2260 5036 2424 5092; x_wconf 87' lang='lat' dir='ltr'><strong><em>dicite</em></strong></span> <span class='ocrx_word' id='word_1_707' title='bbox 2459 5038 2666 5093; x_wconf 87' lang='lat' dir='ltr'><strong><em>Joanni</em></strong></span> <span class='ocrx_word' id='word_1_708' title='bbox 2691 5041 2862 5111; x_wconf 87' lang='lat' dir='ltr'><strong><em>signa</em></strong></span> <span class='ocrx_word' id='word_1_709' title='bbox 2907 5055 3033 5111; x_wconf 57' lang='lat' dir='ltr'><strong><em>qum</em></strong></span> <span class='ocrx_word' id='word_1_710' title='bbox 3062 5044 3291 5097; x_wconf 83' lang='lat' dir='ltr'><strong><em>cernitis</em></strong></span> <span class='ocrx_word' id='word_1_711' title='bbox 3340 5058 3520 5098; x_wconf 66' lang='lat' dir='ltr'><strong><em>caecos</em></strong></span> <span class='ocrx_word' id='word_1_712' title='bbox 3548 5043 3838 5114; x_wconf 90' lang='lat' dir='ltr'><strong><em>videntes,</em></strong></span> 
     </span>
    </p>
   </div>
   <div class='ocr_carea' id='block_1_49' title="bbox 419 5125 3835 5204">
    <p class='ocr_par' dir='ltr' id='par_1_49' title="bbox 419 5125 3835 5204">
     <span class='ocr_line' id='line_1_51' title="bbox 419 5125 3835 5204; baseline 0.001 -19"><span class='ocrx_word' id='word_1_713' title='bbox 419 5131 530 5196; x_wconf 88' lang='lat' dir='ltr'><strong><em>nis,</em></strong></span> <span class='ocrx_word' id='word_1_714' title='bbox 564 5129 804 5185; x_wconf 89' lang='lat' dir='ltr'><strong><em>dicentes</em></strong></span> <span class='ocrx_word' id='word_1_715' title='bbox 836 5146 855 5184; x_wconf 93' lang='lat'><em>:</em></span> <span class='ocrx_word' id='word_1_716' title='bbox 887 5128 1066 5196; x_wconf 87' lang='lat' dir='ltr'><strong><em>Quare</em></strong></span> <span class='ocrx_word' id='word_1_717' title='bbox 1092 5144 1188 5183; x_wconf 87' lang='lat' dir='ltr'><strong><em>nos</em></strong></span> <span class='ocrx_word' id='word_1_718' title='bbox 1216 5130 1266 5183; x_wconf 88' lang='lat' dir='ltr'><strong><em>et</em></strong></span> <span class='ocrx_word' id='word_1_719' title='bbox 1305 5128 1590 5185; x_wconf 72' lang='lat' dir='ltr'><strong><em>Pharisaei</em></strong></span> <span class='ocrx_word' id='word_1_720' title='bbox 1618 5128 1932 5198; x_wconf 84' lang='lat' dir='ltr'><strong><em>jejunamus</em></strong></span> <span class='ocrx_word' id='word_1_721' title='bbox 1959 5130 2072 5198; x_wconf 83' lang='lat' dir='ltr'><strong><em>fre-</em></strong></span> <span class='ocrx_word' id='word_1_722' title='bbox 2181 5130 2239 5181; x_wconf 89' lang='lat' dir='ltr'><strong><em>et</em></strong></span> <span class='ocrx_word' id='word_1_723' title='bbox 2266 5125 2504 5182; x_wconf 87' lang='lat' dir='ltr'><strong><em>claudos</em></strong></span> <span class='ocrx_word' id='word_1_724' title='bbox 2531 5127 2924 5198; x_wconf 90' lang='lat' dir='ltr'><strong><em>ambulantes,</em></strong></span> <span class='ocrx_word' id='word_1_725' title='bbox 2958 5136 3016 5186; x_wconf 90' lang='lat' dir='ltr'><strong><em>et</em></strong></span> <span class='ocrx_word' id='word_1_726' title='bbox 3046 5129 3288 5203; x_wconf 90' lang='lat' dir='ltr'><strong><em>reliqua.</em></strong></span> <span class='ocrx_word' id='word_1_727' title='bbox 3322 5132 3390 5186; x_wconf 91' lang='lat' dir='ltr'><strong><em>Et</em></strong></span> <span class='ocrx_word' id='word_1_728' title='bbox 3420 5132 3575 5204; x_wconf 91' lang='lat' dir='ltr'><strong><em>quod</em></strong></span> <span class='ocrx_word' id='word_1_729' title='bbox 3598 5131 3691 5188; x_wconf 92' lang='lat' dir='ltr'><strong><em>his</em></strong></span> <span class='ocrx_word' id='word_1_730' title='bbox 3714 5149 3835 5190; x_wconf 92' lang='lat' dir='ltr'><strong><em>non</em></strong></span> 
     </span>
    </p>
   </div>
   <div class='ocr_carea' id='block_1_50' title="bbox 420 5213 3832 5293">
    <p class='ocr_par' dir='ltr' id='par_1_50' title="bbox 420 5213 3832 5293">
     <span class='ocr_line' id='line_1_52' title="bbox 420 5213 3832 5293; baseline 0.001 -19"><span class='ocrx_word' id='word_1_731' title='bbox 420 5224 670 5290; x_wconf 85' lang='lat' dir='ltr'><strong><em>quenter,</em></strong></span> <span class='ocrx_word' id='word_1_732' title='bbox 719 5217 985 5287; x_wconf 87' lang='lat' dir='ltr'><strong><em>discipuli</em></strong></span> <span class='ocrx_word' id='word_1_733' title='bbox 1029 5220 1212 5271; x_wconf 82' lang='lat' dir='ltr'><strong><em>autem</em></strong></span> <span class='ocrx_word' id='word_1_734' title='bbox 1256 5217 1339 5271; x_wconf 90' lang='lat' dir='ltr'><strong><em>tui</em></strong></span> <span class='ocrx_word' id='word_1_735' title='bbox 1391 5231 1504 5269; x_wconf 80' lang='lat' dir='ltr'><strong><em>non</em></strong></span> <span class='ocrx_word' id='word_1_736' title='bbox 1550 5216 1812 5286; x_wconf 78' lang='lat' dir='ltr'><strong><em>jejunant</em></strong></span> <span class='ocrx_word' id='word_1_737' title='bbox 1861 5213 2067 5285; x_wconf 80' lang='lat' dir='ltr'><strong><em>(Matth.</em></strong></span> <span class='ocrx_word' id='word_1_738' title='bbox 2180 5214 2378 5271; x_wconf 88' lang='lat' dir='ltr'><strong><em>minus</em></strong></span> <span class='ocrx_word' id='word_1_739' title='bbox 2409 5218 2541 5272; x_wconf 83' lang='lat' dir='ltr'><strong><em>est‘</em></strong></span> <span class='ocrx_word' id='word_1_740' title='bbox 2573 5234 2585 5271; x_wconf 94' lang='lat'><strong>:</strong></span> <span class='ocrx_word' id='word_1_741' title='bbox 2617 5241 2643 5267; x_wconf 83' lang='lat'><strong>«</strong></span> <span class='ocrx_word' id='word_1_742' title='bbox 2665 5218 2957 5291; x_wconf 91' lang='lat' dir='ltr'><strong><em>Pauperes</em></strong></span> <span class='ocrx_word' id='word_1_743' title='bbox 2980 5220 3475 5292; x_wconf 84' lang='lat' dir='ltr'><strong><em>evangelizantur.</em></strong></span> <span class='ocrx_word' id='word_1_744' title='bbox 3497 5243 3525 5272; x_wconf 85' lang='grc'>››</span> <span class='ocrx_word' id='word_1_745' title='bbox 3561 5220 3661 5276; x_wconf 89' lang='lat' dir='ltr'><strong><em>Vel</em></strong></span> <span class='ocrx_word' id='word_1_746' title='bbox 3685 5238 3832 5293; x_wconf 79' lang='lat' dir='ltr'><strong><em>pau-</em></strong></span> 
     </span>
    </p>
   </div>
   <div class='ocr_carea' id='block_1_51' title="bbox 417 5302 3832 5383">
    <p class='ocr_par' dir='ltr' id='par_1_51' title="bbox 417 5302 3832 5383">
     <span class='ocr_line' id='line_1_53' title="bbox 417 5302 3832 5383; baseline 0.001 -21"><span class='ocrx_word' id='word_1_747' title='bbox 417 5323 496 5376; x_wconf 85' lang='lat' dir='ltr'><strong><em>1x,</em></strong></span> <span class='ocrx_word' id='word_1_748' title='bbox 531 5307 620 5379; x_wconf 78' lang='grc'><strong><em>14)</em></strong></span> <span class='ocrx_word' id='word_1_749' title='bbox 641 5305 669 5361; x_wconf 84' lang='lat'><strong>?</strong></span> <span class='ocrx_word' id='word_1_750' title='bbox 699 5306 767 5361; x_wconf 93' lang='lat' dir='ltr'><strong><em>Et</em></strong></span> <span class='ocrx_word' id='word_1_751' title='bbox 798 5304 938 5361; x_wconf 91' lang='lat' dir='ltr'><strong><em>alibi</em></strong></span> <span class='ocrx_word' id='word_1_752' title='bbox 970 5321 983 5361; x_wconf 88' lang='lat'><strong>:</strong></span> <span class='ocrx_word' id='word_1_753' title='bbox 1035 5305 1307 5376; x_wconf 82' lang='lat' dir='ltr'><strong><em>Magister,</em></strong></span> <span class='ocrx_word' id='word_1_754' title='bbox 1334 5306 1430 5359; x_wconf 86' lang='lat' dir='ltr'><strong><em>cui</em></strong></span> <span class='ocrx_word' id='word_1_755' title='bbox 1476 5312 1537 5359; x_wconf 85' lang='lat' dir='ltr'><strong><em>tu</em></strong></span> <span class='ocrx_word' id='word_1_756' title='bbox 1582 5302 1921 5374; x_wconf 83' lang='lat' dir='ltr'><strong><em>perhibuisti</em></strong></span> <span class='ocrx_word' id='word_1_757' title='bbox 1949 5303 2064 5374; x_wconf 89' lang='lat' dir='ltr'><strong><em>(Al.</em></strong></span> <span class='ocrx_word' id='word_1_758' title='bbox 2179 5320 2346 5376; x_wconf 87' lang='lat' dir='ltr'><strong><em>peres</em></strong></span> <span class='ocrx_word' id='word_1_759' title='bbox 2390 5306 2623 5379; x_wconf 88' lang='lat' dir='ltr'><strong><em>spiritu,</em></strong></span> <span class='ocrx_word' id='word_1_760' title='bbox 2652 5307 2740 5363; x_wconf 89' lang='lat' dir='ltr'><strong><em>vel</em></strong></span> <span class='ocrx_word' id='word_1_761' title='bbox 2771 5314 2923 5365; x_wconf 89' lang='lat' dir='ltr'><strong><em>certe</em></strong></span> <span class='ocrx_word' id='word_1_762' title='bbox 2976 5310 3190 5381; x_wconf 91' lang='lat' dir='ltr'><strong><em>opibus</em></strong></span> <span class='ocrx_word' id='word_1_763' title='bbox 3219 5311 3322 5375; x_wconf 86' lang='grc' dir='ltr'><strong><em>[Αι.</em></strong></span> <span class='ocrx_word' id='word_1_764' title='bbox 3357 5310 3655 5383; x_wconf 90' lang='lat' dir='ltr'><strong><em>operibus]</em></strong></span> <span class='ocrx_word' id='word_1_765' title='bbox 3686 5327 3832 5383; x_wconf 86' lang='lat' dir='ltr'><strong><em>pau-</em></strong></span> 
     </span>
    </p>
   </div>
   <div class='ocr_carea' id='block_1_52' title="bbox 492 5516 2889 5596">
    <p class='ocr_par' dir='ltr' id='par_1_52' title="bbox 492 5516 2889 5596">
     <span class='ocr_line' id='line_1_54' title="bbox 492 5516 2889 5596; baseline 0.002 -21"><span class='ocrx_word' id='word_1_766' title='bbox 492 5522 510 5556; x_wconf 81' lang='grc'>¹</span> <span class='ocrx_word' id='word_1_767' title='bbox 542 5524 652 5577; x_wconf 90' lang='lat' dir='ltr'><strong><em>Pro</em></strong></span> <span class='ocrx_word' id='word_1_768' title='bbox 680 5520 967 5596; x_wconf 87' lang='lat' dir='ltr'><strong><em>impressa</em></strong></span> <span class='ocrx_word' id='word_1_769' title='bbox 1014 5522 1325 5594; x_wconf 69' lang='lat' dir='ltr'><strong><em>Scriptura:</em></strong></span> <span class='ocrx_word' id='word_1_770' title='bbox 1372 5518 1642 5590; x_wconf 89' lang='lat' dir='ltr'><strong><em>pericope</em></strong></span> <span class='ocrx_word' id='word_1_771' title='bbox 1689 5516 1841 5596; x_wconf 72' lang='lat' dir='ltr'><strong><em>hanc</em></strong></span> <span class='ocrx_word' id='word_1_772' title='bbox 1872 5519 2068 5589; x_wconf 63' lang='lat' dir='ltr'><strong><em>prefe-</em></strong></span> <span class='ocrx_word' id='word_1_773' title='bbox 2245 5524 2267 5559; x_wconf 83' lang='grc'>²</span> <span class='ocrx_word' id='word_1_774' title='bbox 2296 5526 2460 5591; x_wconf 84' lang='lat' dir='ltr'><strong><em>Rab.,</em></strong></span> <span class='ocrx_word' id='word_1_775' title='bbox 2492 5525 2889 5596; x_wconf 83' lang='lat' dir='ltr'><strong><em>interpretatio.</em></strong></span> 
     </span>
    </p>
   </div>
   <div class='ocr_carea' id='block_1_53' title="bbox 417 5590 3826 5671">
    <p class='ocr_par' dir='ltr' id='par_1_53' title="bbox 417 5590 3826 5671">
     <span class='ocr_line' id='line_1_55' title="bbox 417 5590 3826 5671; baseline 0.001 -23"><span class='ocrx_word' id='word_1_776' title='bbox 417 5596 562 5671; x_wconf 88' lang='lat' dir='ltr'><strong><em>r_u_nt_</em></strong></span> <span class='ocrx_word' id='word_1_777' title='bbox 588 5590 2065 5671; x_wconf 23' lang='lat' dir='ltr'><strong><em>mss.nostri:Joannesautemcumtaudissetopera</em></strong></span> <span class='ocrx_word' id='word_1_778' title='bbox 2176 5668 2186 5671; x_wconf 26' lang='grc' dir='ltr'><strong>Α</strong></span> <span class='ocrx_word' id='word_1_779' title='bbox 2246 5601 2359 5671; x_wconf 89' lang='lat' dir='ltr'><strong><em>Pro_</em></strong></span> <span class='ocrx_word' id='word_1_780' title='bbox 2410 5590 2823 5671; x_wconf 65' lang='lat' dir='ltr'><strong><em>qrnnes,&#39;qund</em></strong></span> <span class='ocrx_word' id='word_1_781' title='bbox 2872 5595 3036 5671; x_wconf 81' lang='lat' dir='ltr'><strong><em>et__in</em></strong></span> <span class='ocrx_word' id='word_1_782' title='bbox 3090 5595 3283 5671; x_wconf 57' lang='lat' dir='ltr'><strong><em>Greco</em></strong></span> <span class='ocrx_word' id='word_1_783' title='bbox 3316 5603 3563 5671; x_wconf 74' lang='lat' dir='ltr'><strong><em>resonat</em></strong></span> <span class='ocrx_word' id='word_1_784' title='bbox 3610 5616 3826 5671; x_wconf 74' lang='grc' dir='ltr'>παντες,</span> 
     </span>
    </p>
   </div>
   <div class='ocr_carea' id='block_1_54' title="bbox 420 5662 3824 5741">
    <p class='ocr_par' dir='ltr' id='par_1_54' title="bbox 420 5662 3824 5741">
     <span class='ocr_line' id='line_1_56' title="bbox 420 5662 3824 5741; baseline 0.001 -19"><span class='ocrx_word' id='word_1_785' title='bbox 420 5665 651 5741; x_wconf 82' lang='lat' dir='ltr'><strong><em>Christi,</em></strong></span> <span class='ocrx_word' id='word_1_786' title='bbox 684 5667 904 5722; x_wconf 88' lang='lat' dir='ltr'><strong><em>mittens</em></strong></span> <span class='ocrx_word' id='word_1_787' title='bbox 933 5667 1065 5721; x_wconf 87' lang='lat' dir='ltr'><strong><em>duos</em></strong></span> <span class='ocrx_word' id='word_1_788' title='bbox 1110 5666 1177 5720; x_wconf 85' lang='lat' dir='ltr'><strong><em>de</em></strong></span> <span class='ocrx_word' id='word_1_789' title='bbox 1202 5662 1491 5741; x_wconf 75' lang='lat' dir='ltr'><strong><em>discipulis</em></strong></span> <span class='ocrx_word' id='word_1_790' title='bbox 1534 5662 1671 5741; x_wconf 80' lang='lat' dir='ltr'><strong><em>suis,</em></strong></span> <span class='ocrx_word' id='word_1_791' title='bbox 1702 5663 1785 5741; x_wconf 63' lang='lat' dir='ltr'><strong><em>ait</em></strong></span> <span class='ocrx_word' id='word_1_792' title='bbox 1822 5662 1918 5741; x_wconf 69' lang='lat' dir='ltr'><strong><em>illi</em></strong></span> <span class='ocrx_word' id='word_1_793' title='bbox 1941 5681 1960 5741; x_wconf 67' lang='grc' dir='ltr'>ς</span> <span class='ocrx_word' id='word_1_794' title='bbox 1994 5665 2066 5720; x_wconf 83' lang='lat' dir='ltr'><strong><em>Tu</em></strong></span> <span class='ocrx_word' id='word_1_795' title='bbox 2172 5662 2723 5741; x_wconf 44' lang='lat' dir='ltr'><strong><em>inRalatinismss&#39;,</em></strong></span> <span class='ocrx_word' id='word_1_796' title='bbox 2752 5671 2818 5721; x_wconf 91' lang='lat' dir='ltr'><strong><em>ut</em></strong></span> <span class='ocrx_word' id='word_1_797' title='bbox 2848 5666 3167 5741; x_wconf 18' lang='lat' dir='ltr'><strong><em>et‘Victorii</em></strong></span> <span class='ocrx_word' id='word_1_798' title='bbox 3191 5668 3443 5725; x_wconf 89' lang='lat' dir='ltr'><strong><em>editione</em></strong></span> <span class='ocrx_word' id='word_1_799' title='bbox 3470 5675 3579 5739; x_wconf 89' lang='lat' dir='ltr'><strong><em>est,</em></strong></span> <span class='ocrx_word' id='word_1_800' title='bbox 3613 5662 3824 5741; x_wconf 61' lang='lat' dir='ltr'><strong><em>plures:</em></strong></span> 
     </span>
    </p>
   </div>
   <div class='ocr_carea' id='block_1_55' title="bbox 413 5731 3827 5813">
    <p class='ocr_par' dir='ltr' id='par_1_55' title="bbox 413 5731 3827 5813">
     <span class='ocr_line' id='line_1_57' title="bbox 413 5731 3827 5813; baseline 0.002 -20"><span class='ocrx_word' id='word_1_801' title='bbox 413 5754 471 5813; x_wconf 85' lang='lat' dir='ltr'><strong><em>es</em></strong></span> <span class='ocrx_word' id='word_1_802' title='bbox 499 5740 594 5813; x_wconf 87' lang='lat' dir='ltr'><strong><em>qui</em></strong></span> <span class='ocrx_word' id='word_1_803' title='bbox 622 5731 880 5813; x_wconf 72' lang='lat' dir='ltr'><strong><em>uenturus</em></strong></span> <span class='ocrx_word' id='word_1_804' title='bbox 923 5754 1001 5805; x_wconf 85' lang='lat' dir='ltr'><strong><em>es,</em></strong></span> <span class='ocrx_word' id='word_1_805' title='bbox 1024 5754 1111 5813; x_wconf 68' lang='lat' dir='ltr'><strong><em>an</em></strong></span> <span class='ocrx_word' id='word_1_806' title='bbox 1159 5731 1348 5813; x_wconf 70' lang='lat' dir='ltr'><strong><em>alium</em></strong></span> <span class='ocrx_word' id='word_1_807' title='bbox 1383 5738 1734 5813; x_wconf 49' lang='lat' dir='ltr'><strong><em>espectamus</em></strong></span> <span class='ocrx_word' id='word_1_808' title='bbox 1758 5731 2062 5813; x_wconf 61' lang='lat' dir='ltr'><strong><em>‘{_Quidam</em></strong></span> <span class='ocrx_word' id='word_1_809' title='bbox 2241 5739 2263 5773; x_wconf 80' lang='grc'>³</span> <span class='ocrx_word' id='word_1_810' title='bbox 2293 5739 2431 5795; x_wconf 90' lang='lat' dir='ltr'><strong><em>Mss.</em></strong></span> <span class='ocrx_word' id='word_1_811' title='bbox 2462 5736 2716 5813; x_wconf 88' lang='lat' dir='ltr'><strong><em>Palatini</em></strong></span> <span class='ocrx_word' id='word_1_812' title='bbox 2766 5738 3087 5813; x_wconf 87' lang='lat' dir='ltr'><strong><em>continenti</em></strong></span> <span class='ocrx_word' id='word_1_813' title='bbox 3140 5741 3309 5805; x_wconf 87' lang='lat' dir='ltr'><strong><em>serie,</em></strong></span> <span class='ocrx_word' id='word_1_814' title='bbox 3340 5746 3391 5797; x_wconf 87' lang='lat' dir='ltr'><strong><em>et</em></strong></span> <span class='ocrx_word' id='word_1_815' title='bbox 3421 5731 3677 5813; x_wconf 54' lang='lat' dir='ltr'><strong><em>quod&#39;liis</em></strong></span> <span class='ocrx_word' id='word_1_816' title='bbox 3711 5757 3827 5799; x_wconf 86' lang='lat' dir='ltr'><strong><em>non</em></strong></span> 
     </span>
    </p>
   </div>
   <div class='ocr_carea' id='block_1_56' title="bbox 413 5802 3821 5889">
    <p class='ocr_par' dir='ltr' id='par_1_56' title="bbox 413 5802 3821 5889">
     <span class='ocr_line' id='line_1_58' title="bbox 413 5802 3821 5889; baseline -0.001 -22"><span class='ocrx_word' id='word_1_817' title='bbox 413 5812 470 5875; x_wconf 76' lang='lat' dir='ltr'><strong><em>et</em></strong></span> <span class='ocrx_word' id='word_1_818' title='bbox 498 5802 631 5889; x_wconf 73' lang='lat' dir='ltr'><strong><em>post</em></strong></span> <span class='ocrx_word' id='word_1_819' title='bbox 657 5810 900 5873; x_wconf 85' lang='lat' dir='ltr'><strong><em>verbum</em></strong></span> <span class='ocrx_word' id='word_1_820' title='bbox 928 5802 1191 5882; x_wconf 79' lang='lat' dir='ltr'><strong><em>audisset,</em></strong></span> <span class='ocrx_word' id='word_1_821' title='bbox 1223 5802 1469 5872; x_wconf 81' lang='lat' dir='ltr'><strong><em>addunt,</em></strong></span> <span class='ocrx_word' id='word_1_822' title='bbox 1500 5802 1564 5860; x_wconf 83' lang='lat' dir='ltr'><strong><em>in</em></strong></span> <span class='ocrx_word' id='word_1_823' title='bbox 1590 5803 1856 5864; x_wconf 83' lang='lat' dir='ltr'><strong><em>vinculis.</em></strong></span> <span class='ocrx_word' id='word_1_824' title='bbox 2170 5813 2354 5870; x_wconf 79' lang='lat' dir='ltr'><strong><em>minus</em></strong></span> <span class='ocrx_word' id='word_1_825' title='bbox 2388 5812 2490 5880; x_wconf 80' lang='lat' dir='ltr'><strong><em>est,</em></strong></span> <span class='ocrx_word' id='word_1_826' title='bbox 2522 5823 2789 5888; x_wconf 75' lang='lat' dir='ltr'><strong><em>pauperes</em></strong></span> <span class='ocrx_word' id='word_1_827' title='bbox 2815 5812 3237 5886; x_wconf 64' lang='lat' dir='ltr'><strong><em>euangelizatos.</em></strong></span> <span class='ocrx_word' id='word_1_828' title='bbox 3275 5802 3367 5871; x_wconf 70' lang='lat' dir='ltr'><strong><em>Vel</em></strong></span> <span class='ocrx_word' id='word_1_829' title='bbox 3387 5802 3676 5889; x_wconf 57' lang='lat' dir='ltr'><strong><em>pauperes,</em></strong></span> <span class='ocrx_word' id='word_1_830' title='bbox 3706 5818 3821 5875; x_wconf 78' lang='lat' dir='ltr'><strong><em>etc,</em></strong></span> 
     </span>
    </p>
   </div>
  </div>
