4182 6594
210 431 282 502 73
749 422 1266 484 COMMENTAB.
1312 421 1392 482 IN
1438 420 1950 481 EVANGELIUM
2001 423 2378 486 MATTH/El
2430 429 2575 487 LIB.
2624 429 2701 487 ll.
2751 429 2924 487 CAP.
2973 429 3074 488 ΧΙ.
3539 435 3617 490 74

216 575 400 634 peres,
459 560 526 613 ut
571 553 734 610 nulla
774 554 926 609 inter
972 551 1196 608 nobiles
1245 555 1302 608 et
1349 549 1656 624 ignobiles,
1707 549 1859 605 inter
1887 561 1942 627 Α
1974 553 2101 621 viri,
2151 560 2209 610 et
2257 573 2372 612 non
2425 558 2474 613 ei
2522 559 2621 630 qui
2672 561 2847 614 natus
2896 574 2964 613 ex
3012 557 3270 630 Virgine,
3303 563 3360 616 et
3405 561 3622 634 Spiritu

214 648 421 706 divites
451 651 508 703 et
537 660 768 717 egenos,
795 643 852 696 in
878 641 1286 714 praedicatione
1309 640 1590 696 distantia
1611 639 1707 695 sit.
1739 640 1865 694 Hac

214 735 475 810 magistri
506 733 778 807 rigorem,
807 731 927 786 hac
959 731 1326 803 praeceptoris
1359 730 1746 802 comprobant
1769 745 1864 784 ve-

213 829 460 896 ritatem,
495 822 728 896 quando
760 820 955 876 omnis
987 821 1143 892 apud
1176 836 1313 875 eum
1363 819 1465 891 qui
1517 818 1730 873 salvari
1764 833 1869 889 po-

215 920 348 990 test,
381 912 621 986 aqualis
652 914 761 966 est.
795 910 956 973 Quod
985 913 1183 965 autem
1215 909 1296 964 ait
1328 924 1340 962 :

290 1003 476 1076 (Vers.
509 1003 584 1073 6.)
616 1024 642 1050 ‹‹
676 1000 745 1055 Et
776 1000 983 1055 beatus
1014 997 1113 1069 qui
1158 1015 1273 1052 non
1307 997 1482 1052 fuerit
1512 995 1870 1052 scandaliza-

219 1099 314 1151 tus
342 1093 403 1147 in
435 1108 546 1148 me.
585 1111 613 1139 »
644 1087 1045 1145 Internuntios
1076 1086 1347 1158 perculit,
1381 1084 1534 1141 sicut
1563 1084 1622 1140 in
1665 1099 1873 1139 conse-

217 1181 530 1257 quentibus
561 1176 1083 1235 demonstrabitur.

279 1271 462 1344 (Vers.
492 1270 575 1338 7.)
607 1291 635 1319 «
667 1266 791 1322 Illis
824 1270 1021 1322 autem
1052 1264 1430 1329 abeuntibus,
1482 1263 1658 1334 coepit
1700 1264 1871 1317 Jesus

214 1363 403 1418 dicere
433 1359 508 1416 ad
536 1357 743 1413 turbas
775 1356 845 1411 de
875 1359 1098 1410 Joanne
1133 1371 1144 1409 :
1181 1353 1327 1416 Quid
1363 1352 1563 1407 existis
1595 1352 1652 1405 in
1678 1352 1874 1406 deser-

214 1457 334 1507 tum
366 1446 604 1504 videre?
633 1444 980 1501 arundinem
1009 1446 1178 1498 vento
1211 1439 1532 1513 agitatam?
1569 1439 1678 1493 Sed
1729 1440 1868 1510 quid

216 1538 416 1596 existis
460 1535 692 1592 videre?
723 1533 1020 1588 hominem
1066 1530 1342 1585 mollibus
1379 1526 1696 1584 vestitum?
1725 1528 1870 1582 Ecce

215 1628 310 1702 qui
341 1625 622 1682 mollibus
652 1621 1000 1691 vestiuntur,
1023 1620 1080 1674 in
1117 1619 1392 1675 domibus
1426 1633 1631 1689 regum
1654 1619 1811 1672 sunt.
1840 1638 1866 1664 »

212 1719 266 1773 Si
295 1715 566 1788 superior
595 1711 885 1769 sententia
915 1716 1116 1765 contra
1133 1709 1430 1765 ’Joannem
1461 1705 1687 1778 prolata
1740 1706 1869 1760 fue-

213 1811 317 1871 rat,
349 1810 420 1860 ut
449 1802 712 1876 plerique
745 1800 1124 1862 arbitrantur,
1151 1799 1209 1853 in
1241 1813 1307 1852 eo
1342 1796 1498 1868 quod
1530 1795 1644 1850 ait:
1674 1796 1870 1849 Beatus

213 1899 286 1952 est
336 1896 434 1967 qui
477 1908 589 1949 non
635 1891 807 1961 fuerit
851 1887 1258 1944 scandalizatus
1307 1887 1370 1940 in
1420 1900 1529 1950 me,
1574 1882 1867 1955 quomodo

214 2002 366 2042 nunc
387 1983 646 2039 Joannes
669 1979 848 2035 tantis
872 1977 1147 2033 laudibus
1179 1972 1572 2047 praedicatur?
1595 1973 1706 2027 Sed
1733 1971 1875 2043 quia

213 2074 381 2130 turba
395 2065 1271 2137 circumstansinterrogationis
1291 2061 1635 2135 mysterium
1657 2061 1874 2116 nescie-

215 2164 331 2228 bat,
364 2166 426 2218 et
457 2159 699 2232 putabat
726 2159 1007 2211 Joannem
1042 2155 1311 2209 dubitare
1334 2153 1405 2206 de
1432 2151 1871 2221 Christo,quem

215 2251 338 2324 ipse
368 2250 798 2305 monstraverat
829 2244 1029 2316 digito,
1065 2247 1130 2297 ut
1158 2240 1550 2312 intelligerent
1584 2239 1872 2293 Joannem

217 2357 330 2396 non
364 2338 478 2394 sibi
505 2337 917 2406 interrogasse,
961 2333 1062 2388 sed
1119 2329 1428 2401 discipulis
1468 2329 1591 2384 suis
1641 2343 1654 2383 :
1699 2326 1872 2395 Quid,

213 2429 427 2500 inquit,
461 2426 661 2483 existis
693 2424 750 2479 in
785 2421 1121 2478 desertum?
1159 2418 1458 2490 Numquid
1507 2419 1578 2472 ob
1629 2417 1760 2482 hoc,
1811 2419 1875 2470 ut

215 2517 519 2574 hominem
548 2513 825 2569 videretis
874 2510 1099 2566 calamo
1132 2510 1232 2563 69
1265 2506 1540 2573 similem,
1580 2506 1680 2576 qui
1713 2503 1873 2559 omni

213 2612 382 2663 vento
440 2604 871 2668 circumfertur,
914 2604 970 2655 et
1017 2598 1248 2655 levitate
1299 2595 1512 2651 mentis
1543 2596 1613 2649 de
1645 2610 1712 2648 eo
1745 2610 1872 2648 am-

214 2696 444 2768 bigeret
466 2710 639 2765 quem
662 2696 834 2748 antea
863 2687 1241 2761 pradicarat?
1272 2692 1360 2740 An
1393 2685 1637 2740 forsitan
1673 2684 1874 2738 stimu-

213 2783 286 2840 lis
311 2788 517 2840 contra
565 2797 659 2837 me
701 2779 932 2835 invidia
983 2777 1229 2849 cogitur,
1280 2779 1336 2830 et
1384 2773 1716 2845 praedicatio
1746 2773 1874 2841 ejus

215 2889 425 2928 vanam
479 2875 733 2927 sectatur
777 2867 1042 2941 gloriam,
1087 2870 1152 2920 ut
1189 2881 1257 2920 ex
1296 2880 1364 2919 ea
1408 2867 1627 2934 quarat
1674 2860 1876 2916 lucra?

215 2961 332 3017 Cur
361 2960 599 3018 divitias
651 2957 870 3029 cupiat,
921 2960 986 3010 ut
1033 2954 1234 3009 affluat
1281 2953 1574 3024 dapibus?
1611 2949 1875 3005 Locustis

213 3052 494 3117 vescitur,
527 3053 584 3104 et
615 3049 786 3103 melle
817 3043 1090 3102 silvestri.
1125 3046 1212 3098 An
1241 3046 1305 3096 ut
1335 3039 1616 3096 mollibus
1669 3037 1876 3093 vestia-

213 3140 348 3196 tur?
379 3139 489 3194 Pili
522 3136 876 3193 camelorum
899 3139 1133 3205 tegmen
1164 3132 1292 3201 ejus
1322 3135 1481 3185 sunt.
1507 3128 1682 3183 Istius
1715 3126 1875 3181 modi

216 3230 387 3285 cibus
440 3234 495 3283 et
539 3226 715 3282 vestis
765 3222 1013 3280 carceris
1062 3220 1317 3292 hospitio
1376 3218 1760 3289 recipiuntur,
1819 3218 1876 3270 et

1901 1932 1949 1996 B

1985 649 2186 698 sancto
2240 663 2252 700 :
2305 663 2646 718 quanquam
2696 647 2758 702 in
2809 664 2871 702 eo
2926 647 3080 718 quod
3136 647 3282 702 dixit
3314 666 3326 702 :
3363 646 3476 704 Non
3505 667 3626 706 sur-

1985 735 2130 788 rexit
2158 736 2336 806 major
2383 738 2528 790 inter
2573 745 2729 792 natos
2775 735 3085 792 mulierum
3124 738 3336 793 Joanne
3365 740 3628 809 Baptista,

1984 838 2096 876 non
2151 824 2370 879 caeteris
2419 824 2720 897 prophetis
2770 829 2828 879 et
2879 825 3247 896 patriarchis,
3289 827 3637 898 cunctisque

1982 909 2320 968 hominibus
2349 914 2634 969 Joannem
2666 912 2938 986 praetulit,
2986 914 3086 969 sed
3134 914 3345 970 Joanni
3395 919 3633 971 cateros

1983 1001 2304 1072 exaquavit
2331 1004 2370 1057 ³.
2402 1003 2526 1058 Non
2574 1005 2730 1058 enim
2786 1003 2985 1059 statim
3036 1003 3322 1076 sequitur,
3356 1008 3421 1059 ut
3453 1004 3501 1060 si
3531 1003 3630 1060 alii

1984 1090 2235 1159 majores
2269 1107 2334 1147 eo
2366 1109 2480 1148 non
2513 1097 2671 1159 sunt,
2719 1091 2819 1148 ille
2867 1093 3056 1162 major
3102 1092 3352 1149 aliorum
3384 1093 3461 1149 sit
3491 1111 3504 1150 :
3539 1110 3632 1150 ve-

1982 1194 2114 1232 rum
2147 1183 2211 1234 ut
2241 1180 2628 1252 aqualitatem
2663 1196 2796 1236 cum
2847 1181 3068 1236 cateris
3122 1181 3344 1238 sanctis
3398 1182 3635 1240 habeat.

1982 1288 2010 1315 «
2046 1267 2153 1330 Qui
2185 1273 2378 1324 autem
2411 1269 2604 1324 minor
2653 1275 2741 1325 est
2783 1269 2840 1324 in
2892 1281 3068 1341 regno
3107 1269 3409 1338 calorum,
3444 1273 3634 1343 major

1982 1360 2069 1409 est
2098 1355 2218 1411 illo.
2250 1379 2277 1406 ››
2311 1357 2476 1412 Multi
2526 1358 2597 1412 de
2643 1357 2937 1413 Salvatore
2983 1358 3091 1414 hoc
3142 1359 3390 1431 intelligi
3429 1359 3636 1416 volunt

1982 1445 2133 1513 quod
2166 1445 2265 1515 qui
2293 1447 2486 1501 minor
2514 1450 2604 1501 est
2632 1449 2914 1518 tempore,
2965 1448 3153 1517 major
3204 1447 3282 1503 sit
3325 1448 3630 1520 dignitate.

1982 1532 2097 1589 Nos
2124 1538 2320 1588 autem
2358 1534 2720 1606 simpliciter,
2754 1535 3156 1606 intelligamus
3190 1553 3202 1591 :
3239 1538 3396 1609 quod
3443 1538 3636 1594 omnis

1980 1626 2239 1687 sanctus,
2275 1623 2374 1693 qui
2401 1624 2526 1692 jam
2561 1640 2694 1678 cum
2729 1623 2843 1678 Deo
2875 1629 2983 1693 est,
3017 1625 3208 1694 major
3259 1625 3337 1680 sit
3382 1624 3483 1681 illo
3534 1626 3636 1698 qui

1979 1709 2170 1766 adhuc
2204 1710 2474 1766 consistit
2502 1710 2561 1765 in
2595 1710 2812 1782 pralio.
2845 1711 3018 1767 Aliud
3050 1716 3139 1768 est
3167 1713 3324 1768 enim
3358 1731 3634 1771 coronam
3673 1775 3676 1778 ,

1977 1797 2228 1853 victoria
2260 1799 2578 1871 possidere,
2617 1801 2714 1854 70
2747 1799 2906 1855 aliud
2955 1800 3148 1856 adhuc
3197 1801 3254 1856 in
3301 1803 3423 1858 acie
3469 1802 3642 1858 dimi-

1978 1904 2128 1943 care.
2155 1889 2404 1952 Quidam
2439 1889 2830 1944 novissimum
2854 1889 3132 1961 angelum
3163 1889 3224 1945 in
3255 1890 3415 1947 oculis
3451 1892 3642 1947 Domi-

1983 1993 2056 2032 no
2089 1977 2523 2032 ministrantem
2552 1978 2852 2033 meliorem
2905 1977 3107 2034 volunt
3157 1980 3418 2052 accipere
3449 1980 3637 2052 quoli-

1982 2066 2078 2120 bet
2109 2066 2298 2137 primo
2331 2065 2588 2133 homine,
2624 2067 2722 2138 qui
2752 2071 3017 2122 versetur
3046 2067 3105 2121 in
3139 2068 3332 2124 terris.

2053 2155 2238 2225 (Vers.
2277 2156 2386 2218 12.)
2420 2178 2446 2203 ‹‹
2483 2161 2529 2208 Α
2574 2155 2780 2211 diebus
2831 2160 3024 2211 autem
3074 2156 3320 2212 Joannis
3368 2157 3637 2229 Baptista

1981 2258 2171 2314 usque
2198 2258 2355 2297 nunc
2388 2258 2634 2313 regnum
2668 2243 2947 2298 caelorum
2978 2243 3095 2298 vim
3129 2244 3370 2315 patitur,
3406 2250 3464 2300 et
3510 2247 3637 2302 vio-

1983 2330 2126 2386 lenti
2160 2332 2396 2403 rapiunt
2426 2330 2591 2386 illud.
2627 2354 2655 2380 ››
2688 2332 2747 2386 Si
2779 2332 3010 2403 primus
3037 2333 3314 2401 Joannes,
3358 2337 3421 2387 ut
3455 2351 3638 2407 supra

1983 2420 2263 2486 diximus,
2297 2420 2695 2492 pcenitentiam
2746 2421 2978 2493 populis
3027 2423 3336 2490 nuntiavit,
3383 2423 3634 2480 dicens:

1987 2511 2379 2564 Ptenitentiam
2440 2512 2617 2580 agite;
2691 2512 3153 2582 appropinquavit
3209 2514 3361 2568 enim
3408 2529 3640 2585 regnum

1983 2599 2248 2652 cartorum
2305 2598 2518 2669 (Matth.
2583 2615 2664 2664 III,
2718 2599 2796 2669 2),
2856 2604 3283 2672 consequenter
3337 2619 3372 2657 a
3427 2602 3638 2658 diebus

1984 2686 2144 2740 illius
2203 2702 2448 2757 regnum
2511 2687 2790 2742 calorum
2837 2687 2953 2743 vim
3005 2682 3247 2760 patitur,
3295 2695 3352 2745 et
3397 2690 3637 2747 violenti

1984 2774 2268 2847 diripiunt
2299 2775 2464 2830 illud.
2499 2775 2750 2831 Grandis
2780 2777 2936 2832 enim
2969 2781 3057 2832 est
3087 2776 3382 2845 violentia,
3407 2778 3464 2833 in
3487 2784 3644 2835 terra

1985 2881 2092 2918 nos
2143 2881 2271 2919 esse
2329 2870 2632 2936 generatos
2681 2868 2738 2919 et
2786 2864 3065 2921 caelorum
3116 2866 3315 2921 sedem
3356 2883 3638 2938 quarere,

1984 2953 2283 3024 possidere
2334 2969 2437 3024 per
2488 2953 2782 3022 virtutem,
2832 2953 2987 3024 quod
3037 2971 3151 3010 non
3202 2955 3502 3011 tenuimus
3534 2972 3641 3028 per

1984 3046 2280 3098 naturam.

2055 3131 2240 3203 (Vers.
2276 3131 2386 3201 13.)
2421 3154 2447 3180 ‹‹
2484 3130 2698 3186 Omnes
2729 3130 2885 3186 enim
2917 3132 3212 3204 propheta
3238 3137 3294 3188 et
3318 3133 3431 3188 Lex
3454 3151 3642 3206 usque

1984 3222 2057 3276 ad
2079 3221 2363 3275 Joannem
2393 3220 2904 3291 prophetaverunt.
2927 3243 2956 3270 »
2975 3221 3097 3275 Non
3123 3222 3280 3293 quod
3304 3227 3434 3294 post
3453 3223 3636 3279 Joan-

216 3317 558 3396 pradicatio
586 3314 848 3370 veritatis
897 3311 1013 3367 tale
1058 3309 1236 3365 habet
1283 3308 1707 3363 habitaculum-
1761 3304 1864 3368 Qul
1901 3302 1943 3368 C
1982 3327 2114 3365 nem
2146 3310 2416 3365 excludat
2443 3309 2777 3381 prephetas.
2806 3309 3082 3381 Legimus
3114 3311 3267 3366 enim
3303 3311 3360 3366 in
3394 3313 3636 3368 Actibus

217 3413 418 3463 autem
447 3404 780 3461 adulatores
810 3404 966 3468 sunt,
1001 3404 1057 3454 et
1087 3402 1386 3453 sectantur
1411 3397 1592 3464 lucra,
1621 3400 1677 3450 et
1716 3411 1872 3465 qua-

217 3500 357 3551 runt
375 3493 634 3558 divitias,
650 3495 708 3545 et
727 3487 952 3543 deliciis
974 3486 1244 3551 affluunt,
1261 3491 1318 3540 et
1334 3484 1611 3539 mollibus
1625 3482 1879 3538 vestiun-

215 3589 333 3650 tur,
371 3581 476 3638 isti
505 3581 564 3634 in
599 3577 872 3634 domibus
905 3590 1110 3646 regum
1140 3578 1296 3628 sunt.
1331 3573 1409 3626 Ex
1457 3589 1571 3643 quo
1621 3570 1875 3626 ostendi-

216 3677 315 3730 tur
346 3670 603 3744 rigidam
631 3667 812 3722 vitam
845 3671 901 3721 et
933 3669 1229 3719 austeram
1271 3660 1762 3733 praedicationem,
1793 3659 1878 3714 vi-

218 3767 345 3818 tare
396 3760 609 3816 debere
657 3755 822 3812 aulas
880 3769 1106 3826 regum,
1159 3757 1216 3806 et
1263 3749 1530 3806 mollium
1575 3745 1882 3805 hominum

221 3849 448 3924 palatia
476 3846 789 3904 declinare.
1502 3912 1504 3916 λ

290 3941 488 4010 (Vers.
519 3937 600 4007 9.)
622 3958 650 3986 ‹‹
677 3934 790 3990 Sed
821 3932 962 4004 quid
995 3929 1195 3988 existis
1225 3928 1464 3985 videre?
1494 3926 1881 4000 prophetam?

220 4009 416 4086 Etiam
448 4027 577 4083 dico
602 4024 787 4090 vobis,
820 4027 877 4077 et
905 4021 1221 4094 plusquam
1249 4018 1616 4092 prephetam.
1653 4039 1682 4066 »
1702 4019 1766 4071 In
1817 4031 1883 4071 eo

220 4121 487 4173 Joannes
517 4112 815 4187 prephetis
847 4110 1070 4166 caeteris
1115 4110 1303 4178 major
1350 4114 1458 4175 est,
1509 4107 1664 4178 quod
1707 4121 1882 4178 quem

224 4206 307 4262 illi
335 4205 798 4279 pradicaverant
825 4215 953 4257 esse
982 4204 1314 4264 venturum,
1335 4197 1430 4251 hic
1449 4195 1677 4252 venisse
1700 4194 1883 4267 digito

224 4293 677 4358 demonstravit,
728 4291 927 4346 dicens
978 4305 990 4342 :
1042 4291 1183 4343 Ecce
1232 4289 1414 4357 Agnus
1464 4287 1580 4352 Dei,
1627 4301 1744 4341 ecce
1791 4284 1887 4354 qui

225 4383 378 4441 tollit
403 4385 630 4457 peccata
659 4380 865 4436 mundi
895 4380 1070 4450 (Joa'n.
1131 4395 1170 4442 ι,
1221 4377 1332 4447 '29).
1383 4375 1451 4430 Et
1498 4375 1637 4446 quia
1663 4375 1734 4429 ad
1765 4373 1884 4444 pri-

223 4474 509 4547 vilegium
540 4467 880 4544 prophetale
927 4468 1102 4523 etiam
1149 4465 1418 4537 Baptista
1465 4464 1711 4519 accessit
1739 4479 1883 4534 pra-

227 4563 438 4633 mium,
466 4565 532 4616 ut
561 4557 878 4615 Dominum
911 4572 1085 4611 suum
1112 4558 1150 4589 ει
1200 4552 1542 4625 baptizaret,
1593 4551 1727 4606 inde
1776 4551 1883 4618 [Αἰ.

228 4652 404 4717 unde]
440 4651 621 4706 infert
648 4647 994 4702 meritorum
1049 4641 1261 4715 αῧξῃσιν
1309 4644 1350 4708 2,
1384 4641 1602 4696 faciens
1648 4641 1718 4695 de
1767 4639 1886 4693 Ma-

227 4738 422 4794 lachia
451 4736 884 4802 testimonium,
915 4733 976 4788 in
1009 4749 1124 4805 quo
1154 4732 1330 4786 etiam
1384 4728 1628 4802 angelus
1675 4728 1888 4800 pradi-

229 4833 397 4884 catur
448 4826 715 4899 (Malach.
769 4841 853 4891 ιιι,
912 4825 983 4892 1).
1032 4820 1324 4892 Angelum
1387 4823 1582 4874 autem
1630 4818 1726 4873 hic
1774 4817 1888 4873 dici

229 4917 524 4974 Joannem
552 4932 666 4971 non
691 4919 971 4986 putemus
993 4913 1216 4966 natura
1245 4909 1546 4975 societate,
1583 4909 1682 4963 sed
1715 4906 1890 4963 ofﬁcii

232 5006 542 5079 dignitate,
577 5005 634 5059 id
666 5007 756 5060 est
784 5001 1084 5067 nuntium,
1128 4999 1283 5071 quod
1333 5003 1645 5053 venturum
1693 4995 1888 5052 Domi-

234 5111 377 5150 num
410 5092 722 5150 nuntiarit.

306 5184 499 5257 (Vers.
528 5183 641 5253 H.)
678 5204 698 5230 α
733 5183 917 5236 Amen
969 5178 1096 5234 dico
1146 5177 1330 5245 vobis,
1367 5193 1481 5232 non
1513 5174 1765 5230 surrexit
1801 5174 1890 5228 in-
1939 5200 1944 5206 ·

230 5277 322 5329 ter
352 5277 528 5326 natos
559 5271 873 5326 mulierum
908 5268 1095 5337 major
1123 5265 1345 5321 Joanne
1379 5264 1707 5336 Baptista.»
1736 5267 1893 5317 Inter

231 5367 428 5429 natos,
465 5360 676 5432 inquit,
705 5357 1043 5414 mulierum.
1077 5356 1180 5410 His
1210 5372 1345 5428 ergo
1379 5354 1684 5426 praefertur
1703 5352 1890 5408 homi-

234 5453 434 5520 nibus,
474 5448 574 5522 qui
605 5449 675 5504 de
701 5446 1044 5504 mulieribus
1067 5444 1188 5500 nati
1212 5447 1370 5510 sunt,
1401 5447 1457 5498 et
1485 5443 1557 5498 de
1579 5440 1890 5497 concubitu

308 5614 324 5646 ¹
361 5611 618 5676 Rhabb.,
653 5613 702 5665 et
732 5609 822 5663 cui
847 5607 919 5663 ad
941 5606 1231 5678 fastigium
1258 5605 1576 5676 prophetale
1597 5605 1764 5660 etiam
1785 5607 1894 5660 Ba-

234 5686 416 5758 ptista
446 5684 653 5758 accepit
680 5681 1056 5758 privilegium,
1090 5687 1153 5734 ut
1180 5694 1361 5758 suam,
1395 5681 1503 5758 eto.

309 5759 332 5792 ³
361 5757 424 5812 In
459 5747 630 5812 codd.
656 5747 800 5808 mss.
852 5747 1177 5806 Meritorum
1208 5747 1528 5820 adﬁnemid
1562 5753 1670 5818 est,
1693 5749 1900 5805 auctio-

529 5882 796 5946 PATROL.
841 5876 1052 5944 XXVI.

1985 3399 2403 3471 apostolorum,
2463 3404 2519 3453 et
2573 3399 2838 3471 Agabum
2897 3401 3278 3470 prophetasse
3349 3405 3489 3474 (cap.
3553 3417 3634 3473 x1,

1984 3505 2120 3544 vers.
2154 3489 2268 3558 28),
2301 3492 2357 3542 et
2395 3490 2648 3558 quatuor
2689 3487 2944 3558 virgines
2991 3487 3144 3543 ﬁlias
3193 3488 3442 3561 Philippi
3496 3491 3638 3561 (cap.

1985 3595 2102 3644 xxi,
2137 3593 2272 3631 vers.
2327 3580 2434 3642 Ix);
2488 3577 2589 3630 sed
2647 3576 2802 3646 quod
2864 3577 2977 3631 Lex
3031 3581 3087 3632 et
3146 3577 3443 3648 Propheta
3493 3595 3643 3650 quos

1992 3666 2243 3737 scriptos
2301 3663 2575 3736 legimus,
2647 3663 2926 3734 quidquid
3005 3664 3518 3737 prophetaverunt,
3574 3667 3647 3723 de

1993 3755 2235 3810 Domino
2265 3753 2563 3808 vaticinati
2596 3757 2756 3808 sunt.
2792 3754 3033 3818 Quando
3064 3771 3201 3827 ergo
3233 3755 3450 3811 dicitur
3477 3772 3489 3811 :
3517 3756 3645 3812 0m-

1989 3860 2084 3899 nes
2131 3842 2416 3914 Pr0pheta
2447 3851 2498 3896 et
2531 3847 2642 3896 Lex
2673 3859 2847 3914 usque
2877 3842 2948 3897 ad
2986 3844 3255 3899 Joannem
3299 3846 3650 3916 prophetave-

1992 3939 2142 4000 runt,
2175 3930 2391 3986 Christi
2425 3934 2660 4002 tempus
2692 3931 3040 4001 ostenditur,
3072 3937 3137 3987 ut
3167 3949 3340 4004 quem
3373 3933 3459 3988 illi
3491 3933 3650 3989 dixe-

1992 4024 2131 4076 runt
2167 4036 2296 4075 esse
2342 4023 2679 4087 venturum,
2710 4019 2968 4074 Joannes
3017 4020 3246 4076 venisse
3295 4023 3646 4078 ostenderet.

2064 4108 2244 4178 (Vers.
2302 4107 2591 4176 14,15.)‹‹
2627 4109 2692 4161 Et
2732 4107 2781 4162 si
2828 4107 3006 4162 vultis
3058 4109 3332 4180 recipere,
3384 4110 3510 4182 ipse
3564 4119 3652 4166 est

1992 4196 2146 4253 Elias
2179 4195 2278 4268 qui
2310 4200 2592 4250 venturus
2629 4200 2736 4250 est.
2783 4195 2890 4259 Qui
2923 4195 3098 4251 habet
3145 4214 3315 4252 aures
3347 4198 3644 4266 audiendi,

1995 4287 2214 4343 audiat.
2253 4309 2274 4334 ιι
2315 4286 2428 4340 Hoc
2459 4285 2610 4354 quod
2639 4283 2860 4339 dictum
2905 4287 2994 4339 est
3027 4301 3038 4338 :
3073 4284 3134 4340 Si
3164 4286 3333 4340 vultis
3381 4291 3646 4357 recipere,

1995 4379 2109 4447 ipse
2138 4380 2215 4431 est
2246 4376 2414 4441 Elius,
2450 4372 2764 4445 mysticum
2796 4389 2924 4428 esse
2954 4378 3011 4428 et
3039 4389 3205 4446 egere
3235 4373 3644 4446 intelligentia,

1995 4481 2247 4536 sequens
2296 4480 2488 4518 sermo
2537 4462 2767 4517 Domini
2816 4463 3202 4529 demonstrat,
3259 4464 3505 4520 dicens:
3546 4465 3650 4532 Qui

1995 4554 2153 4607 habet
2185 4569 2348 4607 aures
2378 4552 2668 4614 audiendi,
2702 4551 2912 4606 audiat.
2946 4551 3004 4606 Si
3038 4553 3194 4607 enim
3237 4552 3448 4624 planus
3497 4557 3652 4609 esset

1999 4659 2229 4710 sensus,
2289 4647 2344 4696 et
2394 4641 2708 4696 manifesta
2757 4642 3066 4710 sententia,
3101 4642 3242 4714 quid
3276 4658 3512 4698 necesse
3543 4643 3653 4697 fuit

2001 4748 2107 4786 nos
2138 4731 2208 4786 ad
2241 4730 2400 4785 illius
2430 4731 2885 4802 intelligentiam
2918 4731 3274 4803 praparari?
3323 4731 3478 4787 Elius
3521 4748 3659 4804 ergo

1998 4822 2253 4877 Joannes
2284 4821 2645 4886 dicitur,non
2681 4820 3006 4875 secundum
3043 4821 3254 4876 stultos
3279 4821 3660 4894 philosophos

2000 4914 2057 4965 et
2086 4910 2375 4981 quosdam
2406 4909 2730 4976 haereticos,
2763 4910 2863 4982 qui
2916 4907 3340 4983 μετεμψὺχωσιν
3391 4910 3664 4966 introdu-

2000 5002 2140 5054 cunt
2175 5017 2186 5053 :
2223 4999 2322 5054 sed
2355 4998 2510 5069 quod
2537 4999 2710 5069 juxta
2743 4997 2901 5053 aliud
2937 4991 3344 5055 testimonium
3369 4997 3662 5069 Evangelii

1999 5088 2221 5144 venerit
2251 5089 2309 5142 in
2344 5087 2556 5158 spiritu
2605 5093 2663 5143 et
2709 5088 2924 5143 virtute
2958 5087 3112 5158 Elia,
3149 5089 3415 5144 eamdem
3471 5087 3662 5142 sancti

2000 5177 2252 5248 Spiritus
2282 5177 2368 5231 vel
2392 5177 2639 5248 gratiam
2664 5175 2955 5243 habuerit,
2985 5179 3073 5233 vel
3099 5177 3577 5234 mensuram.Sed
3605 5177 3663 5230 et

2000 5267 2126 5320 vita
2140 5265 2454 5320 austeritas
2477 5265 2748 5337 rigorque
2769 5267 2981 5322 mentis
3006 5267 3136 5321 Elia
3152 5271 3208 5321 et
3223 5264 3466 5321 Joannis
3488 5279 3658 5334 pares
3691 5297 3695 5300 -

2002 5353 2270 5412 sunt.llle
2286 5354 2441 5409 enim
2469 5355 2527 5408 in
2552 5355 2882 5419 cremo,isle
2905 5357 2961 5411 in
2984 5372 3176 5411 eremo
3202 5370 3215 5409 :
3240 5353 3334 5408 ille
3356 5368 3500 5405 zona
3530 5351 3653 5424 pel-

2004 5444 2149 5499 licea
2179 5443 2606 5516 cingebatur,et
2636 5445 2744 5498 iste
2777 5445 2969 5500 simile
2996 5443 3201 5498 habuit
3220 5438 3658 5512 cingulum.llle

2007 5623 2135 5661 nem
2163 5606 2390 5674 faciens.
2427 5604 2612 5659 MART.
2665 5615 2686 5638 '

2077 5679 2098 5711 3
2131 5672 2246 5731 Hoc
2278 5677 2452 5730 modo
2484 5675 2685 5748 legunt
2732 5690 2949 5748 omnes,
2983 5689 3126 5748 m_s_s.
3161 5672 3219 5729 in
3253 5679 3427 5732 antea
3457 5676 3657 5748 editis,

2007 5747 2099 5807 sed
2124 5749 2389 5806 Joannem
2417 5743 2631 5806 caeteris
2660 5746 2990 5817 exagitavit.
3022 5743 3210 5803 Man'r.

3345 5876 3380 5937 3
