4182 6594
344 3842 455 3880 λ“““
504 3856 697 3930 ἀγορᾷ,
770 3854 926 3926 quod

529 448 605 502 ⁸75
1778 442 1843 500 S.
1890 438 2203 501 EUSEBII
2249 438 2692 499 HIERONYMI
3854 440 3944 499 '16

527 573 807 645 quoniam
838 586 1034 642 regem
1061 570 1249 626 Achab
1273 574 1329 625 et
1349 570 1921 643 Jezabelimpietatis
1953 570 2166 639 arguit,
2198 571 2252 635 Α
2285 570 2390 637 [ΑΙ.
2443 573 2577 624 taret
2634 569 2755 638 Dei]
2806 567 3124 639 jejunium,
3183 570 3240 622 et
3295 567 3664 624 saturitatem
3710 566 3942 640 pariter

524 662 727 735 fugere
779 659 1119 731 compulsus
1169 665 1258 714 est
1298 660 1404 731 (III
1441 661 1573 732 Reg.
1630 677 1745 725 xxx,
1777 661 1860 731 3);
1890 659 2001 713 iste
2037 657 2174 729 quia

524 749 769 806 Herodis
798 752 855 804 et
875 748 1215 803 Herodiadis
1260 747 1493 804 illicitas
1543 748 1737 820 arguit
1783 747 2041 819 nuptias,
2076 762 2169 800 ca-

524 838 644 911 pite
673 841 981 894 truncatur
1009 836 1218 904 (Matth.
1250 850 1367 907 xrv,
1402 837 1733 908 3-11).Sunt
1763 836 1862 906 qui
1903 838 2171 907 pr0pter-

525 943 593 983 ea
619 925 926 995 Joannem,
959 924 1143 980 Eliam
1174 925 1364 980 vocari
1403 929 1634 995 putant,
1688 924 1843 996 quod
1876 923 2170 995 quomodo

523 1014 585 1071 in
601 1015 860 1072 secundo
882 1012 1200 1070 Salvatoris
1222 1013 1472 1069 adventu
1487 1014 1657 1085 juxta
1669 1011 2167 1082 Malacbiam(eap.

524 1120 602 1170 1v,
652 1120 792 1159 vers.
843 1103 898 1175 5)
946 1118 1340 1173 praecessurus
1388 1106 1476 1157 est
1522 1101 1698 1167 Elias,
1736 1103 1827 1156 71
1865 1105 1923 1157 et
1961 1104 2169 1155 ventu-

508 1208 655 1248 'rum
678 1192 939 1264 judicem
984 1190 1364 1247 nuntiaturus
1410 1206 1424 1246 :
1473 1190 1557 1245 sic
1598 1191 1857 1245 Joannes
1886 1189 1947 1243 in
1979 1187 2167 1260 primo

522 1281 775 1338 adventu
821 1281 1053 1348 fecerit;
1086 1286 1143 1335 et
1172 1284 1417 1350 uterque
1447 1279 1523 1334 sit
1563 1278 1805 1335 nuntius
1852 1275 1940 1333 vel
1991 1276 2167 1349 primi

524 1371 805 1427 adventus
837 1369 1085 1439 Domini,
1119 1368 1205 1424 vel
1240 1368 1501 1424 secundi.

584 1544 1103 1620 (Vers.l6-19.)Cui
1133 1548 1329 1600 autem
1369 1543 1625 1599 similem
1657 1542 1960 1599 aestimabo
1991 1558 2163 1616 gene-

511 1637 798 1693 rationem
819 1636 995 1691 istam
1012 1635 1040 1689 ?
1059 1633 1280 1689 Similis
1304 1637 1392 1689 est
1411 1632 1609 1705 pueris
1628 1632 1967 1688 sedentibus
1984 1632 2045 1687 in
2078 1632 2160 1687 fo-

513 1724 709 1797 ro,qui
723 1724 1046 1780 clamantes
1059 1721 1449 1793 coaequalibus
1461 1721 1590 1778 suis
1602 1720 2162 1776 dicunt:Cecinimus

511 1814 762 1884 vobis,et
780 1829 894 1868 non
920 1810 1180 1867 saltastis
1204 1827 1216 1864 :
1243 1809 1696 1866 lamentavimus
1715 1810 1878 1865 vobis
1908 1813 1948 1878 ί,
1964 1815 2019 1864 et
2044 1826 2159 1865 non

516 1902 845 1975 planxistis.
863 1900 1037 1956 Venit
1064 1900 1219 1955 enim
1249 1900 1527 1970 Joannes,
1550 1915 1739 1971 neque
1770 1899 2155 1966 manducans,

513 2008 704 2063 neque
733 1990 960 2061 bibens,
992 1992 1050 2044 et
1079 1988 1281 2043 dicunt
1308 2004 1321 2043 :
1355 1988 1719 2043 Daemonium
1762 1988 1956 2043 habet.
1989 1987 2159 2042 Venit

512 2079 696 2136 Filius
727 2078 1005 2146 hominis,
1039 2078 1405 2133 manducans
1453 2082 1510 2132 et
1556 2077 1789 2145 bibens,
1819 2081 1877 2131 et
1906 2077 2109 2131 dicunt
2140 2094 2154 2133 :

512 2168 654 2225 Ecce
700 2167 878 2223 homo
924 2180 1118 2234 vorax,
1164 2170 1221 2221 et
1264 2169 1494 2237 potator
1524 2165 1663 2233 vini,
1707 2164 2154 2238 publicanorum

509 2261 566 2313 et
596 2261 964 2330 peccatorum
996 2255 1241 2310 amicus.
1276 2255 1342 2310 Et
1362 2254 1688 2326 justificata
1704 2259 1793 2310 est
1814 2254 2101 2327 sapientia
2121 2271 2155 2309 a

508 2346 648 2402 ﬁliis
678 2346 822 2402 suis.
859 2368 887 2395 »
920 2344 1124 2400 Pueris
1154 2344 1213 2399 in
1241 2344 1363 2399 foro
1395 2343 1736 2399 sedentibus
1786 2348 1843 2398 et
1892 2344 2150 2399 claman-

502 2434 665 2491 tibus
711 2438 887 2505 atque
932 2431 1260 2487 dicentibus
1309 2431 1381 2486 ad
1433 2430 1755 2502 coaequales
1785 2447 1969 2485 suos:
2006 2430 2152 2485 Ceci-

507 2526 696 2579 nimus
722 2523 891 2588 vobis,
924 2524 977 2577 et
1002 2537 1113 2576 non
1149 2521 1388 2575 saltastis
1436 2538 1455 2574 :
1508 2521 1796 2575 lamentati
1843 2536 2053 2590 sumus,
2099 2526 2152 2574 et

505 2628 617 2668 non
657 2611 977 2683 planxistis,
1026 2612 1402 2681 comparatur
1453 2608 1748 2679 generatio
1794 2608 2148 2675 Judmorum,

503 2701 803 2774 Scriptura
849 2699 1115 2754 dicente:
1149 2699 1258 2755 Cui
1290 2698 1529 2752 similem
1581 2698 1861 2752 mstimabo
1910 2713 2146 2770 genera-

505 2792 711 2847 tionem
738 2791 935 2844 istam?
964 2788 1178 2842 Similis
1210 2790 1303 2841 -est
1348 2788 1533 2858 pueris
1561 2787 1870 2841 sedentibus
1903 2790 1961 2840 in
2001 2787 2145 2859 foro,

501 2884 561 2936 et
590 2878 817 2951 reliqua
864 2878 1016 2949 (Luc.
1062 2893 1164 2944 vu,
1213 2877 1302 2945 31,
1353 2878 1464 2944 32).
1510 2875 1636 2933 Non
1677 2892 1812 2948 ergo
1845 2876 2014 2931 nobis
2043 2876 2146 2931 tri-

505 2969 710 3024 buitur
752 2967 940 3021 libera
984 2965 1390 3036 intelligentia,
1440 2968 1497 3019 et
1544 2964 1831 3034 allegoria:
1858 2963 2145 3035 interpre-

503 3056 646 3113 tatio
696 3055 1021 3128 passiva’:
1070 3054 1171 3109 sed
1222 3052 1506 3124 quidquid
1553 3052 1767 3106 dicturi
1817 3069 2026 3109 sumus
2076 3054 2146 3109 de

501 3144 723 3218 pueris,
755 3144 827 3199 ad
858 3140 1306 3198 similitudinem
1339 3140 1729 3213 generationis
1771 3145 1860 3195 est
1892 3141 2145 3197 referen-

502 3234 665 3290 dum.
697 3232 869 3288 Pueri
926 3231 1024 3287 isti
1073 3230 1176 3302 qui
1229 3230 1434 3285 sedent
1485 3230 1543 3284 in
1592 3230 1737 3295 foro,
1784 3229 1843 3285 bi
1892 3235 2027 3285 sunt
2073 3231 2143 3286 de

2283 658 2635 728 spreveritis.
2712 658 2810 713 72
2862 657 2921 711 Si
2972 656 3268 727 jejunium
3334 656 3503 711 vobis
3561 656 3771 728 placet,
3833 673 3949 714 cur

2279 748 2530 802 Joannes
2573 744 2912 818 displicuit?
2967 745 3027 801 Si
3085 744 3387 812 saturitas,
3445 760 3551 800 cur
3597 744 3781 801 Filius
3826 744 3944 802 ho-

2282 835 2458 890 minis
2514 835 2853 907 displicuit?
2910 836 3167 900 Quorum
3233 833 3503 901 alterum,
3576 833 3940 892 daemonium

2280 922 2588 979 habentem
2648 925 2797 991 (Luc.
2848 940 2949 993 vn,
3001 922 3113 991 33),
3164 920 3437 992 alterum,
3498 925 3826 979 voratorem
3878 927 3945 981 et

2278 1011 2507 1066 ebrium
2556 1012 2909 1084 nuncupatis
2949 1012 3057 1079 [Αἰ.
3105 1009 3537 1082 nuncupastis].
3588 1011 3739 1084 Ergo
3788 1013 3940 1084 quia

2276 1115 2378 1155 vos
2409 1099 2681 1155 noluistis
2710 1104 3021 1171 utramque
3052 1099 3307 1171 recipere
3328 1098 3730 1172 disciplinam,
3754 1099 3942 1171 justi-

2277 1188 2448 1243 ﬁcata
2473 1193 2563 1243 est
2591 1189 2879 1260 sapientia
2908 1204 2942 1243 a
2964 1188 3101 1243 ﬁliis
3132 1189 3257 1243 suis
3285 1205 3298 1243 :
3334 1187 3390 1243 id
3424 1193 3533 1256 est,
3555 1188 3658 1246 Dei
3688 1189 3937 1263 dispen-

2277 1277 2425 1332 satio
2456 1282 2631 1348 atque
2662 1277 2942 1332 doctrina.
2983 1277 3050 1331 Et
3082 1294 3187 1349 ego
3218 1277 3321 1349 qui
3351 1293 3485 1333 sum
3516 1278 3617 1334 Dei
3647 1277 3837 1334 virtus
3878 1282 3943 1335 et

2276 1366 2373 1419 Dei
2408 1365 2699 1437 sapientia
2728 1367 2779 1435 (I
2806 1365 2929 1422 Cor.
2968 1367 3081 1434 24),
3109 1367 3271 1436 justo
3299 1366 3511 1422 fecisse
3542 1366 3614 1422 ab
3647 1366 3939 1439 apostolis

2277 1456 2424 1509 meis
2482 1453 2622 1509 filiis
2679 1455 3091 1526 comprobatus
3167 1470 3326 1523 sum,
3390 1454 3605 1527 quibus
3657 1454 3942 1513 re'velavit

2258 1534 2461 1611 'Pater,
2512 1560 2638 1614 quae
2690 1561 2725 1599 a
2770 1543 3133 1616 sapientibus
3185 1544 3571 1600 absconderat
3599 1543 3813 1615 (Matth.
3846 1560 3940 1615 ιι,

2270 1632 2384 1703 25),
2412 1637 2468 1688 et
2498 1633 2887 1704 prudentibus
2917 1633 3070 1704 apud
3104 1632 3450 1705 semetipsos
3472 1633 3642 1704 (Rom.
3679 1649 3779 1703 xu,
3813 1634 3933 1706 16).

2272 1720 2334 1775 In
2385 1722 2735 1793 quibusdam
2784 1720 3111 1794 Evangeliis
3160 1721 3373 1794 legitur
3419 1739 3433 1777 :
3480 1723 3788 1794 Justiﬁcata
3844 1731 3943 1780 est

2268 1811 2540 1881 sapientia
2569 1810 2635 1865 ab
2688 1811 2940 1881 aperibus
2964 1812 3080 1865 suis
3108 1810 3261 1881 (Luc.
3306 1827 3406 1878 vn,
3456 1812 3568 1882 35).
3621 1811 3934 1884 Sapientia

2271 1900 2487 1971 quippe
2513 1916 2627 1954 non
2659 1899 2865 1971 quaerit
2882 1898 3039 1954 vocis
3059 1899 3488 1969 testimonium,
3520 1900 3622 1955 sed
3652 1916 3929 1973 operum.

2336 1989 2523 2059 (Vers.
2555 1987 2672 2059 20.)
2710 2007 2733 2037 ι
2766 1989 2931 2043 Tunc
2980 1987 3152 2060 coepit
3197 1989 3546 2061 exprobrare
3575 1989 3924 2048 cisitatibns

2264 2076 2325 2132 in
2356 2078 2571 2149 quibus
2620 2082 2760 2132 sunt
2800 2078 2961 2132 facta:
3002 2077 3267 2149 plurimae
3313 2077 3559 2134 virtutes
3587 2078 3740 2149 ejus,
3771 2080 3922 2152 quia

2265 2183 2378 2222 non
2411 2166 2670 2238 egissent
2698 2166 3166 2237 pmnitentiam.»
3201 2167 3576 2239 Exprobratio
3608 2167 3921 2226 civitatum

2262 2255 2557 2326 Corozain,
2605 2259 2662 2311 et
2708 2254 3028 2311 Bethsaidae
3079 2259 3136 2311 et
3181 2254 3613 2327 Capharnaum,
3665 2256 3918 2329 capituli

2262 2343 2442 2415 hujus
2493 2342 2660 2399 titulo
2718 2345 3013 2415 panditur.
3065 2345 3227 2409 Quod
3282 2344 3413 2400 ideo
3470 2344 3919 2418 exprobraverit

2261 2433 2365 2501 eis,
2399 2432 2537 2505 quia
2567 2437 2698 2504 post
2731 2433 2911 2488 factas
2941 2433 3188 2488 virtutes
3236 2437 3294 2489 et
3339 2434 3509 2506 signa
3537 2433 3917 2508 quampluri-

2261 2539 2378 2593 ma,
2409 2538 2524 2577 non
2556 2522 2779 2593 egerint
2808 2521 3231 2593 paenitentiam.

2331 2612 2517 2683 (Vers.
2566 2612 2655 2681 21,
2705 2613 2819 2681 22.)
2879 2632 2907 2661 ‹‹
2953 2610 3048 2665 Va:
3096 2612 3225 2681 tibi,
3280 2611 3590 2681 Corozain;
3642 2629 3723 2669 va
3771 2613 3912 2685 tibi,

2258 2700 2574 2756 Bethsaida
2606 2717 2618 2755 :
2653 2700 2792 2772 quia
2821 2700 2869 2755 si
2902 2699 2961 2755 in
2993 2700 3144 2772 Tyro
3173 2705 3229 2756 et
3257 2701 3472 2757 Sidone
3504 2702 3667 2758 facta
3705 2709 3917 2761 essent

2256 2789 2497 2845 virtutes
2548 2806 2673 2861 qum
2705 2790 2866 2844 facta:
2915 2795 3054 2845 sunt
3108 2790 3171 2845 in
3215 2789 3399 2860 vobis,
3452 2790 3594 2847 olim
3623 2791 3683 2847 in
3712 2792 3914 2849 cilicio

2255 2883 2313 2934 et
2343 2877 2534 2933 cinere
2560 2878 2957 2950 pmnitentiam
2999 2881 3277 2951 egissent.
3324 2879 3739 2936 Verumtamen
3771 2880 3915 2938 dico

2253 2967 2418 3022 vobis
2448 2983 2462 3021 :
2490 2967 2640 3038 Tyro
2671 2970 2728 3021 et
2754 2965 2954 3021 Sidoni
2986 2966 3292 3021 remissius
3317 2965 3428 3022 erit
3457 2965 3517 3021 in
3548 2967 3641 3022 die
3661 2967 3910 3039 judicii,

2255 3072 2431 3127 quam
2461 3055 2647 3111 vobis.
2678 3077 2705 3105 »
2740 3053 3056 3110 Cborozain
3104 3058 3161 3109 et
3209 3054 3540 3123 Bethsaida,
3572 3054 3747 3112 nrbes
3779 3056 3909 3113 Ga-

2251 3144 2434 3216 lilaeze,
2469 3161 2502 3200 a
2540 3143 2835 3200 Salvatore
2887 3143 3266 3216 planguntur,
3328 3145 3479 3216 quod
3542 3148 3675 3216 post
3734 3148 3909 3205 tanta

2253 3234 2420 3307 signa
2448 3238 2633 3305 atque
2667 3234 2912 3288 virtutes
2961 3249 3076 3288 non
3126 3232 3351 3303 egerint
3382 3232 3806 3304 pmnitentiam,
3841 3239 3907 3292 et

500 3323 715 3397 quibus
773 3320 953 3378 Isaias
1009 3318 1271 3390 loquitur
1318 3337 1335 3372 :
1383 3319 1520 3374 Ecce
1560 3334 1663 3391 ego
1708 3328 1759 3374 et
1800 3321 1967 3390 pueri
2007 3322 2136 3389 mei,
2170 3310 2212 3377 C
2248 3323 2635 3394 prmferuntur
2661 3322 2746 3377 eis
2774 3323 2959 3395 Tyrus
3001 3324 3058 3377 et
3100 3321 3300 3387 Sidon,
3333 3322 3507 3377 urbes
3553 3321 3906 3380 idololatria

497 3427 631 3484 quos
657 3410 809 3467 dedit
838 3410 979 3464 mihi
1006 3410 1146 3463 Deus
1193 3407 1319 3477 (Isa.
1368 3424 1491 3472 vm,
1546 3409 1655 3479 18).
1704 3408 1769 3461 Et
1807 3408 1866 3462 in
1917 3409 2141 3465 decimo

493 3505 696 3557 octavo
752 3497 979 3571 psalmo
1047 3497 1207 3569 (vers.
1267 3498 1321 3564 8)
1386 3513 1399 3551 :
1469 3497 1863 3551 Testimonium
1923 3498 2143 3553 Domini

494 3588 670 3661 ﬁdele,
729 3586 1054 3659 sapientiam
1107 3592 1378 3656 prmstans
1431 3586 1699 3656 parvulis.
1734 3586 1800 3639 Et
1838 3584 1978 3641 alibi
2014 3604 2026 3642 :
2058 3588 2143 3641 Ea:

494 3694 586 3733 ore
615 3679 920 3749 infantium
950 3684 1001 3731 et
1038 3676 1356 3729 laetantium
1389 3675 1670 3744 perfecisti
1712 3675 1927 3729 laudem
1958 3675 2137 3745 (Psal.

494 3784 623 3838 VIII,
656 3767 733 3838 3).
768 3765 868 3820 lsti
899 3780 1034 3835 ergo
1086 3765 1248 3834 pueri
1299 3763 1576 3817 sederunt
1625 3763 1684 3817 in
1733 3763 1878 3829 foro,
1935 3765 2053 3820 sive
2086 3762 2136 3817 ἐν

1010 3850 1436 3923 significantius
1496 3851 1689 3906 Grazce
1744 3852 1977 3921 dicitur,
2038 3856 2138 3909 ubi

497 3944 685 4000 multa
712 3941 936 3999 venalia
987 3945 1143 3996 sunt.
1186 3944 1253 3993 Et
1306 3939 1445 4012 quia
1492 3940 1745 4012 populus
1796 3941 2135 4000 Judaeorum

498 4033 700 4091 audire
748 4030 1000 4102 nolebat,
1034 4046 1148 4085 non
1206 4030 1255 4085 ei
1314 4035 1542 4084 tantum
1596 4029 1772 4085 locuti
1822 4037 1981 4099 sunt,
2031 4036 2133 4089 sed

492 4122 683 4196 plenis
730 4120 996 4176 faucibus
1044 4118 1503 4175 inclamaverunt
1554 4136 1567 4175 :
1623 4118 1929 4177 Ceeim'mus
1986 4123 2134 4178 vobis

488 4216 540 4268 et
594 4227 706 4266 non
758 4210 1041 4275 saltastis;
1100 4208 1540 4279 provocavimus
1612 4212 1676 4263 ut
1739 4209 1810 4264 ad
1864 4214 2130 4266 nostrum

485 4301 777 4357 canticum
828 4299 983 4354 bona
1043 4313 1214 4369 opera
1264 4296 1551 4363 faceretis,
1604 4301 1661 4350 et
1708 4296 1999 4353 saltaretis
2056 4299 2129 4354 ad

480 4394 743 4446 nostram
768 4386 995 4453 tibiam,
1017 4385 1170 4440 sicut
1191 4383 1425 4439 saltavit
1452 4390 1509 4439 et
1558 4384 1732 4439 David
1775 4390 1909 4440 ante
1931 4402 2126 4442 arcam

479 4476 711 4533 Domini
759 4476 832 4547 (ll
876 4479 1006 4544 Reg.
1057 4490 1138 4540 VI,
1196 4473 1302 4544 14),
1352 4477 1407 4528 et
1450 4472 1741 4529 noluistis.
1799 4475 2125 4532 Lamentati

483 4582 714 4636 sumus,
736 4569 793 4619 et
819 4579 922 4618 vos
952 4563 1023 4616 ad
1055 4562 1453 4633 pmnitentiam
1485 4563 1942 4634 provocavimus,
1967 4569 2025 4620 et
2053 4582 2124 4622 ne

478 4655 591 4710 hoc
620 4654 859 4726 quidem
890 4651 1077 4706 facere
1108 4650 1393 4718 voluistis,
1429 4658 1770 4723 spernentes
1813 4658 2123 4726 utramque
2157 4680 2203 4745 Β

481 4740 973 4815 praedicationem,
1040 4744 1161 4794 tam
1232 4739 1649 4796 exhortationis
1720 4743 1791 4797 ad
1856 4742 2127 4811 virtutes,

482 4846 661 4904 quam
690 4828 1040 4901 pmnitentize
1073 4833 1203 4900 post
1228 4833 1481 4900 peccata.
1524 4830 1638 4885 Nec
1687 4832 1904 4886 mirum
1938 4832 1985 4886 si
2018 4832 2126 4886 du-

483 4919 696 4993 plicem
742 4918 897 4973 viam
948 4918 1416 4989 contempseritis
1460 4919 1689 4989 salutis,
1740 4937 1875 4975 cum
1924 4924 1981 4975 et
2028 4920 2127 4976 Dei

556 5045 570 5077 ¹
610 5041 870 5114 Plerique
899 5041 1067 5097 codd.
1100 5045 1292 5114 tacent
1317 5044 1465 5097 vobis
1510 5062 1529 5100 :
1571 5043 1671 5099 alii
1709 5044 2001 5101 'Iamenlati
2030 5062 2122 5100 su-

478 5131 622 5180 mus,
655 5130 756 5187 pro
779 5112 1222 5187 'lamenlauimus,
1256 5112 1475 5185 legunt.

551 5189 573 5221 ³
603 5185 669 5241 In
698 5202 876 5241 mass.
910 5185 1102 5257 codd..
1142 5186 1436 5255 allegorica
1485 5188 1928 5257 interpretatione
1978 5189 2122 5257 posi-

476 5263 607 5315 tiva.
640 5261 823 5312 MART.
874 5288 941 5296 —
987 5256 1110 5310 Duo
1169 5258 1348 5311 Palat.
1404 5258 1595 5321 codd.,
1630 5256 2118 5326 interpretatione.

475 5331 723 5395 Quidam
754 5335 811 5384 et
836 5330 1130 5398 allegorica
1162 5345 1263 5399 pro
1294 5329 1558 5398 allegoria
1606 5332 1934 5399 praeferunt.
1986 5332 2119 5394 Quae

476 5408 634 5473 patet
662 5403 720 5457 in
752 5406 1062 5473 utramque
1109 5406 1353 5469 partem,
1405 5400 1763 5473 allegoriam,
1811 5402 1932 5456 sive
1979 5402 2116 5456 alle-

473 5470 1238 5544 goriaarinterpretationem,
1273 5470 1564 5544 passivam
1601 5471 1987 5544 Hieronymus
2016 5490 2120 5527 vo-

471 5542 584 5598 cat.
620 5543 711 5599 Sic
742 5543 982 5597 Tertull.
1016 5545 1101 5596 Ad
1131 5558 1361 5596 umorem
1410 5542 1505 5595 lib.
1558 5558 1598 5611 ι,
1630 5542 1913 5597 Passivam
1950 5546 2119 5599 lieen-

469 5618 633 5685 tiam,
667 5614 829 5679 dixit,
862 5632 987 5685 quae
1020 5614 1091 5667 ab
1122 5613 1399 5667 omnibus
1447 5619 1848 5683 usm‘paretur.
1905 5616 1973 5669 Et
2013 5615 2113 5671 lib.

468 5688 744 5759 adversus
766 5687 1193 5759 Valentinianus,
1229 5700 1353 5756 cap.
1377 5700 1451 5759 Χῖ
1514 5685 2111 5759 Passivosrdz'scipulos,

466 5760 526 5818 id
549 5762 661 5832 est,
691 5756 1032 5814 dissolutos.
1063 5759 1131 5814 Et
1152 5763 1341 5813 contra
1368 5756 1695 5813 Marcionem
1737 5757 1836 5816 lib.
1891 5756 1942 5830 ι,
1983 5756 2110 5835 cap.

2249 3416 2306 3465 et
2354 3411 2511 3467 vitiis
2568 3411 2796 3466 deditae.
2843 3410 3238 3465 Praeferuntur
3281 3413 3476 3467 autem
3534 3409 3685 3481 ideo,
3735 3413 3902 3483 quod

2248 3500 2436 3572 Tyrus
2460 3505 2517 3555 et
2538 3499 2715 3555 Sidon
2748 3498 3076 3554 naturalem
3105 3502 3335 3554 tantum
3389 3497 3579 3571 legem
3633 3498 3903 3557 calcave-

2247 3588 2383 3658 rint,
2416 3589 2540 3644 ista:
2571 3606 2703 3646 vero
2735 3593 2867 3662 post
2907 3587 3432 3660 transgressionem
3482 3587 3772 3644 naturalis
3808 3587 3900 3646 le-

2247 3678 2335 3750 gis
2384 3683 2441 3735 et
2488 3678 2735 3750 scriptae,
2788 3676 2963 3731 etiam
3014 3676 3183 3745 signa
3229 3691 3358 3746 qua
3401 3675 3557 3746 apud
3602 3693 3701 3732 eas
3740 3677 3904 3736 facta

2247 3772 2406 3832 sunt,
2441 3766 2599 3837 parvi
2631 3763 2917 3819 duxerint.
2946 3762 3271 3828 Quaarimus
3317 3763 3415 3818 ubi
3468 3764 3756 3837 scriptum
3788 3767 3897 3839 sit,

2247 3855 2399 3926 quod
2433 3855 2490 3908 in
2522 3852 2795 3909 Corozain
2827 3856 2884 3907 et
2914 3850 3226 3907 Bethsaida
3254 3851 3539 3909 Dominus
3589 3854 3761 3926 signa
3806 3856 3897 3911 fe-

2245 3943 2406 3999 cerit.
2457 3944 2646 4015 Supra
2695 3940 2947 4013 legimus
2980 3956 2994 3997 :
3023 3941 3089 3996 Et
3115 3942 3385 3997 circuibat
3413 3944 3666 3999 civitates
3706 3959 3900 4001 omnes

2242 4038 2295 4088 et
2348 4032 2509 4099 iicos,
2568 4047 2771 4087 curans
2825 4045 3039 4086 omnem
3095 4030 3494 4102 inﬁrmitatem,
3553 4035 3610 4088 et
3662 4030 3900 4105 reliqua

2243 4120 2448 4190 (Matth.
2482 4136 2557 4189 1v,
2586 4121 2698 4192 23).
2734 4119 2888 4175 Inter
2917 4122 3152 4175 caeteras
3179 4135 3314 4192 ergo
3346 4119 3605 4176 civitates
3635 4124 3692 4176 et
3726 4119 3894 4177 vicu-

2240 4210 2348 4275 los,
2382 4209 2794 4265 aestimandum
2826 4213 2915 4264 est
2946 4208 3004 4263 in
3036 4207 3308 4263 Corozain
3340 4223 3571 4281 quoque
3608 4212 3666 4265 et
3712 4208 3892 4265 Beth-

2240 4298 2402 4354 saida
2424 4297 2736 4354 Dominum
2770 4297 2939 4371 signa
2968 4297 3192 4353 fecisse.

2308 4388 2492 4461 (Vers.
2540 4389 2654 4460 23.)
2685 4409 2713 4437 ‹‹
2759 4388 2829 4443 Et
2857 4392 2943 4458 tu,
2976 4385 3405 4459 Capharnaum,
3462 4385 3750 4458 numquid
3785 4402 3893 4444 ua-

2236 4494 2347 4548 que
2396 4478 2455 4533 in
2504 4476 2712 4532 coelum
2765 4474 3134 4539 exaltaberis,
3189 4490 3377 4546 usque
3428 4474 3489 4530 in
3532 4475 3833 4532 infernum
3865 4477 3893 4513 ⁸

2238 4568 2335 4622 73
2368 4565 2766 4622 descendens?
2796 4587 2824 4615 »
2859 4569 2925 4618 In
2956 4563 3139 4618 altero
3169 4562 3487 4635 exemplari
3510 4562 3838 4637 reperimus
3865 4582 3885 4623 :

2233 4657 2297 4710 Et
2327 4664 2403 4725 tu,
2439 4655 2859 4724 Capharnaum,
2906 4666 3033 4725 quae
3077 4668 3248 4725 usque
3293 4654 3353 4708 in
3399 4654 3594 4709 malum
3637 4653 3891 4711 exaltari:

2236 4760 2311 4815 es,
2342 4761 2514 4815 usque
2543 4745 2612 4799 ad
2636 4745 2861 4815 inferna
2888 4742 3173 4797 descendes
3203 4743 3351 4813 (Luc.
3402 4759 3458 4809 x,
3513 4743 3622 4813 15).
3678 4741 3744 4797 Et
3791 4747 3889 4799 est

2239 4833 2451 4906 duplex
2476 4831 2880 4904 intelligentia.
2903 4830 3005 4886 Vel
3035 4831 3163 4886 ideo
3186 4832 3255 4886 ad
3281 4831 3510 4886 inferna
3538 4831 3881 4903 descendas,

2238 4923 2377 4993 quia
2437 4925 2640 4976 contra
2692 4920 3162 4993 praedicationem
3212 4937 3403 4976 meam
3454 4920 3885 4993 superbissime

2233 5049 2269 5100 7
2300 5062 2377 5118 :_«
2404 5046 2730 5114 Passivum,
2755 5046 2911 5117 quod
2937 5046 2995 5101 in
3029 5044 3173 5101 alios
3204 5060 3437 5118 quoque
3465 5043 3873 5118 permittitur,-

2233 5116 2453 5172 scilicet
2510 5116 2930 5189 promiscuum,
2977 5116 3307 5172 commune.
3348 5116 3619 5189 Denique
3667 5123 3724 5172 et
3771 5116 3877 5189 lib.

2232 5188 2299 5242 de
2361 5188 2722 5259 Monogamia,
2782 5192 3062 5260 passivum
3117 5205 3359 5253 sensum,
3419 5188 3882 5260 quodhexponit

2233 5258 3164 5342 Bhenanusinﬁoitumtvagum.
3209 5258 3543 5342 liberumhet
3579 5258 3876 5342 licentem,

2230 5332 2348 5387 sive
2383 5332 2769 5387 licentiosum.
2817 5334 2971 5387 Infra
3001 5330 3207 5386 iterum
3244 5331 3353 5387 hoc
3383 5330 3571 5385 utitur
3597 5330 3878 5389 vocabulo

2229 5403 2614 5476 Hieronymus
2646 5405 2704 5459 in
2738 5421 2864 5476 cap.
2930 5404 3003 5476 ⁸2,
3058 5424 3084 5451 ‹‹
3137 5409 3200 5456 ut
3247 5406 3553 5476 contextus
3596 5401 3709 5459 loci
3758 5418 3876 5461 non

2228 5473 2494 5546 passivus
2525 5481 2582 5530 et
2608 5491 2791 5546 vagus
2810 5473 2880 5546 :i_n
2912 5473 3208 5546 diversum
3237 5474 3501 5546 ﬂuctuet.
3540 5496 3562 5523 ι

2296 5547 2316 5581 ⁸
2375 5546 2638 5602 Notanda
2684 5543 2772 5601 ést
2812 5543 3181 5617 Veronensis,
3209 5544 3426 5600 codicis
3472 5544 3874 5617 antiquissimi

2225 5615 2417 5684 lectio,
2448 5634 2619 5688 usque
2647 5617 2716 5672 ad
2745 5616 2939 5671 caelum
2964 5616 3329 5689 exaltaberis,
3361 5623 3458 5673 aut
3491 5615 3663 5690 usque
3688 5617 3747 5673 in
3780 5616 3872 5674 in-

2223 5690 2462 5762 fernum,
2490 5696 2600 5745 etc.
