4182 6570
243 499 316 556 77
773 496 1290 558 COMMENTAR.
1340 499 1418 558 IN
1463 472 1975 559 EVANG‘ELIUM
2026 497 2403 558 MAT'l‘lI/El
2448 500 2592 559 LIB.
2642 499 2720 558 11.
2765 499 2936 558 CAP.
2982 501 3118 560 x11.
3571 507 3650 564 78

243 629 528 686 restitisti.
562 626 666 684 Vel
694 627 846 696 ideo,
879 628 1017 699 quia
1043 627 1294 684 exaltata
1323 645 1511 701 usque
1541 629 1615 685 ad
1674 626 1885 682 caelum
1913 629 1968 695 Α
1997 627 2132 682 fecit
2160 631 2216 683 et
2246 629 2510 684 condidit
2542 648 2554 685 :
2590 631 2690 686 sed
2720 630 2780 685 hi
2811 631 2910 702 qui
2943 646 3046 702 per
3075 631 3290 687 Filium
3343 649 3650 690 accessum

242 736 372 776 meo
421 718 698 791 hospitio,
758 721 814 772 et
864 718 1012 773 meis
1081 717 1268 790 signis
1321 724 1498 791 atque
1559 717 1894 782 virtutibus,

242 811 474 874 tantum
523 807 750 863 habens
795 804 1188 879 privilegium,
1245 809 1570 880 majoribus
1628 806 1897 880 plecteris

242 895 568 970 suppliciis,
604 897 760 968 quod
792 895 886 951 his
917 912 1154 968 quoque
1183 898 1417 953 credere
1449 896 1716 953 noluisti.

318 985 505 1058 (Vers.
553 986 644 1054 23,
678 985 794 1058 24.)
844 1008 872 1035 (ι
919 985 1067 1052 Quia
1117 986 1166 1041 si
1217 987 1275 1042 in
1327 987 1599 1042 Sodomis
1647 986 1758 1056 [Αι.
1797 990 1898 1056 Sy-

246 1076 439 1146 donis]
474 1077 635 1131 facta
665 1075 920 1136 fuissent
962 1075 1232 1145 virtutes,
1293 1093 1418 1148 quae
1478 1077 1640 1132 facta:
1671 1078 1816 1130 sunt
1843 1073 1902 1128 in

251 1170 328 1233 te,
375 1165 520 1222 forte
557 1169 574 1202 ¹
610 1165 975 1221 mansissent
1027 1180 1213 1235 usque
1266 1164 1324 1219 in
1381 1165 1537 1219 hunc
1585 1164 1761 1220 diem.
1794 1162 1904 1218 Ve-

250 1259 587 1310 rumtamen
632 1254 764 1310 dico
811 1253 978 1308 vobis
1029 1270 1043 1308 :
1096 1252 1235 1324 quia
1286 1257 1455 1308 terrae
1516 1253 1904 1308 Sodomorum

249 1343 560 1400 remissius
590 1343 700 1399 erit
730 1343 790 1398 in
821 1343 916 1399 die
939 1341 1150 1413 judicii
1183 1358 1362 1413 quam
1421 1342 1546 1397 tibi.
1603 1364 1631 1391 ››
1681 1343 1910 1407 Quaerat

249 1434 514 1507 prudens
544 1432 726 1488 lector
753 1436 812 1487 et
836 1431 989 1486 dicat
1023 1448 1036 1486 :
1071 1429 1120 1486 si
1151 1432 1338 1503 Tyrus
1387 1435 1444 1486 et
1491 1431 1668 1486 Sidon
1719 1433 1775 1484 et
1804 1430 1908 1484 So-

252 1523 432 1580 doma
461 1525 778 1596 potuerunt
806 1536 977 1593 agere
1000 1519 1404 1592 paenitentiam
1437 1520 1508 1575 ad
1543 1518 1910 1592 praedicatio-

254 1629 392 1669 nem
423 1610 763 1680 Salvatoris,
795 1610 1216 1683 signorumque
1268 1609 1573 1679 miracula,
1608 1625 1723 1664 non
1773 1610 1914 1662 sunt

253 1702 313 1757 in
346 1701 523 1774 culpa
554 1700 708 1772 quod
733 1717 848 1756 non
867 1699 1244 1754 crediderunt
1275 1714 1287 1752 :
1324 1699 1425 1753 sed
1457 1697 1663 1753 vitium
1694 1696 1912 1752 silentii

255 1791 313 1846 in
367 1807 435 1846 eo
467 1794 574 1858 est,
631 1790 731 1861 qui
783 1787 1002 1844 acturis
1033 1786 1436 1860 pcenitentiam
1486 1787 1675 1842 noluit
1703 1785 1914 1858 praedi-

254 1896 410 1936 care.
443 1880 531 1934 Ad
565 1879 722 1952 quod
755 1877 944 1934 facilis
975 1882 1033 1933 et
1061 1881 1261 1950 aperta
1303 1876 1608 1950 responsio
1657 1880 1747 1931 est
1781 1893 1792 1930 :
1829 1875 1914 1946 ig-

147 2031 154 2046 ,
257 1986 470 2026 norare
503 1985 609 2024 nos
631 1967 858 2039 judicia
888 1967 1006 2035 Dei,
1041 1971 1098 2022 et
1126 1965 1495 2040 singularum
1529 1964 1917 2038 dispensatio-

260 2076 408 2116 num
439 2059 568 2131 ejus
600 2061 966 2114 sacramenta
1024 2057 1267 2112 nescire.
1329 2057 1701 2128 Propositum
1737 2055 1918 2109 fuerat

260 2149 516 2205 Domino
574 2147 784 2203 Judzsre
843 2147 990 2202 ﬁnes
1039 2163 1153 2201 non
1214 2145 1510 2216 excedere,
1574 2162 1647 2200 ne
1690 2145 1919 2214 justam

263 2237 579 2294 Pharisaeis
602 2241 660 2292 et
679 2235 1083 2292 sacerdotibus
1107 2235 1472 2290 occasionem
1497 2233 1921 2306 persecutionis

263 2328 451 2382 daret.
485 2325 647 2381 Unde
678 2329 734 2380 et
765 2323 1046 2396 apostolis
1079 2329 1212 2379 ante
1242 2324 1576 2396 passionem
1608 2321 1918 2394 praecepit:

263 2421 330 2473 In
360 2417 514 2472 viam
541 2416 793 2486 gentium
826 2430 894 2469 ne
921 2414 1188 2481 abieritis,
1241 2421 1291 2468 et
1318 2413 1376 2468 in
1430 2415 1679 2468 civitates
1729 2411 1921 2466 Sama-

264 2508 582 2562 ritanorum
629 2519 700 2558 ne
745 2504 1096 2558 intraveritis
1146 2501 1364 2574 (Matth.
1410 2519 1464 2572 x,
1515 2503 1590 2573 5).
1647 2501 1922 2556 Corozain

266 2595 452 2668 igitur
478 2598 534 2650 et
564 2584 878 2649 Bethsaida
907 2593 1285 2662 damnantur,
1320 2592 1475 2663 quod
1510 2590 1777 2663 prmsenti
1809 2590 1921 2645 Do-

268 2685 434 2739 mino
489 2683 722 2738 credere
781 2681 1118 2737 noluerunt.
1150 2681 1338 2754 Tyrus
1398 2685 1454 2736 et
1493 2680 1669 2735 Sidon
1697 2678 1924 2750 justiﬁ-

267 2765 501 2842 cantur,
563 2773 718 2845 quod
778 2770 1057 2843 apostolis
1113 2769 1272 2825 illius
1350 2769 1738 2825 crediderunt.
1799 2769 1924 2824 Non

270 2879 504 2938 quaeras
529 2866 815 2934 tempora,
848 2877 982 2916 cum
1015 2859 1378 2916 credentium
1427 2859 1710 2914 intuearis
1768 2856 1926 2913 salu-

268 2957 414 3010 tem.
476 2956 538 3007 ln
599 2951 989 3022 Capharnaum
1045 2954 1267 3017 autem,
1325 2966 1452 3021 quas
1514 2949 1930 3020 interpretatur

274 3043 409 3098 villa
427 3040 816 3114 pucherrima,
876 3039 1304 3095 condemnatur
1360 3037 1664 3093 incredula
1692 3037 1929 3100 Jerusa-

272 3129 412 3202 lem,
447 3129 542 3185 cui
573 3129 787 3186 dicitur
818 3145 920 3200 per
947 3126 1307 3183 Ezechielem
1337 3142 1350 3184 :
1382 3128 1697 3197 Justiﬁcata
1725 3133 1803 3181 est
1833 3125 1928 3180 So-

273 3220 446 3276 doma
475 3235 544 3274 ex
571 3222 622 3274 te
651 3219 860 3289 (Each.
894 3235 1008 3284 xvr,
1040 3217 1151 3287 48).

344 3309 536 3380 (Vers.
565 3308 682 3374 25.)
713 3309 840 3362 «.In
874 3306 971 3362 illo
1011 3311 1292 3376 tempore,
1325 3305 1692 3382 respondens
1731 3305 1929 3375 Jesus,

2007 715 2223 772 habent
2252 718 2322 772 ad
2350 722 2608 786 Patrem,
2666 724 2722 774 et
2754 724 2887 774 ante
2940 719 3206 786 rebelles,
3238 721 3420 776 Deum
3454 729 3657 794 postea

2008 806 2225 862 sentire
2254 813 2573 879 coeperunt.
2609 832 2636 857 «
2670 811 2739 862 Et
2769 825 2942 865 nemo
2973 809 3131 864 novit
3158 810 3369 866 Filium
3405 813 3522 868 nisi
3553 813 3660 868 Pa-

2009 898 2096 949 ter
2129 911 2142 949 :
2177 911 2366 966 neque
2393 901 2618 968 patrem
2647 897 2780 969 quis
2841 898 3001 953 novit
3030 898 3144 955 nisi
3205 899 3408 971 Filius,
3470 905 3528 957 et
3570 901 3664 957 cui

2011 983 2258 1039 voluerit
2289 985 2470 1041 Filius
2521 986 2792 1042 revelare.
2860 1011 2880 1035 ι»
2962 989 3282 1045 Erubescat
3336 991 3663 1047 Eunomius

2012 1077 2236 1130 tantam
2269 1075 2380 1130 sibi
2415 1075 2683 1131 notitiam
2717 1077 2906 1132 Patris
2937 1081 2994 1132 et
3023 1077 3462 1151 Filii,quantam
3495 1079 3669 1136 alter-

2014 1166 2211 1217 utrum
2247 1164 2400 1219 inter
2426 1181 2487 1219 se
2520 1165 2792 1236 habeant,
2826 1165 3132 1222 vindicans
3190 1169 3230 1224 ².
3291 1168 3452 1232 Quod
3496 1168 3546 1226 si
3576 1169 3667 1225 in-

2015 1252 2086 1307 de
2118 1253 2434 1320 contendit,
2467 1259 2524 1308 et
2581 1271 2748 1310 suam
2795 1255 3087 1312 insaniam
3132 1257 3486 1329 consolatur,
3530 1258 3672 1332 quia

2017 1341 2322 1412 sequitur:
2356 1345 2419 1397 Et
2451 1345 2540 1398 cui
2571 1345 2804 1400 voluerit
2830 1345 3004 1400 Filius
3055 1348 3316 1403 revelare.
3353 1347 3528 1403 Aliud
3582 1353 3672 1404 est

2019 1434 2241 1484 natura:
2271 1431 2602 1501 zequalitate
2633 1449 2805 1488 nosse
2828 1434 2982 1504 quod
3019 1435 3271 1503 noveris,
3321 1436 3479 1492 aliud
3509 1453 3671 1494 reve-

2018 1516 2197 1573 lautis
2227 1518 2586 1591 dignatione.

2093 1607 2278 1678 (Vers.
2311 1610 2402 1675 28,
2435 1610 2548 1678 '29.)
2588 1631 2609 1660 ι
2671 1609 2876 1666 Venite
2933 1612 3004 1666 ad
3040 1628 3153 1680 me,
3215 1630 3420 1670 omnes
3452 1614 3552 1686 qui
3584 1613 3669 1670 la-

2023 1697 2248 1752 boratis
2278 1702 2335 1752 et
2363 1699 2585 1754 onerati
2615 1699 2756 1754 estis
2791 1715 2803 1754 :
2849 1704 2906 1754 et
2936 1716 3040 1772 ego
3072 1702 3330 1757 reficiam
3383 1720 3506 1759 vos.
3543 1703 3671 1758 Tol-

2025 1785 2126 1841 lite
2149 1788 2364 1859 jugum
2407 1804 2603 1843 meum
2636 1805 2813 1860 super
2838 1805 2940 1844 vos
2974 1807 2986 1845 :
3021 1793 3079 1845 et
3109 1791 3313 1847 discite
3345 1809 3378 1848 a
3410 1808 3501 1848 me
3534 1793 3674 1866 quia

2027 1876 2189 1931 mitis
2221 1893 2355 1931 sum
2387 1883 2444 1931 et
2472 1877 2717 1932 humilis
2749 1879 2920 1934 corde
2955 1896 2967 1933 :
3001 1879 3384 1936 etinvenietis
3415 1881 3678 1955 requiem

2029 1965 2340 2020 animabus
2387 1967 2614 2022 vestris.
2654 1989 2675 2018 n
2713 1968 2923 2023 Gravia
2953 1985 3131 2025 onera
3162 1987 3292 2027 esse
3349 1972 3591 2041 peccati,
3625 1977 3682 2028 et

2027 2055 2336 2111 Zacharias
2365 2055 2648 2128 propheta
2703 2061 2972 2126 testatur,
3033 2058 3256 2127 dicens,
3310 2059 3680 2133 iniquitatem

2029 2144 2231 2199 sedere
2261 2161 2437 2216 super
2495 2145 2776 2200 talentum
2831 2145 3058 2217 plumbi
3118 2148 3302 2220 (Zach.
3361 2166 3418 2218 ν,
3484 2151 3562 2222 7).
3613 2150 3686 2206 Et

2033 2233 2348 2289 Psalmista
2405 2233 2775 2305 complorat:
2809 2235 3132 2306 Iniquitates
3183 2253 3324 2294 mea?
3368 2243 3684 2310 aggravata

2028 2331 2159 2378 sunt
2185 2339 2348 2394 super
2377 2340 2464 2378 me
2495 2323 2673 2394 (Psal.
2709 2342 2918 2393 xxxvu,
2977 2327 3039 2398 '3),
3092 2325 3196 2381 Vel
3250 2331 3404 2383 certe
3454 2345 3552 2384 eos
3583 2327 3684 2400 qui

2032 2413 2379 2485 gravissimo
2410 2411 2556 2484 legis
2606 2414 2748 2486 jugo
2807 2415 3245 2487 premebantur,
3279 2417 3350 2472 ad
3389 2416 3686 2492 Evangelii

2035 2501 2242 2556 invitat
2271 2501 2543 2573 gratiam.

2107 2591 2292 2661 (Vers.
2315 2591 2427 2660 30.)
2453 2613 2480 2640 «
2504 2591 2725 2663 Jugum
2748 2591 2904 2647 enim
2925 2608 3124 2648 meum
3149 2609 3325 2650 suave
3348 2598 3521 2662 est,et
3538 2611 3689 2652 onus

2036 2696 2232 2735 meum
2257 2679 2380 2734 leve
2401 2685 2508 2735 est.
2544 2701 2572 2729 »
2600 2681 2901 2743 Quomodo
2923 2680 3108 2738 levius
3133 2681 3256 2756 lege
3287 2683 3686 2757 Evangelium,

2036 2785 2170 2825 cum
2201 2769 2262 2824 in
2295 2768 2419 2841 lege
2452 2768 2840 2825 homicidium
2889 2770 3100 2842 (Exod.
3133 2789 3228 2838 xx,
3263 2773 3372 2842 13),
3404 2772 3462 2828 in
3496 2777 3685 2828 Evan—

2037 2857 2186 2931 gelio
2217 2857 2304 2913 ira
2342 2858 2656 2913 damnetur
2711 2859 2931 2930 (Matth.
2987 2877 3039 2916 ν.
3099 2860 3238 2933 23)?
3293 2863 3418 2928 Qua
3461 2863 3685 2919 ratione

2040 2946 2331 3018 Evangelii
2363 2947 2550 3018 gratia
2580 2947 2823 3018 facilior,
2857 2965 2992 3003 cum
3024 2949 3085 3003 in
3141 2949 3268 3021 lege
3327 2950 3685 3006 adulterium

2040 3038 2234 3109 (Exod.
2266 3053 2359 3102 xx,
2405 3037 2513 3105 15),
2574 3035 2632 3090 in
2692 3036 2998 3109 Evangelia
3058 3039 3530 3110 concupiscentia
3587 3057 3694 3112 pu-

2041 3126 2236 3181 niatur
2283 3125 2495 3195 (Matth.
2555 3142 2607 3190 v,
2667 3128 2809 3192 28)?
2859 3127 2922 3181 In
2983 3126 3106 3198 lege
3157 3128 3346 3184 multa
3403 3134 3694 3204 praecepta

2040 3221 2198 3284 sunt,
2228 3231 2358 3287 quae
2411 3213 2725 3285 Apostolus
2782 3232 2897 3271 non
2957 3233 3129 3288 posse
3161 3217 3441 3290 compleri
3472 3218 3694 3290 plenis-

2041 3305 2189 3360 sime
2218 3305 2386 3359 docet
2416 3304 2549 3373 (Act.
2581 3321 2692 3359 xv1.
2756 3305 2864 3374 10).
2914 3305 2974 3360 In
3007 3305 3132 3377 lege
3178 3322 3354 3378 opera
3383 3309 3693 3378 requirun-

273 3398 462 3453 dixit:
490 3397 826 3453 Conﬂtehor
844 3395 974 3461 tibi,
997 3399 1187 3466 Pater,
1212 3381 1456 3450 Domine
1475 3393 1605 3450 coeli
1626 3399 1684 3449 et
1703 3398 1928 3448 terrea.»
1961 3381 2002 3448 C
2041 3399 2157 3462 tur,
2182 3410 2308 3465 quas
2341 3392 2442 3465 qui
2476 3393 2690 3464 fecerit,
2723 3395 2876 3448 vivet
2919 3395 3010 3451 75
3062 3395 3121 3449 in
3146 3395 3249 3450 eis.
3286 3397 3350 3451 ln
3381 3396 3692 3470 Evangelio

273 3486 601 3556 Confessio,
634 3501 751 3541 non
783 3501 1014 3555 semper
1042 3483 1466 3554 paenitentiam,
1530 3483 1654 3550 sed,
1713 3487 1772 3538 et
1801 3498 1932 3555 gra-

273 3577 502 3631 tiarum
533 3573 822 3628 actionem
855 3571 1148 3643 signiﬁcat
1208 3589 1222 3626 :
1274 3575 1341 3626 ut
1369 3571 1426 3625 in
1460 3570 1706 3642 psalmis
1737 3572 1932 3642 saepis-

277 3665 432 3720 sime
462 3661 738 3734 legimus.
771 3661 1028 3716 Audiant
1049 3660 1150 3732 qui
1169 3659 1527 3716 Salvatorem
1558 3676 1672 3714 non
1707 3664 1935 3729 natum,

281 3754 384 3810 sed
443 3757 704 3808 creatum
759 3750 1215 3816 calumniantur,
1274 3750 1429 3820 quod
1489 3751 1718 3805 Patrem
1760 3765 1934 3805 suum

284 3845 452 3899 vocet
507 3839 635 3896 coeli
669 3844 726 3896 et
755 3845 919 3894 terra:
965 3838 1304 3894 Dominum.
1365 3838 1424 3893 Si
1483 3837 1640 3894 enim
1698 3843 1755 3893 et
1810 3839 1936 3910 ipse

284 3934 556 3987 creatura
583 3933 694 3997 est,
723 3932 783 3984 et
811 3932 1078 3984 creatura
1105 3928 1468 3983 conditorem
1501 3944 1677 3984 suum
1710 3933 1936 4000 patrem

283 4019 580 4094 appellare
639 4022 847 4091 potest,
904 4017 1152 4074 stultum
1183 4017 1294 4072 fuit
1338 4034 1452 4073 non
1496 4021 1553 4072 et
1601 4016 1693 4072 sui
1723 4022 1782 4073 et
1810 4016 1939 4073 coeli

287 4127 354 4166 ac
386 4113 553 4166 terra:
584 4107 923 4174 Dominum,
973 4105 1060 4162 Vel
1089 4108 1319 4162 Patrem
1347 4107 1608 4162 similiter
1635 4107 1936 4177 appellare.

292 4201 392 4256 74
419 4221 448 4247 «
482 4197 629 4262 Quia
656 4195 1022 4253 abscondisti
1055 4195 1178 4250 haec
1235 4211 1269 4250 a
1302 4193 1668 4266 sapientibus
1716 4199 1773 4249 et
1803 4212 1940 4266 pru-

286 4287 590 4356 dentibus,
621 4290 678 4342 et
706 4283 971 4342 revelasti
996 4301 1063 4340 ea
1095 4283 1375 4356 parvulis.
1413 4306 1440 4333 ››
1472 4284 1704 4340 Gratias
1734 4284 1855 4356 agit
1883 4289 1941 4340 et

285 4374 548 4434 exsultat
578 4375 635 4431 in
667 4374 856 4441 Patre,
881 4374 1036 4445 quod
1069 4371 1350 4446 apostolis
1380 4373 1473 4428 sui
1503 4373 1790 4428 adventus
1809 4390 1942 4445 ape-

288 4464 478 4522 ruerit
532 4469 923 4531 sacramenta,
989 4479 1117 4534 quas
1172 4462 1567 4534 ignoraverint
1614 4461 1827 4516 Scriba:
1885 4467 1943 4518 et

283 4547 590 4621 Pharisaei,
622 4552 724 4625 qui
755 4551 867 4608 sibi
901 4551 1195 4623 sapientes
1251 4551 1546 4618 videntur,
1598 4556 1655 4606 et
1710 4551 1768 4605 in
1800 4566 1937 4607 con-

282 4648 487 4715 spectu
523 4658 632 4698 suo
663 4642 1003 4714 prudentes.
1063 4639 1399 4696 Justificata
1455 4643 1546 4694 est
1589 4640 1880 4712 sapientia
1907 4657 1942 4695 a

284 4732 422 4798 ﬁliis
451 4732 601 4789 suis.

359 4821 548 4894 (Vers.
604 4821 720 4890 26.)
753 4841 782 4870 ‹‹
815 4819 922 4888 Ita,
956 4822 1145 4889 Pater,
1205 4817 1486 4890 quoniam
1537 4818 1622 4873 sic
1660 4816 1943 4890 placitum

290 4911 401 4968 fuit
417 4915 554 4967 ante
576 4915 684 4966 te.»
698 4907 1062 4965 Blandientis
1079 4907 1292 4964 affectu
1312 4907 1574 4980 loquitur
1597 4907 1669 4963 ad
1691 4912 1945 4975 Patrem,

291 5003 355 5056 ut
383 5004 623 5073 captum
655 4998 716 5054 in
747 4997 1034 5071 apostolis
1068 4997 1424 5053 beneficium
1457 4997 1843 5070 compleatur.

361 5089 545 5161 (Vers.
577 5091 694 5157 27.)
726 5110 754 5140 «
786 5087 997 5143 Omnia
1045 5086 1190 5142 mihi
1248 5087 1464 5142 tradita
1519 5092 1658 5142 sunt
1705 5105 1739 5142 a
1781 5089 1945 5144 Patre

295 5193 444 5233 meo.
481 5201 508 5227 »
539 5178 608 5233 Et
637 5177 966 5233 tradentem
1015 5176 1270 5245 Patrem,
1330 5181 1388 5232 et
1420 5177 1801 5249 accipientem
1854 5178 1942 5231 Fi-

293 5262 464 5331 lium,
497 5265 736 5337 mystice
767 5263 1050 5336 intellige.
1079 5261 1355 5334 Alioquin
1389 5263 1436 5318 si
1461 5264 1632 5332 juxta
1663 5263 1943 5336 fragilita-

293 5357 411 5410 tem
444 5358 704 5409 nostram
738 5353 954 5410 sentire
982 5352 1277 5418 volumus,
1300 5369 1435 5407 cum
1468 5353 1700 5424 cmperit
1731 5353 1944 5408 habere

294 5445 391 5515 qui
423 5443 656 5516 accipit,
689 5443 932 5516 incipiet
963 5459 1079 5498 non
1106 5441 1321 5498 habere
1379 5442 1480 5514 qui
1526 5442 1771 5497 dederit.
1803 5441 1945 5497 Tra-

293 5533 412 5589 dita
450 5538 648 5588 autem
700 5532 810 5588 sibi
862 5530 1081 5603 omnia,
1137 5549 1250 5587 non
1301 5531 1511 5587 coelum
1561 5537 1618 5588 et
1681 5539 1856 5598 terra,
1890 5535 1948 5586 et

294 5621 582 5682 elementa
614 5621 997 5695 intelligenda
1054 5626 1212 5691 sunt,
1271 5626 1329 5678 et
1383 5627 1591 5678 caetera
1650 5639 1780 5694 quae
1820 5622 1946 5694 ipse

366 5841 390 5880 ⁶
416 5838 794 5916 Adverbium,
823 5836 990 5919 forte,
1022 5839 1137 5898 duo
1180 5836 1432 5900 Palatini
1463 5855 1610 5900 mss.
1644 5841 1940 5918 ignorant.

1972 4755 2020 4820 D

2040 3482 2312 3537 voluntas
2342 3481 2625 3552 qureritur
2655 3498 2667 3535 :
2701 3498 2828 3552 quae
2862 3482 3091 3537 etiamsi
3123 3483 3395 3538 ell‘ectum
3433 3501 3548 3539 non
3586 3484 3690 3540 ha-

2043 3571 2256 3637 buerit,
2291 3573 2488 3623 tamen
2522 3568 2830 3640 pramium
2862 3585 2978 3623 non
3021 3569 3257 3624 amittit.
3311 3569 3689 3642 Evangelium

2044 3676 2112 3715 ea
2143 3658 2405 3732 praecipit
2452 3675 2578 3730 qua:
2636 3674 2956 3730 possumus
2991 3673 3003 3711 :
3039 3673 3111 3712 ne
3158 3657 3384 3715 scilicet
3415 3660 3691 3734 concupi-

2045 3765 2282 3804 scamus
2314 3764 2325 3802 :
2362 3747 2471 3802 hoc
2523 3747 2583 3801 in
2631 3746 2872 3804 arbitrio
2903 3752 3103 3804 nostro
3134 3753 3239 3804 est.
3284 3749 3400 3805 Lex
3429 3765 3563 3806 cum
3593 3767 3697 3806 vo-

2047 3838 2334 3893 luntatem
2368 3853 2483 3892 non
2542 3836 2771 3910 puniat,
2829 3837 3002 3909 punit
3046 3838 3337 3909 effectum,
3398 3855 3471 3895 ne
3524 3838 3697 3896 adul-

2048 3928 2260 3982 terium
2292 3925 2494 3982 facias.
2537 3925 2714 3997 Finge
2746 3926 2806 3982 in
2858 3926 3262 3999 persecutione
3293 3927 3553 4000 aliquam
3582 3929 3698 3984 vir-

2049 4016 2247 4090 ginem
2293 4015 2693 4086 prostitutam.
2755 4014 2884 4070 Hazc
2943 4015 3098 4088 apud
3132 4016 3528 4090 Evangelium,
3562 4018 3702 4091 quia

2048 4105 2345 4161 voluntate
2403 4121 2517 4160 non
2550 4107 2771 4176 peccat,
2806 4104 2966 4177 virgo
3012 4104 3334 4178 suscipitur

2049 4194 2219 4268 quasi
2249 4197 2522 4265 corrupta
2551 4192 2912 4263 repudiatur.

2121 4285 2278 4356 (Cap.
2313 4283 2434 4338 ΧΙΙ.
2496 4313 2565 4322 -—-
2621 4281 2787 4337 Vers.
2847 4283 2919 4352 1).
2974 4304 3000 4332 ‹‹
3038 4283 3098 4336 In
3133 4281 3230 4336 illo
3263 4287 3524 4357 tempore
3555 4283 3700 4339 abiit

2048 4375 2222 4430 Jesus
2254 4373 2504 4430 Sabbato
2539 4389 2639 4445 per
2669 4376 2816 4440 sata,
2875 4371 3144 4444 discipuli
3178 4376 3373 4428 autem
3405 4374 3534 4446 ejus
3564 4389 3696 4430 esu-

2049 4463 2264 4518 rientes
2315 4465 2612 4534 coeperunt
2659 4460 2902 4516 evellere
2935 4461 3148 4533 spicas,
3179 4466 3236 4517 et
3261 4463 3635 4519 manducare.
3665 4481 3695 4518 ι»

2052 4553 2113 4608 In
2146 4552 2260 4607 alio
2289 4568 2518 4623 quoque
2551 4550 2908 4624 evangelista
2958 4551 3232 4624 legimus,
3273 4553 3430 4624 quod
3462 4557 3703 4626 propter

2050 4641 2296 4696 nimiam
2328 4640 2858 4714 importunitatem,
2893 4657 2996 4696 nec
3026 4641 3296 4698 vescendi
3326 4643 3564 4714 quidem
3597 4643 3701 4699 ha-

2051 4731 2269 4785 hebant
2295 4729 2511 4798 locum,
2546 4735 2603 4785 et
2659 4730 2788 4785 ideo
2839 4730 3008 4802 quasi
3041 4730 3308 4787 homines
3363 4731 3705 4788 esuriebant

2055 4821 2240 4892 (Marc.
2303 4836 2364 4882 ιι.
2405 4821 2454 4874 et
2510 4820 2636 4874 Luc.
2712 4819 2810 4890 vr).
2873 4819 3033 4885 Quod
3068 4829 3263 4876 autem
3322 4820 3516 4893 spicas
3546 4835 3705 4893 sege-

2054 4915 2181 4965 tum
2216 4909 2490 4964 manibus
2521 4909 2869 4973 confricant,
2901 4913 2958 4964 et
2987 4908 3245 4965 inediam
3295 4910 3696 4979 consolantur,

2051 4999 2179 5054 vita:
2229 4996 2575 5054 austerioris
2627 4996 2909 5053 indicium
2969 5002 3113 5066 est;
3177 5016 3294 5056 non
3349 5003 3704 5073 praeparatas

2052 5087 2277 5160 epulas,
2311 5088 2411 5142 sed
2435 5087 2594 5142 cibos
2617 5086 2913 5158 simplices
2932 5089 3341 5156 quaerentium.

2127 5177 2311 5248 (Vers.
2346 5177 2424 5246 2.)
2455 5199 2483 5226 ‹‹
2540 5176 2816 5232 ΡΜτίεωὶ
2864 5183 3060 5233 autem
3113 5179 3398 5244 videntes,
3431 5177 3703 5232 dixerunt

2055 5267 2105 5323 ei
2133 5284 2144 5320 :
2172 5268 2314 5322 Ecce
2362 5265 2638 5338 discipuli
2679 5265 2764 5321 tui
2797 5266 3039 5336 faciunt,
3073 5268 3227 5339 quod
3272 5283 3386 5321 non
3435 5265 3568 5320 licet
3617 5263 3704 5320 eis

2055 5356 2241 5411 facere
2271 5355 2564 5410 Sabbatis.
2603 5376 2631 5401 »
2664 5354 2814 5410 Nota
2835 5356 2990 5426 quod
3018 5354 3192 5426 primi
3221 5352 3469 5424 apostoli
3499 5351 3703 5408 Salva—

2054 5445 2196 5501 toris
2250 5444 2505 5500 litteram
2555 5443 2793 5499 Sabbati
2851 5445 3181 5512 destruunt,
3215 5441 3494 5498 adversus
3533 5441 3704 5500 Ebio-

2057 5534 2231 5603 nitas,
2264 5533 2363 5606 qui
2388 5550 2520 5588 cum
2543 5537 2780 5590 caeteros
2803 5531 3082 5603 recipiant
3110 5529 3432 5603 apostolos,
3458 5531 3706 5590 Paulum

2056 5624 2226 5696 quasi
2257 5629 2756 5696 transgressorem
2785 5623 2932 5693 legis
2958 5619 3288 5691 repudiant.

3389 4123 3402 4161 :
3456 4106 3515 4162 in
3573 4105 3702 4182 lege

2129 5843 2151 5881 ³
2176 5846 2362 5905 Penes
2391 5838 2738 5913 Victoriam,
2770 5837 3031 5915 iactitans
3050 5879 3064 5901 .
