4182 6578
426 486 504 544 79
1673 484 1736 540 s.
1786 479 2090 542 EUSEBII
2141 455 2583 540 HIERDNYMI

495 614 684 686 (Vers,
741 616 795 680 3,
839 615 915 685 li.)
948 636 974 663 ‹‹
1011 615 1081 668 At
1124 613 1219 668 ille
1258 613 1401 667 dixit
1459 613 1540 668 eis
1590 628 1604 668 :

424 704 561 774 quid
598 703 798 759 fecerit
831 702 1027 770 David,
1068 701 1302 774 quando
1335 702 1561 772 esuriit,
1594 707 1650 756 et
1689 701 1786 772 qui
1821 718 1953 756 cum
2004 715 2070 754 eo

425 796 595 847 erant
622 791 916 863 quomodo
944 791 1181 845 intravit
1225 791 1284 845 in
1331 791 1572 846 domum
1629 790 1748 857 Dei,
1806 795 1862 844 et
1893 805 2069 861 panes

428 879 844 952 propositionis
875 878 1150 949 comedit,
1183 895 1328 950 quos
1383 895 1498 934 non
1555 878 1767 933 licebat
1797 878 1848 932 ei
1881 894 2069 932 come-

430 969 586 1035 dere,
619 984 807 1039 neque
835 967 929 1023 his
963 966 1062 1038 qui
1093 984 1225 1023 cum
1259 983 1324 1022 eo
1345 971 1532 1037 erant,
1565 967 1676 1021 nisi
1710 966 1849 1022 solis
1882 982 2070 1021 sacer-

433 1055 668 1112 dotibus
691 1056 720 1110 ?
743 1078 771 1105 »
820 1056 906 1110 Ad
931 1056 1347 1112 confutandam
1385 1055 1738 1111 calumniam
1764 1054 2074 1109 Pharisaeo-

435 1160 586 1213 rum,
631 1144 840 1200 veteris
896 1144 1234 1200 recordatur
1281 1142 1560 1208 historiis,
1618 1144 1852 1214 quando
1893 1141 2068 1196 David

434 1231 667 1304 fugiens
693 1231 947 1298 Saulem,
980 1232 1137 1288 venit
1169 1233 1227 1286 in
1271 1232 1446 1300 Nobe,
1499 1237 1553 1287 et
1591 1232 1663 1286 ab
1701 1230 2068 1286 Achimelech

435 1322 733 1378 sacerdote
759 1326 1086 1393 susceptus,
1120 1319 1438 1392 postulavit
1466 1321 1626 1376 cibos
1650 1339 1663 1388 ;
1698 1321 1798 1392 qui
1822 1337 1954 1375 cum
1980 1337 2072 1392 pa-

433 1426 536 1466 nes
567 1409 744 1466 laicos
775 1426 889 1465 non
909 1409 1338 1477 haberet,dedit
1358 1409 1408 1464 ei
1434 1414 1822 1480 consecratos,
1858 1410 2074 1480 quibus

431 1515 547 1555 non
587 1497 798 1554 licebat
834 1498 986 1554 vesci
1021 1497 1136 1554 nisi
1169 1497 1310 1554 solis
1341 1498 1745 1554 sacerdotibus
1776 1504 1831 1553 et
1860 1497 2070 1553 levitis.

427 1587 497 1643 Et
525 1586 632 1643 hoc
662 1591 890 1643 tantum
939 1586 1320 1658 interrogavit
1348 1586 1397 1642 si
1429 1592 1624 1642 essent
1674 1587 1880 1642 mundi
1910 1587 2074 1659 pueri

427 1693 462 1732 a
490 1675 838 1731 mulieribus
871 1691 885 1731 :
927 1679 986 1731 et
1015 1675 1114 1730 illo
1160 1676 1565 1748 respondente,
1621 1676 1692 1730 ab
1726 1675 1848 1731 heri
1879 1681 1935 1730 et
1965 1693 2073 1731 nu-

428 1763 797 1831 diustertius,
841 1781 956 1820 non
989 1763 1276 1819 dubitavit
1307 1780 1487 1836 panes
1537 1765 1674 1820 dare
1722 1766 1766 1835 (1
1797 1767 1921 1834 Reg.
1955 1782 2073 1831 xxi,

430 1853 483 1908 4.
516 1853 595 1922 6),
627 1851 840 1908 melius
871 1852 1499 1924 arbitratus,propheta
1531 1854 1757 1909 dicente
1793 1871 1804 1908 :
1852 1855 2072 1909 Miseri-

431 1941 675 1997 cordiam
703 1941 840 2011 volo,
895 1949 949 1996 et
999 1956 1106 1996 non
1153 1941 1486 2010 sacriﬁcium
1543 1942 1712 2011 (Osee,
1760 1960 1834 2008 v1,
1892 1945 1970 2011 (3),
2002 1943 2072 1997 de

431 2029 607 2087 famis
637 2029 896 2102 periculo
927 2029 1192 2085 homines
1222 2029 1486 2100 liberare,
1515 2047 1691 2103 quam
1724 2030 1839 2086 Deo
1869 2032 2073 2086 offerre

433 2118 808 2176 sacrificium.
841 2118 1036 2174 Hostia
1065 2118 1220 2175 enim
1253 2119 1554 2191 placabilis
1595 2125 1733 2188 Deo,
1765 2120 2071 2175 hominum

435 2207 599 2266 salus
628 2211 736 2264 est.
773 2206 1025 2279 Opponit
1075 2223 1211 2280 ergo
1274 2208 1574 2274 Dominus,
1609 2213 1664 2264 et
1720 2209 1896 2264 dicit:
1931 2209 1985 2262 Si
2017 2212 2074 2264 et

433 2297 613 2354 David
665 2296 763 2351 76
820 2299 1059 2352 sanctus
1092 2300 1202 2361 est,
1252 2301 1308 2352 et
1337 2296 1708 2353 Achimelech
1752 2298 2010 2369 pontifex
2039 2315 2072 2352 a

432 2386 596 2442 vobis
628 2401 744 2440 non
776 2384 1240 2457 reprehenditur,
1276 2386 1376 2440 sed
1423 2384 1568 2457 legis
1622 2391 1868 2458 uterque
1901 2404 2068 2441 man-

433 2477 638 2531 datum
669 2473 956 2546 probabili
1004 2474 1376 2530 excusatione
1423 2477 1774 2547 transgressi
1809 2481 1968 2542 sunt,
2019 2480 2075 2530 et

432 2565 616 2620 fames
647 2563 708 2618 in
738 2579 917 2618 causa
945 2566 1162 2628 est,cur
1190 2564 1455 2620 eamdem
1489 2565 1699 2620 famem
1725 2582 1839 2620 non
1876 2565 2076 2636 proba-

433 2653 510 2709 tis
531 2654 588 2708 in
621 2651 919 2724 apostolis,
969 2668 1145 2723 quam
1180 2653 1440 2724 probatis
1481 2653 1538 2708 in
1563 2655 1832 2709 czeteris?
1888 2658 2076 2718 Quan-

435 2758 612 2816 quam
645 2746 702 2797 et
731 2740 789 2795 in
812 2739 920 2795 hoc
952 2757 1167 2812 magna
1193 2741 1470 2798 distantia
1500 2741 1594 2798 sit.
1629 2744 1729 2797 Isti
1775 2743 1965 2814 spicas
2017 2742 2074 2796 in

435 2832 688 2887 Sabbato
723 2846 900 2885 manu
934 2830 1276 2897 confricant,
1336 2829 1422 2884 illi
1483 2847 1664 2902 panes
1697 2833 2078 2886 comederunt

438 2920 742 2984 Leviticos,
773 2924 830 2974 et
857 2918 930 2974 ad
967 2919 1202 2973 Sabbati
1261 2917 1692 2975 solemnitatem
1725 2921 2080 2975 accedebant

437 3008 889 3067 Neomeniarum
919 3005 1062 3074 dies,
1096 3007 1312 3078 quibus
1371 3008 1430 3060 in
1481 3007 1739 3063 convivio
1765 3009 2079 3078 requisitus

439 3099 590 3170 fugit
617 3112 686 3153 ex
715 3093 850 3151 aula
877 3094 1056 3167 regia.
1075 3097 1326 3151 Observa
1355 3097 1508 3166 quod
1541 3113 1721 3168 panes
1741 3099 2080 3170 propositio-

439 3188 534 3244 nis
555 3202 661 3242 nec
690 3184 892 3252 David,
919 3199 1024 3238 nec
1055 3184 1218 3256 pueri
1252 3185 1379 3254 ejus
1411 3186 2077 3258 acceperint,antequam

438 3293 501 3334 se
531 3293 565 3332 a
593 3273 940 3331 mulieribus
963 3272 1215 3328 mundos
1246 3290 1374 3329 esse
1406 3276 1836 3346 responderent.

509 3409 691 3482 (Vers.
722 3408 802 3478 5.)
833 3430 861 3457 ‹‹
893 3410 1010 3462 Aut
1040 3423 1154 3462 non
1185 3405 1408 3478 legistis
1465 3407 1522 3462 in
1555 3409 1700 3479 lege,
1756 3411 1894 3481 quia
1937 3412 2075 3465 Sab-

434 3499 589 3556 batis
619 3497 949 3554 sacerdotes
1002 3495 1059 3550 in
1133 3497 1346 3568 templo
1379 3497 1701 3553 Sabbatum
1750 3499 1991 3569 violant,
2025 3505 2081 3556 et

436 3589 563 3646 sine
592 3585 838 3643 crimine
857 3584 1039 3641 sunt?
1076 3608 1096 3634 ι
1142 3584 1619 3653 Calumniamini,
1655 3587 1867 3658 inquit,
1902 3589 2078 3644 disci-

437 3677 606 3750 pulos
641 3691 824 3740 meos,
854 3691 958 3728 cur
1015 3690 1116 3744 per
1163 3679 1388 3745 segetes
1436 3679 1827 3741 transeuntes,
1887 3677 2079 3749 spicas

435 3764 724 3828 triverint,
747 3768 802 3818 et
831 3761 940 3816 hoc
972 3761 1209 3816 fecerint
1232 3762 1401 3816 famis
1443 3764 1785 3818 necessitate
1816 3771 2075 3836 cogente,

439 3871 574 3912 cum
609 3857 665 3908 et
687 3850 796 3923 ipsi
827 3849 1107 3905 Sabatum
1139 3849 1368 3905 violetis
1391 3850 1447 3905 in
1502 3851 1737 3922 templo,
1772 3853 2081 3909 immolan-

440 3949 529 4001 tes
553 3942 843 4008 victimas,
877 3939 1161 3994 caadentes
1191 3944 1412 4003 tauros,
1447 3939 1786 3996 holocausta
1819 3960 1995 4015 super
2016 3943 2080 3999 li-

437 4048 688 4106 gnorum
721 4034 942 4085 struem
1003 4028 1269 4083 incendio
1313 4036 1752 4086 concremantes
1784 4049 1796 4086 :
1831 4036 1887 4086 et
1909 4034 2078 4102 juxta

435 4121 676 4178 alterius
705 4117 996 4191 Evangelii
1048 4118 1222 4173 ﬁnem
1257 4118 1432 4189 (Joan.
1466 4136 1563 4190 vn,
1624 4123 1736 4190 22),
1769 4121 2074 4176 circumci-

433 4212 640 4268 dentes
683 4207 954 4282 parvulos
984 4207 1039 4262 in
1074 4207 1349 4274 Sabbato,
1394 4212 1457 4262 ut
1504 4209 1644 4262 dum
1678 4208 1852 4264 aliam
1889 4209 2073 4281 legem

431 4317 660 4358 servare
707 4297 942 4370 cupitis,
997 4297 1319 4352 Sabbatum
1373 4297 1709 4352 destruatis.
1761 4298 2072 4369 Nunquam

430 4395 627 4446 autem
658 4389 816 4460 leges
842 4385 944 4442 Dei
975 4385 1087 4440 sibi
1119 4385 1422 4440 contrariae
1452 4391 1612 4440 sunt.
1647 4385 1715 4441 Et
1757 4387 2074 4458 prudenter

427 4477 530 4534 ubi
562 4474 1130 4546 transgressionibus
1161 4473 1432 4545 discipuli
1461 4474 1552 4529 sui
1584 4475 1750 4545 argui
1783 4481 2067 4546 poterant,

428 4564 608 4623 David
640 4568 697 4619 et
741 4561 1109 4617 Achimelech
1141 4562 1277 4617 dicit
1338 4562 1602 4635 exempla
1655 4569 1902 4619 sectatos
1939 4583 1950 4620 :
1980 4582 2068 4620 ve-

426 4669 552 4708 ram
585 4655 780 4707 autem
811 4654 868 4705 et
897 4649 1117 4720 absque
1148 4649 1512 4706 necessitatis
1543 4652 1802 4723 obtentu,
1827 4654 2066 4709 Sabbati

424 4737 961 4814 prcevarioationcm
1010 4737 1068 4793 in
1100 4738 1260 4810 ipsos
1293 4740 1484 4808 refert,
1547 4740 1645 4812 qui
1706 4741 2062 4800 calumniam
2094 4728 2143 4794 D

423 4829 699 4885 fecerant.

491 4963 677 5033 (Vers.
711 4963 792 5031 6.)
823 4985 850 5012 «
881 4963 1018 5019 Dico
1050 4968 1245 5019 autem
1303 4964 1485 5034 vobis,
1531 4966 1669 5037 quia
1695 4968 1910 5039 templo
1942 4985 2064 5024 ma-

410 5054 510 5126 jor
537 5056 627 5110 est
657 5051 771 5108 hic.
793 5072 821 5101 ››
862 5051 985 5120 Hic,
1019 5069 1135 5109 non
1167 5069 1510 5125 pronomen,
1543 5056 1643 5110 sed
1674 5056 1743 5110 ad
1799 5057 2062 5114 verbium

487 5236 503 5268 ί
537 5231 732 5289 Nostri
766 5247 991 5297 omnes,
1053 5235 1110 5285 et
1141 5231 1377 5302 quidam
1437 5249 1612 5304 penes
1659 5235 2058 5294 Martianmum

416 5319 585 5427 ansa,
618 5305 717 5359 Hic
745 5319 855 5358 non
879 5318 1206 5374 pronomen,
1237 5305 1331 5358 sed
1367 5305 1687 5360 adverbium
1717 5308 1822 5362 loci
1876 5309 2056 5379 legen-

451 5391 546 5427 um
574 5383 672 5427 est.

451 5391 546 5428 um
574 5383 672 5430 est.

484 5446 506 5478 ²
534 5444 651 5500 Hoc
681 5445 752 5499 de
785 5444 1090 5517 Evangelio
1121 5449 1312 5499 actum
1349 5452 1438 5501 est
1485 5464 1517 5502 a
1548 5449 1736 5514 nobis,
1793 5468 1925 5505 cum
1959 5450 2058 5504 ali-

415 5515 972 5589 hi_,_tur_npraecipué
993 5517 1076 5589 ad,
1097 5517 1352 5588 Catalogi
1375 5534 1501 5589 cap.
1535 5523 1586 5574 2.
1613 5523 1773 5586 Quod
1797 5539 1929 5576 vero
1961 5522 2057 5576 hic

412 5585 578 5642 addit
607 5585 1326 5662 HieronymusEbionitas
1349 5585 1580 5662 quoque
1612 5585 1710 5646 illo
1744 5611 1882 5648 usos
1905 5609 2053 5662 esse,

412 5657 762 5732 recentiores
788 5657 970 5713 critici
997 5657 1504 5732 pernegant,quod
1524 5681 1637 5718 non
1669 5681 1784 5718 uno
1807 5657 2057 5718 alterove

411 5747 537 5804 cap.
601 5729 1038 5804 Nazaramorum
1101 5729 1271 5804 atque
1331 5729 1734 5789 Ebionitarum
1783 5735 1937 5788 inter
1993 5751 2055 5789 se

411 5800 722 5877 Evangelia
751 5801 1144 5867 dissentirent.
1176 5800 1431 5868 Historia
1453 5821 1585 5862 cum
1617 5805 1825 5879 primis
1859 5806 2054 5878 bapti~

3743 477 3826 539 80

1663 614 1783 667 Non
1845 612 2066 682 legistis
2097 620 2150 683 Α
2181 613 2289 666 1οοὶ
2322 616 2440 677 est;
2476 612 2630 681 quod
2665 612 2851 681 major
2885 609 3102 681 templo
3160 610 3237 664 sit
3266 610 3448 677 locus,
3483 609 3581 682 qui
3623 610 3823 665 Domi-

2184 717 2322 755 num
2358 700 2559 770 templi
2591 703 2802 754 teneat.

2253 806 2435 877 (Vers.
2468 808 2546 874 7.)
2579 831 2604 856 ‹‹
2636 807 2690 860 Si
2733 811 2928 861 autem
2977 806 3204 861 sciretis
3247 805 3386 876 quid
3419 810 3509 860 est
3544 822 3557 860 :
3595 805 3828 861 Miseri-

2183 895 2440 950 cordiam
2472 895 2619 954 volo.
2653 900 2708 950 et
2755 912 2869 949 non
2927 894 3279 949 sacrificium
3321 895 3491 963 (Osee,
3552 911 3629 961 vi,
3687 895 3744 960 6)
3807 911 3822 949 :

2186 1001 2486 1054 nunquam
2546 983 3044 1038 condcmnassetis
3090 982 3448 1037 innocentes.
3486 1004 3506 1031 ι
3543 981 3690 1048 Quid
3721 981 3822 1050 sit,

2181 1071 2305 1125 volo
2338 1072 2818 1138 misericordiam,
2865 1075 2922 1126 et
2955 1088 3067 1125 non
3118 1069 3492 1137 sacriﬁcium,
3525 1086 3707 1142 supra
3736 1069 3827 1125 di-

2181 1161 2392 1214 ximus.
2426 1162 2584 1226 Quod
2618 1167 2812 1214 autem
2873 1160 3138 1230 sequitur
3170 1177 3182 1213 :
3217 1159 3509 1230 Nunquam
3559 1162 3827 1215 condem-

2179 1251 2412 1303 nassetz's
2463 1251 2790 1318 inm'n'entcs,
2827 1249 2896 1302 de
2927 1247 3205 1320 apostolis
3236 1235 3681 1320 intelligendum
3713 1253 3823 1304 est.

2183 1338 2249 1390 Et
2303 1343 2394 1392 est
2449 1354 2661 1392 sensus
2709 1355 2722 1392 :
2776 1337 2836 1391 Si
2893 1336 3352 1392 misericordiam
3397 1337 3827 1409 comprobastis

2181 1425 2572 1493 Achimelech,
2605 1443 2672 1481 eo
2703 1427 2855 1496 quod
2892 1428 3042 1480 fame
3081 1425 3507 1497 periclitantem
3539 1426 3827 1482 refocilla-

2181 1515 2327 1569 verit
2357 1515 2531 1569 David
2564 1522 2619 1569 et
2658 1533 2868 1586 pueros
2899 1517 3025 1584 ejus
3060 1532 3072 1568 :
3105 1532 3284 1586 quare
3315 1515 3632 1587 discipulos
3663 1533 3830 1574 meos

2184 1603 2628 1669 condemmatis,
2661 1605 2762 1675 qui
2795 1603 2940 1658 nihil
2972 1603 3085 1660 tale
3115 1605 3374 1659 fecerunt
3405 1605 3434 1657 ‘I

2255 1710 2438 1781 (Vers.
2471 1711 2548 1780 9.)
2583 1734 2608 1759 «
2643 1711 2709 1765 Et
2739 1727 2871 1765 cum
2932 1711 3066 1765 inde
3093 1711 3422 1776 transisset,
3455 1712 3609 1767 venit
3639 1713 3696 1768 in
3728 1729 3826 1785 sy-
3901 1748 3916 1753 -

2185 1815 2471 1870 nagogam
2532 1815 2753 1854 eorum.
2814 1800 2880 1853 Et
2910 1816 3040 1854 ecce
3085 1799 3258 1855 homo
3312 1818 3551 1856 manum
3601 1801 3830 1858 habens

2184 1889 2471 1943 aridam.»
2498 1889 2728 1944 Tertius
2757 1889 3023 1944 decimus
3054 1890 3160 1944 iste
3195 1891 3284 1944 77
3313 1895 3420 1957 est,
3454 1891 3555 1962 qui
3586 1897 3830 1947 curatur

2105 1993 2152 2056 B
2184 1976 2240 2030 in
2271 1982 2591 2049 Synagoga.
2630 1978 2694 2031 Et
2724 1979 3068 2044 notandum,
3112 1978 3266 2048 quod
3300 1995 3412 2033 non
3445 1978 3502 2032 in
3533 1979 3738 2035 itinere
3769 1984 3832 2036 et

2183 2066 2343 2135 foris,
2397 2067 2496 2121 sed
2528 2067 2586 2121 in
2619 2067 3003 2122 conciliabulo
3051 2067 3387 2122 Judazorum
3420 2084 3632 2124 manus
3663 2068 3833 2124 arida

2183 2155 2357 2210 fuerit
2387 2159 2610 2210 sanata.

2255 2262 2442 2330 (Vers.
2479 2262 2588 2330 10.)
2639 2261 2768 2315 «Et
2816 2260 3252 2332 interrogabant
3309 2279 3468 2330 eum,
3515 2263 3826 2322 dicentes:

2183 2349 2242 2403 Si
2291 2349 2424 2403 licet
2481 2350 2750 2404 Sabbatis
2809 2365 3013 2404 curare
3047 2367 3061 2404 :
3095 2356 3158 2404 ut
3214 2357 3557 2407 accusarent
3602 2369 3760 2408 eum.
3797 2377 3828 2404 ι»

2185 2437 2331 2500 Quia
2361 2438 2814 2493 destructionem
2847 2438 3104 2505 Sabbati,
3140 2456 3315 2510 quam
3372 2439 3484 2508 [AL
3518 2457 3635 2512 qua
3663 2449 3714 2497 et
3745 2443 3836 2498 di-

2185 2526 2463 2597 scipulos]
2500 2526 2769 2580 Pharisrei
2804 2528 2860 2580 in
2895 2526 3202 2598 discipulis
3242 2529 3584 2600 arguebant,
3618 2531 3834 2602 proba-

2185 2616 2289 2670 bili
2318 2615 2582 2686 exemplo
2633 2621 3028 2680 excusaverat,
3088 2617 3281 2686 ipsum
3330 2618 3678 2674 calumniari
3732 2637 3833 2676 vo-

2186 2705 2314 2759 lunt
2347 2722 2359 2759 :
2395 2709 2452 2759 et
2480 2705 2839 2775 interrogant
2871 2709 3068 2759 utrum
3093 2704 3260 2760 liceat
3291 2723 3492 2762 curare
3524 2708 3581 2762 in
3615 2708 3842 2764 Sabba-

2188 2793 2264 2849 tis
2291 2812 2302 2860 ;
2337 2798 2399 2847 ut
2429 2793 2478 2846 si
2512 2810 2626 2848 non
2657 2795 2962 2862 curaverit,
2997 2794 3358 2851 crudelitatis
3396 2802 3496 2852 aut
3525 2796 3835 2853 imbecilli-

2188 2884 2360 2948 tatis;
2413 2882 2460 2937 si
2492 2883 2799 2948 curaverit,
2833 2885 3316 2955 transgressinois
3346 2891 3688 2942 accusarent
3718 2889 3828 2958 [.‘tl.

2188 2974 2506 3040 accusent].

2260 3080 2446 3148 (Vers.
2484 3078 2568 3147 11,
2604 3079 2668 3131 12
2696 3079 2910 3151 seqq.)«
2933 3078 3060 3150 Ipse
3081 3085 3276 3135 autem
3307 3079 3449 3136 dixit
3480 3080 3597 3137 illis
3638 3098 3651 3138 :
3687 3083 3834 3149 Quis

2187 3167 2296 3222 erit
2325 3184 2392 3221 ex
2422 3167 2583 3220 vobis
2617 3165 2790 3222 homo
2822 3167 2921 3238 qui
2953 3168 3161 3223 habeat
3218 3185 3382 3224 ovem
3441 3187 3640 3238 unam,
3692 3177 3750 3228 et
3778 3172 3832 3229 si

2188 3255 2462 3310 ceciderit
2490 3254 2610 3309 haec
2642 3255 2912 3310 Sabbatis
2934 3255 2992 3310 in
3026 3257 3268 3322 foveam,
3302 3275 3493 3322 nonne
3523 3261 3745 3315 tenebit
3773 3265 3835 3317 et

2108 3361 2149 3426 ρ
2189 3344 2398 3399 levabit
2430 3345 2548 3414 [Αἰ.
2582 3343 2873 3413 allevabit)
2905 3360 3031 3399 eam
3052 3344 3079 3398 ‘I
3108 3345 3332 3408 Quanto
3386 3346 3573 3419 magis
3624 3348 3837 3406 melior

2188 3441 2274 3488 est
2307 3433 2478 3488 homo
2510 3433 2641 3488 ove!
2679 3434 2879 3504 Itaque
2910 3432 3042 3488 licet
3070 3434 3339 3490 Sabbatis
3392 3435 3757 3495 benefacere.
3800 3461 3831 3488 »

2187 3525 2281 3579 Sic
2315 3523 2484 3578 solvit
2513 3523 2871 3595 propositam
2897 3524 3374 3594 quaestionemmt
3402 3523 3835 3598 interrogantes

2187 3613 2438 3668 avaritiae
2492 3613 2923 3667 condemnaret.
2959 3612 3016 3666 Si
3049 3629 3170 3678 vos,
3223 3612 3436 3683 inquit,
3486 3613 3544 3668 in
3577 3615 3832 3671 Sabbato

2187 3719 2348 3757 ovem
2389 3706 2444 3755 et
2473 3700 2630 3755 aliud
2672 3700 2972 3771 quodlibet
3010 3700 3230 3755 animal
3289 3701 3346 3755 in
3404 3702 3626 3758 foveam
3680 3704 3837 3760 deci-

2187 3792 2352 3859 dens,
2386 3790 2605 3861 eripere
2650 3790 2959 3859 festinatis,
3020 3805 3134 3844 non
3185 3789 3446 3857 animali,
3481 3792 3580 3847 sed
3621 3797 3829 3850 vestra

2187 3879 2439 3934 avaritia:
2465 3877 2855 3949 consulentes,
2890 3883 3108 3950 quanto
3140 3879 3328 3950 magis
3369 3895 3474 3951 ego
3506 3880 3832 3950 hominem,

2187 3968 2286 4040 qui
2322 3967 2502 4022 multo
2535 3967 2738 4022 melior
2766 3972 2855 4023 est
2884 3983 3009 4038 ove,
3042 3968 3219 4023 debeo
3252 3967 3531 4025 liberare!

2258 4075 2274 4145 (
2309 4075 2462 4130 Vers.
2498 4076 2604 4146 13.)
2638 4099 2664 4124 ‹‹
2699 4076 2860 4130 Tunc
2893 4075 2974 4130 ait
3003 4074 3225 4129 homini
3261 4091 3272 4130 :
3305 4076 3556 4132 Extende
3588 4094 3832 4136 manum

2183 4168 2368 4219 tuam.
2404 4165 2470 4219 Et
2499 4165 2780 4231 extendit,
2808 4169 2863 4219 et
2886 4163 3155 4219 restituta
3185 4169 3274 4219 est
3303 4165 3538 4242 sanitati
3571 4167 3721 4222 sicut
3743 4167 3831 4222 al-

2184 4259 2326 4308 tera.
2395 4276 2420 4301 »
2485 4256 2545 4308 ln
2605 4253 2932 4325 Evangelio,
2997 4269 3111 4324 quo
3142 4258 3387 4308 utuntur
3415 4254 3711 4310 Nazareni
3770 4262 3834 4314 et

2183 4341 2456 4396 Ebionitre
2504 4344 2526 4376 ³
2583 4343 2762 4413 (quod
2817 4358 3003 4414 nuper
3061 4343 3119 4396 in
3151 4345 3440 4398 Graecum
3485 4343 3555 4398 de
3591 4345 3827 4404 Hebraeo

2180 4447 2448 4486 sermone
2478 4430 2913 4496 transtulimus,
2945 4434 3001 4485 et
3021 4431 3176 4500 quod
3203 4437 3441 4487 vocatur
3469 4449 3503 4487 a
3529 4431 3830 4506 plerisque

2180 4520 2429 4574 Mattbaei
2462 4520 2910 4588 authenticum),
2947 4518 3120 4574 homo
3169 4519 3299 4588 iste,
3334 4521 3432 4590 qui
3462 4520 3684 4576 aridam
3718 4521 3826 4578 ha-

2177 4611 2272 4664 bet
2330 4625 2594 4677 manum,
2627 4607 3035 4664 cmmentarius
3099 4608 3374 4664 scribitur
3405 4625 3417 4664 :
3461 4608 3632 4666 istius
3663 4611 3826 4668 modi

2173 4699 2415 4754 vocibus
2446 4699 2728 4754 auxilium
2787 4713 3030 4768 precans
3090 4713 3102 4751 :
3162 4697 3578 4754 Caementarius
3634 4715 3820 4767 eram,

2177 4789 2450 4843 manibus
2492 4787 2708 4843 victum
2741 4785 3058 4856 quaeritans
3117 4803 3130 4841 :
3192 4802 3394 4858 precor
3450 4791 3530 4855 te,
3558 4787 3721 4856 Jesu,
3756 4794 3824 4845 ut

2174 4877 2320 4933 mihi
2350 4877 2623 4932 restituas
2674 4875 3005 4942 sanitatem,
3062 4891 3133 4929 ne
3185 4875 3436 4946 turpiter
3492 4877 3820 4934 mendicem

2173 4966 2352 5021 cibos.
2392 4965 2581 5035 Usque
2610 4965 2680 5019 ad
2722 4965 3038 5019 adventum
3070 4965 3382 5019 Salvatoris
3411 4964 3575 5020 arida
3606 4981 3820 5023 manus

2170 5055 2229 5110 in
2262 5070 2560 5127 synagoga
2590 5054 2698 5108 fuit
2725 5053 3086 5121 Judaaorum,
3116 5057 3172 5108 et
3228 5052 3326 5108 Dei
3367 5069 3540 5124 opera
3570 5071 3686 5109 non
3714 5054 3818 5111 fie-

2169 5233 2281 5290 smi
2315 5231 2652 5298 Salvatoris,
2685 5248 2863 5302 quam
2895 5248 2962 5286 ex
2994 5232 3439 5303 Nazaraznorum
3471 5231 3670 5287 codice
3692 5231 3819 5303 ipse

2170 5305 2373 5360 recitat
2403 5305 2459 5358 S.
2498 5303 2664 5358 Pater
2693 5305 2762 5358 ad
2799 5321 2921 5373 cap.
2954 5321 3008 5356 x1
3044 5305 3228 5374 Isaiae,
3261 5302 3428 5357 aliter
3455 5319 3639 5374 eaque
3680 5302 3812 5359 bre-

2171 5378 2296 5430 vius
2328 5375 2635 5446 exponitur
2665 5377 2736 5429 ab
2773 5373 3118 5446 Epiphanio
3151 5374 3352 5446 haeres.
3391 5374 3480 5444 30,
3543 5373 3569 5441 ἓ
3621 5375 3708 5428 13.
3739 5380 3816 5430 At

2168 5447 2312 5501 nihil
2346 5444 2478 5500 inde
2509 5445 2666 5499 aliud
2698 5445 3147 5514 evincas,quam
3172 5444 3296 5498 loca
3328 5446 3596 5516 quaedam
3632 5447 3814 5502 fuisse

2167 5536 2200 5572 a
2229 5519 2512 5572 Nazaraeis
2544 5516 2912 5587 interpolata,
2947 5517 3202 5585 itemque
3233 5516 3347 5571 alia
3375 5517 3447 5571 ab
3477 5518 3760 5573 Ebionitis
3795 5534 3809 5586 ;

2166 5606 2280 5644 non
2314 5589 2395 5642 ita
2423 5593 2618 5641 tamen
2680 5586 2767 5659 ut
2799 5586 3026 5640 diversa
3081 5602 3282 5641 eorum
3343 5587 3654 5659 Evangelia
3693 5590 3809 5645 dici

2165 5663 2422 5732 possent,
2456 5675 2583 5729 quae
2619 5657 2934 5712 maximam
2959 5663 3181 5729 partem
3215 5657 3604 5732 convenirent.
3637 5663 3810 5719 Recte

2165 5729 2306 5786 adeo
2338 5729 2726 5803 Hieronymus
2756 5745 2861 5805 pro
2893 5745 3007 5785 uno
3039 5731 3282 5805 accepit.
