4182 6570
291 486 362 550 81
847 484 1368 548 COMMENTAR.
1419 488 1490 548 IN
1541 487 1948 547 LVANGELII

2100 485 2477 548 MAT'I‘HAZI
2525 490 2670 548 LIB.
2722 491 2796 549 ll.
2847 489 3020 548 CAP.
3065 489 3195 550 XII.
3631 489 3709 552 82

293 619 437 676 bant
464 616 522 674 in
553 634 659 675 ea:
693 621 1006 691 postquam
1039 618 1136 675 ille
1167 620 1326 675 venit
1358 621 1414 675 in
1458 624 1662 687 terras,
1716 619 1944 674 reddita
1973 623 2026 687 Α
2056 625 2164 689 est,
2199 621 2296 676 sed
2331 626 2386 676 et
2417 621 2677 693 quotidie
2721 620 3052 693 completur
3081 620 3139 676 in
3171 621 3545 680 conversione
3575 639 3706 680 cre-

215 712 224 717 ’
294 712 382 765 est
411 710 472 763 in
502 707 783 781 apostolis
813 708 1188 764 credentibus
1219 709 1474 778 dextera,
1510 715 1567 765 et
1615 709 1774 782 operi
1823 708 1944 780 pri-

293 797 451 854 stino
481 798 774 854 restituta.

364 887 550 959 (Vers.
597 887 709 960 14.)
761 911 782 937 α
818 889 1108 944 Exeuntes
1159 892 1353 945 autem
1405 889 1700 959 Pharisaii,
1752 887 1943 945 consi-

290 975 438 1032 lium
472 976 766 1032 faciebant
796 977 1079 1033 adversus
1111 995 1268 1044 eum,
1310 979 1607 1050 quomodo
1637 979 1946 1052 perderent

290 1081 449 1121 eum.
486 1088 514 1114 »
571 1067 733 1130 Quod
779 1066 1022 1122 Domino
1057 1067 1382 1123 moliuntur
1412 1067 1678 1134 insidias,
1711 1067 1855 1123 livor
1885 1067 1943 1123 in

291 1171 473 1211 causa
501 1159 608 1211 est.
659 1154 804 1220 Quid
837 1156 994 1212 enim
1029 1158 1262 1228 fecerat,
1297 1162 1361 1213 ut
1390 1157 1712 1214 Pharisaeos
1744 1157 1815 1212 ad
1848 1157 1943 1211 in-

287 1243 692 1300 terfectionem
748 1245 844 1300 78
905 1245 996 1301 sui
1042 1247 1475 1317 provocaret‘?
1530 1263 1737 1318 nempe
1786 1246 1941 1317 quod

287 1332 466 1390 homo
489 1335 828 1390 extenderat
854 1352 1117 1391 manum.
1153 1335 1292 1402 Quis
1324 1337 1479 1392 enim
1513 1336 1942 1392 Pharisaeorum

287 1423 349 1479 in
384 1422 476 1478 die
500 1423 740 1479 Sabbati
767 1441 880 1479 non
913 1425 1172 1480 extendit
1203 1441 1470 1492 manum,
1496 1430 1735 1496 portans
1759 1424 1940 1490 cibos,

289 1513 653 1584 calicemque
692 1514 1018 1586 porrigens,
1050 1518 1106 1570 et
1137 1519 1344 1570 caetera
1374 1532 1500 1587 quae
1531 1514 1708 1570 victui
1742 1530 1941 1570 neces-

289 1602 444 1659 saria
473 1603 662 1658 sunt?
707 1602 766 1658 Si
797 1619 933 1676 ergo
967 1621 1209 1660 manum
1240 1605 1547 1660 extendere
1578 1609 1634 1660 et
1665 1603 1943 1659 alimenta

289 1691 598 1748 sublevare
628 1691 714 1748 vel
747 1697 950 1766 potum
983 1693 1042 1749 in
1076 1694 1356 1761 Sabbato,
1381 1710 1496 1750 non
1527 1697 1616 1749 est
1637 1693 1902 1749 criminis
1928 1708 1939 1745 :

288 1798 397 1837 cur
425 1781 534 1838 hoc
566 1782 624 1836 in
658 1781 771 1838 alio
805 1788 1062 1855 arguunt
1083 1785 1238 1855 quod
1263 1785 1375 1855 ipsi
1405 1785 1592 1839 facere
1614 1799 1943 1856 coarguun-

286 1875 406 1938 tur,
462 1871 786 1943 praesertim
843 1888 975 1927 cum
1030 1872 1141 1928 iste
1187 1873 1595 1928 caementarius
1641 1871 1789 1927 nihil
1829 1871 1945 1928 tale

2055 711 2342 778 dentium,
2375 715 2437 766 ut
2466 711 2708 783 expulso
2740 711 3020 778 daemone,
3048 710 3304 784 primum
3338 711 3472 767 fidei
3503 711 3703 770 lumen

2054 799 2363 871 aspiciant,
2414 799 2550 856 inde
2598 799 2657 854 in
2706 798 2910 856 laudes
2959 799 3060 857 Dei
3111 799 3364 856 tacentia
3407 800 3569 872 prius
3603 818 3705 857 ora

2052 889 2342 946 laxentur.

2126 980 2310 1052 (Vers.
2353 980 2468 1050 25.)
2525 980 2758 1036 «Jesus
2816 984 3010 1036 autem
3070 979 3264 1036 sciens
3320 978 3704 1053 cogitationes

2053 1084 2276 1133 eorum,
2329 1070 2474 1125 dixit
2521 1069 2651 1126 eis:
2704 1071 2888 1127 Omne
2938 1085 3184 1141 regnum
3235 1069 3296 1124 in
3344 1085 3407 1124 se
3449 1068 3704 1125 divisum

2053 1157 2416 1214 desolabitur
2435 1161 2478 1226 ’,
2529 1165 2585 1215 et
2634 1159 2826 1215 omnis
2875 1159 3078 1215 civitas
3125 1158 3213 1214 vel
3262 1159 3474 1214 domus
3519 1157 3707 1213 divisa

2054 1251 2256 1304 contra
2285 1265 2368 1314 se,
2403 1265 2520 1304 non
2552 1249 2750 1305 stabit.
2789 1272 2809 1298 ο
2853 1250 3058 1306 Turbae
3089 1249 3406 1321 stupebant
3434 1252 3492 1303 et
3521 1247 3703 1303 conﬁ-

2053 1338 2327 1392 tebantur
2356 1354 2512 1408 eum,
2544 1337 2646 1409 qui
2677 1342 2839 1394 tanta
2868 1338 3038 1410 signa
3073 1338 3338 1406 faciebat,
3363 1354 3493 1394 esse
3514 1335 3703 1392 filium

2052 1426 2278 1482 David:
2333 1427 2608 1483 Pharisaei
2659 1444 2794 1484 vero
2843 1443 3019 1499 opera
3065 1426 3165 1483 Dei
3199 1426 3448 1500 principi
3481 1426 3702 1482 daemo—

2053 1515 2286 1571 niorum
2312 1517 2694 1588 deputabant.
2717 1517 2941 1581 Quibus
2964 1516 3250 1573 Dominus
3279 1533 3396 1572 non
3429 1517 3501 1572 ad
3523 1515 3700 1584 dicta,

2052 1605 2154 1659 sed
2179 1606 2250 1660 ad
2274 1605 2529 1678 cogitata
2550 1605 2882 1677 respondit:
2911 1610 2976 1660 ut
2995 1604 3080 1660 vel
3105 1605 3188 1660 sic
3215 1604 3704 1678 compellerentur

2051 1695 2285 1749 credere
2335 1694 2604 1767 potentiae
2649 1694 2798 1765 ejus,
2832 1693 2932 1765 qui
2965 1694 3158 1750 cordis
3186 1694 3421 1750 videbat
3448 1692 3699 1750 occulta.

2125 1786 2312 1854 (Vers.
2347 1785 2462 1854 26.)
2512 1806 2538 1833 «
2573 1785 2640 1839 Et
2671 1784 2721 1839 si
2760 1788 3005 1839 Satanas
3042 1787 3316 1839 Satanam
3369 1783 3546 1855 ejicit,
3599 1784 3700 1839 ad-

2051 1890 2256 1929 versus
2285 1890 2345 1928 se
2368 1873 2593 1929 divisus
2615 1877 2737 1941 est;
2774 1873 3069 1946 quomodo
3095 1890 3230 1946 ergo
3252 1872 3432 1929 stabit
3453 1889 3700 1946 regnum

289 1959 624 2033 portaverit,
659 1961 760 2016 sed
793 1962 864 2016 ad
896 1966 1252 2033 praeceptum
1279 1961 1506 2018 Domini
1534 1960 1719 2017 solam
1743 1965 1942 2017 exten-
1973 1998 2021 2063 B
2053 1965 2182 2034 ejus
2202 1963 2230 2017 ?
2263 1986 2290 2012 »
2324 1963 2449 2019 Non
2481 1967 2672 2035 potest
2703 1980 2949 2036 regnum
2981 1967 3039 2018 et
3069 1962 3271 2020 civitas
3300 1967 3504 2020 contra
3530 1979 3592 2019 se
3622 1961 3704 2018 di-

289 2049 444 2106 derit
473 2066 716 2106 manum
739 2050 766 2104 τί

359 2137 548 2211 (Vers.
603 2141 690 2208 15,
743 2140 854 2211 17.)
910 2163 929 2187 ιι
964 2140 1137 2197 Jesus
1187 2145 1382 2196 autem
1441 2140 1652 2206 sciens,
1704 2139 1945 2195 recessit

289 2228 450 2297 inde,
481 2233 537 2283 et
569 2229 754 2285 secuti
785 2234 926 2285 sunt
953 2247 1089 2285 eum
1124 2229 1316 2301 multi,
1350 2236 1407 2286 et
1435 2230 1658 2286 curavit
1688 2246 1786 2285 eos
1818 2245 1944 2284 om-

289 2335 416 2374 nes.
470 2318 541 2373 Et
595 2318 869 2391 praecepit
917 2319 1026 2388 eis,
1075 2336 1147 2375 ne
1195 2320 1574 2375 manifestum
1607 2336 1742 2374 eum
1791 2319 1940 2373 face-

291 2411 444 2472 rent,
480 2411 546 2462 ut
575 2407 997 2480 adimpleretur
1037 2409 1191 2480 quod
1226 2408 1448 2464 dictum
1480 2413 1567 2466 est
1599 2425 1700 2481 per
1731 2407 1943 2462 Isaiam

289 2495 639 2570 prophetam
671 2496 962 2553 dicentem
994 2498 1122 2568 (Isa.
1156 2516 1290 2569 xm,
1325 2500 1376 2569 1,
1409 2501 1484 2571 2).
1520 2521 1548 2546 »
1596 2497 1798 2553 Sciens
1850 2495 1943 2550 in-

290 2586 475 2643 sidias
525 2602 748 2652 eorum,
804 2588 959 2659 quod
1017 2587 1232 2644 vellent
1288 2589 1528 2660 perdere
1587 2587 1943 2643 Salvatorem

291 2693 493 2744 suum,
550 2676 792 2732 recessit
839 2676 995 2745 inde,
1030 2681 1094 2733 ut
1126 2677 1431 2733 Pharisaeis
1465 2681 1666 2733 contra
1694 2693 1755 2732 se
1786 2692 1946 2731 occa-

293 2766 522 2823 sionem
555 2765 873 2838 impietatis
905 2767 1175 2823 auferret.

361 2853 548 2926 (Vcrs.
586 2854 672 2921 18,
708 2856 820 2926 19.)
875 2878 900 2905 ‹‹
936 2856 1077 2911 Ecce
1107 2873 1252 2928 puer
1291 2873 1480 2923 meus,
1528 2871 1704 2928 quem
1749 2854 1893 2926 elegi
1928 2869 1941 2908 :

289 2942 543 3001 dilectus
565 2960 753 3010 meus,
783 2945 842 3000 in
867 2963 980 3017 quo
1003 2947 1149 3001 bene
1171 2945 1524 3018 complacuit
1544 2945 1756 3001 animze
1780 2961 1942 2999 mere.

292 3034 512 3089 Ponam
560 3032 834 3105 spiritum
891 3050 1087 3090 meum
1137 3051 1315 3108 super
1360 3051 1518 3102 eum,
1562 3040 1617 3091 et
1651 3033 1945 3105 judicium

295 3123 573 3197 gentibus
617 3123 933 3180 nuntiabit.
985 3124 1111 3181 Non
1141 3125 1471 3192 contendet,
1504 3141 1694 3196 neque
1724 3123 1944 3179 clama-

294 3212 401 3269 bit.
433 3234 460 3261 »
492 3212 598 3268 Per
626 3213 836 3269 Isaiam
860 3213 1206 3286 prophetam
1234 3232 1303 3270 ex
1324 3231 1576 3286 persona
1600 3213 1789 3269 Patris
1838 3213 1948 3267 hoc

292 3301 546 3358 dicitur:
579 3308 795 3358 Ponam
823 3305 1085 3374 Spiritum
1111 3321 1295 3360 meum
1323 3321 1486 3376 super
1513 3320 1657 3360 eum.
1694 3303 1949 3375 Spiritus

278 3391 539 3464 ponitur
569 3407 684 3446 non
716 3373 893 3463 super
921 3392 1022 3447 Dei
1053 3394 1320 3462 verbum,
1368 3373 1426 3448 et
1457 3410 1637 3466 super
1666 3373 1946 3464 Unigeni-
1980 3373 2022 3440 C

273 3484 445 3544 .tum,
482 3479 584 3551 qui
615 3480 686 3534 de
719 3479 852 3535 sinu
888 3482 1175 3552 processit
1207 3482 1412 3553 Patris,
1447 3484 1549 3538 sed
1583 3499 1760 3556 super
1790 3497 1946 3548 eum,

294 3569 368 3626 de
403 3585 520 3640 quo
551 3567 773 3624 dictum
805 3573 894 3625 est
928 3587 940 3625 :
972 3573 1117 3625 Ecce
1141 3588 1283 3642 puer
1310 3588 1464 3626 meus
1494 3572 1699 3641 (Ibid).

369 3659 557 3728 (Vers.
602 3659 713 3729 19.)
769 3682 796 3707 ‹‹
827 3658 1023 3732 Neque
1053 3659 1252 3716 audiet
1281 3660 1494 3733 aliquis
1525 3661 1584 3715 in
1618 3659 1825 3733 plateis
1854 3677 1948 3715 vo-

292 3763 421 3804 cem
450 3747 651 3818 ejus.»
689 3747 830 3803 Lata
859 3749 1016 3803 enim
1049 3752 1137 3805 est
1166 3753 1222 3805 et
1253 3750 1514 3822 spatiosa
1543 3749 1657 3815 via,
1690 3767 1816 3821 quae
1849 3749 1954 3805 du-

297 3836 380 3893 cit
411 3837 483 3891 ad
515 3835 928 3908 perditionem,
960 3841 1017 3893 et
1050 3837 1217 3894 multi
1248 3839 1662 3912 ingrediuntur
1693 3856 1794 3911 per
1821 3853 1950 3894 eam

296 3925 521 3999 (Matth.
553 3942 652 3992 vn,
691 3927 802 3996 13.)
835 3927 942 3991 Qui
976 3927 1144 3983 multi
1176 3945 1375 3984 vocem
1408 3947 1521 3985 non
1554 3928 1805 3985 audiunt
1833 3928 1952 3984 Sal-

290 4014 532 4083 vatoris,
557 4014 697 4087 quia
723 4032 838 4071 non
862 4020 1003 4072 sunt
1033 4016 1093 4071 in
1125 4022 1282 4073 arcta
1308 4018 1421 4088 via,
1447 4017 1546 4073 sed
1579 4017 1639 4072 in
1672 4018 1948 4089 spatiosa.

366 4105 557 4175 (Vers.
613 4105 702 4171 20,
763 4105 878 4176 21.)
933 4127 961 4153 ‹‹
1013 4106 1378 4162 Arundinem
1437 4110 1776 4178 quassatam
1836 4123 1950 4162 non

293 4193 645 4266 confringet,
679 4196 735 4248 et
763 4193 952 4249 linum
987 4195 1282 4268 fumigans
1315 4213 1430 4252 non
1464 4195 1816 4270 exstinguet,
1850 4196 1952 4251 do-

301 4298 413 4338 nec
444 4281 638 4352 ejiciat
663 4282 734 4338 ad
763 4283 1065 4340 victoriam
1102 4285 1396 4355 judicium
1429 4302 1442 4340 :
1497 4291 1554 4341 et
1602 4285 1658 4340 in
1716 4285 1952 4342 nomine

297 4372 432 4444 ejus
452 4375 657 4444 gentes
686 4373 1023 4443 sperabunt.
1047 4393 1072 4424 ι)
1112 4374 1220 4439 Qui
1249 4376 1539 4448 peccatori
1565 4393 1676 4430 non
1706 4375 1955 4447 porrigit

299 4477 572 4527 manum,
604 4477 708 4517 nec
739 4466 932 4535 portat
959 4481 1107 4520 onus
1138 4464 1336 4520 fratris
1374 4465 1490 4531 sui,
1521 4464 1630 4521 iste
1660 4465 1952 4521 calamum

298 4555 647 4624 quassatum
680 4553 1013 4626 confringit.
1070 4555 1139 4609 Et
1178 4554 1278 4626 qui
1310 4555 1602 4611 modicam
1635 4554 1953 4611 scintillam

207 4701 214 4704 _
301 4641 436 4698 fidei
489 4641 812 4698 contemnit
841 4642 900 4698 in
933 4643 1214 4715 parvulis,
1278 4643 1372 4699 hic
1433 4644 1619 4700 linum
1670 4645 1956 4715 extinguit

2050 2052 2180 2108 visa
2227 2057 2530 2125 perstare;
2584 2054 2684 2110 sed
2731 2053 3024 2126 quomodo
3055 2052 3366 2109 concordia
3394 2069 3581 2125 parvae
3611 2069 3705 2109 res

2052 2146 2344 2207 crescunt,
2370 2142 2450 2197 ita
2480 2141 2773 2198 discordia
2803 2142 3070 2198 maximas
3100 2142 3463 2198 dilabuntur.
3487 2141 3547 2198 Si
3569 2157 3705 2214 ergo

2053 2231 2304 2287 Satanas
2350 2235 2573 2304 pugnat
2612 2235 2816 2287 contra
2845 2249 2926 2301 se,
2959 2236 3016 2288 et
3046 2232 3273 2288 daemon
3308 2230 3585 2288 inimicus
3614 2235 3705 2288 est

2053 2321 2360 2390 daemonis,
2394 2322 2629 2377 deberet
2651 2321 2778 2392 jam
2809 2321 3014 2376 mundi
3049 2321 3277 2377 venisse
3327 2336 3704 2377 consumma-

2053 2409 2171 2477 tio;
2225 2415 2289 2464 ut
2333 2427 2448 2466 non
2482 2410 2767 2466 haberent
2798 2411 2858 2466 in
2889 2427 2956 2466 eo
2985 2409 3178 2466 locum
3211 2409 3554 2466 adversariae
3599 2425 3703 2482 po-

2055 2502 2319 2567 testates,
2371 2517 2623 2571 quarum
2672 2500 2823 2556 inter
2868 2517 2930 2556 se
2979 2499 3222 2568 bellum,
3257 2517 3368 2572 pax
3395 2498 3706 2556 hominum

2055 2592 2162 2642 est.
2219 2589 2277 2644 Si
2327 2594 2521 2644 autem
2564 2589 2852 2660 putatis,o
2884 2590 3097 2645 Scribae
3128 2593 3186 2646 et
3215 2588 3512 2659 Pharisaei,
3547 2588 3702 2660 quod

2053 2678 2306 2733 receseio
2357 2678 2690 2734 daemonum
2765 2678 3098 2734 obedientia
3146 2678 3223 2734 sit
3271 2679 3330 2734 in
3379 2677 3705 2751 principem

2055 2784 2252 2837 suum,
2294 2772 2360 2823 ut
2389 2767 2657 2823 homines
2689 2768 3026 2839 ignorantes
3059 2766 3433 2824 fraudulenta
3461 2766 3705 2823 simula-

2055 2859 2213 2914 tione
2266 2857 2569 2923 deludant,
2620 2858 2760 2929 quid
2793 2858 3034 2930 potestis
3066 2857 3258 2912 dicere
3289 2857 3359 2914 de
3390 2872 3703 2930 corporum

2055 2946 2429 3012 sanitatibus,
2462 2963 2609 3018 quas
2640 2947 2924 3002 Dominus
2957 2946 3356 3019 perpetravit?
3405 2945 3578 3002 Aliud
3620 2948 3710 3001 est

2056 3036 2105 3092 si
2141 3037 2540 3091 membrorum
2589 3052 2821 3107 quoque
2861 3035 3192 3092 debilitates
3221 3039 3278 3092 et
3307 3035 3706 3108 spiritualium

2055 3126 2341 3181 virtutum
2373 3125 2629 3198 insignia
2659 3125 3024 3182 daemonibus
3055 3125 3394 3198 assignatis.

2128 3215 2313 3285 (Vers.
2340 3217 2455 3284 27.)
2488 3238 2513 3264 ‹‹
2542 3216 2607 3270 Et
2638 3215 2687 3270 si
2719 3232 2825 3286 ego
2857 3215 2916 3270 in
2952 3214 3270 3272 Beelzebub
3302 3214 3470 3287 ejicio
3492 3215 3708 3271 dieme-

2059 3321 2184 3371 nes,
2219 3303 2324 3360 filii
2355 3303 2530 3360 vestri
2563 3304 2622 3360 in
2653 3321 2768 3375 quo
2809 3304 3095 3375 ejiciunt?
3147 3305 3276 3361 Ideo
3321 3303 3435 3378 ipsi
3473 3305 3708 3376 judiees

2059 3393 2236 3449 vestri
2285 3397 2475 3448 erunt.
2511 3417 2532 3444 ι
2600 3391 2776 3448 Filios
2824 3394 3186 3462 Judaeorum,
3243 3393 3332 3450 vel
3389 3394 3708 3450 exorcistas

2059 3482 2249 3556 gentis
2298 3482 2478 3552 illius,
2524 3498 2592 3536 ex
2635 3497 2794 3537 more
2824 3481 3140 3553 significat,
3172 3482 3260 3538 vel
3292 3482 3608 3554 apostolos,
3641 3497 3712 3538 ex

2060 3588 2261 3628 eorum
2312 3573 2492 3642 stirpe
2539 3573 2863 3643 generatos.
2913 3570 2967 3623 Si
3012 3570 3351 3637 exorcistas,
3385 3570 3484 3641 qui
3515 3570 3589 3626 ad
3618 3569 3707 3625 in-

2059 3662 2422 3718 vocationem
2476 3659 2575 3715 Dei
2625 3659 2937 3731 ejiciebant
2985 3661 3301 3731 dremones,
3335 3664 3591 3716 coarctat
3621 3659 3709 3716 in-

2061 3750 2450 3823 terrogatione
2479 3749 2772 3822 prudenti,
2795 3755 2858 3804 ut
2884 3749 3277 3805 confiteantur
3296 3749 3552 3823 Spiritus
3582 3766 3713 3807 san-

2063 3841 2136 3896 cti
2172 3857 2298 3897 esse
2330 3856 2495 3912 opus.
2533 3839 2634 3896 80
2664 3839 2826 3904 Quod
2860 3839 2909 3894 si
2942 3839 3202 3912 expulsio
3250 3840 3584 3896 daemonum
3624 3839 3714 3895 in-

2061 3931 2206 4002 quit,
2241 3931 2299 3984 in
2334 3928 2469 3984 ﬁliis
2500 3929 2728 3997 vestris,
2763 3929 2899 3998 Deo,
2935 3947 3049 3986 non
3081 3928 3447 3985 daemonibus
3478 3929 3716 4002 deputa-

2061 4026 2204 4075 tur:
2259 4036 2438 4090 quare
2489 4018 2546 4072 in
2600 4035 2691 4073 me
2738 4017 2894 4073 idem
2940 4036 3087 4090 opus
3119 4035 3233 4074 non
3269 4019 3471 4076 eadem
3504 4017 3717 4074 habeat

2062 4115 2118 4164 et
2148 4124 2386 4164 causam
2408 4107 2435 4162 ?
2466 4107 2612 4179 Ergo
2643 4105 2751 4176 ipsi
2776 4107 3008 4176 judices
3033 4107 3208 4164 vestri
3240 4111 3431 4179 erunt,
3457 4124 3574 4164 non
3604 4124 3714 4180 po-

2062 4201 2295 4266 testate,
2347 4197 2448 4252 sed
2484 4196 2918 4267 comparatione
2951 4212 2962 4249 :
3017 4197 3160 4251 dum
3192 4195 3276 4250 illi
3307 4196 3710 4270 expulsionem

2063 4290 2397 4344 daemonum
2437 4285 2550 4342 Deo
2595 4284 2898 4356 assignant
2928 4302 2940 4352 ;
2978 4301 3076 4341 vos
3107 4283 3426 4341 Beelzebub
3457 4284 3710 4357 principi

2062 4377 2506 4434 daemoniorum.
2560 4375 2659 4430 Sin
2707 4377 2904 4430 autem
2935 4374 3007 4430 de
3036 4373 3316 4447 apostolis
3347 4373 3568 4429 dictum
3599 4377 3709 4442 est,

2063 4467 2220 4540 quod
2238 4471 2294 4523 et
2313 4464 2494 4538 magis
2511 4463 2835 4538 intelligere
2851 4465 3152 4535 debemus,
3169 4463 3278 4537 ipsi
3297 4467 3469 4520 erunt
3479 4462 3714 4536 judices

2064 4573 2265 4613 eorum
2292 4572 2303 4609 :
2341 4554 2478 4627 quia
2499 4553 2788 4611 sedebant
2807 4553 2867 4608 in
2889 4554 3197 4610 duodecim
3228 4553 3417 4622 soliis,
3439 4551 3713 4624 judican-

2065 4651 2151 4702 tes
2201 4644 2512 4700 duodecim
2562 4644 2752 4701 tribus
2783 4643 2958 4700 Israel
3006 4645 3213 4713 (Matth.
3265 4662 3379 4716 xxx,
3425 4645 3532 4712 '28;
3587 4644 3714 4700 Luc.

299 4729 621 4804 fumigans.
679 4732 939 4797 Quorum
964 4737 1238 4789 neutrum
1262 4733 1529 4790 Christus
1552 4733 1720 4802 fecit;
1753 4735 1824 4790 ad
1849 4734 1956 4789 hoc
1991 4751 2036 4815 Β
2069 4752 2207 4805 χχιι,
2240 4735 2352 4802 30).

301 4819 459 4876 enim
490 4826 747 4886 venerat,
791 4825 857 4876 ut
886 4821 1113 4879 salvum
1145 4824 1355 4880 faceret
1385 4825 1540 4896 quod
1573 4823 1842 4897 perierat.

375 4910 565 4981 (Vers.
597 4911 814 4983 22-24.)
865 4934 892 4962 ‹‹
925 4916 1086 4968 Tunc
1117 4911 1351 4970 oblatus
1395 4918 1484 4971 est
1516 4915 1565 4970 ei
1599 4913 1956 4970 dazmonium

303 4997 554 5066 habens,
616 5000 710 5056 79
762 5017 974 5068 cacus,
1006 5006 1062 5058 et
1095 5009 1315 5072 mutus,
1351 5009 1406 5059 et
1437 5005 1661 5060 curavit
1690 5021 1845 5073 cum,
1879 5003 1959 5058 ita

304 5092 370 5144 ut
390 5088 730 5162 loqueretur
750 5094 808 5146 et
826 5091 1064 5148 videret.
1091 5091 1160 5148 Et
1182 5095 1498 5166 stupebant
1519 5111 1723 5150 omnes
1752 5095 1955 5154 turbae.

305 5179 362 5234 et
392 5177 662 5236 dicebant
697 5197 708 5236 :
770 5181 1067 5254 Numquid
1116 5182 1213 5238 hic
1243 5187 1332 5239 est
1362 5182 1520 5239 illius
1552 5182 1730 5240 David
1751 5183 1779 5238 ‘I
1810 5182 1958 5238 Pha-

309 5265 462 5323 risaei
495 5275 691 5327 autem
737 5272 1062 5339 audientes,
1113 5272 1429 5329 dixerunt:
1483 5273 1584 5329 Hic
1634 5290 1748 5329 non
1801 5271 1962 5344 ejicit

311 5356 626 5429 daimones,
642 5361 755 5417 nisi
775 5361 836 5416 in
851 5361 1171 5418 Beelzebub
1194 5362 1453 5435 principe
1473 5361 1913 5419 daemoniorum.
1932 5385 1958 5410 η

383 5447 522 5504 Tria
542 5449 710 5523 signa
733 5451 910 5508 simul
938 5453 997 5508 in
1027 5468 1141 5508 uno
1164 5452 1402 5508 homine
1425 5457 1756 5524 perpetrata
1785 5457 1924 5507 sunt
1947 5466 1958 5504 :

312 5538 511 5594 Caecus
551 5539 723 5609 videt,
757 5546 960 5598 mutus
989 5541 1267 5615 loquitur,
1301 5559 1609 5614 possessus
1640 5562 1673 5597 a
1705 5543 1966 5598 dmmonc

312 5624 612 5685 liberatur.
665 5631 826 5696 Quod
878 5635 934 5687 et
965 5635 1102 5688 tunc
1134 5632 1371 5703 quidem
1405 5631 1718 5688 carnaliter
1751 5632 1965 5687 factum

390 5774 406 5807 ³
443 5772 747 5850 Voculam,
802 5775 910 5843 sui,
963 5775 1282 5850 restituunt
1330 5776 1513 5850 nostri
1561 5793 1701 5832 mss.
1737 5776 1970 5850 aliaque

317 5837 375 5898 id
403 5858 589 5915 genus
618 5837 836 5903 leviora
867 5837 1085 5919 passim
1120 5847 1279 5904 taciti
1311 5848 1693 5920 castigamus.

2140 4824 2324 4896 (Vers.
2356 4824 2472 4894 28.)
2527 4848 2546 4873 ι
2584 4822 2644 4878 Si
2675 4827 2871 4879 autem
2903 4840 3007 4895 ego
3042 4823 3099 4880 in
3159 4822 3369 4897 spiritu
3403 4823 3502 4880 Dei
3550 4823 3719 4897 ejicio

2070 4914 2383 4970 deemones.
2423 4936 2448 4962 ››
2492 4914 2554 4968 In
2587 4912 2741 4969 Luca
2769 4912 2952 4970 istum
2983 4911 3177 4970 locum
3211 4913 3292 4970 ita
3321 4913 3607 4987 scriptum
3637 4911 3716 4969 le-

2067 5003 2264 5077 gimus
2299 5019 2311 5057 :
2367 5003 2427 5059 Si
2467 5007 2652 5059 autem
2696 5018 2790 5074 ego
2829 5005 2886 5058 in
2918 5003 3087 5076 digito
3118 5004 3215 5060 Dei
3244 5005 3406 5069 ejicio
3450 5003 3720 5059 daemones

2069 5093 2222 5163 (Luc.
2256 5110 2333 5158 ιιι,
2365 5093 2477 5161 ‘20).
2530 5092 2640 5147 Iste
2675 5097 2765 5147 est
2794 5091 3015 5165 digitus
3055 5107 3230 5165 quem
3282 5091 3635 5166 conﬁtentur
3663 5089 3722 5145 et

2072 5181 2250 5255 Magi,
2278 5179 2378 5254 qui
2410 5184 2611 5236 contra
2642 5180 2876 5252 Moysen
2905 5187 2961 5236 et
2992 5183 3176 5237 Aaron
3208 5181 3377 5254 signa
3407 5177 3717 5242 faciebant,

2074 5272 2334 5327 dicentes
2361 5288 2372 5325 :
2421 5272 2643 5344 Digitus
2676 5270 2767 5326 Dei
2797 5273 2874 5325 est
2904 5271 3006 5326 ista
3037 5269 3228 5343 (Exod.
3261 5286 3381 5335 vm,
3419 5267 3503 5337 19)
3539 5282 3552 5320 :
3603 5280 3720 5338 quo

2073 5359 2285 5417 tabulae
2339 5359 2578 5432 lapideae
2620 5361 2848 5432 scriptae
2881 5364 3020 5415 sunt
3050 5359 3108 5414 in
3143 5361 3338 5413 monte
3367 5354 3509 5410 Sina
3539 5355 3720 5425 (Deut.

2077 5469 2156 5518 1x,
2195 5452 2297 5519 10).
2348 5451 2404 5504 Si
2440 5449 2620 5520 igitur
2657 5465 2869 5504 manus
2921 5453 2980 5504 et
3024 5445 3327 5502 brachium
3364 5442 3487 5513 Dei,
3541 5441 3724 5500 Filius

2077 5545 2204 5608 est;
2237 5545 2294 5594 et
2315 5539 2535 5611 digitus
2561 5540 2691 5610 ejus
2722 5539 2975 5610 Spiritus
3008 5539 3268 5601 sanctus,
3302 5533 3512 5607 Patris,
3544 5539 3604 5592 et
3632 5534 3723 5590 Fi-

2079 5629 2161 5701 lii,
2211 5633 2268 5685 et
2306 5629 2558 5702 Spiritus
2591 5628 2770 5685 sancti
2808 5643 2923 5682 una
2953 5622 3287 5679 substantia
3315 5628 3404 5680 est
3436 5640 3448 5680 :
3504 5643 3619 5682 non
3671 5629 3726 5680 te

2095 5845 2114 5901 1
2151 5776 2170 5808 ³
2199 5773 2322 5900 Il)uo
2356 5789 2499 5828 mss.
2547 5771 2785 5825 divisum
2833 5769 3021 5823 contra
3067 5782 3122 5823 se
3167 5767 3552 5831 desotabitur;
3605 5765 3727 5836 alii,

2117 5862 2202 5901 e50
2227 5852 2380 5901 atur.

2081 5852 2380 5903 desolatur.
