4182 6562
395 444 475 508 83
783 467 797 480 ·
1645 452 1710 512 S.
1758 447 2070 509 EUSEBll
2115 447 2563 509 HlEllONYMI

3730 451 3819 513 8‘

402 578 756 636 scandalizet
784 581 1183 638 membrorum
1216 581 1605 653 inaequalitas,
1635 599 1770 638 cum
1800 581 2041 636 aedificet
2069 582 2126 648 Α
2155 584 2212 635 et
2242 581 2448 634 fratres
2481 578 2752 650 habeam,
2801 578 3110 645 Jacobum,
3139 582 3198 635 et
3224 578 3464 653 Joseph,
3497 585 3556 639 et
3583 582 3810 640 Judam

401 670 600 726 unitas
649 671 930 743 corporis.
990 672 1229 744 «Igitur
1276 673 1538 744 pervenit
1579 672 1636 727 in
1669 688 1770 726 vos
1802 687 2049 742 regnum

400 758 525 815 Dei.
564 782 585 809 ι
644 759 741 815 Vel
790 760 1052 834 seipsum
1100 761 1414 833 signiﬁcat,
1447 762 1516 817 de
1547 778 1661 833 quo
1694 761 1751 815 in
1783 759 1896 815 alio
1926 758 2048 815 loco

402 847 689 921 scriptum
737 853 828 905 est
860 867 873 905 :
922 854 1169 920 Regnum
1198 851 1295 905 Dei
1323 852 1475 905 intra
1504 865 1594 905 vos
1624 858 1702 904 est
1726 852 1879 917 (Luc.
1911 865 2045 915 xvu,

401 938 494 1010 21)
530 953 544 995 :
588 941 645 993 et
678 955 691 993 :
740 938 952 996 Medius
982 941 1086 993 stat
1118 940 1263 993 inter
1289 954 1405 1009 vos,
1437 938 1840 1009 quemmescitis
1870 938 2046 1007 (Joan.

404 1044 445 1096 ι,
476 1028 569 1099 26)
601 1045 615 1084 :

399 1115 526 1190 ipse
556 1116 841 1174 Dominus
889 1117 1387 1189 praedicaverunt:
1442 1117 1831 1172 Pwnitentiam
1877 1117 2044 1185 agite,

399 1207 863 1279 appropinquavit
914 1207 1063 1262 enim
1106 1222 1340 1275 regnum
1387 1206 1645 1260 cwlorum
1691 1204 1901 1274 (Matth.
1958 1221 2044 1271 ιιι,

399 1294 476 1365 2).
510 1295 613 1350 Est
641 1299 698 1350 et
726 1295 963 1350 tertium
1000 1310 1245 1367 regnum
1279 1294 1589 1366 Scripturze
1620 1298 1858 1363 sanctae,
1891 1293 2047 1364 quod

400 1384 664 1439 aufertur
683 1401 717 1439 a
736 1384 974 1453 Iudaeis,
1002 1389 1058 1439 et
1086 1385 1349 1439 tradetur
1369 1384 1526 1456 genti
1558 1382 1791 1439 facienti
1822 1382 2048 1437 fructus

399 1473 527 1544 ejus
555 1472 763 1545 (Matth.
794 1489 911 1543 xxr,
944 1474 1058 1542 43).

466 1562 652 1634 (Vers.
686 1562 801 1633 29.)
855 1566 976 1618 Aut
1030 1561 1325 1632 quomodo
1372 1563 1566 1632 potest
1610 1559 1929 1632 quisquam
1960 1559 2048 1614 in-

398 1655 554 1728 trare
581 1650 642 1705 in
673 1650 919 1706 domum
951 1648 1140 1715 fortis,
1168 1657 1225 1703 et
1255 1665 1393 1704 vasa
1434 1649 1563 1719 ejus
1610 1648 1880 1720 diripere,
1936 1648 2050 1709 nisi

663 1027 751 1085 vel
799 1031 954 1084 certe
983 1026 1128 1084 illud
1160 1042 1407 1099 regnum
1440 1027 1594 1099 quod
1628 1031 1683 1082 et
1711 1028 1964 1082 Joannes
1993 1030 2051 1079 et

2159 670 2344 739 (Marc.
2378 685 2454 733 vr,
2488 669 2542 740 3)
2569 687 2581 736 ;
2617 672 2674 723 et
2703 668 2878 724 homo
2909 672 3157 737 vorator,
3190 672 3248 724 et
3276 669 3395 724 vini
3427 674 3657 742 potator
3699 672 3817 729 sim

2157 756 2383 825 (Matth.
2436 774 2512 827 x1,
2574 758 2683 827 19),
2740 756 2875 812 talis
2924 756 3121 829 opinio
3161 760 3336 829 atque
3378 757 3749 830 blasphemia
3770 763 3815 833 ί,

2158 861 2495 917 quanquam
2528 846 2701 917 culpa
2732 862 2847 901 non
2882 851 3075 901 careat
3106 846 3338 914 erroris,
3373 851 3569 903 tamen
3600 846 3821 905 habeat

2156 933 2385 989 veniam
2418 941 2656 1007 propter
2687 934 2949 1007 corporis
2977 934 3283 990 vilitatem.
3317 936 3425 1003 Qui
3456 941 3656 993 autem
3685 952 3817 994 ma-

2157 1023 2366 1078 nifeste
2398 1022 2773 1095 intelligens‘
2833 1040 3011 1096 opera
3046 1023 3171 1089 Dei,
3202 1040 3336 1080 cum
3366 1025 3437 1080 de
3465 1025 3677 1083 virtute
3704 1043 3817 1083 ne-

2156 1128 2297 1184 gare
2345 1128 2461 1167 non
2520 1112 2730 1184 possit,
2782 1114 2985 1169 eadem
3040 1113 3381 1170 stimulatus
3430 1113 3668 1182 invidia,
3717 1131 3817 1173 ca-

2156 1199 2485 1256 lumniatur
2510 1220 2524 1270 ;
2570 1207 2628 1257 et
2656 1202 2958 1258 Christum
2988 1201 3207 1273 Deique
3235 1201 3515 1273 Verbum,
3545 1208 3601 1259 et
3630 1220 3812 1276 opera

2158 1289 2412 1362 Spiritus
2444 1292 2634 1347 sancti
2669 1292 2810 1347 dicit
2841 1308 2968 1346 esse
2999 1291 3322 1348 Beelzebub
3355 1309 3369 1347 :
3421 1292 3522 1350 isti
3550 1310 3668 1350 non
3713 1294 3814 1350 di-

2158 1380 2424 1434 mittetur
2444 1396 2634 1452 ueque
2668 1380 2726 1435 in
2753 1381 3019 1451 praesenti
3046 1380 3280 1449 saeculo,
3303 1396 3490 1453 neque
3509 1382 3568 1438 in
3589 1382 3811 1440 futuro.

2114 1537 2118 1541 μ
2231 1468 2420 1539 (Vere.
2455 1470 2570 1540 33.)
2613 1492 2640 1518 «
2674 1474 2792 1525 Aut
2823 1470 2992 1525 facite
3021 1470 3290 1527 arborem
3335 1470 3571 1542 bonam,
3602 1475 3661 1527 et
3687 1472 3816 1529 fru-

2158 1560 2320 1612 ctum
2350 1558 2478 1628 ejus
2509 1558 2730 1614 bonum
2761 1577 2775 1614 :
2826 1564 2930 1614 aut
2974 1559 3145 1614 facite
3184 1559 3452 1616 arborem
3482 1558 3722 1631 malam,
3755 1566 3820 1618 et

2159 1644 2416 1701 fructum
2467 1647 2595 1718 ejus
2647 1648 2893 1704 malum.
2946 1646 3246 1720 Siquidem
3295 1665 3364 1704 ex
3410 1649 3602 1705 fructu
3639 1650 3820 1707 arbor

393 1739 562 1812 prius
593 1738 920 1811 alligaverit
949 1737 1182 1805 fortem,
1216 1740 1271 1793 et
1299 1742 1439 1793 tunc
1462 1738 1707 1793 domum
1732 1736 1891 1792 illius
1912 1737 2049 1792 diri-
2084 1735 2515 1831 \agnoscitur.
2550 1758 2579 1786 ››
2628 1736 3001 1831 Ὀοιιδὶιιίῑιείι
3057 1754 3155 1793 eos
3212 1736 3574 1810 syllogismo,
3634 1754 3815 1811 quem

395 1826 518 1900 piet
542 1826 571 1881 Ἰ
608 1847 638 1876 ››
688 1825 815 1881 Non
863 1827 1146 1882 debemus
1203 1842 1332 1882 esse
1388 1826 1578 1882 securi
1616 1843 1629 1881 :
1680 1824 2051 1881 adversarius
2132 1822 2335 1879 ‘Graeci
2368 1831 2575 1880 vocant
2607 1822 2861 1901 ἄφυκτον,
2896 1826 2995 1883 82
3029 1843 3135 1881 nos
3190 1828 3565 1883 inevitabilem
3602 1844 3815 1901 possu-

394 1920 597 1972 noster
641 1915 829 1982 fortis,
877 1914 1113 1971 victoris
1159 1932 1391 1987 quoque
1420 1915 1657 1971 vocibus
1707 1915 2049 1987 comproba—

398 2010 517 2063 tur.
552 2009 773 2061 Domus
804 2003 963 2061 illius
995 2006 1274 2069 mundus,
1312 2004 1411 2077 qui
1441 2005 1500 2060 in
1535 2004 1791 2077 maligno
1822 2003 2045 2076 positus

401 2098 493 2152 est
540 2094 588 2166 (Ι
629 2095 787 2151 Joan.
839 2110 893 2161 v,
946 2095 1055 2163 19),
1111 2110 1226 2149 non
1278 2094 1555 2149 creatoris
1606 2093 1911 2166 dignitate,
1944 2094 2046 2148 sed

402 2181 810 2257 magnitudine
836 2182 1253 2255 delinquentis.
1280 2183 1433 2238 Vasa
1454 2184 1584 2254 ejus
1614 2199 1723 2238 nos
1746 2182 2044 2253 quondam

400 2271 642 2331 fuimus.
696 2271 986 2346 Alligatus
1035 2276 1123 2327 est
1162 2271 1348 2338 fortis,
1381 2276 1438 2328 et
1467 2271 1745 2345 religatus
1775 2270 1833 2325 in
1865 2275 2047 2326 tarta-

398 2379 554 2430 rum,
583 2366 641 2419 et
687 2361 918 2418 Domini
965 2362 1255 2418 contritus
1303 2362 1448 2434 pede
1497 2366 1555 2416 et
1604 2360 1845 2434 direptis
1890 2360 2043 2416 sedi-

397 2451 510 2508 bus
542 2450 790 2525 lyranni,
824 2450 1053 2523 captiva
1081 2451 1259 2508 ducta
1286 2454 1374 2507 est
1402 2450 1727 2523 captivitas.

466 2544 656 2610 (Vers.
715 2528 804 2609 30,
857 2540 971 2609 31.)
1024 2562 1051 2591 ‹‹
1083 2539 1191 2606 Qui
1239 2556 1356 2596 non
1404 2543 1493 2595 est
1540 2556 1794 2609 mecum,
1840 2543 2042 2594 contra

395 2644 489 2707 me
537 2632 670 2685 est:
724 2634 783 2684 et
831 2628 932 2701 qui
980 2645 1098 2684 non
1146 2624 1460 2701 congregat
1508 2644 1761 2699 mecum,
1794 2628 2037 2700 spargit.

395 2717 531 2774 Ideo
562 2717 691 2774 dico
730 2717 941 2773 vobis:
994 2734 1167 2774 omne
1216 2721 1519 2790 peccatum
1568 2722 1625 2773 et
1673 2716 2041 2789 blasphemia

390 2807 724 2863 remittetur
752 2806 1093 2863 hominibus
1118 2824 1130 2863 :
1164 2806 1410 2879 spiritus
1441 2811 1636 2862 autem
1658 2805 2039 2878 blasphemia:

393 2912 511 2952 non
543 2895 893 2953 remittetur.
919 2921 942 2951 ι
980 2897 1105 2952 Non
1137 2901 1302 2968 putet
1334 2896 1442 2952 hoc
1474 2896 1791 2968 quisquam
1822 2896 1894 2950 de
1924 2895 2039 2950 ha:-

396 2983 594 3040 retiois
638 2984 864 3040 dictum
912 2989 970 3040 et
1015 2983 1410 3040 schismaticis
1442 2985 1536 3041 81
1582 2987 1941 3055 (quanquam
1984 2988 2043 3040 et

393 3073 478 3129 ita
505 3089 574 3129 ex
603 3074 898 3145 superﬂuo
929 3073 1114 3146 possit
1143 3073 1434 3146 intelligi),
1459 3074 1559 3129 sed
1590 3090 1659 3129 ex
1687 3089 2043 3145 consequen-

393 3162 553 3219 tibus
583 3166 863 3235 textuque
891 3161 1179 3218 sermonis
1210 3165 1281 3218 ad
1315 3162 1615 3217 diabolum
1648 3162 1929 3218 refertur:
1973 3179 2039 3218 eo

395 3251 551 3323 quod
583 3267 699 3306 non
729 3251 960 3323 possint
989 3268 1165 3323 opera
1203 3249 1517 3324 Salvatoris
1548 3250 1867 3307 Beelzebub
1899 3268 2040 3324 ope-

2160 1930 2292 1970 mus
2322 1914 2649 1986 appellare:
2686 1915 2787 1987 qui
2820 1915 3210 1987 interrogatos
3246 1914 3383 1970 hinc
3416 1915 3551 1970 inde
3581 1914 3820 1972 conclu-

2159 2002 2265 2068 dit,
2297 2007 2354 2058 et
2384 2008 2635 2076 utroque
2668 2020 2849 2059 cornu
2883 2003 3115 2076 premit.
3167 2004 3248 2069 Si,
3280 2003 3492 2076 inquit,
3542 2003 3819 2061 diabolus

2158 2090 2350 2146 malus
2382 2095 2489 2160 est,
2523 2093 2677 2147 bona
2708 2109 2883 2163 opera
2914 2093 3100 2148 facere
3132 2108 3245 2147 non
3279 2097 3489 2164 potest.
3522 2093 3579 2147 Si
3609 2098 3811 2149 autem

2156 2179 2306 2235 bona
2338 2184 2477 2235 sunt
2505 2197 2632 2252 quae
2665 2181 2819 2237 facta
2848 2181 3106 2248 cernitis,
3149 2182 3420 2253 sequitur
3458 2186 3523 2237 ut
3570 2198 3688 2237 non
3735 2183 3821 2239 sit

2154 2267 2426 2324 diabolus
2459 2270 2559 2342 qui
2590 2286 2659 2325 ea
2688 2270 2844 2325 facit.
2897 2270 3098 2341 Neque
3141 2270 3298 2325 enim
3343 2270 3468 2326 ﬁeri
3499 2274 3711 2343 potest,
3746 2276 3817 2327 ut

2154 2373 2221 2413 ex
2252 2358 2404 2413 malo
2436 2358 2679 2429 bonum,
2704 2364 2806 2414 aut
2835 2375 2904 2414 ex
2934 2359 3083 2414 bono
3108 2358 3330 2414 oriatur
3360 2357 3604 2415 malum.
3635 2359 3803 2424 Quod

2153 2453 2347 2503 autem
2380 2448 2648 2519 sequitur
2680 2466 2692 2503 :

2223 2536 2406 2608 (Vers.
2467 2538 2582 2609 3.1.)
2642 2561 2669 2587 «
2717 2536 3030 2609 Progenies
3084 2535 3439 2609 viperarum,
3500 2538 3801 2610 quomodo

2151 2628 2396 2697 potestis
2427 2626 2579 2681 bona
2609 2625 2771 2698 loqui
2794 2642 2928 2681 cum
2961 2626 3089 2682 sitis
3120 2625 3305 2684 mali?
3335 2627 3415 2682 Ex
3434 2627 3801 2685 abundantia

2149 2715 2305 2770 enim
2336 2716 2529 2771 cordis
2560 2732 2624 2771 os
2654 2715 2932 2788 loquitur.
2970 2738 2998 2765 ››
3052 2716 3318 2771 Ostendit
3356 2715 3487 2772 illos
3524 2717 3796 2773 arborem

2151 2804 2388 2871 malam,
2421 2810 2477 2860 et
2507 2805 2652 2861 tales
2683 2807 2886 2862 afferre
2920 2806 3142 2862 fructus
3173 2804 3549 2878 blasphemis:
3580 2806 3800 2862 redun-

2149 2893 2355 2949 dantes
2402 2895 2508 2965 [Αι.
2546 2893 2981 2964 redundantis],
3031 2893 3229 2967 qualia
3275 2894 3528 2951 habeant
3569 2894 3801 2953 semina

2150 2978 2388 3036 diaboli.

2222 3070 2404 3140 (Vers.
2434 3071 2548 3139 35.)
2580 3092 2608 3121 ‹‹
2638 3071 2836 3127 Bonus
2867 3070 3043 3127 homo
3074 3072 3147 3127 de
3177 3071 3327 3127 bono
3356 3071 3633 3128 thesauro
3664 3089 3801 3145 pro-

2150 3158 2261 3213 fert
2308 3159 2479 3215 bona.
2530 3161 2598 3215 Et
2638 3160 2829 3215 malus
2861 3160 3035 3215 homo
3066 3160 3137 3232 de
3170 3160 3323 3215 malo
3354 3160 3629 3217 thesauro
3660 3178 3800 3234 pro-

2152 3247 2261 3302 fert
2290 3248 2465 3304 mala.
2504 3271 2532 3298 ››
2586 3248 2687 3305 Vel
2719 3249 2880 3321 ipsos
2910 3248 3146 3305 Judaeos
3178 3250 3493 3305 Dominum
3525 3250 3801 3324 blasphe-

394 3320 561 3395 ribus
583 3320 931 3412 comparari.
962 3320 1062 3395 Ille
1083 3339 1246 3413 cupit
1264 3320 1494 3395 animas
1516 3338 1822 3395 hominum
1847 3320 2044 3396 ten—ere
2074 3322 2117 3389 (ἶ
2156 3342 2382 3392 mentes
2431 3338 2687 3393 ostendit
2732 3320 2803 3393 de
2858 3336 3018 3410 quali
3070 3338 3344 3395 thesauro
3396 3320 3805 3411 blasphemiae

394 3428 691 3509 captivas;
743 3429 1028 3485 Dominus
1074 3428 1340 3485 liberare.
1393 3428 1492 3484 Ille
1541 3428 1816 3501 praedicat
1844 3428 2038 3499 idola;

2150 3426 2465 3498 proferant,
2505 3426 2592 3482 vel
2624 3443 2759 3482 cum
2792 3426 3078 3498 superiori
3106 3427 3426 3499 quastione
3456 3428 3635 3483 heret
3664 3444 3802 3484 sen-

392 3516 488 3573 hic
519 3517 697 3573 unius
726 3517 828 3574 Dei
860 3517 1153 3574 notitiam.
1186 3517 1287 3573 Ille
1318 3517 1498 3573 trahit
1528 3518 1598 3573 ad
1630 3516 1768 3573 vitia
1795 3534 1808 3573 :
1842 3517 1934 3573 hic
1965 3519 2037 3575 ad
2146 3515 2347 3585 tentia,
2372 3517 2527 3589 quod
2561 3518 2855 3590 quomodo
2878 3534 2991 3572 non
3024 3518 3215 3589 possit
3240 3517 3428 3573 bonus
3459 3516 3633 3574 homo
3666 3533 3801 3589 pro-

390 3605 635 3663 virtutes
681 3610 928 3663 revocat.
981 3607 1282 3672 Quomodo
1333 3621 1468 3678 ergo
1519 3611 1768 3677 possunt
1794 3606 1947 3663 inter
1978 3624 2039 3663 se

393 3693 606 3750 habere
634 3694 1027 3767 concordiam,
1059 3711 1312 3765 quorum
1344 3711 1521 3767 Opera
1557 3694 1746 3750 divisa
1792 3696 1900 3766 [Αἰ.
1952 3695 2037 3751 di-

393 3783 583 3855 versa]
613 3783 799 3838 sunt?

468 3870 655 3942 (Vere.
682 3872 797 3944 32.)
830 3894 857 3921 ‹‹
882 3873 950 3927 Et
980 3871 1316 3944 quicunque
1342 3870 1551 3927 dixerit
1572 3871 1816 3928 verbum
1843 3875 2042 3927 contra

397 3958 609 4018 Filium
643 3960 922 4033 hominis,
953 3962 1282 4017 remittetur
1324 3962 1375 4017 ei
1411 3978 1424 4017 :
1476 3960 1576 4033 qui
1606 3965 1803 4017 autem
1835 3961 2043 4018 dixerit

397 4053 601 4105 contra
619 4050 902 4123 Spiritum
926 4055 1217 4123 sanctum,
1244 4068 1356 4107 non
1385 4052 1716 4107 remittetur
1746 4050 1819 4123 ei,
1852 4068 2041 4124 neque

397 4138 457 4194 in
488 4136 601 4196 hoc
630 4139 862 4213 saeculo,
888 4158 1076 4214 neque
1107 4141 1167 4196 in
1196 4141 1413 4197 futuro.
1439 4164 1461 4193 ι
1501 4141 1568 4195 Et
1588 4141 1880 4213 quomodo
1911 4139 2041 4212 qui-

396 4227 531 4311 dam
580 4234 913 4287 nostrorum
962 4230 1266 4304 episcopos
1307 4234 1483 4301 atque
1513 4230 1880 4300 presbyteros
1912 4233 2043 4300 post

394 4316 823 4392 blasphemiam
872 4321 1127 4393 Spiritus
1176 4319 1390 4390 sancti,
1434 4317 1495 4372 in
1544 4334 1721 4374 suum
1760 4317 2045 4391 recipiant

393 4406 666 4489 gradum,
699 4425 834 4464 cum
883 4408 1144 4465 Salvator
1193 4407 1366 4473 dicat,
1412 4422 1584 4462 omne
1635 4411 1938 4478 peccatum
1987 4411 2045 4462 et

391 4494 826 4567 blasphemiam
848 4496 1065 4552 dimitti
1086 4496 1461 4553 hominibus:
1487 4495 1587 4566 qui
1615 4499 1811 4551 autem
1833 4495 1891 4551 in
1914 4495 2042 4568 Spi-

396 4581 576 4639 ritum
609 4589 878 4641 sanctum
919 4584 1433 4657 blasphemaverit,
1467 4600 1582 4638 non
1614 4582 1830 4639 dimitti
1862 4584 1911 4639 ei
1942 4601 2039 4639 ne-

2148 3605 2295 3661 ferre
2327 3605 2502 3671 mala,
2547 3623 2653 3662 nec
2686 3606 2880 3661 malus
2911 3608 3063 3661 bona
3094 3622 3106 3661 :
3156 3606 3239 3662 sic
3270 3622 3387 3661 non
3419 3606 3606 3679 possit
3635 3606 3804 3663 Chri-

2149 3699 2275 3749 stus
2308 3696 2482 3761 mala,
2516 3699 2573 3751 et
2601 3694 2872 3750 diabolus
2909 3695 3060 3751 bona
3090 3711 3266 3767 opera
3296 3696 3503 3753 facere.

2219 3782 2403 3853 (Vers.
2454 3784 2542 3849 36,
2597 3782 2711 3854 37.)
2760 3806 2786 3832 «
2821 3782 2958 3839 Dico
3016 3789 3211 3840 autem
3270 3784 3456 3851 vobis,
3508 3783 3795 3857 quoniam

2150 3888 2321 3927 omne
2351 3872 2593 3927 verbum
2626 3873 2901 3940 otiosum,
2954 3874 3108 3945 quod
3142 3872 3319 3929 locuti
3359 3873 3579 3930 fuerint
3607 3873 3802 3930 homi-

2150 3977 2274 4024 nes,
2325 3960 2567 4016 reddent
2615 3962 2901 4017 rationem
2949 3963 3019 4018 de
3068 3979 3133 4018 eo
3186 3962 3245 4017 in
3296 3962 3391 4018 die
3431 3962 3666 4034 judicii.
3716 3963 3804 4021 Ex

2150 4048 2343 4104 verbis
2390 4049 2546 4105 enim
2594 4051 2713 4107 tuis
2752 4051 3197 4122 justiﬁcaberis,
3229 4056 3287 4107 et
3334 4067 3402 4108 ex
3443 4050 3637 4108 verbis
3677 4051 3803 4109 tuis

2151 4139 2655 4196 condemnaberis.
2685 4162 2711 4188 ››
2741 4145 2863 4196 Hoc
2896 4158 3129 4213 quoque
3159 4140 3339 4197 hazret
3371 4157 3505 4196 cum
3537 4140 3806 4214 superio-

2152 4227 2334 4283 ribus.
2388 4228 2450 4282 Et
2502 4234 2591 4283 est
2638 4246 2894 4285 sensus:
2955 4231 3015 4285 Si
3046 4230 3299 4286 otiosum
3344 4230 3607 4299 verbum,
3642 4229 3802 4302 quod

2152 4334 2525 4390 nequaquam
2557 4318 2804 4374 aedificat
2835 4319 3163 4389 audientes,
3187 4335 3301 4374 non
3334 4324 3424 4375 est
3451 4320 3673 4391 absque
3704 4335 3805 4391 pe-

2152 4406 2334 4462 riculo
2365 4407 2494 4479 ejus
2517 4407 2616 4479 qui
2640 4406 2923 4480 loquitur,
2947 4412 3004 4464 et
3023 4408 3081 4463 in
3106 4406 3198 4463 die
3221 4408 3433 4479 judicii
3461 4407 3803 4466 redditurus

2152 4500 2237 4552 est
2296 4498 2703 4570 unusquisque
2761 4498 3045 4554 rationem
3103 4513 3442 4554 sermonum
3498 4514 3801 4556 suorum:

2153 4590 2372 4658 quanto
2406 4586 2593 4659 magis
2625 4604 2745 4656 vos,
2770 4586 2872 4659 qui
2894 4604 3070 4659 opera
3089 4586 3341 4659 Spiritus
3367 4587 3553 4644 sancti
3583 4587 3801 4645 calum.

397 4660 601 4743 que’in
635 4672 905 4743 praesenti
943 4677 1227 4747 tempore,
1278 4688 1468 4744 neque
1515 4671 1574 4726 in
1624 4672 1819 4729 futuro
1846 4673 1872 4727 ?
1920 4672 2041 4729 Nisi
2074 4698 2118 4762 ο
2156 4674 2422 4745 niamini,
2453 4682 2511 4732 et
2539 4675 2730 4732 dicitis
2781 4692 2874 4732 me
2922 4677 2981 4731 in
3029 4676 3348 4732 Beelzebub
3388 4676 3652 4750 principe
3678 4677 3802 4733 dte-

396 4760 545 4815 forte
574 4759 719 4817 illud
750 4761 821 4818 de
850 4762 1041 4819 Marco
1084 4760 1442 4835 evangelista
1489 4778 1798 4817 sumamus
1849 4778 2042 4818 exem—

397 4847 588 4922 plum,
621 4850 721 4922 qui
762 4867 971 4907 causas
1000 4856 1175 4907 tantes
1206 4851 1304 4906 ira
1337 4851 1707 4907 manifestius
1738 4852 2040 4924 expressit,

398 4936 644 5017 dicens:
700 4941 839 5008 Quia
867 4941 1136 5012 dicebant,
1180 4942 1438 5013 spiritum
1491 4940 1836 4997 immundum
1884 4941 2044 4997 habet

398 5014 590 5107 (Marc.
623 5046 710 5096 ιιι,
754 5029 866 5101 22).
919 5030 1068 5103 Ergo
1119 5030 1457 5102 quicunque
1504 5046 1679 5102 opera
1730 5030 2043 5087 Salvatoris

395 5115 718 5175 Beelzebub
746 5118 997 5192 principi
1027 5119 1449 5175 daemoniorum
1480 5119 1773 5191 deputarit
1796 5138 1835 5188 ;‘
1860 5124 1918 5176 et
1955 5119 2040 5175 di-

393 5207 543 5263 xerit
569 5207 783 5265 Filium
806 5208 909 5265 Dei
931 5209 1144 5265 habere
1165 5208 1439 5281 spiritum
1471 5209 1871 5276 immundum,
1905 5209 2043 5265 huic

393 5296 555 5354 nullo
585 5303 846 5373 tempore
877 5297 1245 5371 blasphemia
1275 5298 1624 5355 remittetur.
1647 5297 1749 5353 Vel
1773 5298 1853 5354 ita
1878 5298 2043 5355 locus

394 5386 506 5443 iste
536 5388 956 5462 intelligendus
1004 5393 1093 5444 est
1127 5412 1140 5445 :
1194 5388 1301 5453 Qui
1331 5389 1571 5444 verbum
1605 5386 1814 5442 dixerit
1843 5393 2044 5443 contra

396 5475 608 5533 Filium
658 5478 936 5548 hominis,
990 5476 1416 5534 scandalizatus
1464 5493 1635 5533 carne
1668 5494 1817 5542 mea,
1864 5482 1920 5532 et
1950 5495 2044 5533 me

398 5564 697 5622 hominem
726 5571 956 5625 tantum
1005 5568 1316 5639 arbitrans,
1350 5568 1504 5639 quod
1536 5566 1695 5623 ﬁlius
1725 5566 1837 5621 sim
1869 5566 2039 5635 fabri,

471 5711 486 5746 ί
522 5710 845 5836 Legebatur
899 5715 1085 5767 antea.
1148 5712 1343 5785 Opinio
1398 5710 1601 5782 absque
1656 5709 1992 5781 bltwphemz'a
2021 5729 2039 5765 :

471 5797 529 5836 ia
557 5780 612 5836 fa
640 5799 705 5836 sa
731 5781 902 5836 lectio
931 5782 1054 5836 visa
1084 5788 1191 5836 est.
1216 5782 1470 5836 maxime
1503 5781 1718 5836 nostris
1747 5782 2038 5836 contradi-

398 5796 529 5852 qua
557 5780 705 5838 falsa
731 5781 902 5839 lectio
931 5782 1054 5839 visa
1084 5780 1201 5853 est;
1216 5782 1470 5841 maxime
1503 5780 1718 5838 nostris
1747 5780 2038 5838 contradi-

2155 4765 2485 4821 moniorum
2531 4767 2740 4836 ejicere
2788 4765 3090 4837 daemonia,
3134 4765 3420 4821 reddituri
3448 4765 3592 4821 estis
3622 4765 3799 4821 ratio-

2153 4871 2287 4909 nem
2319 4854 2626 4910 calumniae
2655 4860 2858 4911 vestrae
2883 4856 2893 4911 l
2932 4856 3199 4912 Otiosum
3225 4856 3467 4911 verbum
3497 4859 3609 4923 est,
3642 4855 3801 4928 quod

2152 4944 2279 4999 sine
2327 4944 2581 4999 utilitate
2626 4944 2919 5015 loquentis
2972 4945 3187 5001 dicitur
3234 4952 3290 5001 et
3352 4944 3697 5002 audientis:
3748 4944 3802 5001 si

2154 5030 2392 5086 omissis
2440 5030 2630 5097 seriis,
2682 5034 2752 5088 de
2793 5034 2968 5089 rebus
3006 5032 3231 5090 frivolis
3260 5032 3594 5107 loquamur,
3625 5038 3686 5089 et
3715 5033 3800 5090 fa-

2152 5120 2321 5176 bulas
2372 5138 2677 5177 narremus
2727 5122 3021 5195 antiquas.
3071 5122 3354 5180 Caeterum
3399 5122 3501 5196 qui
3531 5121 3805 5179 scurrilia

2151 5210 2412 5281 replicat,
2466 5214 2524 5266 et
2570 5210 2873 5267 cachinnis
2904 5229 3005 5267 ora
3034 5211 3301 5271 dissolvit
3329 5216 3386 5269 et
3415 5211 3636 5285 aliquid
3666 5228 3802 5285 pro-

2152 5298 2261 5353 fert
2311 5299 2718 5372 turpitudinis,
2768 5300 2864 5358 hic
2908 5317 3024 5357 non
3056 5302 3228 5358 otiosi
3258 5302 3438 5373 verbi,
3472 5302 3572 5360 sed
3603 5302 3801 5360 crimi-

2151 5389 2279 5444 nosi
2312 5390 2608 5446 tenebitur
2637 5407 2791 5446 reus.

2224 5478 2407 5550 (Vers.
2457 5479 2573 5551 38.)
2623 5503 2649 5530 ‹‹
2685 5481 2850 5536 Tunc
2878 5482 3308 5552 responderunt
3341 5482 3395 5538 ei
3437 5482 3680 5554 quidam
3730 5483 3803 5539 de

2150 5568 2371 5624 Scribis
2402 5573 2459 5626 et
2487 5568 2818 5638 Pharisaeis,
2868 5569 3128 5626 dicentes
3155 5587 3168 5626 :
3200 5573 3496 5645 Magister,
3525 5571 3803 5630 volumus

2147 5712 2417 5839 cintibus
2454 5728 2595 5783 mss.
2631 5728 2881 5783 quorum
2913 5728 3022 5786 ope
3051 5717 3441 5785 restituimus,
3483 5722 3646 5791 atque
3693 5732 3800 5790 pro

2147 5802 2181 5839 a
2221 5799 2371 5839 saue.

2147 5799 2371 5855 absque.
