4182 6572
229 492 308 555 85
778 486 1294 548 COMMENTAR.
1344 487 1424 545 ΙΝ
1472 483 1862 546 EVANGEL]

1974 485 1987 544 l
2035 484 2417 543 ΜΑΤἹἫΑΞΙ
2466 485 2613 542 LlB.
2660 486 2734 543 ll.
2786 486 2955 544 CAP.
3008 485 3138 544 ΧΗ.
3555 482 3634 540 86

233 639 266 680 a
294 626 349 679 te
380 620 614 695 signum
641 621 856 676 videre.
891 642 918 669 »
951 618 1048 675 Sic
1087 619 1320 691 signum
1346 618 1664 690 postulant,
1698 615 1868 689 quasi
1900 618 1952 684 Α
1981 617 2080 684 (III
2104 620 2231 687 Reg.
2265 633 2322 683 x,
2356 618 2381 671 1
2413 632 2583 688 seqq.;
2615 616 2665 671 11
2693 617 2875 672 Ραναι.
2898 634 2976 687 x1,
3007 616 3031 670 1
3083 617 3255 690 seqq.)
3289 632 3302 670 :
3354 633 3480 688 quae
3531 632 3635 688 per

231 728 356 786 qua
386 711 675 778 viderant,
707 710 876 782 signa
904 726 1020 765 non
1053 709 1288 764 fuerint.
1325 708 1436 764 Sed
1467 708 1527 763 in
1559 707 1673 764 alio
1704 723 1872 762 evan-

229 801 434 876 gelista
482 800 623 873 quid
681 802 882 872 petant
928 798 1161 870 plenius
1209 798 1576 870 explicatur:
1616 798 1872 853 Volumus

231 892 330 949 83
359 907 393 945 a
423 891 715 959 tesignum
744 889 925 945 videre
954 888 1020 944 de
1047 889 1178 943 mlo
1210 889 1416 959 (Marc.
1464 905 1586 951 vm,
1635 887 1735 955 '1).
1769 885 1871 941 Vel

229 982 289 1037 in
317 995 539 1036 morem
573 979 706 1035 Elim
737 979 933 1052 ignem
963 978 1035 1033 de
1064 975 1304 1033 sublimi
1333 977 1529 1033 venire
1560 977 1874 1048 cupiebant

231 1071 336 1142 (III
367 1071 496 1138 Reg.
526 1085 689 1135 xvm,
714 1069 830 1139 38),
860 1067 950 1124 vel
981 1069 1042 1122 in
1075 1067 1525 1123 similitudinem
1557 1065 1869 1132 Samuelis,

227 1164 486 1230 tempore
515 1156 712 1213 aestivo
744 1161 948 1212 contra
978 1160 1248 1213 naturam
1280 1154 1391 1210 loci
1443 1157 1458 1190 ¹
1512 1155 1741 1227 mugire
1793 1158 1874 1210 to-

227 1247 441 1314 nitrua,
476 1263 782 1303 coruscare
815 1245 1068 1318 fulgura,
1100 1244 1320 1300 imbres
1351 1261 1518 1300 ruere
1549 1247 1596 1315 (I
1617 1249 1744 1314 Reg.
1769 1260 1870 1308 x11,

228 1337 334 1408 18),
357 1336 527 1408 quasi
557 1353 674 1392 non
709 1337 937 1408 possint
966 1339 1022 1390 et
1051 1334 1153 1390 illa
1194 1334 1562 1404 calumniari,
1594 1339 1652 1388 et
1681 1333 1872 1388 dicere

223 1443 291 1484 ex
319 1425 564 1482 occultis
611 1431 669 1482 et
713 1424 891 1481 variis
939 1424 1090 1480 aeris
1140 1423 1520 1495 passionibus
1565 1422 1866 1478 accidisse.

225 1516 366 1572 Nam
399 1514 502 1587 qui
533 1514 914 1571 calumniaris
939 1530 1008 1570 ea
1058 1530 1186 1587 qua;
1233 1512 1420 1568 oculis
1469 1512 1868 1587 vides_,_manu

225 1583 686 1655 tenesjutilitate
717 1586 900 1644 sentis
935 1603 948 1640 :
981 1583 1123 1656 quid
1154 1585 1415 1640 facturus
1445 1601 1506 1640 es
1529 1585 1600 1639 de
1627 1583 1719 1638 his
1742 1599 1870 1654 quae

224 1677 292 1734 de
318 1676 466 1734 ccelo
496 1676 762 1734 venerint
788 1675 816 1730 *ἶ
847 1673 1060 1745 Utique
1113 1673 1517 1746 respondebis,
1569 1677 1627 1728 et
1665 1688 1870 1745 magos

222 1766 278 1822 in
306 1767 552 1840 {Egypto
583 1765 770 1823 multa
797 1764 967 1837 signa
996 1762 1202 1820 fecisse
1233 1764 1305 1819 de
1355 1761 1498 1820 coelo
1542 1763 1736 1834 (Exod.
1767 1779 1868 1832 vn,

229 1856 311 1928 1-2,
341 1856 461 1927 22).

1980 710 2172 762 tantas
2205 705 2600 772 difﬁcultates,
2633 710 2801 777 gente
2831 723 2941 761 sua
2970 710 3026 761 et
3060 705 3306 777 imperio
3337 705 3626 762 derelictis

1979 796 2137 852 venit
2167 795 2225 850 in
2254 795 2516 850 Judzeam
2550 795 2750 850 audire
2791 794 3140 866 sapientiam
3192 793 3541 861 Salomonis,
3574 798 3632 850 et

1981 884 2033 940 ei
2068 885 2257 942 multa
2282 901 2529 940 munera
2559 883 2786 939 detulit.
2822 885 2882 938 In
2914 883 3119 940 Ninive
3149 888 3349 940 autem
3380 889 3438 940 et
3459 884 3517 939 in
3539 901 3627 940 re-

1980 975 2119 1048 gina
2147 975 2316 1046 Saba,
2340 973 2561 1030 occulte
2591 975 2697 1043 [Αι.
2731 971 2973 1041 occulta]
2996 974 3140 1030 fides
3163 973 3469 1031 nationum
3490 991 3631 1046 pras-

1982 1065 2167 1120 fertur
2196 1063 2394 1120 Israel.

2055 1152 2260 1222 (Vers.
2313 1151 2426 1222 43.)
2471 1174 2499 1200 ‹‹
2545 1158 2687 1206 Cum
2750 1155 2946 1206 autem
2991 1151 3337 1208 immundus
3381 1151 3629 1224 spiritus

1981 1241 2184 1297 exierit
2214 1241 2285 1296 ab
2317 1239 2573 1309 homine,
2607 1240 2871 1296 ambulat
2893 1241 3136 1312 perloca
3156 1241 3340 1310 arida,
3363 1259 3630 1313 quaerens

1983 1331 2240 1401 requiem
2272 1334 2328 1384 et
2359 1347 2473 1384 non
2495 1329 2731 1384 invenit.
2759 1331 2921 1384 Tunc
2944 1330 3105 1387 dicit:
3128 1351 3156 1380 »
3179 1331 3624 1394 Quidamistum

1979 1419 2171 1474 locum
2203 1419 2273 1472 de
2305 1418 2591 1473 haereticis
2618 1417 2839 1472 dictum
2890 1423 3116 1489 putant,
3167 1420 3323 1490 quod
3371 1419 3630 1476 immun-

1981 1509 2090 1562 dus
2120 1507 2386 1578 spiritus,
2419 1507 2518 1578 qui
2551 1508 2609 1561 in
2641 1508 2726 1561 eis
2767 1511 2936 1562 antea
2978 1507 3357 1577 habitaverat,
3393 1510 3628 1582 quando

1979 1596 2227 1668 gentiles
2255 1601 2440 1660 erant,
2474 1597 2544 1650 ad
2586 1596 3011 1650 confessionem
3058 1613 3206 1652 verae
3243 1596 3379 1652 ﬁdei
3427 1597 3629 1669 ejicia-

1980 1689 2079 1741 tur
2107 1703 2120 1741 ε
2157 1690 2360 1758 postea
2386 1701 2520 1740 vero
2549 1701 2682 1738 cum
2715 1699 2776 1740 se
2813 1685 2883 1739 ad
2927 1685 3193 1741 haeresim
3220 1685 3630 1743 transtulerint

1980 1779 2038 1832 et
2064 1774 2360 1831 simulatis
2390 1773 2707 1829 virtutibus
2752 1774 3084 1829 ornaverint
3137 1775 3382 1830 domum
3429 1792 3623 1842 suam,

1977 1868 2119 1920 tunc
2150 1863 2282 1918 aliis
2311 1867 2534 1936 septem
2567 1880 2820 1934 nequam
2852 1863 3162 1934 spiritibus
3194 1864 3510 1935 adiunctis,
3535 1881 3624 1920 re-

288 1944 477 2054 (νθτξο
504 1947 624 2054 2εῗο)
654 1947 822 2054 «Ὀξξὶ
851 1946 1254 2054 respondens,
1280 1941 1534 2054 aityilllis
1568 1942 1866 2054 :JGe‘nera-
1898 1990 1946 2054 Β
1976 1957 2236 2009 vertatur
2264 1953 2335 2008 ad
2367 1968 2465 2008 eos
2496 1951 2767 2007 diabolus
2781 1951 3078 2007 ethabitet
3099 1951 3156 2006 in
3180 1951 3334 2008 illis:
3365 1953 3626 2024 ﬁantque

217 2034 297 2092 tio
326 2035 487 2092 mala
526 2039 585 2092 et
637 2035 920 2092 adultera.
975 2058 1004 2086 »
1053 2033 1294 2106 Egregie
1350 2031 1495 2087 dixit
1551 2029 1865 2086 adultera:

217 2123 314 2196 qui
345 2123 656 2181 dimiserat
683 2125 902 2191 virum,
935 2129 993 2180 et
1025 2125 1195 2196 juxta
1232 2119 1612 2186 Ezechielem,
1666 2119 1868 2174 multis

215 2230 276 2270 se
297 2214 666 2270 amatoribus
696 2213 1069 2286 copulaverat
1099 2213 1318 2285 (Ezech.
1343 2228 1458 2277 xvr,
1491 2211 1602 2280 26).

283 2303 474 2370 (Vers.
508 2303 622 2371 40.)
656 2325 685 2352 «
718 2302 966 2374 Signum
997 2302 1225 2374 quaerit,
1259 2305 1317 2356 et
1355 2300 1589 2372 signum
1626 2315 1739 2354 non
1764 2299 1866 2353 da-

212 2392 368 2448 bitur
397 2392 474 2460 ei,
509 2391 623 2448 nisi
654 2393 891 2464 signum
930 2391 1093 2447 Jonas
1137 2391 1452 2462 prophetae.
1501 2390 1664 2444 Sicut
1709 2388 1865 2443 enim

211 2480 319 2536 fuit
345 2481 532 2537 Jonas
565 2481 624 2536 in
654 2484 852 2536 ventre
883 2480 994 2536 ceti
1026 2479 1218 2534 tribus
1249 2479 1460 2533 diebus
1482 2482 1538 2533 et
1558 2478 1747 2532 tribus
1768 2493 1866 2532 no-

208 2571 400 2627 ctibus
435 2571 518 2626 sic
549 2569 659 2626 erit
689 2571 848 2625 ﬁlius
869 2569 1128 2625 hominis
1179 2569 1238 2623 in
1306 2569 1479 2622 corde
1534 2571 1700 2622 terra)
1758 2567 1863 2621 tri-

206 2659 317 2717 bus
376 2659 592 2716 diebus
635 2664 692 2716 et
741 2659 936 2715 tribus
959 2659 1248 2715 noctibus.
1282 2682 1304 2710 ι
1337 2661 1412 2712 De
1429 2657 1538 2712 hoc
1572 2656 1694 2711 loco
1743 2655 1863 2727 pla-

209 2749 344 2806 nius
379 2749 442 2806 in
475 2749 925 2806 Commentariis
981 2751 1138 2804 Jonas
1193 2747 1488 2820 propheta
1541 2745 1863 2816 disputavi-

207 2855 387 2896 mus:
438 2839 511 2895 ad
562 2838 732 2894 illum
781 2854 919 2911 ergo
968 2836 1162 2893 locum
1210 2835 1442 2892 lectoris
1499 2834 1864 2905 diligentiam

208 2927 588 2985 remittimus.
643 2929 759 2983 Hoc
808 2927 1060 2983 breviter
1100 2943 1256 2982 nunc
1312 2925 1529 2980 dixisse
1585 2924 1862 2994 contenti,

209 3017 361 3089 quod
405 3017 827 3090 synecdochice
874 3020 1064 3072 totum
1115 3014 1478 3088 intelligatur
1534 3030 1603 3070 ex
1652 3017 1860 3084 parte:

211 3122 326 3162 non
354 3105 513 3178 quod
547 3121 750 3162 omnes
780 3109 898 3161 tres
929 3105 1053 3160 dies
1083 3109 1140 3160 et
1166 3109 1286 3160 tres
1317 3107 1516 3158 noctes
1547 3103 1605 3157 in
1638 3103 1864 3157 inferno

211 3193 503 3251 Dominus
527 3197 753 3252 steterit
788 3196 926 3263 ;sed
959 3195 1114 3266 quod
1159 3194 1217 3248 in
1280 3196 1440 3265 parte
1496 3193 1862 3262 Parasceves,

214 3287 270 3340 et
299 3283 639 3353 Dominicis,
674 3287 731 3340 et
760 3287 880 3340 tota
909 3282 1002 3339 die
1035 3282 1292 3354 Sabbati,
1321 3286 1439 3337 tres
1486 3281 1610 3336 dies
1642 3285 1698 3337 et
1725 3279 1860 3336 toti-

214 3372 346 3428 dem
379 3377 583 3429 noctes
612 3372 1036 3444 intelligantur.

273 3460 466 3534 (Vers.
523 3462 635 3532 41.)
690 3460 872 3514 «Viri
914 3459 1178 3514 Ninivita:
1225 3462 1468 3530 surgent
1521 3458 1581 3513 in
1633 3459 1856 3529 judicio

203 3565 337 3606 cum
371 3549 750 3623 generatione
780 3549 912 3620 ista,
945 3553 1002 3604 et
1027 3548 1502 3604 condemnabunt
1523 3564 1650 3602 eam
1686 3548 1858 3618 :quia

201 3639 610 3712 paenitentiam
643 3642 892 3712 egerunt
922 3639 979 3693 in
1013 3637 1425 3710 praedicatione
1453 3637 1635 3692 Jona.
1670 3659 1698 3687 »
1730 3637 1854 3691 Non

199 3729 506 3786 sententiae
556 3732 870 3810 potestate,
923 3728 1024 3784 sed
1087 3725 1542 3799 comparationis
1589 3726 1852 3798 exemplo

199 3839 228 3868 «
257 3819 328 3874 Et
355 3834 489 3875 ecce
519 3817 656 3891 plus
691 3833 868 3889 quam
915 3817 1099 3872 Jonas
1145 3815 1259 3870 hic.
1290 3837 1318 3865 ››
1369 3815 1472 3870 Hic
1511 3815 1852 3871 adverbium

197 3906 308 3963 loci
354 3924 472 3964 non
517 3921 845 3980 prononem
892 3904 1206 3977 intelligas.
1274 3905 1474 3971 Jonas,
1529 3905 1852 3960 secundum

199 3919 308 3963 loci
354 3924 472 3964 non
517 3921 845 3980 prononem
892 3919 1206 3977 intelligas.
1274 3919 1474 3971 Jonas,
1529 3919 1852 3960 secundum

114 3919 590 4070 \Septuaginta
631 3998 1000 4067 interpretes,
1052 3995 1246 4049 triduo
1299 3993 1631 4066 praedicavit
1681 4009 1694 4049 :
1749 4010 1853 4065 ego

205 4090 370 4142 tanto
403 4090 688 4158 tempore.
720 4083 824 4140 llle
854 4083 1110 4156 Assyriis
1154 4082 1313 4154 genti
1359 4082 1671 4138 incredulae
1702 4100 1714 4137 :
1748 4100 1854 4156 ego

202 4173 425 4230 Judteis
466 4173 683 4247 populo
735 4173 851 4229 Dei.
909 4173 1006 4228 [lle
1053 4171 1420 4245 peregrinis:
1454 4189 1559 4243 ego
1608 4172 1850 4228 civibus.

205 4261 303 4319 Ille
336 4279 477 4329 voce
517 4261 746 4319 locutus
769 4267 860 4318 est
899 4261 1174 4335 simplici,
1224 4261 1371 4317 nihil
1420 4261 1725 4334 signorum
1771 4262 1854 4316 fa-

205 4352 365 4408 ciens
396 4367 410 4409 :
446 4367 554 4424 ego
583 4355 746 4408 tanta
773 4353 794 4387 ³
823 4351 1041 4408 faciens
1073 4351 1262 4423 signa,
1286 4351 1606 4407 Beelzebub
1639 4351 1858 4406 calum-

206 4441 363 4499 niam
398 4441 685 4498 sustineo.
719 4441 858 4498 Plus
889 4457 1025 4515 ergo
1064 4444 1154 4496 est
1180 4441 1332 4497 Jona
1378 4440 1494 4509 hic,
1543 4440 1602 4495 id
1655 4444 1763 4507 est,
1795 4440 1855 4495 in

204 4532 654 4604 praesentiarum
686 4533 840 4589 inter
868 4548 990 4588 vos.
1455 4543 1463 4552 '

273 4621 464 4690 (Vers.
519 4623 631 4693 42.)
683 4643 712 4673 «
756 4621 979 4695 Regina
1024 4621 1223 4677 Austri
1282 4623 1482 4692 surget
1533 4620 1589 4674 in
1631 4619 1854 4690 judicio

205 4726 338 4766 cum
379 4711 756 4785 generatione
789 4711 924 4779 ista,
969 4714 1028 4766 et
1079 4709 1493 4766 condemnabit
1539 4726 1666 4765 eam
1718 4709 1856 4780 quia
1886 4737 1931 4801 Β

203 4799 358 4856 venit
383 4818 417 4858 a
449 4801 669 4857 finibus
700 4805 867 4856 terrae
903 4800 1104 4856 audire
1143 4797 1494 4872 sapientiam
1526 4797 1854 4854 Salomonis

205 4885 271 4948 Et
298 4907 434 4948 ecce
464 4891 596 4964 plus
656 4907 836 4963 quam
897 4889 1174 4946 Salomon
1234 4890 1411 4946 hic.»
1464 4890 1565 4945 84
1606 4890 1854 4946 Eeodem

209 4979 378 5036 modo
408 4980 829 5038 condemnabit
852 4980 1056 5054 regina
1085 4979 1285 5036 Austri
1317 4980 1597 5052 populum
1624 4981 1852 5036 Judaeo-

207 5081 359 5136 rum,
391 5086 510 5141 quo
529 5070 1006 5126 condemnabunt
1045 5069 1150 5125 viri
1172 5070 1435 5126 Ninivitce
1468 5069 1742 5126 Israelem
1772 5069 1854 5124 in.

207 5157 533 5216 credulum.
567 5160 686 5217 Ista
713 5163 910 5217 autem
941 5164 1032 5217 est
1077 5159 1279 5232 regina
1325 5160 1498 5226 Saba,
1544 5160 1615 5215 de
1647 5175 1763 5230 qua
1793 5159 1852 5214 in

207 5245 432 5323 Regum
478 5249 776 5307 volumine
824 5254 883 5306 et
943 5250 1002 5304 in
1065 5249 1544 5322 Paralipomenon
1604 5249 1854 5321 legimus

277 5395 293 5467 ξ
326 5389 520 5467 yerba
549 5401 747 5452 contra
773 5398 1048 5452 naturam
1080 5395 1186 5451 loci
1216 5393 1440 5450 Rhabb.
1478 5393 1728 5467 ignorat.

272 5466 294 5500 ²
323 5464 581 5534 Rhabb.,
629 5467 892 5540 nihilque
935 5469 1157 5540 signum
1199 5469 1406 5537 faciens
1455 5464 1705 5536 acceptus
1753 5470 1852 5531 est,

272 5551 314 5592 κο
347 5541 523 5592 tanta.
557 5543 664 5592 etc.

209 5551 314 5611 ego
347 5543 523 5602 tanta,
557 5543 664 5595 etc.

271 5607 294 5642 ³
320 5609 476 5683 Editi
504 5609 708 5683 legunt
736 5619 794 5666 ut
823 5614 1109 5666 contextus
1141 5610 1245 5666 loci
1272 5626 1383 5683 non.
1421 5612 1626 5681 passim
1683 5619 1733 5664 ct
1762 5628 1851 5664 m-

207 5695 303 5762 gus
334 5683 393 5736 in
422 5681 704 5762 diuersum
725 5684 949 5752 ﬂuctuet
975 5701 992 5738 .·
1021 5683 1159 5762 quia
1197 5681 1452 5762 editores
1495 5683 1724 5762 antiqui
1750 5699 1852 5736 ne-

211 5753 473 5826 scierunt
485 5753 902 5826 Hieronymum
925 5754 1217 5826 appellare
1238 5758 1549 5809 contextum
1570 5757 1850 5825 passivum

215 5838 344 5881 cum
376 5824 479 5897 qui
509 5824 729 5898 patitur
757 5824 1306 5896 liberas,'violentas
1339 5836 1394 5882 et
1423 5824 1650 5882 coactas
1681 5826 1852 5881 inter-

1978 2042 2304 2098 novissima
2333 2057 2534 2096 eorum
2568 2042 2769 2113 pejora
2815 2039 3126 2112 prioribus.
3179 2040 3363 2097 Multo
3407 2042 3626 2115 quippe

1978 2131 2161 2204 pejori
2210 2129 2540 2186 conditione
2603 2132 2744 2184 sunt
2783 2129 3038 2184 haeretici
3079 2146 3257 2201 quam
3314 2129 3559 2201 gentiles
3609 2148 3622 2186 :

1978 2221 2116 2293 quia
2147 2220 2206 2274 in
2239 2219 2356 2275 illis
2387 2235 2521 2290 spes
2555 2217 2688 2273 ﬁdei
2719 2224 2826 2285 est,
2849 2223 2908 2274 et
2939 2218 2996 2273 in
3029 2219 3159 2274 istis
3190 2235 3389 2292 pugna
3407 2219 3626 2276 discoro

1977 2310 2106 2365 dim.
2141 2309 2284 2363 Cum
2317 2309 2437 2362 haec
2468 2305 2854 2377 intelligentia
2900 2305 3177 2378 plausum
3227 2309 3538 2379 quemdam
3571 2314 3628 2365 et

1977 2398 2229 2454 colorem
2253 2396 2527 2452 doctrinae
2553 2397 2836 2468 praeferat,
2858 2399 3054 2451 nescio
3088 2414 3158 2450 an
3185 2397 3400 2452 habeat
3415 2399 3624 2454 verita-

1978 2492 2115 2543 tem.
2150 2488 2228 2542 Ex
2257 2505 2321 2543 eo
2353 2487 2508 2542 enim
2534 2486 2686 2555 quod
2720 2486 2886 2540 ﬁnita
2927 2485 3013 2540 vel
3064 2486 3361 2558 parabola,
3409 2486 3499 2542 vel
3529 2504 3624 2544 ex-

1975 2577 2190 2649 emplo,
2223 2576 2494 2648 sequitur
2524 2593 2541 2629 :
2571 2575 2662 2630 Sic
2690 2577 2795 2629 erit
2834 2580 2883 2630 et
2932 2577 3281 2644 generatz'oni
3326 2575 3456 2631 huic
3501 2593 3624 2648 pe:-

1973 2669 2133 2722 simae
2161 2682 2181 2725 ;
2212 2663 2622 2735 compellimur
2654 2680 2768 2718 non
2801 2663 2872 2718 ad
2906 2663 3210 2718 haereticos
3241 2667 3297 2718 et
3328 2663 3624 2735 quoslibet

1975 2755 2245 2810 homines
2272 2769 2284 2809 :
2319 2754 2418 2808 sed
2455 2753 2526 2807 ad
2547 2751 2881 2806 Judaeorum
2908 2751 3189 2823 populum
3222 2750 3438 2808 referre
3459 2769 3625 2825 para-

1975 2843 2194 2910 bolam,
2227 2846 2292 2897 ut
2322 2846 2627 2896 contextus
2660 2839 2768 2895 loci
2829 2857 2945 2895 non
3005 2840 3273 2912 passivus
3303 2842 3326 2874 ³
3354 2845 3412 2896 et
3437 2857 3623 2914 vagus

1975 2932 2035 2986 in
2070 2931 2363 2986 diversum
2398 2932 2654 2996 fluctuet,
2689 2929 3284 3000 atqueinsipientium
3317 2945 3478 2986 more
3499 2933 3622 2986 tur-

1975 3023 2146 3077 betur
2181 3046 2194 3088 ;
2226 3021 2326 3076 sed
2360 3020 2586 3075 haerens
2619 3018 2752 3084 sibi,
2786 3017 2872 3074 vel
2904 3019 2976 3073 ad
3009 3019 3221 3089 priora,
3259 3017 3347 3073 vel
3397 3020 3469 3075 ad
3519 3036 3621 3093 po-

1975 3111 2220 3166 steriora
2250 3109 2615 3180 respondeat.
2662 3107 3011 3162 Immundus
3069 3106 3314 3178 spiritus
3363 3107 3538 3163 exivit
3589 3126 3624 3166 a

1972 3199 2213 3264 Judaeis,
2248 3197 2483 3270 quando
2533 3200 2884 3268 acceperunt
2931 3195 3141 3267 legem,
3200 3200 3258 3252 et
3299 3196 3622 3254 ambulavit

1975 3305 2078 3362 per
2125 3288 2252 3344 loca
2299 3286 2484 3356 arida,
2535 3302 2800 3356 quaerens
2848 3284 2958 3340 sibi
3007 3284 3291 3357 requiem.
3323 3285 3616 3359 Expulsus

1888 3363 1931 3430 C
1970 3377 2238 3433 videlicet
2269 3394 2304 3432 a
2330 3375 2569 3443 Judaeis,
2605 3373 2924 3430 ambulavit
2971 3390 3075 3446 per
3122 3373 3384 3446 gentium
3416 3374 3621 3432 solitu-

1967 3469 2133 3523 dines
2165 3484 2179 3520 :
2216 3483 2340 3537 quae
2374 3481 2508 3520 cum
2541 3469 2743 3534 postea
2772 3463 3019 3518 Domino
3051 3463 3456 3532 credidissent,
3491 3464 3610 3536 ille,

1966 3573 2081 3612 non
2110 3557 2342 3610 invento
2374 3553 2499 3608 loco
2530 3552 2590 3605 in
2624 3551 2982 3618 nationibus,
3016 3550 3162 3605 dixit
3192 3569 3205 3606 :

2037 3645 2221 3715 (Vers.
2257 3643 2372 3714 44.)
2405 3666 2430 3692 ‹‹
2468 3643 2740 3696 Revertar
2771 3641 2829 3694 in
2866 3641 3107 3694 domum
3157 3656 3350 3697 meam
3380 3641 3423 3709 ‘,
3457 3641 3612 3698 unde

1965 3735 2132 3790 exivi.
2168 3755 2195 3782 »
2231 3733 2348 3788 Hoc
2380 3735 2484 3798 est,
2521 3730 2692 3786 abibo
2736 3730 2806 3784 ad
2855 3730 3110 3797 Judazos,
3161 3746 3309 3801 quos
3357 3735 3492 3788 ante
3521 3731 3608 3786 di-

1964 3823 2238 3879 miseram
2251 3867 2263 3878 .

2033 3913 2218 3984 (Vers.
2248 3913 2334 3980 44,
2363 3913 2473 3982 435.)
2509 3935 2534 3961 ‹‹
2595 3913 2662 3968 Et
2705 3910 2964 3974 veniens,
3021 3909 3240 3966 invenit
3287 3913 3610 3977 vacantem,

1963 4001 2159 4072 scopis
2191 4001 2554 4069 mundatam,
2589 4005 2643 4054 et
2673 4003 2962 4054 ornatam.
2998 4000 3162 4054 Tunc
3190 3998 3350 4054 vadit
3365 4002 3424 4054 et
3451 4015 3617 4055 assu-

1967 4089 2075 4146 mit
2104 4093 2328 4160 septem
2355 4087 2502 4143 alios
2541 4088 2785 4159 spiritus
2835 4104 3036 4143 secum
3081 4087 3391 4159 nequiores
3443 4105 3524 4157 se,
3557 4092 3614 4144 et

1965 4179 2275 4244 intrantes,
2306 4177 2572 4232 habitant
2605 4177 2683 4231 ibi
2719 4193 2731 4232 :
2765 4181 2821 4230 et
2851 4178 3002 4230 ﬁunt
3029 4176 3124 4231 85
3158 4175 3477 4232 novissima
3507 4176 3613 4233 ho-

1964 4267 2142 4323 minis
2172 4267 2331 4322 illius
2372 4266 2570 4338 pejora
2617 4264 2932 4338 prioribus.
2986 4264 3080 4320 Sic
3127 4264 3237 4319 erit
3285 4267 3342 4318 et
3372 4279 3618 4333 genera-

1965 4356 2110 4414 tioni
2141 4354 2276 4411 huic
2313 4356 2600 4428 pessimae.
2633 4374 2659 4405 ιι
2688 4354 2945 4409 Vacabat
2995 4352 3151 4408 enim
3194 4351 3480 4423 templum
3511 4353 3621 4408 Ju-

1965 4445 2246 4511 daeorum,
2277 4449 2333 4499 et
2353 4443 2648 4499 Christum
2671 4443 2960 4515 hospitem
2979 4458 3095 4496 non
3117 4440 3386 4511 habebat,
3411 4440 3615 4497 dicen-

1967 4538 2087 4590 tem
2123 4552 2136 4589 :
2171 4536 2414 4604 Surgite,
2455 4539 2509 4589 et
2556 4535 2814 4589 abeamus
2864 4531 2994 4588 hinc
3042 4532 3224 4602 (Joan.
3257 4548 3371 4602 x1v,
3404 4532 3513 4600 41).
3549 4533 3617 4588 Et

1966 4623 2024 4678 in
2059 4623 2170 4679 alio
2199 4623 2324 4680 loco
2354 4642 2373 4678 .·
2406 4625 2726 4680 Dimittetur
2752 4623 2897 4677 vobis
2928 4621 3120 4677 domus
3171 4623 3354 4677 vestra
3397 4621 3614 4678 deserta

1965 4711 2136 4785 (Luc.
2167 4731 2293 4779 xm,
2327 4715 2438 4783 35).
2483 4713 2633 4776 Quia
2681 4711 2856 4784 igitur
2901 4715 2957 4766 et
3005 4712 3107 4767 Dei
3166 4715 3223 4766 et
3263 4710 3610 4783 angelorum

1965 4801 2237 4874 praesidia
2261 4819 2376 4857 non
2412 4802 2723 4866 habebant,
2755 4805 2813 4855 et
2837 4801 3027 4856 ornati
3075 4804 3243 4856 erant
3297 4799 3611 4873 superﬂuis

1966 4892 2474 4947 observationibus
2507 4890 2671 4962 legis,
2728 4896 2783 4946 et
2833 4889 3249 4946 traditionibus
3290 4889 3610 4947 Pharisaeo-

1966 4999 2121 5048 rum,
2157 4983 2467 5038 revertitur
2495 4979 2765 5036 diabolus
2796 4981 2866 5036 ad
2889 4981 3089 5036 sedem
3113 4979 3281 5037 suam
3304 4980 3615 5053 pristinam

1965 5075 2022 5127 et
2051 5071 2374 5144 septenario
2407 5071 2517 5127 sibi
2551 5086 2796 5126 numero
2835 5072 3170 5126 daemonum
3195 5070 3416 5139 addito,
3447 5066 3614 5123 habi-

1964 5165 2047 5216 tat
2080 5162 2392 5232 pristinam
2427 5163 2691 5227 domum,
2725 5165 2785 5215 et
2821 5161 2969 5216 fiunt
2992 5159 3149 5216 illius
3193 5157 3392 5232 populi
3425 5153 3613 5212 novis-

1964 5249 2115 5306 sima
2149 5251 2350 5324 pejora
2399 5250 2712 5323 prioribus.
2765 5249 2946 5306 Multo
2996 5250 3152 5306 enim
3203 5265 3357 5304 nunc
3408 5241 3614 5314 majori

1965 5393 2318 5467 pretationes
2352 5412 2364 5461 ;
2396 5410 2544 5466 quas
2578 5393 2751 5449 etiam
2813 5410 2991 5465 supra
3031 5387 3285 5467 appellat
3336 5387 3615 5467 passivum

1967 5459 2494 5538 interpretationem,
2528 5467 2730 5538 dicens
2765 5483 2776 5519 :
2804 5459 2919 5520 Non.
2957 5459 3084 5532 ιηῃό
3111 5459 3616 5538 ίηυὺὶεηινὶὺαεςιιν

1965 5539 1982 5592 ι
1990 5531 2141 5593 illyrii
2173 5542 2188 5593 ἱ
2196 5541 2305 5594 ulel
2313 5540 2328 5591 ἱ
2336 5541 2425 5609 ig»
2438 5543 2491 5592 nl
2503 5540 2576 5600 ι’ίι.
2592 5548 2645 5593 et
2658 5556 2686 5592 (ι
2699 5537 2959 5609 (tuguria:
2970 5531 3366 5609 z'hlcrpretatio
3383 5531 3536 5609 passi
3539 5547 3611 5609 13a.

1962 5613 2140 5666 MART.
2172 5641 2237 5650 -—-
2267 5603 2504 5672 Victum,
2536 5603 2999 5681 pusmnﬁltccole
3031 5621 3157 5674 qua:
3208 5603 3279 5660 de
3328 5603 3606 5660 vocabulo

1965 5683 2135 5754 paulo
2169 5683 2440 5753 superius
2476 5682 2528 5734 in
2565 5701 2689 5751 cap.
2725 5699 2774 5732 xx
2809 5681 3172 5754 ubervamus.

2034 5755 2054 5787 ‘
2085 5751 2323 5810 Addunt
2353 5754 2600 5809 Palatini
2637 5772 2767 5821 ius,
2797 5751 3117 5821 pssimum.
