4182 6572
315 495 391 559 89
822 493 1346 558 COMMENTAR.
1394 498 1473 558 IN
1519 497 2034 559 EVANGELIUM
2083 495 2460 558 MATTH/El
2507 498 2655 559 LIB.
2704 497 2781 557 Il.
2829 496 3001 557 CAP.
3049 496 3215 558 Xlll.
3647 491 3728 556 90

311 627 405 697 lis,
439 628 658 686 dicens.
695 651 724 679 »
753 629 948 684 Turba
977 646 1091 686 non
1136 628 1310 685 unius
1355 631 1657 686 sententiae
1709 635 1817 696 est,
1851 631 1953 686 sed
1987 632 2040 698 Α
2072 635 2186 698 tur,
2219 631 2518 686 aufertur:
2556 631 2656 686 sed
2689 631 2844 702 quod
2871 628 3153 702 apostolis
3176 628 3235 684 in
3258 627 3483 685 Christo
3506 629 3724 684 haben-

315 718 673 788 diversarum
703 719 764 773 in
816 717 1065 790 singulis
1094 718 1474 774 voluntatem.
1511 720 1673 776 Unde
1703 720 1964 791 loquitur

315 808 384 864 ad
417 823 544 864 eam
576 807 635 862 in
670 808 873 863 multis
905 807 1218 880 parabolis,
1253 813 1318 863 ut
1339 811 1514 880 juxta
1542 809 1733 865 varias
1762 809 1963 865 volun-

313 901 482 966 tates,
516 897 774 953 diversas
797 897 1120 969 reciperent
1150 897 1511 970 disciplinas.
1539 903 1605 954 Et
1637 899 1960 954 notandum

313 987 462 1058 quod
497 1003 614 1041 non
656 987 854 1042 omnia
883 986 1116 1042 locutus
1162 989 1240 1042 sit
1269 988 1353 1046 eis
1386 988 1445 1043 in
1496 989 1824 1059 parabolis;
1859 989 1959 1043 sed

312 1074 513 1131 multa.
546 1076 601 1130 Si
627 1076 784 1131 enim
817 1075 1060 1132 dixisset
1081 1077 1278 1133 omnia
1309 1078 1367 1132 in
1401 1077 1714 1149 parabolis,
1737 1078 1961 1149 absque

309 1163 706 1221 emolumento
736 1164 938 1236 populi
971 1166 1375 1222 recessissent.
1408 1166 1724 1237 Perspicua
1754 1166 1962 1222 miscet

308 1253 592 1322 obscuris,
625 1258 689 1308 ut
718 1270 820 1325 per
849 1270 917 1309 ea
946 1271 1072 1326 quae
1107 1253 1444 1327 intelligunt
1473 1261 1858 1328 provocentur
1889 1256 1959 1312 ad

309 1357 508 1398 eorum
541 1343 813 1398 notitiam
845 1360 974 1415 quae
1005 1360 1120 1398 non
1153 1343 1508 1416 intelligunt.

377 1432 567 1501 (Vers.
601 1434 656 1497 3,
691 1434 768 1504 4.)
801 1455 828 1482 ‹‹
863 1433 1007 1488 Ecce
1038 1433 1176 1488 exiit
1205 1433 1306 1504 qui
1340 1432 1612 1500 seminat,
1647 1433 1956 1488 seminare.

307 1521 375 1577 Et
413 1521 558 1577 dum
609 1522 881 1577 seminat.
919 1545 946 1570 »
997 1523 1162 1577 Intus
1209 1525 1351 1588 erat,
1387 1523 1543 1578 domi
1592 1523 1957 1590 versabatur,

306 1609 656 1682 loquebatur
693 1610 998 1682 discipulis
1047 1617 1434 1667 sacramenta.
1468 1611 1656 1667 Exivit
1703 1627 1838 1684 ergo
1888 1612 1958 1667 de

307 1699 480 1755 domo
521 1715 629 1756 sua
660 1699 759 1771 qui
809 1701 1061 1756 seminat
1108 1701 1347 1756 verbum
1380 1700 1500 1771 Dei,
1533 1706 1598 1755 ut
1645 1700 1960 1757 seminaret

304 1787 363 1844 in
392 1788 604 1844 turbis.
628 1789 1008 1862 Significatur
1025 1794 1220 1846 autem
1243 1795 1402 1845 sator
1422 1789 1530 1845 iste
1554 1790 1653 1861 qui
1683 1790 1956 1859 seminat,

303 1893 426 1934 esse
461 1877 645 1935 Filius
675 1879 799 1946 Dei,
830 1883 886 1935 et
916 1879 1102 1934 Patris
1131 1878 1192 1935 in
1224 1878 1460 1951 populis
1515 1880 1804 1935 seminare
1837 1895 1956 1935 ser-

303 1983 560 2022 monem.
602 1968 672 2022 Et
716 1966 890 2023 simul
942 1968 1183 2023 observa
1231 1985 1358 2023 esse
1406 1969 1659 2039 primam
1711 1969 1957 2041 paraho-
1989 2005 2036 2070 Β

301 2054 436 2121 lam,
456 2072 587 2127 quae
617 2072 753 2111 cum
779 2055 1256 2127 interpretatione
1288 2074 1397 2112 sua
1430 2057 1618 2130 posita
1645 2057 1738 2114 sit.
1763 2058 1828 2112 Et
1858 2073 1958 2113 ca-

301 2145 555 2199 vendum
587 2153 668 2200 est
701 2145 1037 2216 ubicunque
1073 2145 1350 2201 Dominus
1393 2147 1629 2218 exponit
1661 2163 1960 2203 sermones

299 2249 457 2298 suos,
499 2238 556 2288 et
603 2238 844 2305 rogatus
893 2252 926 2290 a
956 2234 1262 2306 discipulis
1313 2235 1669 2292 intrinsecus
1699 2236 1956 2304 disserit,

299 2339 368 2378 ne
399 2321 490 2378 vel
524 2322 705 2389 aliud,
741 2340 845 2379 nec
892 2322 1027 2396 plus
1056 2325 1197 2395 quid
1231 2324 1317 2379 vel
1368 2325 1564 2380 minus
1596 2325 1845 2381 velimus
1872 2326 1960 2380 in-

298 2411 580 2485 telligere,
616 2429 793 2484 quam
829 2414 844 2447 ¹
877 2413 948 2468 ab
980 2429 1046 2468 eo
1079 2413 1410 2485 expositum
1444 2419 1550 2470 est.

367 2501 556 2572 (Vers.
583 2503 637 2567 5,
669 2502 749 2572 8.)
792 2526 819 2552 ‹‹
855 2503 1132 2567 Quaedam
1186 2504 1524 2559 ceciderunt
1557 2521 1724 2562 secus
1753 2504 1907 2560 viam
1944 2521 1956 2559 :

295 2593 352 2646 et
379 2595 668 2647 venerunt
697 2591 962 2647 volucres
995 2591 1144 2658 cmli,
1179 2597 1236 2647 et
1286 2594 1666 2649 comederunt
1697 2611 1764 2649 ea
1797 2610 1808 2648 :
1847 2594 1961 2649 alia

297 2683 492 2736 autem
526 2680 862 2736 ceciderunt
893 2682 951 2736 in
986 2685 1218 2753 petrosa
1251 2683 1359 2751 [AL
1389 2683 1676 2754 petrosis],
1713 2683 1810 2738 ubi
1843 2700 1957 2738 non

293 2767 592 2826 habebant
622 2774 841 2825 terram
879 2769 1128 2826 multam
1164 2787 1176 2824 :
1213 2776 1268 2825 et
1299 2772 1576 2826 continuo
1628 2776 1827 2826 exorta
1858 2772 1957 2827 88

296 2862 452 2929 sunt,
492 2859 631 2929 quia
686 2876 801 2914 non
853 2858 1150 2914 habebant
1200 2859 1571 2915 altitudinem
1605 2864 1791 2915 terrae.
1827 2859 1959 2916 Sole

296 2951 492 3003 autem
544 2953 690 3018 orto,
720 2952 1162 3004 aestuaverunt:
1213 2953 1270 3004 et
1325 2949 1465 3020 quia
1514 2965 1630 3005 non
1665 2949 1960 3005 habebant

297 3035 576 3102 radicem,
610 3043 908 3093 aruerunt.
953 3037 1081 3093 Alia
1129 3043 1328 3094 autem
1364 3037 1699 3094 ceciderunt
1746 3039 1804 3093 in
1838 3039 1958 3111 spi-

297 3141 403 3182 nas
438 3142 450 3181 :
486 3131 543 3182 et
573 3131 880 3182 creverunt
911 3129 1116 3200 spinis,
1148 3132 1204 3183 et
1245 3128 1678 3184 suﬁ‘ocaverunt
1709 3145 1796 3184 ea.
1832 3128 1960 3184 Alia

297 3220 492 3271 autem
552 3217 888 3272 ceciderunt
941 3216 1000 3271 in
1053 3222 1267 3272 terram
1331 3219 1567 3285 bonam,
1627 3221 1684 3273 ct
1740 3218 1959 3273 dabant

296 3303 551 3362 fructum
589 3323 602 3361 :
639 3305 798 3361 aliud
843 3306 1254 3375 centesimum,
1286 3307 1444 3362 aliud
1497 3308 1952 3380 sexagesimum,

2073 720 2231 774 tibus
2267 721 2462 786 iidem,
2489 719 2721 797 etiamsi
2754 720 2893 791 quid
2925 719 3124 774 minus
3143 717 3428 772 virtutum
3451 717 3730 785 habeant,

2071 809 2444 864 conceditur:
2478 809 2697 865 Judaais
2729 813 2948 874 autem,
2977 808 3079 880 qui
3112 823 3225 862 non
3258 806 3633 861 crediderunt
3664 807 3722 861 in

2072 897 2283 954 Filium
2313 898 2432 966 Dei,
2455 898 2687 954 etiamsi
2722 899 2861 970 quid
2896 914 2998 969 per
3029 901 3251 952 natura:
3283 897 3503 952 bonum
3536 895 3728 966 possi-

2071 987 2229 1055 dent,
2267 987 2512 1043 tollitur.
2546 988 2744 1059 Neque
2775 987 2932 1042 enim
2966 990 3212 1057 possunt
3241 985 3464 1056 aliquid
3496 984 3730 1056 sapien-

2068 1080 2158 1132 ter
2186 1077 2529 1150 intelligere,
2556 1077 2657 1150 qui
2688 1083 2867 1149 caput
2897 1093 3012 1133 non
3046 1076 3264 1131 habent
3294 1073 3624 1147 sapientiae.

2142 1166 2324 1237 (Vers.
2362 1168 2449 1234 13,
2485 1168 2595 1239 14.)
2647 1169 2841 1222 «Ideo
2886 1165 2946 1221 in
2993 1165 3289 1238 parabolis
3340 1164 3550 1236 loquor
3596 1162 3681 1218 eis
3717 1180 3730 1218 :

2069 1257 2208 1328 quia
2235 1256 2520 1324 videntes,
2553 1274 2668 1313 non
2699 1257 2898 1312 vident
2933 1273 2944 1312 :
2999 1260 3055 1312 et
3103 1255 3429 1324 audientes,
3473 1270 3587 1308 non
3621 1269 3726 1308 au-

2069 1345 2257 1410 diunt,
2308 1361 2496 1416 neque
2538 1344 2921 1417 intelligunt:
2977 1349 3042 1399 ut
3089 1343 3485 1417 adimpleatur
3534 1342 3594 1396 in
3643 1341 3730 1397 eis

2069 1433 2375 1505 prophetia
2409 1434 2568 1490 Isaiae
2615 1435 2864 1490 dicentis
2900 1451 2911 1490 :
2967 1433 3187 1489 Auditu
3220 1431 3496 1498 audietis,
3527 1435 3584 1486 et
3615 1447 3730 1486 non

2070 1521 2407 1595 intelligetis
2433 1540 2446 1588 ;
2476 1529 2532 1578 et
2551 1524 2815 1578 videntes
2838 1522 3132 1588 videbitis,
3157 1526 3214 1576 et
3236 1539 3350 1577 non
3378 1519 3674 1575 videbitis.
3701 1541 3729 1568 »

2069 1611 2199 1666 Haec
2249 1612 2318 1666 de
2367 1612 2459 1668 his
2509 1611 2772 1683 loquitur
2820 1611 2919 1683 qui
2971 1615 3129 1667 stant
3159 1611 3216 1665 in
3247 1611 3461 1675 littore,
3495 1614 3551 1664 et
3582 1608 3727 1664 divi-

2069 1701 2293 1755 duntur
2339 1702 2410 1756 ab
2461 1701 2622 1772 Jesu,
2658 1704 2712 1756 et
2745 1701 2939 1756 sonitu
2974 1701 3261 1754 ﬂuctuum
3294 1700 3728 1769 perstrepentes

2067 1806 2184 1845 non
2236 1790 2485 1846 audiunt
2515 1791 2585 1846 ad
2617 1790 2908 1862 liquidum
2943 1806 3069 1861 quae
3101 1789 3199 1844 89
3232 1787 3510 1842 dicuntur
3540 1804 3553 1842 ε
3606 1786 3719 1842 im-

2068 1879 2375 1954 pleturque
2407 1881 2463 1935 in
2497 1881 2580 1936 eis
2614 1879 2916 1953 prophetia
2949 1880 3107 1934 Isaiae
3143 1894 3155 1933 :
3208 1877 3413 1933 Audita
3461 1876 3722 1931 audietis.

2066 1977 2118 2024 et
2174 1987 2287 2024 non
2343 1971 2662 2041 intelligetis
2693 1986 2712 2029 .·
2768 1974 2818 2024 et
2878 1969 3120 2024 videntes
3172 1967 3452 2033 videbitis,
3502 1970 3554 2020 et
3609 1981 3726 2018 non

2067 2058 2318 2115 videbitis
2375 2062 2500 2130 (15a.
2547 2077 2623 2123 vr,
2675 2060 2750 2128 Ο).
2812 2059 2940 2114 Haec
2999 2059 3068 2112 dc
3126 2056 3317 2111 turbis
3377 2054 3725 2128 prophetata

2069 2153 2228 2215 sunt,
2280 2166 2407 2220 quae
2459 2152 2617 2202 stant
2667 2148 2723 2201 in
2776 2146 2987 2216 littore,
3036 2149 3093 2200 et
3122 2145 3218 2200 Dei
3263 2161 3380 2200 non
3427 2147 3729 2199 merentur

2069 2238 2270 2293 audire
2319 2253 2671 2292 sermonem.
2726 2236 3089 2290 Accedamus
3136 2250 3271 2306 ergo
3325 2237 3382 2288 et
3430 2249 3536 2287 nos
3580 2247 3716 2287 cum

2069 2325 2376 2397 discipulis
2409 2326 2480 2381 ad
2503 2325 2729 2391 Jesum,
2753 2329 2811 2379 et
2839 2340 3113 2395 rogemus
3143 2339 3274 2378 eum
3308 2321 3718 2378 dissertionem

2069 2414 2379 2488 parabolae,
2413 2431 2484 2469 ne
2532 2430 2665 2470 cum
2713 2415 2904 2469 turbis
2953 2415 3174 2468 frustra
3222 2428 3393 2468 aures
3433 2416 3488 2467 et
3517 2409 3718 2466 oculos
3767 2418 3773 2424 '

2069 2503 2285 2559 habere
2325 2504 2648 2559 videamur.

2141 2598 2329 2662 (Vers.
2368 2593 2478 2664 15.)
2537 2616 2557 2641 α
2595 2593 2990 2647 Incrassatum
3041 2594 3130 2646 est
3176 2590 3332 2647 enim
3379 2606 3478 2645 cor
3521 2586 3721 2661 populi

2069 2681 2270 2751 hujus,
2301 2686 2356 2736 et
2380 2681 2624 2736 auribus
2654 2681 2905 2753 graviter
2936 2680 3265 2735 audierunt.
3291 2701 3318 2730 »
3356 2677 3564 2734 Reddit
3585 2695 3720 2733 cau-

2069 2788 2166 2828 sas
2217 2787 2396 2843 quare
2440 2770 2706 2826 videntes
2747 2786 2862 2826 non
2893 2768 3148 2837 videant,
3181 2773 3240 2824 et
3268 2767 3570 2824 audientes
3602 2783 3718 2822 non

2070 2861 2350 2916 audiant:
2385 2860 2524 2930 quia
2555 2859 2949 2914 incrassatum
2983 2863 3090 2923 est,
3142 2858 3356 2928 inquit,
3389 2873 3490 2912 cor
3517 2855 3719 2928 populi

2067 2949 2267 3020 hujus,
2301 2955 2356 3004 ct
2387 2949 2630 3004 auribus
2681 2949 2805 3005 suis
2837 2948 3089 3020 graviter
3119 2947 3434 3002 audierunt
3467 2963 3478 3000 :
3531 2962 3596 3001 ac
3643 2962 3720 3001 ne

2068 3039 2213 3094 forte
2260 3038 2610 3093 arbitremur
2659 3037 3109 3093 crassitudinem
3153 3036 3346 3092 cordis
3377 3039 3434 3090 et
3463 3035 3721 3108 gravita-

2066 3133 2185 3184 tem
2218 3127 2450 3183 aurium
2485 3132 2708 3182 natura:
2739 3144 2889 3194 esse,
2916 3143 3031 3182 non
3053 3125 3392 3196 voluntatis,
3413 3124 3724 3195 sulijungit

2068 3217 2301 3289 culpam
2337 3216 2583 3283 arbitrii,
2618 3222 2675 3273 et
2705 3217 2844 3272 dicit
2879 3233 2890 3270 :
2940 3239 2968 3267 «
3001 3217 3069 3270 Et
3101 3215 3300 3271 oculos
3331 3231 3470 3270 suos
3502 3212 3722 3272 clause-

2068 3312 2248 3362 runt:
2285 3307 2595 3378 nequando
2621 3306 2854 3360 videant
2877 3305 3082 3369 oculis,
3107 3310 3163 3360 et
3193 3304 3435 3360 auribus
3459 3304 3725 3372 audiant,

296 3391 456 3448 aliud
504 3395 892 3450 tricesimum.
928 3416 956 3442 »
988 3399 1149 3450 Hanc
1201 3393 1540 3466 parabolam
1593 3397 1664 3450 ad
1697 3413 1958 3468 compro-
1989 3381 2031 3448 C
2069 3401 2128 3452 et
2176 3396 2346 3451 corde
2396 3395 2745 3467 intelligant,
2807 3399 2863 3450 et
2917 3398 3349 3460 convertantur,
3404 3399 3460 3449 et
3517 3409 3722 3449 sanem

227 3519 230 3522 ~
293 3480 554 3537 bandam
603 3481 876 3537 haeresim
927 3499 1096 3538 suam
1142 3483 1488 3538 Valentinus
1533 3485 1806 3550 assumit,
1839 3490 1956 3542 tres

293 3569 678 3626 introducens
699 3575 961 3637 naturas,
980 3571 1187 3643 spiritu
1198 3569 1368 3639 alem,
1385 3571 1713 3628 naturalem
1730 3572 1818 3628 vel
1840 3575 1960 3629 ani-

293 3658 510 3715 malem
562 3664 736 3732 atque
784 3663 1077 3715 terrenam
1109 3662 1170 3728 ²;
1203 3677 1336 3716 cum
1369 3660 1463 3716 hic
1508 3666 1759 3733 quatuor
1787 3663 1906 3718 sint
1941 3683 1952 3720 :

293 3763 411 3804 una
448 3749 621 3821 juxta
650 3747 839 3816 viam;
875 3747 987 3804 alia
1015 3753 1286 3821 petrosa;
1323 3750 1497 3805 tertia
1541 3750 1714 3822 plena
1745 3752 1953 3824 spinis,

296 3842 507 3909 quarta
538 3842 702 3894 terrae
735 3838 921 3894 bonae.
953 3838 1291 3894 Diti‘erimus
1325 3856 1641 3912 parumper
1671 3840 1952 3913 interpre-

293 3926 573 3982 tationem
607 3927 736 3998 ejus
767 3943 901 3982 cum
950 3927 1279 4000 discipulis,
1313 3928 1570 3984 volentes
1601 3934 1818 3986 secrete
1849 3947 1952 3986 au-

295 4014 418 4071 dire
447 4017 602 4088 quod
633 4016 867 4072 dicitur.

364 4103 551 4175 (Vers.
599 4103 679 4176 9.)
727 4104 834 4170 Qui
886 4105 1061 4162 habet
1110 4123 1280 4162 aures
1329 4106 1604 4162 audiendi
1655 4107 1872 4164 audiat.
1927 4133 1953 4157 ››

294 4196 686 4249 Provocamur
736 4195 808 4250 ad
857 4194 1147 4251 dictorum
1198 4195 1668 4269 intelligentiam,
1724 4199 1953 4269 quoties

293 4281 385 4338 his
419 4282 797 4338 sermonibus
845 4299 1291 4341 commonemur
1323 4286 1429 4354 [AL
1464 4289 1952 4358 commovemur).

361 4371 555 4442 (Vers.
604 4373 691 4438 10,
721 4372 806 4444 11)
845 4394 866 4422 ι
898 4376 966 4428 Et
996 4375 1336 4431 accedentes
1369 4375 1644 4446 discipuli
1678 4377 1954 4432 dixerunt

293 4459 345 4516 ei
379 4477 392 4515 :
426 4460 617 4525 Quare
649 4460 706 4516 in
761 4461 1052 4534 parabolis
1097 4462 1358 4534 loqueris
1409 4464 1494 4519 eis
1517 4463 1544 4518 ?
1577 4464 1683 4529 Qui
1716 4482 1953 4538 respon-

296 4546 438 4604 dens
460 4548 543 4603 ait
571 4546 690 4603 illis
715 4565 728 4603 :
757 4549 904 4614 Quia
931 4551 1094 4606 vobis
1127 4551 1327 4606 datum
1357 4557 1446 4607 est
1478 4569 1650 4609 nosse
1674 4554 1953 4626 mysteria

295 4637 455 4708 regni
477 4635 758 4693 caelorum
776 4655 787 4693 :
805 4638 921 4694 illis
943 4644 1137 4695 autem
1154 4657 1266 4696 non
1286 4645 1375 4696 est
1389 4641 1612 4696 datum.
1634 4663 1663 4691 ››
1678 4645 1946 4710 Quaeren-

2068 3501 2188 3541 eos.
2225 3508 2253 3534 ››
2305 3486 2366 3538 ln
2415 3483 2708 3556 parabolis
2756 3500 2891 3554 ergo
2939 3483 3191 3539 audiunt
3237 3487 3295 3537 et
3333 3482 3393 3536 in
3434 3482 3718 3553 aenigma-

2068 3579 2155 3642 te,
2210 3573 2338 3645 qui,
2401 3573 2617 3628 clausis
2672 3571 2887 3641 oculis,
2948 3571 3155 3626 nolunt
3213 3586 3448 3626 cernere
3502 3570 3720 3626 verita-

2069 3668 2208 3720 tem.

2139 3753 2322 3826 (Vers.
2361 3754 2468 3824 16).
2524 3775 2551 3802 «
2587 3750 2771 3807 Vestri
2804 3755 3000 3806 autem
3034 3749 3187 3805 beati
3226 3747 3400 3815 oculi,
3447 3747 3586 3820 quia
3633 3748 3716 3802 vi-

2066 3845 2208 3900 dent
2236 3860 2248 3900 :
2283 3847 2340 3898 et
2370 3859 2542 3898 aures
2573 3846 2798 3908 vestras,
2828 3841 2968 3913 quia
2996 3840 3264 3896 audiunt.
3301 3861 3328 3888 »
3377 3839 3500 3893 Nisi
3541 3855 3721 3911 supra

2067 3933 2416 4006 legissemus
2450 3931 2747 3987 auditores
2773 3931 2843 3986 ad
2875 3929 3324 4002 intelligentiam
3357 3933 3718 4000 provocatos,

2065 4024 2360 4078 Salvatore
2410 4022 2634 4075 dicente
2669 4037 2681 4075 :
2734 4021 2840 4088 Qui
2887 4021 3045 4075 habet
3086 4035 3253 4075 aures
3291 4018 3578 4084 audiendi,
3610 4035 3717 4073 au-

2063 4112 2198 4177 diat,
2251 4113 2597 4182 putaremus
2646 4125 2801 4163 nunc
2841 4108 3042 4162 oculos
3081 4112 3140 4164 et
3170 4124 3340 4163 aures
3371 4124 3499 4178 quas
3530 4107 3713 4163 beati-

2064 4199 2331 4256 tudinem
2354 4196 2668 4270 accipiunt,
2695 4196 2888 4251 carnis
2921 4195 3034 4266 [Αι.
3060 4195 3412 4267 corporales]
3446 4195 3712 4266 intelligi.

2066 4290 2175 4346 Sed
2201 4287 2343 4344 mihi
2370 4287 2642 4344 videntur
2667 4285 2750 4340 illi
2785 4285 2938 4340 beati
2961 4283 3136 4355 oculi,
3164 4285 3261 4355 qui
3290 4289 3540 4356 possunt
3560 4283 3722 4340 Chri-

2065 4379 2139 4434 sti
2193 4394 2540 4452 cognoscere
2591 4379 2980 4441 sacramenta,
3014 4379 3070 4430 et
3118 4391 3265 4446 quos
3315 4372 3490 4428 levari
3542 4373 3720 4429 Jesus

2061 4469 2120 4523 in
2172 4467 2426 4523 sublime
2475 4465 2769 4538 praecepit,
2827 4469 2891 4520 ut
2940 4463 3260 4521 candentes
3304 4467 3531 4536 segetes
3566 4461 3722 4534 sepi-

2063 4557 2221 4612 ciant
2251 4556 2429 4628 (Joan.
2467 4574 2540 4626 1v,
2573 4558 2664 4626 35)
2691 4572 2703 4622 ;
2737 4558 2793 4609 et
2823 4553 2934 4609 illa:
2972 4571 3143 4609 aures
3172 4555 3371 4620 beatae,
3405 4553 3477 4608 de
3507 4552 3725 4624 quibus

2062 4646 2244 4702 Isaias
2293 4645 2553 4717 loquitur
2589 4663 2600 4700 :
2656 4647 2918 4701 Dominus
2949 4646 3199 4717 apposuit
3228 4645 3374 4699 mihi
3402 4643 3723 4699 auriculam

295 4724 434 4823 dum
465 4732 556 4823 est
577 4728 868 4823 quo-modo
901 4731 1180 4785 accedant
1211 4732 1284 4785 ad
1317 4747 1450 4786 eum
1485 4731 1781 4804 discipuli,
1815 4751 1946 4789 cum
1985 4759 2028 4823 Ι)
2061 4738 2188 4808 (Isa.
2224 4753 2273 4806 L,
2310 4737 2386 4804 5).

291 4813 462 4872 Jesus
484 4816 543 4872 in
570 4817 701 4872 navi
725 4817 960 4886 sedeat;
992 4818 1104 4874 nisi
1125 4819 1272 4876 forte
1293 4820 1539 4893 intelligi
1574 4821 1766 4890 datur,
1795 4825 1950 4895 quod

296 4902 519 4960 dudum
547 4921 679 4962 cum
704 4906 832 4979 ipso
856 4924 1059 4963 navem
1095 4911 1562 4977 conscenderint,
1597 4917 1654 4966 et
1684 4911 1764 4968 ibi
1787 4918 1950 4968 stan-

296 4994 382 5048 tes
420 5011 600 5068 super
629 4995 1110 5069 interpretatione
1140 4999 1429 5071 parabolae
1462 5000 1739 5057 sciscitati
1773 5003 1910 5057 sint.

364 5081 549 5153 (Vers.
578 5085 689 5158 12.)
713 5108 740 5135 ‹‹
775 5087 883 5151 Qui
914 5087 1073 5143 enim
1099 5087 1550 5157 habet,dabitur
1579 5090 1654 5157 ei,
1683 5096 1740 5147 et
1769 5092 1950 5148 abun-

295 5169 453 5228 dabit
485 5189 498 5227 :
533 5173 634 5246 qui
665 5180 864 5232 autem
898 5191 1013 5232 non
1051 5176 1245 5249 habet,
1279 5183 1336 5235 et
1369 5180 1525 5250 quod
1557 5178 1754 5246 habet,
1786 5183 1945 5237 aufe-

292 5264 452 5317 retur
468 5264 544 5318 ab
567 5279 631 5320 eo
650 5283 676 5314 η
727 5265 854 5322 Non
881 5264 940 5320 in
961 5268 1292 5338 zequalitate
1307 5269 1328 5302 ³
1345 5267 1557 5341 judicii
1579 5268 1934 5327 habentibus

292 5349 549 5420 additur,
579 5356 638 5409 et
665 5369 781 5409 non
813 5353 1171 5412 habentibus
1223 5355 1283 5412 in
1316 5358 1472 5430 quod
1505 5357 1718 5415 habere
1748 5358 1944 5416 viden-

366 5545 378 5580 ¹
413 5545 594 5604 Iidem
638 5563 820 5627 mss.,_
860 5550 1171 5627 uetaiiud,
1202 5552 1290 5610 vel
1334 5554 1460 5625 plus
1511 5554 1669 5627 quid,
1710 5556 1791 5612 vel
1839 5557 1946 5612 mi-

295 5631 398 5697 nus
436 5634 744 5697 praesumus
796 5622 1127 5697 intettigere,
1159 5622 1373 5697 quam,
1435 5622 1544 5682 etc‘.
1598 5627 1658 5682 In
1713 5627 1944 5683 Victorii

296 5687 536 5769 eddfuel
586 5687 1210 5769 minus__desiderat'ur;
1236 5687 1449 5766 errore,
1487 5704 1547 5753 ut
1595 5699 1845 5769 videtur,
1878 5715 1946 5755 ex

299 5762 383 5846 vel.
401 5763 583 5846 minus
613 5770 670 5820 et
699 5764 932 5846 velimus
963 5762 1587 5846 similitudinevocum
1624 5776 1779 5846 nato.

363 5831 384 5866 ³
412 5834 589 5893 Palat.
620 5835 1042 5909 mss.editique
1075 5839 1215 5898 olim
1245 5841 1379 5900 libri
1411 5845 1786 5915 spiritualem,
1819 5845 1944 5900 ani-

2134 4830 2322 4895 (Vers.
2360 4827 2444 4896 17,
2482 4826 2592 4896 18.)
2645 4845 2673 4875 ‹‹
2704 4830 2888 4881 Amen
2919 4824 3135 4896 quippe
3179 4823 3308 4879 dico
3356 4823 3539 4891 vobis,
3574 4822 3713 4896 quia

2065 4915 2233 4971 multi
2269 4915 2561 4988 propheta:
2595 4919 2650 4969 et
2671 4914 2819 4985 justi
2844 4916 3154 4986 cupierunt
3184 4914 3377 4969 videre
3400 4930 3527 4984 quae
3549 4914 3710 4969 vide-

2060 5006 2156 5076 tis,
2183 5010 2241 5060 et
2271 5022 2385 5060 non
2417 5005 2724 5060 viderunt:
2760 5009 2816 5059 et
2847 5003 3047 5058 audire
3081 5020 3207 5075 qua:
3238 5003 3477 5070 auditis,
3506 5007 3562 5058 et
3593 5019 3709 5058 non

2063 5094 2394 5150 audierunt.
2413 5093 2529 5148 Vos
2549 5109 2685 5166 ergo
2709 5093 2905 5149 audite
2929 5091 3266 5165 parabolam
3291 5091 3657 5147 seminantis.
3680 5114 3707 5139 ››

2060 5184 2306 5240 Videtur
2335 5183 2472 5239 huic
2502 5182 2627 5238 loco
2660 5182 2803 5238 illud
2838 5198 2967 5238 esse
2998 5181 3354 5238 contrarium
3387 5178 3539 5251 quod
3569 5177 3708 5233 alibi

2061 5273 2309 5329 dicitur:
2348 5273 2622 5329 Abraham
2650 5274 2860 5343 cupivit
2899 5272 3045 5327 diem
3085 5288 3265 5327 meum
3294 5268 3494 5334 videre,
3525 5273 3576 5320 et
3616 5268 3704 5321 vi-

2057 5362 2158 5432 dit,
2191 5371 2240 5418 et
2269 5363 2490 5419 laetatus
2520 5371 2598 5419 est
2625 5363 2821 5433 (Joan.
2857 5379 2978 5430 Vlll,
3000 5363 3114 5430 56).
3145 5360 3269 5416 Non
3300 5360 3494 5412 autem
3525 5355 3706 5411 dixit:

2055 5560 2265 5616 malem
2302 5566 2463 5631 atque
2502 5563 2802 5624 terrenam,
2837 5561 3142 5631 expuncta
3164 5551 3388 5631 scilicet
3428 5568 3566 5631 voce
3597 5571 3706 5631 Vna-

2057 5634 2315 5702 turatem,
2343 5624 2471 5703 quae.
2501 5637 2555 5686 et
2586 5631 2879 5703 contextui
2908 5624 3395 5697 sliperabundare
3416 5625 3704 5682 videatur.

2057 5702 2418 5770 Quibuscum
2452 5707 2507 5758 et
2538 5702 2762 5769 Rhabb,
2798 5703 3097 5755 consonat.

2128 5779 2146 5810 ²
2179 5782 2299 5832 Duo
2323 5793 2352 5831 e
2378 5776 2616 5842 nostris,
2639 5787 2908 5843 unusque
2932 5787 3108 5842 penes
3132 5770 3529 5828 Martianzeum
3557 5785 3703 5824 mss.

2054 5850 2316 5921 aequitate
2349 5847 2682 5919 praeferunt,
2716 5859 2817 5916 pro
2847 5844 3180 5916 aequalitate.
