4182 6590
454 463 527 526 Μ
1700 463 1765 523 S.
1813 463 2124 524 EUSEBII
2169 463 2613 524 HIERONYMI
3779 462 3865 523 92

454 593 672 650 Omne
702 593 998 666 propheta
1035 597 1092 650 et
1120 594 1259 666 justi
1293 593 1601 667 cupierunt
1630 595 1822 651 videre
1851 613 1978 667 quae
2013 595 2092 650 vi-
2123 597 2176 662 Α
2215 597 2382 666 Venit,
2427 596 2637 666 inquit,
2694 595 2874 650 malus
2920 597 2972 648 et
3017 595 3164 666 rapit
3209 593 3351 666 quod
3395 595 3732 650 seminalum
3779 598 3865 650 est

455 682 626 742 detis.
660 683 760 738 sed
793 682 978 738 Multi.
1011 685 1165 738 Inter
1206 683 1424 739 multos
1454 690 1644 756 potest
1691 685 1834 749 ﬁeri,
1885 690 1950 739 ut
1997 684 2094 739 alii

450 771 723 838 viderint,
757 771 853 827 alii
887 789 998 828 non
1031 773 1280 828 viderint
1310 789 1323 828 :
1373 773 1507 829 licet
1546 771 1601 829 et
1634 775 1691 828 in
1738 775 1846 829 hoc
1879 774 2099 846 pericu-

451 859 582 916 losa
611 861 688 916 sit
724 861 1146 933 interpretatio,
1182 867 1247 917 ut
1295 864 1446 918 inter
1492 869 1828 919 sanctorum
1891 863 2098 917 merita

453 948 864 1006 discretionem
933 951 1260 1023 quamlibet
1316 952 1503 1008 facere
1560 953 1879 1008 videamur.
1949 953 2096 1022 Ergo

453 1039 749 1095 Abraham
780 1039 924 1095 vidit
953 1039 1011 1095 in
1043 1041 1371 1113 aenigmate,
1404 1059 1518 1097 non
1557 1042 1702 1096 vidit
1748 1043 1805 1096 in
1856 1040 2045 1112 specie
2079 1044 2094 1077 ί

453 1127 602 1200 (Gen.
644 1146 820 1193 xxxu,
862 1130 990 1200 30):
1025 1147 1125 1185 vos
1163 1135 1357 1185 autem
1392 1131 1450 1184 in
1494 1131 1802 1203 praesentia
1840 1147 1973 1184 eum
2014 1134 2095 1184 te-

453 1216 626 1284 netis,
685 1221 742 1272 et
798 1217 1022 1273 habetis
1079 1219 1393 1274 Dominum
1453 1225 1732 1286 vestrum,
1775 1221 1876 1274 90
1916 1223 1972 1274 et
2025 1218 2096 1272 ad

450 1304 813 1362 voluntatem
856 1307 1255 1377 interrogatis,
1294 1313 1349 1363 et
1387 1308 1801 1364 convescimini
1844 1307 1915 1363 ei.

527 1396 712 1466 (Vers.
760 1397 869 1466 19.)
914 1419 940 1447 ‹‹
971 1397 1177 1452 Omnis
1217 1397 1317 1469 qui
1358 1398 1522 1453 audit
1550 1399 1792 1453 verbum
1826 1398 2008 1468 regni,
2043 1400 2099 1451 et

454 1501 569 1540 non
611 1484 900 1556 intelligit.
949 1507 977 1535 ››
1021 1490 1140 1540 Hoc
1181 1487 1539 1557 praemittens
1581 1487 1850 1542 hortatur
1888 1502 1994 1541 nos
2034 1489 2100 1540 ut

453 1588 582 1643 quae
623 1571 902 1629 dicuntur
939 1574 1281 1646 diligentius
1321 1575 1652 1630 audiamus.

522 1661 708 1732 (Vers.
755 1663 967 1733 19-21.)
1027 1686 1054 1711 ‹‹
1089 1663 1260 1717 Venit
1301 1663 1488 1718 malus
1529 1667 1586 1718 et
1625 1664 1775 1735 rapit
1815 1665 1967 1734 quod
2009 1680 2097 1719 se-

453 1751 746 1806 minatum
778 1754 866 1806 est
896 1751 954 1805 in
987 1752 1158 1808 corde
1189 1753 1353 1822 ejus:
1388 1752 1481 1825 hic
1513 1757 1600 1808 est
1631 1754 1731 1824 qui
1757 1770 1924 1808 secus
1945 1753 2097 1807 viam

453 1837 781 1894 seminatus
810 1843 918 1894 est.
943 1840 1049 1905 Qui
1082 1845 1278 1896 autem
1310 1857 1487 1912 super
1519 1847 1752 1914 petrosa
1777 1841 2100 1897 seminatus

452 1929 562 1992 est,
592 1926 698 2032 ‘hic
738 1934 827 1983 est
865 1929 965 2000 qui
1007 1931 1248 2032 verbum
1297 1931 1482 1999 audit,
1524 1937 1580 1986 et
1631 1931 1905 1986 continuo
1963 1945 2096 1985 cum
2130 1967 2177 2032 Β

454 2015 669 2088 gaudio
727 2017 938 2088 accipit
991 2016 1158 2084 illud,
1204 2035 1316 2074 non
1359 2019 1534 2074 habet
1572 2026 1766 2075 autem
1809 2021 1867 2075 in
1908 2036 1968 2074 se
2009 2035 2100 2073 ra-

454 2103 663 2171 dicem,
699 2105 799 2162 sed
830 2111 918 2162 est
947 2107 1305 2179 temporalis.
1340 2131 1367 2158 ››
1411 2109 1598 2164 Malus
1636 2110 1856 2164 bonum
1903 2125 2100 2164 semen

459 2194 629 2265 rapit.
654 2199 720 2249 Et
752 2195 928 2251 simul
959 2196 1216 2269 intellige
1247 2199 1402 2270 quod
1438 2199 1493 2252 in
1528 2200 1698 2254 corde
1731 2199 1903 2253 fuerit
1926 2198 2101 2253 semi-

457 2287 682 2349 natum,
716 2290 772 2340 et
802 2284 1108 2342 diversitas
1142 2291 1302 2342 terra;
1336 2287 1544 2342 animae
1569 2287 1688 2343 sint
1717 2287 2097 2342 credentium.

457 2395 484 2422 «
520 2374 694 2429 Facta
739 2379 934 2430 autem
991 2375 1369 2432 tribulatione
1408 2382 1466 2432 et
1506 2377 1926 2448 persecutione,
1969 2393 2102 2448 pro-

459 2465 588 2534 pter
642 2464 881 2518 verbum
942 2465 1217 2520 continuo
1274 2465 1721 2522 scandalizatur.
1767 2488 1792 2513 ››
1857 2466 2103 2520 Attende

461 2552 617 2622 quod
651 2552 870 2608 dictum
914 2553 1010 2621 sit,
1045 2554 1320 2610 continuo
1352 2554 1800 2610 scandalizatur.
1835 2556 1935 2609 Est
1964 2571 2101 2625 ergo

458 2640 656 2713 aliqua
693 2641 973 2698 distantia
1013 2642 1165 2698 inter
1199 2661 1332 2699 eum
1375 2645 1475 2716 qui
1517 2643 1724 2699 multis
1773 2643 2100 2698 tribulatio-

457 2729 633 2786 nibus
672 2730 976 2804 poenisque
1016 2730 1387 2804 compellitur
1425 2733 1722 2789 Christum
1773 2749 2003 2804 negare,
2046 2735 2103 2787 et

455 2835 589 2875 eum
631 2820 728 2892 qui
770 2821 841 2875 ad
883 2821 1134 2893 primam
1177 2822 1640 2894 persecutionem
1689 2822 1889 2878 statim
1932 2838 2101 2877 scan-

457 2907 762 2981 dalizatur,
804 2915 861 2966 et
899 2911 1138 2966 corruit.

531 2997 716 3067 (Vers.
749 3000 864 3064 22.)
896 3023 921 3048 ‹‹
957 2999 1061 3062 Qui
1095 3003 1288 3056 autem
1320 3000 1648 3056 seminatus
1679 3006 1768 3056 est
1799 3001 1858 3055 in
1892 2999 2101 3071 spinis,

459 3081 556 3138 hic
614 3089 702 3140 est
756 3086 856 3156 qui
912 3087 1154 3141 verbum
1214 3087 1396 3154 audit,
1439 3092 1495 3142 et
1533 3087 1868 3144 sollicitudo
1909 3086 2104 3143 saeculi

456 3171 631 3229 istius
689 3178 746 3229 et
802 3173 1030 3230 fallacia
1084 3175 1421 3231 divitiarum
1463 3177 1708 3232 sulfocat
1745 3178 2006 3246 verbum,
2049 3180 2106 3231 et

456 3260 584 3317 sine
623 3263 813 3318 fructu
863 3264 1132 3320 efﬁcitur.
1167 3287 1195 3314 ››
1247 3265 1389 3320 Mihi
1418 3265 1647 3321 videtur
1676 3270 1734 3320 et
1763 3265 1907 3321 illud
1943 3266 2097 3338 quod

2203 3003 2409 3074 gimus
2467 3018 2533 3057 ea
2579 3002 2607 3056 ?
2665 3002 2731 3056 El
2785 2999 2867 3055 ait
2922 3015 2934 3054 :

2206 686 2262 740 in
2294 687 2454 740 corde
2482 687 2599 754 ejus
2623 701 2644 745 ;
2676 689 2731 739 et
2759 684 3016 740 secundo
3048 701 3112 738 ac
3141 683 3336 751 tertio,
3360 683 3453 738 hic
3485 689 3596 748 est,
3625 684 3728 749 ait,
3755 683 3860 756 qui

2205 775 2448 830 verbum
2483 775 2666 829 audit.
2703 776 2764 829 In
2805 772 3163 845 expositione
3196 789 3430 844 quoque
3459 777 3622 828 terra
3667 773 3858 843 bonae,

2208 864 2318 919 iste
2366 868 2454 919 est
2505 865 2605 934 qui
2660 864 2824 918 audit
2877 863 3140 918 verbum.
3185 861 3447 917 Primum
3498 877 3634 933 ergo
3681 862 3860 918 debe-

2209 969 2342 1007 mus
2384 953 2604 1021 audire,
2637 953 2847 1007 deinde
2899 951 3240 1023 intelligere,
3274 955 3329 1005 et
3358 955 3488 1022 post
3533 949 3862 1021 intelligen-

2207 1042 2348 1096 tiam
2400 1042 2624 1096 fructus
2675 1042 2913 1096 reddere
2960 1041 3380 1106 doctrinarum,
3431 1044 3487 1094 et
3533 1040 3720 1094 facere
3769 1037 3862 1094 vel

2208 1130 2592 1186 centesimum
2642 1132 2919 1200 fructum,
2950 1129 3037 1184 vel
3084 1129 3536 1200 sexagesimum,
3563 1127 3651 1182 vel
3690 1128 3864 1182 trice-
3939 1132 3944 1134 ’

2208 1220 2446 1282 simum,
2481 1221 2551 1274 de
2585 1220 2801 1291 quibus
2834 1218 3065 1290 plenius
3098 1219 3154 1272 in
3188 1217 3335 1272 libro
3367 1222 3570 1272 contra
3599 1217 3862 1272 Jovinia-

2208 1327 2351 1364 num
2376 1309 2653 1371 diximus,
2679 1314 2736 1363 et
2759 1325 2913 1363 nunc
2936 1308 3185 1362 breviter
3207 1306 3660 1378 perstringimus
3684 1324 3696 1362 :
3722 1322 3862 1361 cen-

2209 1399 2488 1453 tesimum
2521 1399 2774 1452 fructum
2818 1396 3164 1468 virginibus,
3209 1395 3634 1467 sexagesimum
3667 1393 3863 1449 viduis

2209 1492 2266 1542 et
2313 1487 2771 1554 continentibus,
2806 1485 3167 1540 tricesimum
3218 1490 3378 1540 casto
3409 1487 3430 1519 ‘
3477 1482 3861 1539 matrimonio

2209 1577 2578 1647 deputantes.
2646 1577 3001 1630 Honorabites
3050 1577 3202 1630 enim
3269 1576 3499 1643 nuptiae,
3556 1578 3612 1628 et
3681 1571 3867 1628 cubile

2211 1666 2626 1719 immaculatum
2675 1665 2856 1734 (Hebr.
2909 1682 3033 1730 xui,
3091 1664 3162 1732 4).
3215 1663 3464 1727 Quidam
3523 1666 3862 1717 nostrorum

2210 1753 2595 1809 centesimum
2629 1755 2884 1808 fructum
2941 1754 3012 1809 ad
3047 1759 3332 1826 martyres
3365 1751 3622 1806 referunt
3654 1767 3666 1806 :
3701 1751 3864 1823 quod

2210 1843 2260 1899 si
2299 1844 2378 1898 ita
2409 1849 2515 1908 est,
2545 1848 2746 1898 sancta
2776 1843 3072 1899 consortia
3102 1842 3441 1914 nuptiarum
3472 1839 3870 1896 excluduntur

2210 1951 2244 1988 a
2276 1933 2465 1988 fructu
2497 1934 2669 1988 bono.

2283 2024 2469 2094 (Vers.
2530 2024 2789 2090 24—30.)
2835 2047 2861 2072 ‹‹
2914 2021 3103 2077 Aliam
3163 2019 3498 2092 parabolam
3555 2018 3870 2091 proposuit

2209 2111 2347 2177 illis,
2383 2112 2583 2167 dicens
2619 2128 2630 2166 :
2665 2111 2864 2166 Simile
2897 2116 2985 2165 est
3030 2125 3276 2180 regnum
3325 2108 3603 2164 cmlorum
3637 2106 3868 2162 homini

2211 2201 2311 2273 qui
2356 2201 2666 2255 seminavit
2715 2201 2931 2255 bonum
2987 2216 3186 2254 semen
3241 2198 3300 2252 in
3349 2214 3484 2269 agro
3537 2215 3664 2252 suo.
3715 2198 3866 2252 Cum

2210 2296 2406 2345 autem
2446 2290 2768 2344 dormirent
2814 2289 3102 2354 homines,
3130 2287 3287 2342 venit
3316 2287 3594 2342 inimicus
3625 2287 3774 2356 ejus,
3809 2289 3872 2340 et

2212 2379 2701 2451 superseminavit
2744 2378 2966 2434 zizania
3014 2378 3070 2431 in
3122 2376 3310 2431 medio
3362 2376 3558 2438 tritici,
3592 2379 3648 2430 et
3695 2375 3867 2429 abiit.

2210 2471 2357 2524 Cum
2403 2473 2597 2522 autem
2640 2468 2916 2522 crevisset
2963 2466 3164 2530 herba,
3205 2471 3258 2519 et
3303 2465 3558 2519 fructum
3607 2463 3865 2531 fecisset,

2213 2562 2352 2613 tunc
2407 2561 2807 2630 apparuerunt
2874 2560 2929 2610 et
2976 2554 3217 2610 zizania.
3271 2553 3624 2609 Accedentes
3668 2558 3868 2608 autem

2212 2648 2361 2704 servi
2414 2643 2880 2719 patrisfamilias,
2915 2643 3188 2698 dixerunt
3231 2643 3281 2697 ei
3317 2659 3330 2697 :
3374 2642 3639 2708 Domine,
3674 2658 3870 2697 nonne

2212 2738 2435 2792 bonum
2475 2751 2672 2790 semen
2719 2733 3022 2788 seminasti
3068 2733 3126 2788 in
3159 2749 3296 2805 agro
3349 2731 3496 2787 tuo?
3530 2731 3691 2786 Unde
3724 2746 3866 2803 ergo

2212 2826 2389 2880 habet
2419 2822 2684 2878 zizania?
2714 2822 2782 2876 Et
2813 2823 2893 2876 ait
2924 2821 3041 2876 illis
3069 2837 3082 2876 :
3124 2820 3401 2876 Inimicus
3428 2819 3604 2874 homo
3638 2818 3745 2873 hoc
3779 2818 3864 2873 fe-

2215 2914 2309 2969 cit.
2344 2913 2501 2968 Servi
2534 2917 2730 2967 autem
2785 2910 3056 2966 dixerunt
3084 2909 3134 2966 ei
3171 2926 3183 2963 :
3219 2909 3342 2976 Vis,
3378 2909 3556 2974 imus,
3589 2911 3645 2962 et
3699 2905 3866 2962 colli-

2997 2999 3141 3063 Non,
3199 3013 3269 3052 ne
3328 2998 3471 3052 forte
3525 2994 3868 3066 colligentes

2213 3091 2455 3153 zizania,
2479 3089 2786 3145 eradicetis
2808 3087 2984 3144 simul
3005 3104 3139 3142 cum
3164 3087 3248 3142 eis
3283 3090 3338 3141 et
3366 3085 3644 3140 triticum.
3677 3083 3866 3140 Sinite

2214 3184 2461 3249 utraque
2490 3193 2748 3233 crescere
2788 3193 2972 3247 usque
3004 3177 3076 3230 ad
3120 3190 3396 3242 messem,
3427 3179 3482 3229 et
3510 3174 3568 3228 in
3599 3177 3865 3244 tempore

2215 3268 2425 3322 messis
2456 3267 2645 3321 dicam
2675 3265 3038 3320 messoribus
3072 3281 3084 3318 :
3118 3263 3380 3335 Colligite
3419 3262 3675 3335 primum
3704 3261 3862 3316 ziza-

449 3350 621 3421 juxta
662 3350 914 3407 litteram
963 3354 1034 3408 ad
1083 3355 1270 3409 Adam
1317 3354 1576 3411 dicitur:
1627 3357 1774 3410 Inter
1818 3335 2006 3426 spinas
2051 3358 2103 3409 et
2132 3335 2174 3402 (ἶ
2216 3356 2331 3424 nia,
2364 3361 2418 3411 et
2449 3356 2682 3428 alligate
2713 3355 2867 3410 eain
2910 3353 3220 3409 fasciculos
3250 3354 3321 3408 ad
3352 3351 3862 3417 comburendum;

460 3439 690 3496 tribulos
728 3457 930 3513 panem
971 3450 1125 3498 tuum
1155 3444 1516 3499 manducabis
1545 3444 1695 3511 (Gen.
1733 3462 1815 3513 iu,
1853 3447 1962 3513 l8),
1995 3444 2102 3499 hoc

461 3528 793 3601 signiﬁcare
850 3533 1114 3604 mystice,
1175 3533 1328 3605 quod
1382 3534 1717 3606 quicunque
1772 3535 1998 3590 dederit
2043 3551 2104 3589 se

458 3618 655 3674 saeculi
685 3619 1083 3692 voluptatibus
1115 3623 1392 3694 curisque
1425 3623 1596 3678 istius
1631 3624 1856 3694 mundi,
1892 3640 2099 3695 panem

461 3705 754 3762 ccelestem
801 3714 857 3762 et
905 3709 1100 3765 cibum
1146 3727 1350 3766 verum
1390 3711 1542 3767 inter
1579 3712 1782 3783 spinas
1814 3711 2114 3769 comedat.

463 3794 534 3850 Et
563 3794 857 3868 eleganter
885 3798 1153 3868 adjunxit
1178 3815 1190 3852 :
1225 3800 1476 3854 Fallacia
1504 3799 1833 3856 divitiarum
1881 3803 2106 3872 su/focat

465 3884 707 3940 verbum.
731 3885 966 3943 Blandis
987 3887 1144 3942 enim
1167 3893 1309 3944 sunt
1332 3889 1563 3958 divitiis,
1583 3894 1642 3944 et
1663 3889 1821 3945 aliud
1846 3895 2105 3962 agentes,

467 3976 526 4028 et
553 3973 712 4030 aliud
745 3973 1101 4046 pollicentes.
1137 3977 1385 4034 Lubrica
1415 3983 1504 4035 est
1542 3994 1742 4034 earum
1791 3980 2106 4051 possessio,

470 4061 610 4118 dum
634 4063 747 4119 huc
769 4063 1024 4138 illucque
1046 4067 1557 4134 circumferuntur,
1573 4073 1626 4124 et
1650 4068 1907 4124 instabili
1924 4071 2107 4140 gradu

467 4151 556 4207 vel
609 4151 889 4210 habentes
939 4156 1232 4225 deserunt,
1284 4157 1369 4213 vel
1418 4175 1533 4213 non
1591 4157 1874 4213 habentes
1933 4160 2108 4213 refcr-

469 4241 631 4298 ciunt
649 4244 690 4298 ³.
727 4245 887 4300 Unde
917 4251 974 4302 et
1004 4247 1285 4302 Dominus
1316 4246 1528 4302 divites
1558 4246 1769 4302 asserit
1795 4245 2112 4301 difﬁculter

467 4330 684 4388 intrare
735 4333 795 4388 in
851 4351 1096 4407 regnum
1144 4335 1423 4392 coelorum
1454 4335 1662 4406 (Matth.
1695 4351 1812 4400 xxx,
1843 4336 1954 4406 23),
1989 4335 2110 4390 suf-

466 4419 795 4478 focantibus
848 4423 1066 4479 divitiis
1113 4424 1356 4480 verbum
1399 4423 1524 4491 Dei,
1555 4429 1612 4480 et
1642 4425 1897 4496 rigorem
1929 4423 2110 4480 virtu-

465 4513 592 4567 tum
622 4510 1077 4570 emollientibus.

543 4599 728 4671 (Vers.
759 4602 874 4673 23.)
929 4624 956 4652 ‹‹
989 4602 1112 4676 Qui,
1148 4619 1279 4658 vero
1326 4603 1384 4657 in
1432 4606 1648 4658 terram
1689 4603 1900 4658 bonam
1943 4603 2115 4660 semi-

2214 3445 2473 3501 triticum
2523 3449 2717 3500 autem
2770 3448 3114 3516 congregate
3149 3443 3206 3498 in
3256 3442 3529 3498 horreum
3577 3457 3796 3496 meum.
3833 3463 3858 3492 ι

2213 3539 2344 3590 Haec
2395 3535 2653 3590 secunda
2696 3533 2975 3605 parabola
3040 3536 3130 3587 est
3175 3548 3308 3587 cum
3381 3530 3867 3602 interpretatione

2214 3641 2323 3680 sua
2368 3641 2482 3679 non
2516 3623 2714 3678 statim
2764 3621 2976 3695 posita,
3011 3622 3110 3677 sed
3143 3620 3468 3691 interiectis
3517 3618 3648 3674 aliis
3698 3635 3872 3690 para-

2215 3712 2366 3768 bolis
2415 3712 2720 3767 edisserta.
2775 3711 2874 3765 Hic
2918 3710 3080 3765 enim
3131 3708 3498 3783 proponitur,
3557 3712 3614 3763 et
3672 3710 3878 3780 postea

2217 3800 2480 3857 dimissis
2511 3799 2702 3855 turbis
2721 3799 2950 3855 venitur
2970 3800 3209 3854 domum
3244 3803 3301 3854 et
3322 3797 3605 3854 accedunt
3637 3795 3707 3852 ad
3735 3812 3875 3852 eum

2217 3887 2488 3958 discipuli
2545 3887 2674 3957 ejus
2728 3891 3002 3959 rogantes
3032 3907 3050 3941 :
3089 3889 3308 3942 Dissere
3347 3886 3503 3942 nobis
3552 3885 3882 3957 parabolam

2177 3978 2568 4032 ‘zizaniorum
2618 3979 2744 4045 agri
2794 3979 2955 4047 (vers.
3011 3978 3122 4048 36),
3173 3981 3232 4031 et
3279 3975 3522 4048 reliqua.
3564 3974 3690 4030 Non
3739 3989 3883 4046 ergo

2217 4067 2500 4122 debemus
2523 4082 2886 4138 praepropero
2909 4064 3270 4138 intelligendi
3293 4064 3580 4121 desiderio
3601 4065 3884 4135 anteejua

2220 4155 2487 4211 notitiam
2521 4172 2795 4225 quaerere,
2831 4171 3008 4226 quam
3040 4171 3074 4210 a
3102 4154 3356 4209 Domino
3387 4153 3728 4210 disseratur.

2290 4244 2475 4311 (Vers.
2528 4245 2644 4310 31.)
2697 4267 2723 4292 ‹‹
2777 4243 2966 4299 Aliam
3019 4242 3357 4316 parabolam
3412 4241 3720 4316 proposuit
3765 4239 3875 4309 eis,

2218 4333 2420 4389 dicens
2455 4349 2468 4389 :
2506 4355 2533 4381 »
2567 4333 2816 4388 Sedebat
2857 4333 3140 4388 Dominus
3187 4332 3245 4386 in
3276 4331 3428 4398 navi,
3463 4336 3519 4387 et
3569 4332 3743 4387 turba
3769 4331 3877 4388 92

2221 4423 2416 4479 stabat
2445 4422 2503 4478 in
2536 4423 2728 4478 littore
2764 4440 2776 4476 :
2812 4423 2895 4478 illi
2927 4421 3150 4495 procul,
3183 4420 3460 4494 discipuli
3489 4421 3737 4477 vicinius
3767 4437 3878 4477 au-

2221 4513 2461 4568 diebant
2495 4529 2507 4566 :
2542 4513 2812 4584 proponit
2855 4513 2938 4568 eis
2986 4518 3043 4566 et
3085 4510 3261 4568 aliam
3314 4509 3672 4583 parabolam,
3704 4510 3881 4582 quasi

2222 4602 2382 4657 dives
2405 4601 2828 4674 paterfamilias
2854 4601 3127 4656 invitatos
3149 4599 3395 4656 diversis
3417 4600 3683 4656 reﬁciens
3704 4598 3878 4668 cibi,

469 4691 643 4744 natus
673 4693 780 4755 est,
804 4689 898 4746 hic
928 4697 1019 4747 est
1045 4691 1143 4764 qui
1177 4692 1342 4747 audit
1372 4692 1632 4762 verbum,
1655 4697 1712 4747 et
1740 4691 2030 4765 intelligit,
2059 4697 2115 4748 et
2147 4708 2192 4772 D
2225 4696 2288 4746 ut
2318 4691 2726 4763 unusquisque
2773 4691 3099 4746 secundum
3132 4694 3404 4745 naturam
3457 4687 3745 4746 stomachi
3784 4689 3881 4745 sui

472 4776 727 4834 fructum
762 4779 940 4836 facit:
970 4785 1027 4836 et
1057 4779 1213 4836 aliud
1249 4781 1485 4853 quidem
1520 4781 1926 4853 centesimum,
1955 4781 2112 4838 aliud

472 4867 922 4940 sexagesimum,
969 4867 1126 4924 aliud
1173 4885 1305 4925 vero
1347 4870 1796 4926 tricesimum.»
1848 4871 2010 4926 Sicut
2055 4870 2113 4926 in

469 4959 625 5012 terra
673 4956 828 5012 mala
873 4961 992 5014 tres
1028 4960 1184 5015 fuere
1213 4959 1617 5015 diversitates:
1652 4976 1820 5015 secus
1851 4960 2027 5031 viam,
2061 4953 2118 5016 et

471 5049 726 5118 petrosa,
784 5051 842 5102 et
888 5047 1126 5119 spinosa
1166 5049 1292 5104 loca
1325 5066 1339 5104 :
1390 5050 1471 5104 sic
1503 5049 1562 5104 in
1595 5052 1750 5105 terra
1781 5050 1933 5105 bona
1963 5050 2117 5105 trina

469 5134 778 5206 diversitas
825 5140 915 5192 est
947 5154 958 5192 :
1011 5137 1337 5206 centesimi,
1368 5139 1716 5211 sexagesimi
1747 5143 1803 5194 et
1832 5139 2111 5196 tricesimi

469 5225 711 5282 fructus.
738 5226 806 5281 Et
828 5226 887 5282 in
918 5225 1020 5282 illa
1046 5231 1241 5283 autem
1263 5231 1320 5282 et
1341 5227 1400 5282 in
1430 5228 1544 5284 ista
1573 5245 1689 5284 non
1720 5233 1982 5284 mutatur
2003 5230 2099 5286 9|

473 5315 813 5372 substantia
838 5316 878 5382 ³,
911 5316 1014 5371 sed
1045 5315 1313 5372 voluntas
1347 5332 1358 5371 :
1410 5321 1468 5372 et
1497 5322 1617 5372 tam
1651 5317 2109 5387 incredulorum,

471 5417 648 5472 quam
671 5404 1030 5461 credentium
1052 5406 1228 5461 corda
1250 5409 1387 5461 sunt
1415 5423 1540 5479 quae
1572 5423 1767 5463 semen
1800 5407 2107 5480 recipiunt.

545 5581 828 5638 1Rectius
877 5585 1099 5656 absque
1143 5583 1394 5655 negandi
1440 5585 1725 5657 particula
1771 5585 1830 5642 in
1879 5585 2106 5659 pridem

546 5651 717 5707 leatis
751 5653 932 5707 libris.
964 5656 1102 5707 vidit
1133 5657 1194 5707 in
1222 5657 1413 5707 specie.

466 5656 717 5723 vulgatis
749 5656 932 5734 libris,
964 5656 1102 5710 vidit
1133 5657 1194 5709 in
1222 5657 1413 5736 specie.
1447 5656 1456 5657 ί
1879 5656 1897 5659 “

475 5797 508 5805 Α
539 5724 654 5805 ἨΙιι
686 5723 909 5805 aliquot
939 5742 1080 5782 mss.
1105 5726 1407 5805 reﬁciunt;
1441 5728 1578 5786 olim
1609 5734 1751 5796 erat,
1777 5731 2104 5786 resarciunt.

469 5797 701 5870 Optima
733 5797 1018 5869 impressa
1055 5802 1144 5854 est
1174 5797 1360 5856 lectio.

2224 4781 2384 4836 varia
2415 4780 2694 4836 alimenta
2743 4781 3084 4850 susciperet.
3119 4779 3282 4836 Unde
3313 4785 3370 4835 et
3400 4777 3459 4833 in
3507 4777 3685 4851 priori
3717 4794 3884 4850 para-

2224 4869 2358 4926 bola
2403 4887 2518 4926 non
2559 4869 2708 4925 dixit
2760 4869 3026 4938 alteram,
3061 4870 3164 4925 sed
3197 4867 3394 4924 aliam.
3429 4867 3488 4924 Si
3541 4867 3698 4948 enim
3727 4885 3880 4940 prie-

2227 4958 2488 5015 misisset
2531 4960 2796 5030 alteram,
2831 4963 3162 5031 exspectare
3210 4957 3445 5014 tertiam
3500 4973 3615 5013 non
3646 4947 3880 5030 patera-

2225 5066 2380 5117 mus,
2415 5048 2700 5122 praemisit
2729 5048 2927 5116 aliam,
2957 5053 3023 5104 ut
3051 5048 3248 5120 plures
3277 5050 3621 5120 sequantur.

2297 5139 2481 5212 (Vers.
2527 5141 2615 5207 31,
2665 5139 2777 5209 32.)
2825 5161 2854 5188 «
2905 5137 3109 5194 Simile
3157 5142 3245 5194 est
3298 5153 3546 5210 regnum
3594 5133 3880 5192 ccelorum

2223 5245 2404 5303 grano
2435 5227 2675 5301 sinapis,
2708 5227 2866 5299 quod
2910 5227 3205 5301 accipiens
3250 5226 3426 5283 homo
3475 5223 3790 5282 seminavit
3817 5224 3879 5280 in

2223 5335 2364 5392 agro
2396 5334 2524 5389 suo,
2558 5317 2715 5389 quod
2748 5315 3063 5373 minimum
3095 5316 3333 5389 quidem
3363 5317 3452 5372 est
3480 5314 3758 5372 omnibus
3787 5331 3881 5371 se-

2222 5408 2502 5464 minibus.
2537 5408 2680 5462 Cum
2709 5410 2904 5462 autem
2937 5406 3197 5476 creverit,
3230 5405 3423 5477 majus
3479 5408 3569 5461 est
3601 5403 3881 5462 omnibus

2287 5587 2307 5616 ³
2339 5591 2447 5641 Pro
2494 5586 2819 5652 substantia,
2865 5587 2981 5642 duo
3029 5603 3058 5642 e
3103 5583 3384 5641 Palatinis
3435 5601 3573 5641 mss.
3609 5583 3683 5640 ad
3738 5582 3877 5641 libri

2217 5674 2378 5714 oram
2414 5657 2720 5728 legenduim
2755 5662 3014 5728 monent,
3043 5659 3335 5714 sententia.

2295 5730 2316 5762 ὀ
2346 5725 2543 5801 Iidem
2574 5727 2822 5801 Palatini
2873 5725 3016 5785 mss.
3067 5734 3271 5800 sancto,
3308 5745 3410 5801 pro
3457 5735 3597 5801 casto
3642 5725 3872 5800 legunt.

2223 5800 2432 5858 Confer
2459 5799 2712 5872 priorem
2745 5800 3022 5858 adversus
3049 5799 3426 5858 Jovinianum
3455 5799 3698 5858 librum.
