4182 6576
169 479 244 542 93
679 475 1200 540 COMMENTAB.
1247 478 1326 538 ΙΝ
1373 477 1892 540 EI’ANGELIUM
1940 475 2321 538 MATTHIEI
2369 477 2518 537 LIB.
2564 474 2642 537 II.
2689 475 2864 536 CAP.
2909 473 3067 535 XIII.
3502 471 3580 532 94

171 610 440 678 oleribus,
473 612 530 665 et
563 609 627 665 fit
653 609 826 666 arbor
856 625 869 664 :
911 609 995 665 ita
1028 613 1092 664 ut
1120 608 1384 666 volucres
1423 609 1552 666 caeli
1581 609 1818 666 veniant
1847 611 1901 676 Α
1932 610 2045 666 ﬁde
2075 609 2379 677 dubitare;
2424 625 2558 664 cum
2591 606 2889 679 apostolus
2922 605 3156 672 Paulus,
3190 605 3363 661 fidem
3398 621 3580 677 grano

174 707 228 758 et
248 700 511 756 habitent
531 699 591 754 in
619 699 798 754 ramis
818 699 1136 769 ejus.»Non
1163 700 1240 754 sit
1263 699 1577 756 molestum
1597 699 1818 766 lectori,

174 791 222 847 si
249 793 398 852 totas
429 787 739 861 parabolas
772 789 1173 861 proponimus.
1207 789 1341 853 Quae
1381 789 1537 845 enim
1571 789 1824 845 obscura

175 883 328 944 sunt,
372 877 604 950 plenius
646 877 990 933 disserenda
1018 881 1175 950 sunt,
1207 895 1279 933 ne
1330 879 1611 934 brevitate
1642 878 1823 934 nimia

174 968 539 1025 involvantur
569 968 761 1040 magis
809 983 1022 1024 sensus
1072 984 1251 1039 quam
1293 973 1677 1040 exponentur.
1713 969 1820 1024 Re-

174 1075 347 1133 gnum
415 1056 716 1128 cmlorum,
803 1057 1136 1130 praedicatio
1209 1057 1502 1130 Evangelii
1581 1063 1689 1130 est,
1768 1063 1825 1114 et

173 1147 371 1204 notitia
413 1145 850 1219 Scripturarum
900 1164 1028 1219 quae
1087 1146 1251 1203 ducit
1300 1148 1371 1202 ad
1403 1148 1581 1203 vitam
1617 1164 1631 1202 :
1665 1151 1722 1203 et
1751 1148 1824 1203 de

172 1253 280 1310 qua
305 1236 524 1293 dicitur
554 1237 627 1292 ad
670 1237 907 1292 Judsaos
969 1253 980 1292 :
1024 1237 1326 1296 Auteretur
1353 1255 1386 1293 a
1417 1239 1565 1294 vobis
1592 1253 1824 1309 regnum

169 1329 277 1394 Dei,
323 1330 374 1382 et
423 1325 647 1382 dabitur
693 1329 844 1398 genti
888 1327 1128 1401 facienti
1182 1323 1402 1400 fructus
1447 1330 1566 1399 ejus
1596 1328 1819 1398 (Matth.

168 1431 274 1488 xm,
333 1416 446 1488 43).
495 1415 697 1471 Simile
766 1419 856 1471 est
903 1430 1040 1488 ergo
1106 1415 1516 1486 hujuscemodi
1577 1433 1821 1489 regnum

170 1519 341 1579 grano
373 1505 620 1577 sinapis,
654 1505 812 1576 quod
844 1504 1137 1575 accipiens
1178 1505 1353 1560 homo
1413 1505 1725 1561 seminavit
1761 1505 1820 1560 in

171 1611 300 1668 agro
353 1611 483 1651 suo.
516 1595 701 1651 Homo
759 1593 859 1667 qui
911 1594 1168 1650 seminat
1215 1595 1273 1649 in
1306 1611 1445 1667 agro
1478 1612 1606 1664 suo,
1641 1612 1674 1650 a
1702 1594 1822 1667 ple-

173 1684 360 1757 risque
391 1682 656 1740 Salvator
703 1679 1076 1755 intelligitur,
1127 1685 1282 1756 quod
1334 1684 1392 1738 in
1443 1684 1660 1740 animis
1707 1701 1824 1739 cre-

173 1772 432 1829 dentium
464 1771 737 1829 seminet.
767 1772 854 1827 Ab
884 1771 1036 1839 aliis,
1069 1772 1195 1844 ipse
1225 1772 1402 1828 homo
1433 1774 1736 1828 seminans
1761 1773 1821 1827 in

172 1878 302 1934 agro
331 1879 462 1933 suo,
500 1861 609 1917 hoc
639 1865 748 1929 est,
782 1860 842 1916 in
873 1861 1189 1933 semetipso
1248 1866 1306 1918 et
1367 1863 1426 1916 in
1457 1863 1630 1917 corde
1691 1879 1818 1917 suo.

171 1951 300 2015 Quis
328 1956 420 2008 est
451 1951 561 2007 iste
593 1952 696 2023 qui
745 1949 1024 2018 seminat,
1074 1950 1188 2006 nisi
1235 1967 1443 2007 sensus
1495 1957 1712 2021 noster,
1764 1955 1823 2006 et

1931 700 2075 755 dicit
2132 704 2532 770 comparatam
2583 698 2902 752 maximam
2940 696 3188 768 judicet.
3229 694 3377 760 Quid
3423 695 3579 750 enim

1931 788 2119 844 dicit?
2149 788 2209 844 Si
2237 790 2473 844 habuero
2499 792 2670 844 totum
2703 787 2863 843 fidem
2890 788 2930 853 ³,
2965 787 3046 840 ita
3075 789 3136 840 ut
3163 791 3367 839 montes
3399 787 3585 838 trans-

1930 883 2109 952 feram
2141 898 2158 933 :
2189 878 2521 934 charitatem
2571 880 2750 933 autem
2793 891 2903 932 non
2950 876 3208 940 habeam,
3262 871 3407 927 nihil
3443 871 3587 926 mihi

1927 970 2146 1042 prodest
2176 969 2223 1040 (Ι
2252 969 2373 1024 Cor.
2422 985 2548 1034 xm,
2580 971 2657 1036 2).
2706 968 2854 1037 Ergo
2905 965 3061 1035 quod
3108 962 3394 1018 Dominus
3442 959 3588 1016 dixit

1934 1060 2046 1115 ﬁde
2094 1059 2242 1126 ﬁeri,
2301 1075 2427 1130 quis
2493 1074 2675 1129 grano
2738 1055 2962 1126 sinapis
3013 1056 3404 1124 comparetur,
3473 1050 3583 1106 hoc

1934 1147 2248 1222 Apostolus
2270 1148 2437 1203 docet
2462 1151 2582 1202 tota
2612 1147 2724 1202 fide
2756 1161 2926 1218 posse
2959 1143 3104 1198 ﬁeri.

2004 1237 2189 1309 (Vers.
2241 1236 2355 1308 33.)
2407 1257 2435 1286 ‹‹
2485 1234 2674 1291 Aliam
2727 1233 3065 1307 parabolam
3118 1233 3350 1288 locutus
3379 1233 3470 1286 est
3500 1228 3584 1284 eis

1930 1326 2131 1381 Simile
2159 1330 2248 1382 est
2278 1342 2524 1398 regnum
2557 1324 2830 1380 caelorum
2879 1325 3188 1393 fermento,
3230 1320 3386 1393 quod
3421 1334 3584 1375 acce-

1931 1419 2098 1488 ptum
2155 1414 2368 1470 mulier
2427 1414 2738 1470 abscondit
2794 1413 2853 1467 in
2904 1412 3101 1468 farinae
3169 1411 3312 1467 satis
3367 1409 3581 1476 tribus,

1931 1504 2114 1558 donec
2140 1504 2555 1559 fermentatum
2586 1507 2674 1558 est
2704 1506 2915 1558 totum.
2954 1525 2974 1550 ι»
3040 1500 3312 1555 Diversus
3360 1502 3449 1554 est
3481 1497 3582 1552 ho-

1933 1593 2160 1648 minum
2193 1591 2536 1649 stomachus
2569 1609 2582 1646 :
2622 1591 2720 1647 alii
2753 1590 2991 1659 amaris,
3025 1587 3122 1644 alii
3154 1588 3449 1654 dulcibus,
3483 1586 3583 1642 alii

1931 1682 2038 1753 [Αι.
2092 1681 2221 1737 hi...
2270 1681 2380 1753 illi]
2444 1680 2801 1748 austeribus,
2867 1679 2965 1735 alii
3013 1677 3246 1734 lenibus
3289 1675 3581 1731 delectan-

1931 1775 2028 1826 tur
2058 1771 2226 1826 cibis.
2259 1771 2541 1843 Proponit
2571 1771 2769 1841 itaque
2820 1767 3122 1835 Dominus,
3159 1771 3223 1821 ut
3252 1765 3370 1836 iam
3403 1779 3584 1835 supra

1931 1859 2206 1930 diximus,
2257 1861 2519 1916 diversas
2565 1857 2900 1932 parobolas,
2950 1862 3015 1912 ut
3057 1858 3228 1928 juxta
3271 1851 3582 1909 vulnerum

1929 1950 2242 2006 varietates
2306 1955 2363 2007 et
2419 1949 2711 2006 medicina
2764 1949 2996 2004 diversa
3045 1947 3140 2002 sit.
3190 1944 3401 2000 Mulier
3446 1942 3580 2007 ista,

170 2040 418 2109 animus,
450 2041 551 2112 qui
600 2039 927 2112 suscipiens
979 2057 1230 2112 granum
1277 2040 1728 2113 praedicationis,
1757 2045 1816 2096 et
1850 2032 1897 2057 ”
1926 2057 2052 2113 quae
2083 2041 2436 2096 fermentum
2470 2039 2713 2111 accepit,
2745 2044 2802 2094 et
2833 2036 3144 2093 abscondit
3174 2034 3319 2090 illud
3351 2032 3411 2088 in
3444 2032 3580 2088 fari-

169 2129 355 2186 fovens
413 2134 740 2185 sementem
799 2129 1046 2185 humore
1081 2130 1237 2196 ﬁdei,
1300 2130 1438 2185 facit
1469 2131 1526 2184 in
1558 2147 1696 2203 agro
1723 2128 1816 2185 sui
1925 2146 2012 2185 nae
2044 2130 2191 2186 satis
2236 2130 2448 2199 tribus,
2499 2130 2682 2184 donec
2731 2129 3186 2183 fermentaretur
3231 2129 3443 2190 totum,
3491 2122 3580 2177 vel

168 2219 408 2291 pectoris
442 2218 781 2292 pullulare?
842 2219 1185 2275 Praedicatio
1240 2219 1537 2293 Evangelii
1571 2220 1818 2275 minima
1924 2220 2255 2292 praedicatio
2306 2219 2451 2274 mihi
2496 2219 2726 2274 videtur
2773 2215 3092 2289 apostolica
3150 2213 3238 2270 vel
3294 2211 3574 2282 Ecclesia,

167 2313 250 2364 est
278 2309 555 2364 omnibus
610 2307 961 2381 disciplinis.
995 2310 1081 2363 Ad
1140 2309 1394 2381 primam
1450 2311 1667 2383 quippe
1716 2311 1816 2365 do-

170 2397 411 2454 ctrinam
445 2397 622 2453 ﬁdem
653 2413 768 2454 non
792 2397 970 2454 habet
988 2399 1578 2469 veritatis,hominem
1611 2404 1818 2463 Deum,

174 2488 349 2546 Deum
397 2495 723 2560 mortuum,
773 2493 829 2544 et
858 2488 1202 2544 scandalum
1252 2489 1442 2546 crucis
1476 2489 1818 2560 praedicans.

175 2577 375 2633 Confer
423 2577 768 2649 hujusmodi
825 2578 1154 2634 doctrinam
1202 2579 1580 2651 dogmatibus
1640 2578 1823 2652 philo-

181 2667 519 2739 sOphorum,
551 2671 610 2723 et
640 2666 804 2722 libris
848 2684 1074 2736 eorum,
1126 2667 1423 2740 splendori
1456 2668 1820 2741 eloquentiae,

180 2761 234 2812 et
277 2757 691 2830 compositioni
759 2773 1120 2829 sermonum,
1189 2763 1246 2813 et
1313 2758 1538 2815 videbis
1603 2762 1825 2830 quanto

182 2849 366 2903 minor
414 2847 494 2903 sit
540 2847 762 2903 caeteris
811 2847 1136 2904 seminibus
1175 2848 1459 2904 sementis
1506 2847 1824 2920 Evangelii.

179 2934 281 2992 Sed
313 2936 416 2992 illa
445 2952 581 2992 cum
613 2936 874 3004 creverit,
909 2935 1057 2992 nihil
1081 2938 1342 3004 mordax,
1378 2937 1825 3002 nihilvividum,

180 3025 318 3080 nihil
349 3025 526 3082 vitale
556 3026 942 3091 demonstrat,
977 3027 1296 3083 sedtotum
1327 3027 1640 3084 ﬂaccidum
1671 3044 1827 3082 mar-

191 3115 502 3188 cidumque
561 3120 617 3171 et
639 3116 954 3172 molitum‘
1012 3116 1230 3172 ebullit
1298 3118 1357 3172 in
1407 3117 1583 3185 olera,
1646 3123 1703 3172 et
1765 3117 1826 3172 in

180 3202 404 3274 herbas,
427 3222 556 3278 quae
577 3206 693 3261 cito
725 3211 1020 3275 arescunt,
1053 3211 1111 3261 et
1138 3212 1438 3262 corruunt.
1473 3208 1603 3262 Haec
1629 3211 1827 3262 autem

179 3295 530 3366 praedicatio,
563 3311 690 3368 quae
725 3313 903 3367 parva
930 3297 1033 3352 93
1081 3297 1391 3352 videbatur
1427 3297 1486 3352 in
1520 3297 1826 3369 principio,

181 3397 311 3439 cum
341 3384 432 3439 vel
465 3385 523 3439 in
581 3386 782 3440 anima
830 3385 1147 3454 credentis,
1197 3386 1286 3441 vel
1329 3386 1387 3440 in
1443 3391 1564 3442 toto
1613 3387 1832 3442 mundo

187 3477 307 3529 sata
327 3474 530 3538 fuerit,
563 3490 680 3528 non
712 3473 975 3545 exsurgit
1028 3474 1089 3528 in
1149 3475 1324 3544 olera,
1387 3477 1487 3530 sed
1532 3477 1742 3531 crescit
1771 3476 1830 3530 in

183 3563 449 3619 arborem
487 3579 499 3616 :
535 3563 618 3617 ita
650 3568 715 3617 ut
745 3561 1010 3618 volucres
1061 3561 1188 3618 caeli
1241 3565 1412 3635 (quas
1462 3564 1550 3619 vel
1607 3565 1834 3621 animas

180 3653 562 3723 credentium,
595 3651 684 3707 vel
728 3652 1106 3707 fortitudines
1163 3652 1265 3708 Dei
1325 3653 1559 3709 servitio
1617 3655 1836 3709 manci-

179 3745 363 3813 patus,
415 3740 632 3798 sentire
691 3741 998 3813 debemus)
1045 3742 1282 3797 veniant
1339 3746 1396 3797 et
1453 3743 1723 3800 habitent
1771 3743 1830 3799 in

179 3830 355 3886 ramis
385 3830 537 3902 ejus.
581 3831 800 3886 Ramos
831 3835 973 3901 puto
1011 3830 1357 3902 evangelicae
1405 3833 1651 3902 arboris,
1705 3849 1832 3904 quae

179 3918 246 3974 de
274 3936 456 3992 grano
487 3919 713 3992 sinapis
751 3919 1014 3987 creverit,
1047 3920 1389 3993 dogmatum
1429 3938 1559 3978 esse
1588 3922 1831 3978 diversi-

179 4012 344 4076 tates,
377 4010 437 4065 in
471 4009 688 4082 quibus
720 4009 1189 4082 snpradictarum
1221 4010 1525 4067 volucrum
1558 4029 1834 4084 unaquae-

181 4114 290 4169 que
318 4099 1034 4171 requiescit.Assumanus
1064 4101 1120 4155 et
1151 4116 1257 4156 nos
1287 4117 1511 4172 pennas
1543 4101 1830 4157 columbae

181 4188 343 4257 (Psat.
379 4205 493 4253 LIV,
521 4189 603 4255 7),
667 4192 732 4242 ut
786 4188 1095 4245 volitantes
1148 4189 1220 4244 ad
1252 4189 1483 4257 altiora,
1532 4191 1832 4263 possimus

182 4274 444 4333 habitare
475 4277 532 4331 in
567 4276 746 4333 ramis
777 4276 956 4349 hujus
1007 4278 1256 4344 arboris,
1289 4284 1346 4335 et
1392 4279 1628 4336 nidulos
1659 4281 1831 4337 nobis

184 4363 364 4423 facere
396 4366 822 4436 doctrinarum,
873 4373 1219 4439 terrenaque
1274 4369 1581 4442 fugientes,
1612 4371 1683 4426 ad
1717 4387 1831 4426 cce-

183 4456 347 4512 lestia
375 4456 680 4514 festinare.
717 4456 886 4512 Multi
911 4457 1168 4530 legentes
1197 4474 1447 4530 granum
1471 4460 1694 4531 sinapis
1726 4461 1834 4514 mi-

183 4543 405 4603 nimum
465 4546 744 4603 omnibus
795 4547 1142 4618 seminibus,
1202 4552 1261 4604 et
1317 4547 1464 4604 illud
1524 4550 1679 4620 quod
1768 4549 1829 4604 in

187 4635 490 4708 Evangelia
523 4653 559 4694 a
609 4635 918 4708 discipulis
974 4637 1194 4692 dicitur
1245 4655 1257 4692 :
1321 4639 1574 4706 Domine,
1621 4639 1832 4710 adauge

1926 2325 2058 2380 quas
2104 2311 2173 2364 de
2221 2309 2467 2365 diversis
2527 2308 2802 2380 gentibus
2860 2309 3210 2378 congregata
3270 2307 3377 2359 est.
3448 2302 3578 2356 Haec

1925 2397 2078 2454 tollit
2107 2400 2483 2465 fermentum,
2501 2397 2769 2454 notitiam
2791 2397 3014 2453 scilicet
3043 2400 3100 2451 et
3127 2391 3576 2465 intelligentiam

1929 2487 2386 2560 Scripturarum,
2437 2492 2494 2543 et
2536 2487 2844 2544 abscondit
2891 2485 3037 2541 illud
3090 2485 3148 2539 in
3203 2484 3402 2539 farinae
3434 2480 3578 2538 satis

1930 2579 2142 2646 tribus,
2203 2582 2268 2633 ut
2318 2578 2580 2650 spiritus,
2641 2577 2857 2646 anima,
2909 2581 2966 2631 et
3022 2591 3233 2645 corpus
3286 2573 3344 2628 in
3389 2587 3575 2627 unum

1933 2669 2186 2733 redacta,
2220 2685 2334 2724 non
2367 2668 2700 2740 discrepent
2731 2668 2881 2723 inter
2910 2683 3008 2733 se;
3043 2665 3144 2720 sed
3176 2680 3312 2719 cum
3344 2662 3576 2718 duobus

1932 2763 1988 2814 et
2050 2758 2241 2813 tribus
2315 2758 2710 2827 convenerint,
2787 2758 2891 2812 94
2949 2756 3265 2828 impetrent
3320 2769 3355 2808 a
3410 2752 3580 2807 Patre

1933 2849 2328 2922 quodcunque
2403 2845 2825 2918 postulaverint
2911 2847 3118 2916 (Matth.
3208 2859 3364 2909 xvm,
3469 2840 3578 2910 19).

1940 2938 2256 2995 Disseritur
2301 2938 2464 2993 locus
2512 2937 2640 3003 iste,
2691 2941 2749 2993 et
2798 2935 2983 2991 aliter.
3034 2933 3307 3006 Legimus
3355 2931 3414 2985 in
3448 2929 3581 2986 Pla-

1934 3033 2093 3094 tonc,
2125 3032 2184 3084 et
2212 3027 2718 3099 philosophorum]
2755 3028 2970 3099 dogma
3000 3025 3106 3096 [Αἱ.
3131 3020 3426 3094 dogmate]
3457 3017 3586 3073 vul-

1937 3123 2139 3191 gatum
2172 3122 2279 3183 est,
2313 3122 2435 3173 tres
2466 3133 2593 3173 esse
2622 3117 2683 3171 in
2714 3117 2975 3171 humana
3004 3114 3203 3170 anima
3257 3109 3586 3183 passiones,

1935 3206 1997 3261 τὸ
2058 3204 2282 3280 λογικὸν
2315 3208 2466 3279 quod
2489 3215 2604 3262 'nos
2690 3221 3006 3278 possumus
3062 3198 3433 3273 interpretari
3487 3213 3585 3252 ra-

1940 3299 2212 3354 tionabile
2244 3316 2262 3353 :
2291 3296 2353 3349 τὸ
2410 3295 2635 3368 θυμικὸν
2690 3295 2845 3367 quod
2899 3294 3186 3359 dicamus,
3219 3292 3441 3362 plenum
3473 3289 3596 3352 irae,

1865 3371 1908 3438 C
1945 3387 2033 3442 vel
2084 3387 2367 3442 irascibile
2395 3387 2461 3441 ’δε
2510 3385 2572 3438 τὸ
2620 3382 2946 3455 Eatenus-46v
2995 3382 3150 3453 quod
3211 3377 3597 3451 appellamus,

1941 3476 2368 3549 concupiscibite
2396 3493 2415 3530 :
2445 3481 2503 3531 et
2523 3479 2703 3550 putat
2724 3473 2818 3539 ille
2842 3470 3227 3545 philos0phus
3250 3465 3596 3523 rationabile

1942 3571 2210 3623 nostrum
2244 3567 2303 3620 in
2335 3565 2589 3634 cerebro,
2640 3563 2789 3618 iram
2847 3563 2906 3616 in
2941 3560 3092 3627 felle,
3142 3556 3499 3614 desiderium
3531 3555 3592 3609 in

1937 3656 2132 3726 jecore
2181 3652 2551 3709 commorari.
2618 3653 2683 3706 Et
2731 3668 2838 3706 nos
2899 3665 3036 3721 ergo
3085 3647 3135 3704 si
3195 3644 3596 3718 acceperimus

1943 3745 2300 3800 fermentum
2324 3742 2723 3815 evangelicum
2749 3744 3085 3796 sanctarum
3109 3733 3594 3808 Scripturarum‘,

1941 3835 2013 3890 de
2061 3850 2176 3904 quo
2234 3849 2414 3904 supra
2467 3832 2690 3887 dictum
2748 3835 2860 3899 est,
2911 3834 3028 3884 tres
3076 3827 3346 3883 humanae
3386 3824 3594 3880 animm

1943 3924 2247 3996 passiones
2295 3923 2356 3976 in
2406 3937 2592 3976 unum
2621 3921 2980 3993 redigentur,
3013 3921 3079 3972 ut
3107 3919 3166 3972 in
3197 3915 3422 3971 ratione
3454 3929 3593 3985 pos-

1943 4013 2239 4068 sideamus
2270 4010 2643 4081 prudentiam
2669 4034 2682 4076 ;
2715 4010 2774 4064 in
2806 4009 2911 4078 ira,
2947 4007 3147 4062 odium
3175 4010 3383 4062 contra
3410 4003 3590 4060 vitia:

1943 4101 2002 4157 in
2026 4101 2337 4164 desiderio,
2371 4099 2753 4171 cupiditatem
2784 4097 3069 4152 virtutum
3099 4139 3112 4162 ,
3147 4100 3206 4150 et
3236 4095 3345 4150 hoc
3397 4098 3592 4148 totum

1943 4193 2044 4246 ﬁet
2073 4206 2176 4262 per
2207 4188 2535 4244 doctrinam
2568 4186 2938 4259 evagelicam,
3001 4200 3178 4256 quam
3209 4183 3378 4238 nobis
3407 4187 3595 4237 mater

1943 4279 2203 4336 Ecclesia
2242 4278 2527 4352 prsestitit.
2560 4277 2758 4332 Dicam
2805 4280 2861 4331 et
2909 4273 3142 4330 tertiam
3195 4269 3590 4343 quorumdam

1943 4369 2416 4442 intelligentiam,
2477 4373 2544 4422 ut
2592 4365 2860 4422 curiosus
2891 4363 3102 4421 lectore
3133 4360 3403 4435 pluribus
3435 4357 3586 4430 quod

1941 4459 2248 4533 placuerit,
2278 4458 2456 4530 eligat
2510 4474 2524 4512 :
2585 4455 2888 4512 Mulierem
2949 4453 3118 4509 istam
3179 4455 3234 4507 et
3264 4449 3376 4522 ipsi
3408 4447 3593 4504 Eccle-

1943 4550 2094 4606 siam
2147 4549 2634 4620 interpretantur,
2667 4561 2794 4618 quae
2843 4544 3018 4600 ﬁdem
3079 4539 3335 4599 hominis
3393 4538 3589 4595 farinae

1940 4639 2092 4695 satis
2151 4638 2341 4693 tribus
2398 4635 2835 4692 commiscuerit
2893 4630 3225 4689 credulitati
3260 4629 3472 4694 Patris,
3529 4631 3590 4683 et

185 4725 334 4814 nobis
383 4727 544 4797 ﬁdem
594 4726 744 4799 (Luc.
802 4743 940 4798 xvu,
999 4728 1094 4799 5);
1156 4732 1214 4783 et
1245 4728 1636 4799 respondetur
1683 4729 1767 4785 eis
1799 4746 1832 4786 a
1863 4749 1909 4814 Ι)
1943 4727 2092 4796 Filii,
2128 4731 2184 4783 et
2212 4726 2466 4799 Spiritus
2497 4725 2706 4782 sancti.
2761 4725 3026 4814 Cumque
3077 4722 3137 4777 in
3195 4735 3378 4775 unum
3413 4717 3590 4814 fuerit

186 4811 472 4870 Salvatore
530 4834 543 4872 :
604 4818 780 4872 Amen
816 4817 942 4872 dico
975 4818 1159 4880 vobis,
1215 4818 1266 4872 si
1317 4817 1619 4873 habueritis
1665 4818 1831 4889 ﬁdem

186 4907 336 4972 quasi
362 4922 601 4976 granum
628 4907 860 4978 sinapis,
891 4915 945 4962 et
972 4907 1233 4963 dixeritis
1262 4909 1440 4963 monti
1468 4908 1618 4976 huic,
1649 4910 1830 4980 migra

185 4990 245 5047 de
274 4994 380 5053 Loco
411 4998 539 5063 isto,
595 4996 856 5067 migrabit
899 4998 921 5031 ²
968 4996 1127 5068 (Ibid.
1177 4999 1253 5069 6),
1287 5001 1496 5069 putant
1535 4998 1830 5069 apostolos

188 5081 268 5138 vel
298 5095 535 5156 parvam
569 5085 745 5141 ﬁdem
794 5089 1010 5159 petere,
1052 5086 1141 5141 vel
1194 5086 1475 5142 Dominus
1525 5089 1597 5143 de
1655 5103 1832 5160 parva

186 5263 268 5388 tui
302 5262 532 5321 Voculae
558 5268 611 5322 et
637 5263 929 5322 mollitum
957 5264 1017 5321 in
1047 5266 1266 5321 nostris
1305 5281 1449 5322 mss.
1483 5264 1830 5323 desideran-

252 5351 296 5388 r.

213 5350 440 5465 "iam
469 5407 650 5465 Palat.
684 5408 855 5466 codd.
890 5408 952 5464 Si
994 5409 1264 5466 haberetis
1295 5409 1458 5480 ﬁdem
1497 5411 1666 5480 quasi
1693 5427 1824 5479 gra-

189 5482 582 5563 numvsinapis,
601 5482 864 5539 diceretis
896 5484 1068 5538 monti
1087 5481 1234 5550 huic,
1258 5483 1446 5553 migra
1473 5482 1541 5538 de
1571 5484 1684 5538 loco
1701 5484 1827 5549 isto,

193 5553 240 5605 et
264 5553 544 5622 migraret.

253 5622 274 5658 ⁸
303 5624 406 5682 Pro
437 5631 630 5694 totum,
661 5624 779 5681 duo
811 5623 1058 5681 Palatini
1091 5624 1186 5682 hic
1224 5629 1290 5682 ut
1321 5628 1379 5682 et
1435 5625 1586 5681 infra
1615 5625 1832 5682 habent

193 5694 420 5754 tantum.
455 5695 748 5770 IniGraaco
772 5702 974 5770 tamen
1006 5701 1096 5754 est
1123 5702 1316 5766 πᾶσαν,
1349 5697 1410 5752 in
1467 5714 1642 5770 quem
1691 5713 1828 5754 sen-

196 5779 316 5822 sum
342 5774 399 5826 et
431 5769 677 5844 Vulgata
715 5768 894 5844 editio
922 5785 1167 5844 omnem
1223 5769 1363 5843 legit
1395 5787 1407 5826 :
1460 5768 1516 5826 et
1548 5770 1830 5844 Hierony-

201 5851 340 5912 mus,
397 5839 572 5914 quod'
608 5847 665 5901 et
715 5839 974 5898 Victorio
1042 5839 1309 5901 notatum
1377 5845 1484 5912 est,
1554 5839 1830 5900 subdit':

1940 4818 2307 4885 fermentata,
2341 4833 2457 4872 non
2524 4832 2631 4870 nos
2691 4814 2760 4870 ad
2801 4811 3092 4884 triplicem
3117 4813 3331 4882 (Deum,
3381 4808 3481 4864 sed
3513 4807 3588 4864 ad

1945 4907 2122 4963 unius
2180 4905 2502 4962 divinitatis
2534 4903 2802 4978 perducit
2844 4903 3130 4959 notitiam.
3192 4900 3412 4956 Farina:
3443 4915 3589 4970 quo-

1942 5013 2053 5069 que
2085 4996 2190 5068 (At.
2224 4996 2462 5069 quippe]
2495 4999 2620 5052 sata
2650 4994 2783 5061 tria,
2817 4994 2956 5049 dum
2985 5009 3100 5048 non
3135 4997 3222 5047 est
3252 4989 3310 5045 in
3345 4987 3598 5060 singulis

1941 5087 2172 5143 diversa
2193 5091 2422 5152 natura,
2447 5090 2504 5141 et
2535 5085 2607 5141 ad
2640 5085 2925 5140 unitatem
2960 5082 3202 5138 trahunt
3225 5075 3592 5136 substantias.

1939 5269 2078 5338 Ergo
2108 5265 2250 5338 quod
2287 5267 2550 5338 Dominus
2577 5265 2724 5320 dixit
2753 5264 2857 5338 [ide
2903 5263 3049 5338 ﬁeri,
3081 5275 3208 5333 quae
3233 5273 3406 5338 αναξρ
3432 5256 3591 5338 διξιαῖ

1937 5327 2037 5412 ρίέ
2071 5327 2440 5410 comparatur,
2500 5337 2597 5394 hoc
2627 5327 2911 5409 .-lpostotus
2963 5327 3110 5391 docet
3165 5327 3280 5389 tota
3333 5327 3437 5398 ﬁde
3465 5327 3591 5396 ﬁeri

1939 5427 2153 5537 poiseln
2210 5480 2506 5554 plerisque
2555 5497 2698 5554 mss.
2760 5479 2822 5554 τὸ
2885 5474 3193 5554 λογιςτικόν
3255 5469 3414 5554 ιιμοίέε
3459 5472 3586 5552 ,δίου
3681 5513 3685 5518 τ

1941 5553 2167 5610 Rhabb.
2210 5541 2572 5624 rationabile,
2631 5550 2693 5605 τὸ
2753 5541 3101 5625 iapyga—dae“
3131 5541 3301 5625 ‘quod
3354 5541 3590 5625 dicimus

1937 5628 2166 5699 plenum
2193 5627 2291 5681 ira?
2323 5627 2407 5682 vel
2437 5615 2719 5682 irascibile
2743 5644 2754 5693 ;
2777 5615 2842 5676 es;
2869 5615 3206 5687 ἓπιποθικὸεὰ,
3238 5615 3380 5689 quod
3405 5621 3593 5687 appet-

1943 5703 2320 5836 ίαῗῖῗῖᾗὲὶξῗίη
2368 5772 2708 5840 fermentum
2758 5763 3049 5836 Evangelii
3103 5777 3231 5819 cum
3281 5763 3601 5820 sanctarum

1940 5843 2353 5916 Scripturarum
2382 5843 2598 5900 notitia.
