4182 6578
204 491 278 549 97
667 487 1187 550 COMMENTAR.
1236 489 1313 548 ΙΝ
1366 483 1876 549 EXANGEIJUM
1928 487 2306 546 MAT'I‘H/EI
2354 489 2499 548 LIB.
2549 490 2624 550 II.
2675 490 2845 549 CAP.
2891 490 3054 550 XIII.
3529 492 3608 556 98

206 622 373 679 hodie
402 621 572 677 noxio
624 621 972 692 depravatus
1030 625 1118 675 est
1159 621 1448 693 dogmate,
1485 636 1614 675 eras
1646 618 1846 690 resipi-
1875 634 1929 697 Α

207 717 327 768 scat
355 715 410 766 et
440 710 750 765 defendere
782 709 1022 781 incipiat
1053 710 1372 764 veritatem.
1421 709 1565 764 Illud
1618 724 1850 780 quoque

209 800 353 874 quod
386 799 690 870 sequitur:
747 797 922 853 Sinite
982 808 1212 870 utroque
1269 817 1511 854 crescere
1572 814 1736 867 usque
1783 797 1851 851 ad

207 905 424 945 messem
457 889 619 959 (vers.
654 887 765 958 30),
798 887 1028 942 videtur
1060 887 1143 942 illi
1206 894 1492 960 praecepto
1548 903 1676 942 esse
1716 901 1850 940 con-

210 977 487 1035 trarium:
523 977 742 1047 Auferte
796 977 1004 1031 malum
1055 977 1120 1032 de
1166 978 1342 1032 medio
1392 979 1628 1032 vestrum
1668 976 1849 1045 (Deut.

209 1083 328 1136 xm,
355 1067 409 1136 5)
436 1084 448 1133 ;
482 1070 538 1120 et
569 1081 942 1137 nequaquam
971 1066 1307 1122 societatem
1359 1066 1687 1120 habendam
1720 1079 1852 1118 cum

211 1155 298 1211 his
327 1154 426 1227 qui
457 1155 666 1209 fratres
696 1155 793 1208 97
832 1155 1226 1221 nominentur,
1263 1159 1319 1210 et
1350 1159 1488 1209 sunt
1517 1153 1770 1209 adulteri
1801 1156 1856 1206 et

210 1243 581 1301 fornicatores
613 1245 745 1315 (Isa.
779 1261 818 1311 ι,
843 1245 919 1314 li.)
953 1244 1013 1299 Si
1047 1245 1201 1300 enim
1234 1243 1577 1314 prohibetur
1606 1241 1858 1298 eradica-

211 1334 365 1400 tio,et
392 1349 580 1404 usque
612 1334 682 1387 ad
716 1349 969 1388 messem
1001 1332 1253 1388 tenenda
1285 1335 1373 1388 est
1407 1332 1854 1402 patientia,quo-

213 1424 376 1480 modo
391 1422 659 1494 ejiciendi
685 1425 822 1476 sunt
841 1421 976 1494 quid
988 1439 1080 1476 am
1095 1422 1166 1477 de
1180 1422 1373 1477 medio
1393 1420 1690 1476 nostrum?
1708 1422 1859 1474 Inter

213 1601 467 1674 quandiu
501 1600 684 1655 herba
737 1603 848 1666 est,
878 1603 933 1654 et
989 1599 1249 1654 nondum
1311 1598 1542 1654 culmus
1599 1597 1756 1653 venit
1785 1597 1855 1652 ad

211 1693 450 1762 spicam,
483 1689 723 1760 grandis
755 1687 1080 1743 similitudo
1130 1693 1238 1755 est,
1273 1693 1328 1743 et
1381 1689 1440 1742 in
1473 1687 1856 1742 discernendo

213 1789 306 1836 aut
327 1777 619 1845 nulla,aut
645 1794 746 1850 per
767 1777 1025 1832 difﬁcilis
1049 1778 1330 1833 distantia
1351 1778 1456 1848 (At.
1483 1776 1854 1846 substantia).

211 1870 531 1925 Prmmonet
559 1884 695 1939 ergo
727 1867 1028 1932 Dominus,
1080 1884 1152 1922 ne
1189 1867 1287 1922 ubi
1339 1867 1479 1938 quid
1513 1867 1859 1938 ambiguum

213 1963 312 2024 est,
341 1957 454 2013 cito
487 1956 837 2013 sententiam
888 1957 1294 2028 proferamus;
1349 1957 1446 2010 sed
1500 1955 1616 2011 Deo
1646 1953 1854 2026 judicii

214 2047 526 2103 terminum
559 2061 941 2116 reservemus,
977 2050 1042 2100 ut
1093 2063 1225 2100 cum
1276 2045 1482 2116 judicii
1533 2045 1658 2099 dies
1687 2060 1855 2098 vene-

213 2137 302 2204 rit,
334 2136 430 2191 ille
465 2153 578 2192 non
642 2135 1037 2207 suspicionem
1095 2133 1380 2201 criminis,
1425 2135 1524 2190 sed
1586 2134 1858 2188 manifes-

217 2231 338 2281 tum
370 2229 600 2281 reatum
641 2225 713 2280 de
744 2229 1082 2279 sanctorum
1113 2227 1262 2279 coetu
1295 2223 1506 2294 ejiciat.
1541 2223 1703 2288 Quod
1754 2239 1858 2277 au-

211 2320 322 2371 tem
350 2314 516 2385 dixit,
549 2313 902 2368 zizianorum
938 2313 1247 2368 fasciculos
1313 2313 1547 2383 ignibus
1594 2311 1743 2367 tradi
1804 2313 1860 2366 et

210 2404 466 2460 triticum
498 2403 837 2477 congregari
869 2403 926 2457 in
960 2402 1187 2468 horrea,
1221 2402 1597 2458 manifestum
1629 2406 1717 2457 est
1744 2400 1858 2455 ha:-

211 2493 414 2549 reticos
444 2509 711 2566 quosque
744 2497 800 2548 et
839 2491 1171 2564 hypocritas
1203 2491 1336 2547 fidei
1394 2491 1668 2563 gehennae
1709 2489 1858 2560 igni-

209 2581 317 2638 bus
345 2581 845 2648 concremaudos;
900 2585 1138 2636 sanctos
1196 2597 1327 2635 vero
1361 2581 1458 2652 qui
1493 2578 1863 2651 appellantur

209 2671 490 2739 triticum,
523 2670 765 2738 horreis,
810 2670 864 2725 id
917 2674 1024 2738 est,
1085 2669 1494 2725 mansionibus
1527 2668 1860 2724 coelestibus

211 2759 444 2831 suscipi.
1366 2772 1373 2778 '

278 2848 465 2920 (Vers.
500 2847 614 2918 43.)
648 2869 675 2897 ‹‹
705 2847 868 2903 Tunc
909 2847 1059 2919 justi
1120 2845 1428 2920 fulgebunt
1486 2847 1638 2902 sicut
1681 2845 1766 2900 sol
1801 2845 1860 2900 in

211 2953 386 3010 regno
417 2937 609 2993 Patris
640 2953 841 2993 eorum
873 2937 980 3009 (Al.
1022 2937 1155 3008 sui).
1192 2937 1298 3000 Qui
1341 2937 1516 2991 habet
1555 2953 1725 2990 aures
1759 2953 1862 2990 au-

211 3026 424 3094 diendi,
459 3027 679 3083 audiat.
708 3049 734 3074 »
766 3031 830 3080 In
863 3026 1132 3098 praesenti
1157 3025 1369 3080 saeculo
1397 3025 1578 3097 fulget
1610 3024 1709 3079 lux
1731 3041 1863 3079 san-

215 3120 435 3172 ctorum
471 3132 667 3172 coram
701 3115 1077 3181 hominibus;
1112 3119 1244 3186 post
1293 3115 1859 3170 consummationem

213 3210 402 3261 autem
436 3205 645 3260 mundi
676 3205 787 3276 ipsi
809 3204 960 3276 justi
1020 3204 1327 3276 fulgebunt
1373 3203 1526 3259 sicut
1565 3201 1650 3258 sol
1682 3203 1740 3257 in
1774 3219 1860 3258 re-

214 3309 322 3365 gno
354 3294 549 3350 Patris
581 3293 694 3349 sui.

211 1487 462 1568 triticum
494 1516 551 1567 et
578 1510 818 1575 zizania,
857 1487 1017 1580 quod
1068 1527 1174 1566 nos
1219 1509 1587 1582 appellamus
1639 1487 1944 1574 lolium,/

1889 2005 1936 2069 B

2032 618 2216 685 (Vers.
2254 621 2339 685 45,
2377 621 2488 692 46.)
2523 645 2549 671 ‹‹
2589 623 2804 678 lterum
2837 621 3028 677 simile
3059 626 3145 677 est
3175 639 3419 695 regnum
3453 628 3616 685 cmlo-

1963 723 2090 761 rum
2126 707 2347 764 homini
2399 709 2768 781 negotiatori,
2801 711 3082 780 quaerenti
3115 713 3296 768 bonas
3327 717 3613 787 margari-

1961 801 2070 851 tas.
2107 797 2344 853 Inventa
2375 805 2569 854 autem
2602 817 2713 854 una
2750 801 3003 869 pretiosa
3034 801 3140 872 (At.
3168 803 3614 877 pretiosissima)

1965 886 2302 957 margarita,
2336 888 2480 942 abiit
2511 893 2567 960 et
2597 887 2856 943 vendidit
2901 890 3097 944 omnia
3141 907 3267 962 qua:
3301 891 3527 960 habuit,
3559 901 3617 949 et

1964 975 2108 1029 emit
2137 992 2287 1030 eam.
2327 999 2346 1022 »
2385 976 2531 1031 Aliis
2561 978 2752 1032 verbis
2783 977 3041 1048 idipsum
3077 981 3228 1050 quod
3263 997 3442 1053 supra
3473 981 3614 1038 dici-

1965 1068 2080 1118 tur.
2117 1065 2284 1118 Bonze
2319 1066 2664 1137 margaritis,
2695 1082 2845 1138 quas
2877 1069 3086 1138 quaerit
3128 1068 3381 1141 institor,
3418 1071 3531 1126 Lex
3560 1078 3618 1127 et

1965 1152 2264 1225 Propheta:
2296 1160 2454 1209 sunt.
2489 1155 2658 1222 Audi,
2715 1157 3008 1223 Marcion;
3060 1158 3218 1225 audi,
3251 1160 3611 1218 Munichaee:

1966 1243 2128 1296 bonae
2163 1242 2493 1315 margaritas
2527 1249 2664 1298 sunt
2695 1245 2806 1299 Lex
2847 1249 2904 1300 et
2953 1245 3274 1319 Prophetas,
3307 1254 3365 1304 et
3404 1249 3615 1306 notitia

1965 1331 2191 1386 Veteris
2223 1335 2626 1387 Instrumenti.
2661 1333 2852 1389 Unum
2885 1340 3079 1389 autem
3130 1341 3218 1391 est
3256 1339 3614 1409 pretiosissi-

1969 1437 2130 1474 mum
2165 1422 2548 1492 margaritum
2572 1423 2612 1489 ²,
2665 1421 2902 1476 scientia
2949 1423 3282 1496 Salvatoris,
3325 1431 3382 1482 et
3428 1445 3618 1486 sacra-

1971 1515 2231 1563 mentum
2256 1509 2546 1581 passior.is
2565 1510 2810 1574 illius,et
2833 1514 3276 1570 resurrectionis
3308 1533 3612 1573 arcanum.

1969 1599 2129 1660 Quod
2164 1615 2295 1652 cum
2329 1599 2613 1654 invenerit
2643 1599 2817 1655 homo
2850 1602 3195 1672 negotiator,
3221 1605 3430 1661 similis
3454 1607 3616 1662 Pauli

1970 1687 2240 1759 apostoli,
2273 1688 2470 1742 omnia
2499 1688 2644 1758 legis
2683 1689 3213 1762 prophetarumque
3246 1695 3539 1766 mysteria,
3564 1703 3620 1751 et

1969 1777 2404 1832 observationes
2436 1778 2734 1848 pristinas,
2782 1779 2839 1834 in
2881 1780 3095 1849 quibus
3134 1781 3428 1855 inculpate
3458 1785 3616 1841 vixe-

1970 1869 2078 1928 rat,
2113 1865 2281 1936 quasi
2314 1871 2699 1937 purgamenta
2730 1871 3051 1924 contemnit
3083 1876 3138 1925 et
3168 1873 3620 1945 quisquilias,ut

1969 1953 2263 2009 Christum
2295 1954 2619 2009 lucrifaciat
2674 1956 2940 2029 (Philipp.
3005 1977 3081 2027 lli,
3113 1961 3191 2029 8).
3225 1961 3348 2017 Non
3391 1982 3506 2035 quo
3536 1965 3622 2020 in-

1966 2043 2156 2097 ventio
2191 2059 2346 2097 novre
2389 2044 2716 2114 margarita
2784 2048 3193 2104 condemnatio
3243 2051 3318 2105 sit
3359 2059 3616 2110 veterum

1968 2132 2419 2202 margaritarum
2449 2149 2460 2186 :
2496 2133 2595 2188 sed
2630 2149 2742 2205 quo
2775 2137 3209 2208 comparatione
3256 2142 3383 2211 ejus
3422 2145 3617 2200 omnis

1968 2218 2081 2274 alia
2110 2236 2344 2292 gemma
2370 2219 2539 2275 vilior
2568 2220 2663 2277 sit.

2041 2309 2224 2381 (Vers.
2260 2310 2467 2378 47-50.)
2498 2333 2524 2359 ‹‹
2560 2311 2775 2366 Iterum
2811 2312 3004 2370 simile
3035 2319 3124 2371 est
3153 2333 3398 2389 regnum
3444 2321 3616 2378 ccelo-

1969 2414 2099 2452 rum
2134 2414 2359 2469 sugente
2393 2398 2584 2453 missae
2619 2399 2675 2454 in
2736 2417 2915 2466 mare,
2949 2409 3008 2458 et
3064 2421 3132 2459 ex
3188 2408 3346 2461 omni
3407 2425 3618 2481 genere

1971 2487 2218 2559 piscium
2243 2488 2828 2559 congreganti.Quam
2852 2506 2986 2546 cum
3017 2491 3258 2564 impleta
3278 2502 3451 2564 esset,
3475 2500 3617 2555 edu-

1971 2581 2187 2642 centes,
2221 2581 2277 2630 et
2307 2593 2476 2631 secus
2509 2575 2675 2632 littus
2707 2579 2996 2647 sedentes,
3021 2581 3322 2656 elegerunt
3355 2587 3538 2643 bonos
3559 2589 3618 2644 in

1969 2683 2108 2720 vasa
2129 2667 2170 2732 ³,
2203 2665 2386 2720 malos
2426 2669 2619 2720 autem
2681 2667 2834 2722 foras
2891 2669 3208 2727 miserunt:
3269 2673 3352 2729 sic
3400 2675 3510 2731 erit
3560 2678 3617 2732 in

1971 2754 2477 2811 consummatione
2509 2754 2729 2821 saeculi,
2759 2756 2999 2812 exibunt
3041 2761 3253 2831 angeli,
3287 2767 3344 2817 et
3389 2781 3619 2835 separa-

1972 2846 2118 2898 bunt
2148 2844 2334 2899 malos
2363 2844 2434 2898 de
2465 2845 2654 2899 medio
2700 2847 3019 2914 justorum,
3053 2853 3109 2904 et
3157 2851 3389 2907 mittent
3427 2870 3526 2908 eos
3555 2855 3616 2910 in

1971 2934 2268 2988 caminum
2302 2933 2475 3004 ignis,
2506 2933 2586 2987 ibi
2619 2934 2730 2989 erit.
2760 2934 2928 2990 fletus
2959 2943 3015 2991 et
3045 2938 3261 2994 stridor
3289 2941 3612 2998 dentium.»

1971 3023 2212 3094 Impleto
2242 3023 2504 3078 Jeremia:
2535 3023 2829 3094 vaticinio,
2862 3025 3148 3082 dicentis:
3181 3034 3319 3084 Ecce
3347 3047 3440 3102 ego
3488 3036 3618 3088 mit-

1971 3121 2083 3168 tam
2116 3113 2185 3167 ad
2218 3129 2304 3167 vos
2331 3113 2629 3184 piscatores
2659 3115 2852 3168 multos
2884 3115 3098 3186 (Jerem.
3133 3135 3246 3188 xv1,
3279 3121 3404 3191 16):
3461 3129 3620 3193 post-

1971 3220 2150 3275 quam
2209 3202 2524 3258 audierunt
2590 3201 2792 3258 Petrus
2849 3209 2906 3259 et
2962 3206 3241 3275 Andreas,
3282 3209 3538 3268 Jacobus
3568 3221 3624 3267 et

1968 3293 2246 3359 Joannes,
2284 3291 2386 3346 filii
2415 3291 2668 3346 Zebedzei
2693 3309 2704 3347 :
2739 3292 3048 3363 Sequimini
3075 3313 3177 3366 me,
3207 3301 3260 3353 et
3285 3297 3498 3370 faciam
3527 3319 3618 3357 vos

276 3383 462 3453 (Vers.
500 3384 615 3454 44.)
645 3405 672 3432 ‹‹
704 3381 901 3437 Simile
960 3387 1045 3438 est
1105 3399 1351 3454 regnum
1405 3382 1682 3439 ccelorum
1726 3381 1858 3436 the-
1891 3377 1933 3444 C
1971 3385 2262 3453 piscatores
2299 3382 2592 3435 hominum
2652 3380 2858 3452 (Matth.
2911 3401 2987 3451 iv,
3039 3386 3146 3456 19),
3196 3393 3620 3445 contexuerunt

213 3488 380 3528 sauro
413 3471 760 3527 abscondito
791 3471 849 3525 in
883 3487 1048 3542 agro,
1079 3487 1252 3543 quem
1289 3472 1389 3542 qui
1438 3471 1658 3526 invenit
1688 3471 1862 3526 homo

212 3561 553 3617 abscondit:
599 3563 656 3614 et
712 3577 824 3630 prae
875 3559 1087 3631 gaudio
1135 3558 1296 3614 illius
1345 3559 1522 3625 vadit,
1574 3565 1631 3614 et
1668 3559 1865 3614 vendit

212 3651 484 3706 universa
514 3667 640 3721 qua:
669 3648 864 3715 habet,
887 3653 944 3704 et
1000 3649 1143 3703 emit
1195 3665 1398 3719 agrum
1449 3647 1635 3703 illum.
1673 3669 1699 3696 ››
1731 3652 1863 3703 Cre-

212 3738 328 3795 bris
358 3739 774 3812 parabolarum
798 3738 1256 3794 obscuritatibus
1281 3738 1580 3805 retardati,
1603 3754 1864 3794 comma-

211 3829 381 3884 ticam
404 3828 946 3900 interpretationem
969 3827 1326 3895 excedimus,
1347 3833 1412 3882 ut
1440 3845 1616 3900 prope
1643 3829 1713 3882 de
1750 3827 1862 3884 alio

213 3915 709 3990 interpretationis
725 3933 934 3989 genere
957 3917 1027 3971 ad
1053 3915 1211 3970 aliud
1234 3918 1517 3971 transisse
1539 3917 1862 3984 videamur,

203 4005 546 4062 Thesaurus
568 4006 680 4062 iste
711 4007 767 4061 in
809 4023 924 4077 quo
965 4010 1104 4060 sunt
1125 4022 1328 4061 omnes
1349 4005 1610 4060 thesauri
1634 4006 1862 4078 sapien-

213 4093 299 4149 tia:
329 4101 386 4152 et
415 4096 672 4152 scientia:
703 4095 1029 4151 absconditi
1074 4095 1295 4166 ((101055.
1334 4112 1394 4158 ιι,
1443 4096 1522 4166 3),
1565 4099 1667 4149 aut
1716 4101 1863 4150 Deus

211 4181 463 4240 Verbum
497 4188 606 4252 est,
639 4184 736 4256 qui
768 4184 826 4239 in
858 4201 1030 4240 carne
1073 4184 1284 4238 Christi
1341 4185 1570 4238 videtur
1626 4185 1864 4239 abscon-

213 4272 363 4330 ditus
396 4275 622 4346 (Coloss.
657 4274 740 4342 ιι),
776 4280 873 4328 aut
903 4278 1116 4329 sanctae
1175 4273 1510 4345 Scriptura},
1545 4275 1603 4328 in
1646 4275 1861 4345 quibus

214 4363 466 4434 reposita
491 4367 579 4418 est
611 4363 816 4418 notitia
845 4363 1163 4418 Salvatoris
1190 4378 1200 4417 :
1249 4379 1422 4433 quem
1473 4379 1606 4416 cum
1639 4364 1772 4434 quis
1804 4363 1861 4418 in

212 4451 292 4507 eis
323 4452 631 4521 invenerit,
663 4452 836 4507 debet
892 4452 1091 4507 omnia
1150 4452 1320 4507 istius
1381 4453 1584 4506 mundi
1645 4451 1864 4507 emolu-

212 4546 404 4596 menta
433 4546 825 4612 contemnere,
860 4546 925 4596 ut
975 4540 1142 4596 illum
1198 4540 1386 4612 possit
1435 4541 1645 4595 habere
1686 4558 1859 4612 quem

213 4630 439 4701 reperit.
475 4631 638 4697 Quod
669 4637 863 4686 autem
893 4629 1160 4701 sequitur
1186 4646 1198 4686 :
1233 4631 1403 4697 Quem
1433 4646 1556 4684 cum
1588 4633 1862 4686 invenerit

528 4719 849 4816 (abscondit:
881 4719 1110 4816 idcirco
1128 4719 1362 4816 dicitur,
1411 4735 1527 4774 non
1565 4721 1719 4790 quod
1753 4719 1860 4776 hoc
1891 4752 1937 4816 Β

215 4805 280 4861 de
308 4807 528 4864 invidia
557 4809 748 4876 faciat,
805 4810 905 4864 sed
958 4809 1113 4880 quod
1158 4808 1367 4863 timore
1426 4809 1773 4876 servantis‘,
1806 4817 1861 4865 et

215 4895 458 4954 nolentis
489 4899 750 4970 perdere,
795 4899 1115 4954 abscondat
1172 4897 1230 4952 in
1283 4898 1454 4952 corde
1502 4915 1629 4966 suo,
1683 4915 1860 4971 quem

215 4983 470 5055 pristinis
503 4987 754 5060 praetulit
783 4987 1181 5043 facultatibus.
1227 4995 1234 5000 '

286 5111 298 5144 '
332 5111 456 5168 Duo
487 5129 518 5169 e
549 5113 764 5169 nostris
797 5130 939 5169 mss.
972 5130 985 5169 :
1029 5113 1132 5167 Sed
1187 5112 1324 5182 quod
1375 5129 1524 5167 more
1565 5119 1858 5172 servantis.

217 5183 488 5262 caeterum
522 5185 1082 5262 proximasuperior
1111 5188 1230 5262 tota
1260 5184 1540 5262 expositio
1571 5201 1638 5239 ex
1667 5187 1862 5258 Orige-

219 5256 758 5327 nisACommentario
791 5257 849 5312 in
893 5256 1065 5312 hunc
1120 5256 1310 5310 locum
1371 5257 1682 5327 desumpta
1729 5256 1857 5316 est:

219 5345 244 5372 ‹‹
275 5324 516 5382 Videtur
548 5328 687 5382 mihi
720 5331 1044 5384 secundum
1079 5329 1200 5382 haec
1249 5344 1386 5399 ager
1434 5329 1530 5400 ille
1561 5324 1861 5400 Scriptura

219 5412 355 5472 esse,
389 5399 618 5472 consita
639 5401 709 5455 iis
729 5419 856 5472 quas
881 5401 1192 5472 perSpicua
1213 5407 1351 5472 sunt
1383 5399 1436 5452 in
1465 5399 1718 5472 bistorize
1742 5420 1862 5456 ver-

220 5466 301 5543 bis
331 5466 388 5543 et
416 5471 564 5543 legis
587 5475 641 5526 et
660 5466 1098 5543 prophetarum,
1141 5476 1198 5526 et
1248 5470 1856 5543 reliquiissententiis.

219 5537 455 5615 Copiosa
471 5537 689 5615 quippe
711 5537 943 5600 et'varia
967 5537 1111 5599 ratio
1125 5547 1214 5597 est
1229 5537 1724 5614 totiu'sScripturre
1745 5563 1862 5601 ver-

222 5608 438 5687 borum.
463 5608 692 5670 The-san
704 5633 802 5670 rus
823 5623 1015 5671 autem
1039 5616 1096 5670 in
1122 5631 1259 5687 agro
1276 5608 1651 5687 absconditus
1674 5618 1861 5672 occulo

223 5681 432 5768 tiOsunt,
456 5692 516 5768 et
544 5688 656 5768 sub
681 5687 1006 5768 perspicuis
1034 5681 1226 5768 verbis
1249 5686 1508 5768 abstrusi.
1534 5704 1743 5746 sensus
1775 5707 1859 5745 sa-

223 5755 439 5832 pientia;
467 5755 955 5832 delitescentisiu
987 5759 1261 5832 mysterio
1293 5764 1350 5814 et
1379 5759 1625 5832 Christo.

285 5826 308 5866 ²
331 5831 461 5890 Hac
492 5846 724 5910 quoque
756 5848 826 5889 ex
854 5826 1102 5904 Origene
1140 5830 1528 5905 Hieronymus
1570 5830 1750 5892 ferme
1788 5835 1859 5893 de

1971 3471 2082 3527 sibi
2114 3487 2182 3526 ex
2209 3469 2399 3525 Veteri
2431 3475 2488 3524 et
2516 3469 2670 3525 Novo
2721 3471 3095 3528 Testamento
3144 3491 3421 3547 sagenam
3451 3494 3618 3534 evan-

1970 3560 2287 3632 gelicorum
2320 3559 2664 3629 dogmatum
2687 3558 2745 3624 ⁴;
2781 3563 2837 3613 et
2869 3559 3153 3616 miserunt
3181 3579 3310 3618 eam
3363 3563 3423 3619 in
3456 3582 3618 3620 mare

1971 3649 2141 3720 hujus
2173 3646 2365 3703 szeculi
2392 3665 2403 3719 ;_
2434 3664 2559 3718 quae
2593 3663 2780 3718 usque
2807 3648 2978 3703 hodie
3009 3651 3068 3704 in
3103 3651 3311 3707 mediis
3345 3654 3620 3711 fluctibus

1970 3739 2250 3803 tenditur,
2291 3737 2527 3808 capiens
2577 3737 2648 3791 de
2697 3736 2870 3792 salsis
2922 3742 2978 3792 et
3023 3741 3240 3795 amaris
3290 3743 3622 3816 gurgitibus

1973 3827 2257 3900 quidquid
2291 3826 2581 3892 inciderit,
2642 3826 2698 3880 id
2757 3833 2868 3894 est,
2899 3833 2957 3882 et
3014 3828 3198 3885 bonos
3256 3830 3525 3888 homines
3566 3839 3623 3889 et

1972 3916 2181 3981 malos,
2215 3920 2271 3971 et
2298 3915 2398 3969 99
2432 3915 2684 3986 optimos
2715 3916 2902 3986 pisces
2933 3922 2991 3972 et
3022 3919 3324 3989 pessimos.
3349 3925 3490 3976 Cum
3523 3939 3621 3978 au-

1971 4011 2088 4061 tem
2120 4006 2338 4060 venerit
2382 4004 2811 4059 consummatio
2860 4010 2918 4060 et
2964 4007 3100 4062 finis
3139 4010 3368 4075 mundi,
3401 4017 3466 4065 ut
3495 4011 3619 4082 ipse

1973 4097 2122 4150 intra
2152 4092 2518 4148 manifestius
2548 4091 2800 4161 disserit,
2836 4097 2974 4148 tunc
3015 4111 3232 4167 sagena
3287 4099 3622 4155 extrahetur

1971 4186 2041 4240 ad
2078 4185 2277 4248 littus;
2311 4189 2450 4236 tunc
2480 4197 2680 4235 verum
2709 4183 3200 4239 secernendarum
3233 4185 3483 4256 piscium
3523 4192 3622 4257 juo

1972 4274 2190 4330 dicium
2223 4273 2328 4342 [AL
2363 4269 2622 4342 signum]
2675 4270 3199 4342 demonstrabitur,
3261 4279 3316 4329 et
3364 4276 3532 4346 quasi
3562 4277 3622 4331 in

1971 4364 2226 4434 quodam
2258 4360 2626 4433 quietissime
2662 4364 2853 4432 portu,
2885 4361 3021 4416 boni
3064 4363 3370 4418 mittentur
3401 4364 3460 4419 in
3489 4381 3628 4421 vasa

1970 4452 2295 4509 ccelestium
2327 4449 2739 4505 mansionum:
2777 4449 2964 4506 malos
2995 4457 3190 4507 autem
3232 4455 3538 4510 terrendos
3569 4459 3627 4512 et

1971 4541 2346 4598 exsiccandos
2376 4539 2654 4610 gehennae
2687 4529 2920 4594 flamma
2951 4541 3252 4612 suscipiet.

2041 4632 2221 4702 (Vers.
2256 4631 2369 4696 51.)
2403 4651 2428 4677 <<
2465 4627 2839 4684 Intellexistis
2871 4629 2990 4684 haec
3021 4632 3258 4687 omnia?
3288 4632 3500 4689 Dicunt
3528 4636 3576 4690 ci
3606 4653 3619 4702 ;

1969 4721 2178 4776 Etiam.
2211 4719 2310 4774 Ait
2340 4717 2477 4773 illis.
2512 4739 2538 4768 »
2574 4719 2658 4771 Ad
2692 4718 2984 4790 apostolos
3014 4721 3245 4792 proprie
3283 4739 3476 4780 sermo
3498 4731 3619 4792 est;

1971 4816 2028 4865 et
2054 4808 2170 4863 illis
2203 4807 2452 4872 dicitur;
2499 4805 3012 4863 Intellexistis'hazc
3052 4809 3288 4863 omnia?
3315 4812 3469 4876 Quos
3501 4829 3614 4866 non

1968 4898 2098 4955 vult
2127 4897 2328 4952 audire
2358 4900 2588 4950 tantum
2622 4900 2686 4949 ut
2714 4894 3018 4967 populum,
3047 4898 3148 4952 sed
3192 4898 3516 4972 intelligere
3557 4908 3624 4958 ut

1972 4987 2286 5061 magistros
2317 4984 2561 5040 futuros.
3139 5006 3146 5014 -

1971 5111 2226 5183 scripsit,
2260 5128 2386 5182 quae
2421 5108 2617 5183 Latine
2647 5108 2788 5183 satis
2819 5110 2899 5165 sit
2948 5111 3261 5168 recitasse:
3327 5137 3353 5164 «
3406 5113 3509 5168 Illa
3538 5117 3621 5168 est

1971 5181 2225 5258 pretiosa
2265 5181 2583 5258 margarita
2636 5181 2923 5248 Christus,
2973 5183 3072 5238 Dei
3120 5185 3387 5258 Verbum,
3447 5201 3616 5258 supe-

1972 5253 2109 5312 rans
2134 5255 2416 5327 pretiosas
2448 5253 2780 5324 Scripturas
2828 5259 3140 5327 etsensus
3190 5257 3355 5327 Legis
3394 5273 3460 5327 ac
3489 5253 3619 5310 Pro-

1973 5325 2305 5401 phetarum,
2338 5342 2452 5395 quo
2511 5331 2756 5395 reperto,
2810 5325 3034 5401 reliqua
3077 5325 3291 5381 omnia'
3316 5326 3487 5401 facile
3532 5341 3620 5382 ca-

1971 5396 2283 5473 piantur,»
2318 5404 2376 5452 et
2405 5401 2628 5473 cietera,
2663 5414 2789 5468 quae
2811 5402 2944 5473 tute
2975 5399 3099 5469 ipse
3128 5396 3510 5473 consulueris.

2040 5477 2061 5505 ³
2091 5472 2331 5526 Addunt
2361 5475 2476 5524 tres
2507 5467 2695 5522 Palat.
2721 5467 3029 5537 codd.sua,
3055 5469 3208 5540 quod
3244 5483 3347 5521 nec
3380 5467 3437 5522 in
3470 5467 3625 5524 Cra:-

1971 5561 2037 5600 co
2070 5546 2320 5598 resonat.

2042 5615 2061 5650 ⁸
2093 5612 2455 5670 Conferenda
2487 5610 2754 5683 Origenis
2811 5609 3205 5682 interpretatio
3259 5610 3439 5682 hujus
3489 5611 3620 5681 loci,

1971 5687 2063 5742 cui
2095 5693 2183 5742 est
2215 5684 2663 5755 Hieronymiana
2695 5683 2914 5755 isthaze
2939 5699 3040 5752 per
3070 5697 3248 5755 quam
3291 5683 3617 5743 simillima.

1969 5751 2694 5834 Theopbylactus'quoque
2725 5755 2881 5810 hunc
2903 5751 3103 5810 tecum
3120 5770 3191 5812 ex
3221 5753 3455 5831 Origine
3477 5760 3617 5818 arri-

1969 5830 2116 5911 puit.
