4182 6600
552 482 634 542 99

1793 475 1859 535 S.
1904 473 2220 535 EUSEBII
2265 473 2709 535 HlEliONYMl

3840 475 4023 545 100-

618 608 944 682 (Vers.52.)
975 631 1002 658 «
1034 606 1165 663 Ideo
1187 606 1378 663 omnis
1419 606 1624 664 Scriba
1652 607 1859 664 doctus
1912 606 1969 661 in
2020 620 2195 678 regno
2224 605 2279 674 Α
2309 621 2376 661 ca
2406 605 2576 679 signa
2605 605 2823 673 fecerit,
2857 621 2931 660 ne
2958 604 3194 677 penitus
3251 604 3676 664 inexcusabiles
3728 608 3969 666 ﬁerent.

544 698 827 756 caelorum
853 696 1062 753 similis
1085 702 1173 753 est
1202 695 1426 752 homini
1459 695 1887 769 patrifamilias,
1922 696 2022 766 qui
2065 711 2200 766 pro-

551 790 666 845 fort
692 789 765 843 de
792 787 1067 843 thesauro
1098 801 1204 841 suo
1237 802 1384 841 nova
1414 791 1470 841 et
1499 790 1708 842 vetera.
1744 783 2014 841 Instructi
2036 787 2203 839 erant

553 876 822 950 apostoli,
855 875 1071 931 Scriba
1100 878 1158 931 et
1187 874 1399 930 notarii
1430 874 1765 941 Salvatoris,
1797 875 1897 946 qni
1928 874 2103 929 verba
2137 870 2201 927 il-

551 966 665 1023 lius
695 969 753 1023 et
780 969 1069 1037 praecepta
1099 962 1414 1035 signabant
1442 962 1502 1018 in
1535 961 1753 1019 tabulis
1783 962 1973 1018 cordis
1994 977 2199 1017 carna-

548 1054 725 1125 libus,
758 1068 1070 1125 regnorum
1105 1050 1429 1107 caelestium
1474 1050 1879 1119 sacramentis,
1912 1054 1969 1105 et
2017 1048 2198 1121 polle-

547 1143 693 1200 bant
722 1142 933 1214 opibus
982 1139 1423 1213 patrisfamilias,
1458 1139 1753 1212 ejicientes
1809 1139 1880 1195 de
1920 1138 2198 1195 thesauro

547 1231 946 1288 doctrinarum
979 1246 1220 1286 suarum
1252 1245 1403 1285 nova
1431 1234 1486 1285 et
1512 1232 1750 1285 vetera:
1800 1232 1866 1285 ut
1908 1226 2195 1300 quidquid

547 1321 609 1377 in
640 1318 950 1392 Evangelia
1008 1318 1419 1389 praedicabant,
1478 1317 1624 1391 legis
1684 1322 1741 1374 et
1780 1316 2197 1389 prophetarum

544 1410 784 1466 vocibus
837 1408 1303 1479 comprobarent.
1366 1406 1532 1462 Unde
1596 1410 1655 1462 et
1705 1422 1924 1477 sponsa
1966 1406 2109 1460 dicit
2135 1404 2196 1461 in

543 1497 782 1555 Cantica
836 1497 1235 1564 canticorum;
1298 1500 1449 1553 Nova
1520 1499 1573 1551 et
1644 1499 1848 1560 vetera,
1913 1492 2203 1565 fratruelis

544 1603 695 1644 meus
716 1587 757 1655 ³,
789 1586 1006 1642 servavi
1033 1585 1136 1640 tibi
1167 1585 1347 1651 (Cant.
1382 1599 1481 1651 v11,
1516 1584 1628 1654 13.)

615 1674 804 1747 (Vers.
835 1674 927 1738 53,
958 1672 1075 1740 54.)
1114 1691 1135 1719 ι
1170 1672 1239 1727 Et
1265 1671 1483 1727 factum
1510 1675 1600 1727 est
1629 1687 1766 1731 cum
1796 1687 2199 1727 consummas-

546 1767 637 1820 set
660 1763 837 1820 Jesus
867 1759 1177 1833 parabolas
1207 1761 1375 1828 istas,
1407 1760 1642 1817 transiit
1670 1760 1825 1816 inde.
1859 1761 1927 1815 Et
1958 1760 2195 1816 veniens

545 1853 607 1909 in
640 1851 891 1925 patriam
919 1850 1025 1921 (Al.
1060 1853 1298 1916 terram)
1346 1866 1537 1917 suam,
1590 1850 1835 1905 docebat
1879 1862 1977 1905 eos
2016 1848 2075 1904 in
2107 1865 2196 1921 sy-

547 1957 777 2014 nagoga
832 1955 1057 2007 eorum,
1110 1938 1193 1993 ita
1248 1942 1314 1993 ut
1369 1938 1723 1994 mirarentur
1763 1942 1821 1994 et
1853 1938 2127 1993 dicerent.
2162 1958 2192 1989 ››

546 2030 683 2087 Post
711 2027 1037 2102 parabolas,
1070 2043 1218 2099 quas
1269 2025 1498 2083 locutus
1545 2031 1634 2082 est
1690 2028 1762 2082 ad
1802 2026 2105 2099 populum,
2138 2030 2195 2082 et

546 2132 693 2190 quas
723 2116 831 2174 soli
880 2115 1126 2187 apostoli
1174 2114 1531 2187 intelligunt,
1582 2116 1795 2172 transit
1834 2115 1895 2171 in
1944 2114 2191 2187 patriam

542 2223 735 2274 suam,
764 2209 830 2260 ut
855 2204 933 2259 ibi
966 2204 1225 2277 apertius
1256 2205 1477 2259 doceat.
1516 2226 1537 2255 α
1573 2204 1735 2259 Unde
1784 2204 1919 2260 huic
1959 2204 2191 2276 sapien-

535 2297 620 2353 tia
647 2295 789 2362 hzec,
813 2298 870 2351 et
897 2293 1141 2350 virtutes
1161 2294 1188 2348 ?
1211 2315 1238 2343 »
1262 2293 1408 2349 Mira
1437 2292 1687 2350 stultitia
1716 2293 2188 2359 anwrmnorum;

543 2385 833 2442 mirantur
863 2384 1018 2439 unde
1047 2383 1260 2439 habeat
1280 2382 1631 2454 sapientiam
1651 2382 1967 2455 Sapientia,
2000 2388 2057 2438 et
2084 2382 2194 2437 vir-

542 2477 701 2529 tutes
730 2472 971 2537 Virtus;
1005 2472 1107 2526 sed
1138 2487 1301 2528 error
1329 2471 1389 2526 in
1440 2476 1713 2543 promptu
1762 2476 1869 2541 est,
1903 2471 2059 2543 quod
2108 2471 2191 2527 fa-

544 2561 635 2617 bri
668 2560 858 2616 ﬁlium
891 2560 1285 2632 suspicantur.

616 2650 803 2723 (Vers.
825 2650 1038 2717 55-57.)
1060 2671 1087 2699 «
1113 2649 1312 2705 Nonne
1342 2648 1437 2704 hic
1468 2653 1556 2704 est
1587 2648 1733 2704 fabri
1764 2647 1966 2704 ﬁlius?
1998 2663 2192 2702 nonne

544 2745 733 2796 mater
755 2740 884 2810 ejus
914 2738 1128 2794 dicitur
1156 2738 1357 2810 Maria,
1407 2742 1464 2794 et
1512 2738 1719 2794 fratres
1765 2738 1893 2807 ejus
1937 2737 2192 2793 Jacobus

540 2834 598 2886 et
624 2828 865 2901 Joseph,
909 2832 966 2883 et
1015 2827 1239 2899 Simon,
1294 2832 1351 2883 et
1388 2827 1622 2884 Judas?
1670 2831 1729 2882 et
1776 2843 2006 2882 sorores
2062 2826 2191 2896 ejus

536 2935 731 2976 nonne
790 2934 994 2974 omnes
1041 2917 1197 2989 apud
1258 2933 1364 2973 nos
1420 2916 1606 2972 sunt?
1636 2916 1797 2971 Unde
1826 2932 1962 2987 ergo
1992 2915 2193 2972 omnia

538 3006 699 3065 ista?
729 3011 796 3060 Et
825 3005 1373 3062 scandalizabantur
1418 3004 1477 3059 in
1525 3021 1611 3060 eo.
1665 3025 1693 3054 ››
1744 3006 1916 3060 Error
1966 3004 2190 3059 Judreo-

541 3111 670 3151 rum
704 3096 866 3153 salus
899 3097 1097 3150 nostra
1118 3098 1227 3160 est,
1242 3099 1300 3149 et
1319 3092 1726 3148 hiereticorum
1757 3093 2185 3149 condemnatio.

538 3185 839 3240 Intantum
868 3182 1025 3238 enim
1058 3182 1373 3237 cernebant
1411 3180 1707 3237 hominem
1764 3180 1965 3236 Jesum
2025 3181 2187 3236 Chri-

540 3278 699 3329 stum
730 3276 795 3326 ut
823 3269 968 3327 fabri
1003 3274 1278 3342 putarent
1307 3270 1460 3329 100
1502 3269 1688 3325 ﬁlium
1716 3287 1729 3336 ;
1781 3271 1967 3326 Nonne
1997 3271 2083 3325 hic
2110 3274 2188 3327 est

2312 694 2532 764 Majora
2560 700 2754 751 autem
2790 695 2959 767 signa
2988 694 3245 767 quotidie
3270 694 3328 750 in
3378 697 3654 768 gentibus
3684 714 3788 770 per
3818 715 3972 771 apo-

2310 784 2490 839 stolos
2522 785 2679 851 facit,
2712 801 2826 840 non
2858 790 2977 841 tam
3009 784 3068 839 in
3095 783 3399 841 sanatione
3428 801 3972 859 corporum,quam

2308 872 2369 928 in
2401 873 2731 929 animarum
2763 872 2969 930 salute.

2379 961 2536 1034 (Cap.
2569 961 2711 1018 XIV.
2746 993 2812 1004 -
2843 962 3007 1019 Vers.
3101 1003 3114 1016 .
3159 963 3238 1033 2.)
3275 985 3296 1012 σ
3338 962 3402 1017 In
3435 962 3532 1019 illo
3562 967 3825 1037 tempore
3856 981 3973 1022 au-

2307 1050 2452 1105 divit
2489 1050 2742 1108 Herodes
2775 1051 3067 1107 tetrarcha
3115 1052 3332 1107 famam
3360 1051 3524 1119 Jesu,
3550 1056 3608 1108 et
3650 1054 3731 1109 ait
3760 1055 3972 1126 pueris

2315 1140 2485 1197 suis:
2540 1140 2640 1197 Hic
2680 1146 2769 1197 est
2823 1140 3079 1197 Joannes
3124 1139 3406 1211 Baptista,
3456 1140 3583 1213 ipse
3624 1143 3881 1201 surrexit
3932 1160 3972 1203 β

2307 1229 2597 1286 mortuis:
2627 1234 2684 1285 et
2712 1229 2841 1286 ideo
2883 1230 3127 1285 virtutes
3180 1234 3498 1301 operantur
3546 1231 3604 1285 in
3637 1247 3723 1287 eo.
3750 1250 3778 1282 ι
3818 1232 3968 1297 Qui-

2305 1318 2440 1374 dam
2469 1317 2999 1375 ecclesiasticorum
3054 1319 3435 1389 interpretum
3479 1335 3686 1377 causas
3724 1322 3967 1393 quaerit,

2305 1422 2486 1478 quare
2518 1407 2769 1463 Herodes
2797 1407 2911 1463 ista
2942 1407 3017 1463 sit
3047 1408 3400 1479 suspicatus,
3433 1410 3499 1463 ut
3545 1413 3709 1480 putet
3732 1424 3769 1465 a
3798 1426 3965 1468 mor-

2306 1494 2425 1551 tuis
2443 1495 2730 1551 Joannem
2764 1496 3169 1561 resurrexisse,
3206 1502 3264 1551 et
3294 1497 3421 1552 ideo
3450 1497 3699 1555 virtutes
3726 1498 3967 1571 operari

2303 1582 2364 1638 in
2395 1600 2484 1652 eo,
2503 1585 2669 1656 quasi
2702 1585 2914 1640 erroris
2944 1584 3117 1640 alieni
3150 1585 3318 1640 nobis
3349 1586 3645 1642 reddenda
3674 1586 3755 1642 sit
3785 1586 3964 1656 ratio,

2305 1678 2406 1730 aut
2439 1672 2917 1744 μετεμψυχώσεως
2949 1679 3105 1729 secta
3134 1691 3203 1731 ex
3259 1674 3352 1729 his
3401 1675 3592 1731 verbis
3622 1674 3838 1733 habeat
3863 1692 3966 1734 oc-

2305 1762 2616 1831 casionem,
2650 1780 2784 1817 cum
2815 1764 3018 1833 utique
3048 1780 3114 1818 eo
3145 1768 3407 1835 tempore
3439 1780 3553 1836 quo
3577 1763 3836 1821 Joannes
3863 1765 3970 1822 de-

2303 1851 2549 1906 collatus
2605 1857 2713 1916 est,
2774 1852 3059 1908 Dominus
3114 1852 3361 1923 triginta
3416 1858 3571 1908 esset
3625 1869 3965 1913 annorum:

2309 1938 2728 2011 μετεμψύχωσις
2757 1944 2954 1996 autem
3015 1945 3147 2011 post
3193 1940 3409 1998 multos
3452 1958 3743 1998 annorum
3774 1943 3968 2000 cimu-

2302 2042 2411 2097 los,
2444 2028 2505 2083 in
2537 2028 2763 2084 diversa
2801 2031 3043 2099 co’rpora
3070 2029 3225 2084 dicat
3257 2030 3485 2086 animas
3514 2029 3823 2088 insinuari.

2372 2116 2559 2186 (Vers.
2592 2117 2646 2183 3,
2676 2117 2753 2188 4.)
2800 2117 3058 2173 Herodes
3105 2118 3260 2172 enim
3308 2119 3500 2174 tenuit
3540 2122 3847 2190 Joannem,
3903 2124 3967 2177 et

2302 2204 2560 2278 alligavit
2589 2222 2746 2274 eum,
2779 2210 2836 2260 et
2866 2206 3061 2277 posuit
3091 2206 3150 2261 in
3182 2223 3471 2263 carcerem
3511 2212 3749 2280 propter
3776 2208 3965 2271 Hero-

2302 2295 2533 2350 diaulem
2558 2311 2796 2351 uxorem
2818 2294 3070 2367 Philippi
3092 2297 3113 2329 ³
3135 2297 3330 2352 fratris
3353 2296 3466 2353 sui.
3508 2297 3748 2355 Dicebat
3797 2300 3965 2357 enim

2304 2383 2387 2438 illi
2409 2383 2833 2439 JoanneszNon
2863 2383 3000 2439 licet
3026 2384 3130 2439 tibi
3165 2385 3377 2441 habere
3407 2402 3557 2441 eam.
3576 2408 3605 2437 »
3628 2387 3807 2444 Vetus
3828 2405 3968 2445 nar-

2303 2476 2393 2527 rat
2420 2472 2687 2539 historia,
2714 2472 3048 2544 Philippum
3068 2474 3309 2528 Herodis
3343 2474 3583 2544 majoris
3613 2474 3801 2531 ﬁlium
3823 2476 3965 2548 (sub

2301 2577 2418 2629 quo
2449 2560 2736 2617 Dominus
2769 2560 2917 2633 fugit
2972 2561 3031 2616 in
3076 2561 3728 2634 Egyptum),_fratrem
3774 2564 3965 2636 hujus

2302 2651 2568 2717 Herodis,
2601 2649 2710 2704 sub
2743 2666 2857 2720 quo
2890 2666 3100 2721 passus
3132 2656 3219 2705 est
3241 2650 3531 2717 Christus,
3553 2652 3791 2710 duxisse
3814 2670 3968 2717 uxo-

2302 2754 2423 2793 rem
2456 2738 2837 2792 Herodiadem
2870 2738 3050 2793 ﬁliam
3080 2740 3262 2793 Aretes
3290 2740 3519 2811 regis‘;
3571 2746 3771 2813 postea
3818 2759 3964 2800 vom

2301 2828 2449 2883 101
2487 2828 2797 2882 socerum5
2862 2828 3009 2898 ejus,
3066 2828 3278 2883 exortis
3335 2829 3691 2899 quibusdam
3749 2836 3965 2890 contra

2300 2932 2578 2988 generum
2611 2915 3029 2984 simultatibus,
3079 2916 3288 2972 tulisse
3336 2917 3517 2974 ﬁliam
3578 2935 3770 2988 suam,
3803 2925 3861 2977 et
3892 2921 3960 2987 in

2300 3004 2558 3060 dolorem
2592 3005 2801 3076 prioris
2835 3005 3051 3069 mariti,
3084 3006 3329 3063 Herodis
3376 3007 3598 3063 inimici
3637 3009 3767 3079 ejus
3798 3027 3961 3083 nup-

2298 3093 2395 3148 tiis
2426 3092 2751 3166 cOpulasse.
2785 3094 2924 3158 Quis
2957 3093 3032 3150 sit
3060 3099 3259 3150 autem
3294 3095 3389 3151 hic
3417 3096 3744 3169 Philippus,
3767 3114 3958 3157 evan-

2298 3181 2507 3251 gelista
2540 3188 2719 3236 Lucas
2757 3180 2987 3253 plenius
3043 3182 3246 3238 docet:
3298 3185 3452 3240 Anno
3494 3185 3958 3258 quintodeeicimo

2298 3270 2520 3340 imperii
2552 3271 2750 3324 Tiberii
2778 3272 3039 3339 Caesaris,
3062 3276 3390 3342 procurante
3417 3274 3616 3331 Pontio
3646 3276 3836 3333 Pilato
3857 3278 3960 3334 Ju-

538 3363 691 3434 fabri
718 3360 867 3431 ﬁlius
890 3363 916 3414 .9
944 3359 1176 3415 Miraris
1203 3359 1251 3415 si
1284 3363 1479 3416 errent
1507 3359 1565 3414 in
1607 3357 1904 3425 fratribus,
1937 3376 2071 3414 cum
2103 3376 2188 3417 er-
2217 3344 2260 3412 C
2299 3359 2481 3415 damni
2508 3377 2521 3426 ;
2554 3360 2825 3415 telrarcha
2876 3364 3060 3416 autem
3105 3362 3340 3419 Galileaz
3387 3362 3642 3432 Herode;
3690 3364 3956 3439 Philippo

540 3455 671 3507 rent
698 3449 758 3505 in
793 3448 1000 3521 patre?
1065 3448 1249 3504 Locus
1296 3448 1408 3504 iste
1457 3448 1689 3521 plenius
1739 3447 1797 3502 in
1848 3448 2183 3520 supradicto

535 3544 737 3598 contra
765 3538 1107 3596 Helvedium
1140 3537 1333 3594 libello
1363 3538 1659 3609 expositus
1685 3542 1794 3592 est.
1822 3560 1849 3585 ‹‹
1879 3537 1910 3592 J
1918 3553 2055 3593 esus
2084 3554 2183 3592 au-

530 3634 651 3687 tem
683 3629 830 3684 dixit
857 3628 978 3684 eis:
1011 3628 1135 3682 Non
1165 3631 1256 3682 est
1299 3625 1583 3698 propheta
1630 3627 1757 3681 sine
1796 3626 2033 3693 honore,
2066 3626 2181 3681 nisi

531 3718 593 3774 in
625 3716 813 3789 patria
837 3733 945 3772 sua
990 3720 1047 3771 ct
1092 3716 1152 3770 in
1191 3716 1364 3770 domo
1396 3731 1523 3769 sua.
1557 3736 1587 3765 ››
1620 3714 2043 3784 Propemodum
2078 3732 2180 3769 na-

529 3805 719 3863 turale
749 3808 838 3860 est
858 3804 1012 3860 cives
1044 3818 1275 3874 semper
1302 3802 1527 3857 civibus
1558 3802 1831 3857 invidere.
1867 3803 1990 3858 Non
2022 3803 2179 3857 enim

531 3893 908 3951 considerant
937 3890 1246 3965 praesentia
1290 3890 1397 3947 viri
1448 3906 1645 3962 opera,
1678 3891 1778 3946 sed
1835 3890 2060 3962 fragilis
2092 3907 2178 3945 re-

529 3984 851 4047 cordantur
876 3981 1158 4046 infantiae,
1190 3980 1359 4052 quasi
1391 3996 1506 4035 non
1537 3983 1595 4035 et
1653 3978 1764 4051 ipsi
1814 3996 1917 4051 per
1943 3980 2177 4035 eosdem

531 4076 767 4129 aetatum
797 4071 1016 4145 gradus
1048 4071 1119 4126 ad
1151 4073 1442 4125 maturam
1472 4072 1702 4124 aetatem
1732 4067 2016 4124 venerint.

600 4160 785 4234 (Vers.
815 4161 930 4233 58.)
982 4182 1010 4209 ‹‹
1058 4160 1128 4216 Et
1182 4175 1297 4214 non
1349 4157 1483 4215 fecit
1531 4157 1614 4214 ibi
1667 4157 1912 4212 virtutes
1962 4156 2178 4213 multas

528 4256 765 4324 prapter
792 4249 1262 4307 incredulitatem
1318 4263 1542 4303 eorum.
1580 4268 1607 4295 »
1659 4245 1785 4301 Non
1819 4246 1973 4317 quod
2000 4247 2175 4302 etiam

510 4340 643 4404 illis
674 4340 993 4397 incredulis
1017 4339 1205 4395 facere
1225 4353 1341 4392 non
1372 4335 1625 4407 potuerit
1650 4334 1894 4391 virtutes
1927 4334 2173 4405 multas;

529 4428 630 4483 sed
661 4429 815 4499 quod
848 4443 919 4483 ne
949 4426 1166 4482 multas
1217 4424 1436 4481 faciens
1483 4423 1748 4494 virtutes,
1795 4423 1947 4479 cives
1996 4423 2176 4480 inore

527 4514 696 4571 dulos
727 4516 1161 4572 condemnaret.
1194 4514 1385 4569 Potest
1429 4516 1625 4568 autem
1674 4516 1730 4567 et
1766 4511 1934 4567 aliter
1960 4512 2174 4569 intelli-

523 4602 603 4676 gi,
637 4605 793 4674 quod
821 4603 995 4660 Jesus
1050 4601 1408 4674 despiciatur
1458 4601 1518 4656 in
1577 4601 1749 4657 domo
1804 4608 1863 4657 et
1898 4601 1959 4656 in
1989 4602 2175 4674 patria

2293 3464 2415 3504 vero
2443 3450 2619 3519 fratre
2647 3451 2763 3520 ejus
2793 3451 3067 3505 leti-archo
3119 3452 3344 3508 [turam
3395 3456 3449 3509 et
3478 3452 3841 3511 Traconilidis
3870 3473 3960 3513 re-

2288 3540 2471 3609 gionis
2504 3541 2652 3609 (Luc.
2688 3556 2772 3606 ιιι,
2808 3539 2881 3609 1).
2922 3540 3069 3611 Ergo
3110 3540 3366 3597 Joannes
3418 3542 3674 3614 baptista
3712 3544 3813 3615 qui
3845 3561 3948 3602 ve-

2291 3633 2456 3683 nerat
2486 3629 2544 3682 in
2576 3628 2784 3699 spiritu
2818 3632 2876 3683 et
2904 3627 3115 3684 virtute
3166 3628 3298 3684 Elite
3332 3630 3483 3701 (Luc.
3518 3647 3556 3699 ι,
3592 3632 3701 3703 17),
3742 3633 3954 3695 eadem

2289 3716 2633 3772 auctoritate
2664 3733 2781 3788 qua
2808 3716 2906 3771 ille
2937 3719 3134 3773 Achab
3166 3719 3546 3791 corripuerat,
3598 3724 3656 3776 et
3707 3720 3950 3785 Jezabsl

2289 3806 2389 3875 (Ill
2416 3806 2541 3875 Reg.
2572 3822 2688 3873 xxx,
2724 3806 2932 3876 18-24),
2973 3806 3167 3879 arguit
3223 3807 3508 3864 Herodem
3557 3814 3615 3864 et
3663 3809 3945 3868 Herodia-

2290 3894 2444 3962 dem,
2478 3894 2632 3965 quod
2666 3893 2895 3950 illicitas
2926 3896 3164 3968 nuptias
3196 3896 3454 3963 fecerint,
3486 3901 3545 3954 et
3592 3915 3706 3956 non
3737 3898 3939 3968 liceat,

2289 3981 2464 4039 fratre
2492 3982 2715 4038 vivente
2744 4000 3043 4056 germano,
3080 4002 3315 4041 uxorem
3346 3985 3505 4042 illius
3533 3986 3783 4044 ducere:
3816 4006 3944 4053 ma-

2285 4070 2412 4127 lens
2444 4071 2754 4143 periclitari
2787 4074 2941 4145 apud
2974 4090 3191 4146 regem,
3243 4090 3423 4145 quam
3462 4080 3695 4148 propter
3724 4076 3945 4134 adula-

2285 4159 2504 4216 tionem
2533 4176 2661 4217 esse
2691 4160 3004 4218 immemor
3032 4168 3455 4235 praeceptorum
3487 4163 3611 4220 Dei.

2355 4248 2536 4320 (Vers.
2560 4250 2640 4320 5.)
2671 4272 2698 4299 ‹‹
2731 4250 2802 4305 Et
2830 4251 3030 4305 volens
3074 4250 3242 4307 illum
3288 4251 3570 4321 occidere,
3612 4252 3812 4309 timuit
3843 4271 3946 4327 po-

2278 4336 2521 4409 pulum:
2553 4337 2690 4407 quia
2718 4338 2871 4394 sicut
2900 4338 3245 4410 prophetam
3277 4355 3414 4396 eum
3445 4340 3789 4398 habebant.»
3826 4343 3942 4400 Se-

2287 4425 2568 4481 ditionem
2627 4427 2864 4497 quidem
2925 4428 3033 4499 (Al.
3085 4428 3322 4500 quippe)
3382 4429 3580 4501 populi
3627 4430 3945 4490 verebatur

2282 4523 2516 4587 propter
2542 4514 2852 4585 Joannem,
2886 4531 2921 4571 a
2950 4531 3064 4587 quo
3096 4515 3317 4572 sciebat
3346 4518 3550 4575 turbas
3595 4518 3655 4575 in
3684 4520 3944 4585 Jordane

2281 4603 2566 4676 plurimas
2599 4603 2956 4676 baptizatas;
2988 4606 3089 4660 sed
3120 4622 3318 4663 amore
3337 4606 3676 4663 vincebatur
3712 4610 3942 4679 uxoris,

526 4708 653 4764 sua,
686 4692 794 4750 hoc
823 4696 934 4760 est,
964 4691 1023 4747 in
1054 4689 1267 4763 papulo
1294 4690 1655 4746 Judaeorum.
1681 4690 1898 4747 Etideo
1928 4691 2008 4746 ibi
2035 4709 2174 4763 pau-
2200 4717 2249 4787 Β
2280 4693 2352 4749 ob
2378 4693 2550 4764 cujus
2582 4694 2847 4750 ardorem
2898 4693 3075 4751 etiam
3121 4694 3224 4751 Dei
3255 4699 3541 4768 praecepta
3582 4695 3940 4770 neglexerat.

599 4870 613 4903 ¹
647 4868 897 4941 Rbabh.,
931 4873 981 4925 et
1004 4868 1365 4941 pullulabatu
1392 4871 1443 4924 et

594 4941 617 4975 ²
651 4942 708 4996 [ιι
740 4940 888 4997 mss.
912 4940 1351 5012 exemplaribus
1386 4941 1722 4996 Monasterii
1753 4941 1935 4995 nostri
1969 4941 2025 4997 S.
2053 4943 2168 4997 An-

524 5012 675 5085 dreae
697 5029 867 5068 secus
890 5013 1237 5068 Avenionem
1262 5016 1317 5067 et
1338 5012 1535 5085 inuno
1558 5013 1850 5085 S.Remigi
1878 5013 2126 5084 legimus
2153 5029 2166 5067 :

521 5084 671 5140 Nova
698 5101 825 5140 cum
851 5084 1123 5140 veteribus
1167 5084 1458 5154 fratruelis
1513 5099 1685 5150 meus,
1737 5084 1847 5138 etc.
1883 5085 2067 5139 MART.
2099 5116 2168 5124 —

523 5155 717 5212 Nostri
747 5171 972 5225 omnes,
1006 5160 1063 5210 et
1092 5171 1241 5226 quos
1274 5155 1647 5210 Martianmus
1677 5154 1989 5223 consuluit,
2022 5173 2165 5213 mss.

1471 4869 1773 4938 pollebant.

422 5282 433 5295 ,
520 5228 678 5308 libri,
707 5229 855 5283 Nova
879 5243 1002 5283 eum
1032 5228 1323 5308 veteribus,
1356 5227 1648 5308 [retractis
1676 5242 1847 5308 meus,
1880 5234 1988 5308 etc.
2036 5228 2168 5283 Por-

518 5316 580 5356 ro
614 5298 1001 5368 Hieronymus
1031 5313 1099 5351 ex
1127 5297 1475 5370 Adamantio
1524 5298 1701 5366 hujus
1740 5297 1847 5353 loci
1884 5300 2165 5370 interpre-

517 5372 799 5426 tationem
831 5371 904 5426 de
937 5384 1098 5425 more
1129 5369 1428 5441 expressit.
1461 5370 1855 5426 Conferendus
1882 5369 2078 5425 autem
2109 5376 2166 5425 et

517 5441 967 5514 Chrysostomus
991 5439 1217 5514 Homilf
1264 5442 1331 5495 47
1382 5441 1439 5495 in
1479 5441 1854 5514 Matthaum,
1894 5442 2167 5513 Augusti-

520 5511 875 5593 nus'Quaest.
899 5514 975 5593 in
1020 5513 1213 5593 ipsum
1258 5511 1697 5593 evangelistam,
1729 5520 1784 5569 et
1815 5511 2063 5584 Cyrillus
2094 5514 2164 5569 de

516 5583 867 5640 Adoratione
895 5583 1196 5653 in'spiritu
1225 5589 1280 5638 et
1307 5583 1563 5639 veritate.

586 5654 610 5728 9
639 5653 862 5728 Nomen
893 5655 1148 5728 Philippi
1171 5656 1353 5728 nostri
1384 5656 1657 5728 ignorant
1684 5671 1829 5728 mss.

2284 4889 2443 4947 nisus
2494 4875 2657 4927 notat
2704 4888 2775 4928 ex
2820 4889 2936 4947 uno
2983 4873 3040 4947 S.
3103 4873 3352 4947 Remigii
3394 4874 3940 4947 codice,additque

2282 4943 2523 5016 Phetros
2553 4960 2765 5016 nomen
2797 4945 3052 5016 regionis
3099 4962 3247 5015 esse,
3277 4943 3425 5016 'quze
3469 4946 3684 5003 Arabia
3710 4943 3940 5007 Petraea

2278 5015 2516 5090 dicitur.
2544 5014 2779 5070 Interim
2806 5014 3390 5090 et'OArigenes‘tradit
3438 5023 3638 5090 contra
3685 5018 3937 5074 nonnul-

2278 5085 2386 5161 los,
2409 5087 2521 5161 qui
2555 5092 2875 5161 postquam
2895 5085 3138 5144 obiisset
3170 5087 3491 5161 Philippus,
3516 5089 3813 5158 ﬁliamque
3837 5105 3933 5146 re-

2276 5157 2571 5229 liquisset,
2600 5157 2984 5214 Herodiadcm
3033 5160 3227 5215 fratris
3275 5157 3513 5217 nitorem
3545 5157 3784 5217 duxisse
3815 5161 3932 5218 He-

2276 5228 2476 5312 rodem
2508 5228 3023 5315 volcbaqt,_maju_s
3080 5232 3261 5287 fuisse
3319 5231 3604 5315 ﬂagitium
3653 5232 3927 5315 Herodis,

2276 5302 2375 5372 qui
2408 5317 2615 5372 nempe
2646 5318 2680 5356 a
2720 5302 2894 5358 fratre
2949 5302 3274 5358 etiamnum
3333 5302 3556 5359 vivente
3612 5302 3932 5376 conjugeni

2274 5373 2633 5453 abduxisset.
2670 5373 3248 5453 (‘Joncinuntvero-S.
3287 5375 3641 5453 Hieronymo
3665 5376 3932 5453 alii_._Ba-

2275 5444 2442 5499 silius
2472 5444 2856 5500 Seleuciensis
2891 5450 3035 5500 orat.
3063 5447 3129 5499 18
3160 5445 3403 5502 Herodis
3433 5444 3566 5502 cu'm
3599 5446 3933 5506 Herodiade

2272 5516 2511 5590 nuptias
2547 5520 2797 5590 μᾳιχεῖᾳν
2828 5516 3100 5590 appellat,
3136 5532 3390 5590 eumque
3422 5517 3505 5573 ait
3550 5534 3727 5590 usum
3758 5535 3935 5590 regno

2272 5585 2520 5665 libidinis
2549 5585 3277 5665 administra'tlonferendi
3296 5585 3567 5665 'insuper
3603 5585 3930 5665 Joseph'us,

2270 5656 2372 5738 lib.
2404 5673 2563 5725 xvul,
2598 5674 2725 5730 cap.
2764 5660 2818 5728 5,
2866 5659 3332 5733 recentioresque
3377 5656 3600 5735 passim
3642 5656 3933 5738 interpre-

587 5727 611 5762 ⁴
646 5727 885 5799 Addunt
932 5723 1062 5799 duo'
1085 5723 1268 5785 Palat.
1321 5723 1499 5799 mss,
1548 5727 1842 5799 Arabum;
1902 5723 2023 5799 alii,
2056 5741 2161 5799 pro
2266 5733 2376 5784 tes.

513 5797 716 5879 Arata",
745 5795 947 5876 legunt
972 5797 1253 5878 Phethrai,
1277 5815 1458 5876 quam
1474 5795 1799 5860 lectionem
1828 5798 1886 5857 et
1921 5795 2160 5863 Martia-

2339 5800 2361 5839 ⁸
2389 5798 2640 5875 Rhabb.,
2670 5815 2911 5863 socrum.
