4182 6618
269 493 370 553 101

769 488 1289 550 COMMENTAR.
1335 489 1412 548 IN
1459 486 1978 550 EVANGELIUM
2024 487 2404 548 MATTHZEI
2450 490 2599 550 LIB.
2649 489 2726 548 II.
2776 487 2948 549 CAP.
2998 491 3156 551 XIV.

3551 493 3668 554 102

332 623 518 694 (Vers.
567 621 646 694 6.)
695 643 723 670 «
760 620 859 676 Die
888 613 1082 675 autem
1117 619 1332 677 natalis
1382 621 1624 676 Herodis
1675 618 1911 675 saltavit
1939 621 1986 685 Α
2023 618 2323 674 hominem
2354 619 2728 687 decollatum,
2751 636 3031 676 assensus
3061 621 3142 675 sit
3173 626 3235 676 ut
3264 639 3398 679 reus
3428 623 3670 695 quidam

265 712 384 770 filia
413 695 754 768 iierodiadis
774 708 835 764 in
861 709 1051 764 medio
1082 727 1094 764 :
1127 715 1186 764 et
1211 709 1431 782 placuit
1458 709 1688 768 Herodi.
1719 731 1745 757 ι)
1778 707 1913 762 Nul-

264 802 385 858 lum
407 800 589 856 alium
616 799 948 854 invenimus
969 799 1314 854 observasse
1337 799 1490 854 diem
1518 797 1732 854 natalis
1753 797 1844 853 sui
1868 798 1908 862 ί,

268 891 377 948 nisi
434 889 742 958 Herodem,
802 892 858 944 et
917 887 1274 944 Pharaonem
1325 887 1477 956 (Gen.
1538 905 1626 957 xc,
1678 887 1790 958 20),
1849 891 1914 941 ut

268 996 516 1054 quorum
565 984 689 1036 erat
735 995 840 1051 par
884 978 1180 1050 impietas,
1213 984 1368 1034 esset
1397 983 1453 1034 et
1483 994 1600 1033 una
1630 975 1913 1034 solemni-

269 1076 380 1128 tas.

337 1159 524 1231 (Vers.
571 1158 653 1228 7.)
708 1178 737 1207 «
767 1155 932 1213 Unde
973 1173 1107 1212 cum
1132 1158 1471 1228 juramento
1502 1154 1799 1229 pollicitus
1829 1158 1919 1210 est

268 1250 317 1307 ci
343 1249 483 1305 dare
508 1247 898 1320 quodcunque
929 1246 1286 1319 postulasset
1315 1246 1388 1302 ab
1419 1263 1506 1302 eo.
1539 1250 1615 1300 At
1643 1244 1746 1300 illa
1773 1260 1919 1317 prae-

269 1337 490 1395 monita
521 1355 555 1393 a
586 1341 771 1392 matre
801 1353 929 1392 sua.
965 1358 992 1385 ››
1043 1336 1161 1409 Ego
1193 1352 1308 1391 non
1340 1351 1553 1392 excuso
1606 1334 1917 1400 Herodem,

271 1429 422 1502 quod
455 1427 674 1482 invitus
704 1430 761 1482 et
791 1425 996 1482 nolens
1030 1429 1267 1498 propter
1289 1425 1695 1496 juramentum
1726 1422 1917 1478 homi-

267 1517 488 1574 cidium
523 1515 723 1572 fecerit
747 1517 796 1584 ⁵,
843 1515 942 1586 qui
976 1517 1043 1571 ad
1079 1514 1188 1569 hoc
1220 1514 1364 1570 forte
1388 1513 1633 1584 juravit,
1668 1517 1733 1567 ut
1761 1512 1920 1566 futu-

266 1625 340 1663 rze
370 1603 651 1662 occisioni
683 1603 986 1660 machinas
1038 1607 1408 1675 praepararet.
1459 1601 1734 1674 Alioquin
1767 1601 1815 1656 si
1848 1601 1920 1656 ob

259 1695 686 1768 jusjurandum
736 1693 944 1749 fecisse
993 1709 1056 1748 se
1106 1692 1266 1761 dicit,
1317 1691 1366 1747 si
1398 1690 1600 1762 patris,
1637 1691 1683 1746 si
1717 1689 1922 1745 matris

266 1783 627 1858 postulasset
673 1781 996 1848 interitum,
1050 1783 1314 1835 facturus
1369 1779 1579 1849 fuerat,
1634 1795 1706 1833 an
1759 1776 1924 1832 non?

265 1874 431 1940 Quod
461 1873 520 1927 in
553 1888 614 1928 se
645 1886 782 1944 ergo
813 1869 1230 1942 repudiaturus
1259 1868 1360 1935 [Αι.
1387 1866 1757 1941 repudiatus]
1789 1867 1922 1935 fuit,

267 1968 641 2020 contemnere
671 1959 874 2016 debuit
901 1965 960 2014 et
990 1959 1050 2014 in
1082 1957 1386 2031 propheta.

2021 707 2288 780 capitalis
2338 707 2603 764 criminis
2654 709 2711 764 in
2758 709 3016 764 convivio
3046 713 3439 777 truncaretur,
3473 729 3506 767 a
3534 730 3671 769 cen-

2022 797 2255 852 soribus
2309 796 2544 869 pulsum
2573 799 2756 865 curia,
2798 799 2952 870 quod
2985 797 3187 870 epulas
3219 800 3492 872 sanguini
3523 803 3670 858 mis-

2023 889 2228 954 cuerit,
2253 892 2307 941 et
2329 892 2596 952 mortem,
2621 887 2891 958 quamvis
2917 888 3071 943 noxii
3095 888 3373 956 hominis,
3399 889 3458 944 in
3481 889 3671 945 alteri-

2025 976 2150 1031 rius
2195 975 2435 1031 delicias
2482 975 2837 1047 praestiterit,
2881 981 2948 1031 ut
2987 976 3166 1032 libido
3199 983 3256 1032 et
3286 978 3670 1034 homicidium

2025 1065 2242 1135 pariter
2272 1067 2680 1120 miscerentur.
2706 1069 2933 1132 Quanto
2966 1064 3304 1123 sceleratior
3330 1067 3588 1124 Herodes
3618 1072 3676 1124 et

2024 1153 2306 1209 Herodias
2337 1171 2402 1209 ac
2433 1154 2644 1226 puella,
2678 1172 2802 1226 quae
2835 1154 3087 1226 saltavit,
3127 1156 3186 1211 in
3236 1157 3491 1228 pretium
3541 1175 3675 1214 san-

2026 1241 2222 1316 guinis
2248 1248 2423 1315 caput
2452 1245 2709 1314 postulat
2739 1244 3053 1317 prophetae,
3087 1250 3153 1300 ut
3180 1245 3392 1302 habeat
3421 1246 3480 1302 in
3513 1250 3674 1320 pote-

2030 1336 2178 1387 state
2210 1331 2494 1404 linguam,
2535 1349 2662 1404 quaa
2692 1332 2929 1389 illicitas
2959 1335 3194 1405 nuptias
3225 1337 3526 1406 arguebat.
3559 1340 3680 1392 Hoc

2023 1421 2195 1491 juxta
2224 1421 2477 1476 litteram
2513 1422 2730 1476 factum
2762 1423 2876 1486 sit;
2922 1439 3028 1478 nos
3059 1428 3254 1479 autem
3288 1442 3476 1496 usque
3505 1426 3678 1481 hodie

2031 1508 2326 1564 cernimus
2355 1509 2414 1564 in
2450 1509 2638 1581 capite
2665 1509 2910 1566 Joannis
2943 1511 3236 1584 prophetae
3256 1513 3490 1568 Judaeos
3519 1514 3681 1569 Chri-

2031 1603 2212 1742 Ztum,
2263 1597 2363 1670 qui
2413 1603 2589 1671 caput
2641 1599 2792 1654 108
2839 1605 2929 1654 est
2986 1601 3427 1672 prophetarum,
3486 1603 3680 1673 perdi-

2075 1703 2210 1742 isse.

2075 1703 2210 1743 1888.

2104 1776 2290 1848 (Vers.
2326 1776 2436 1848 12.)
2495 1799 2515 1825 α
2551 1777 2621 1832 Et
2649 1777 2993 1833 accedentes
3032 1777 3305 1850 discipuli
3353 1780 3502 1851 ejus,
3533 1781 3682 1838 tule—

2033 1870 2173 1921 runt
2201 1882 2413 1938 corpus
2443 1866 2598 1936 ejus,
2631 1870 2687 1921 et
2717 1865 3043 1938 spelierunt
3073 1867 3240 1923 illud.
3277 1891 3304 1919 ››
3363 1869 3554 1926 Refert
3581 1870 3684 1927 Jo-

1955 1999 2003 2064 Β
2035 1955 2255 2028 sophus
2285 1955 2342 2009 in
2376 1955 2631 2026 quodam
2651 1956 2875 2010 Arabiae
2905 1958 2926 1992 ⁶
2956 1956 3169 2029 oppido
3188 1961 3470 2014 Joannem
3497 1959 3684 2033 capite

339 2051 530 2124 (Vers.
563 2051 643 2121 8.)
698 2070 727 2098 «
761 2049 847 2104 Da
879 2047 1046 2118 mihi,
1081 2046 1293 2119 inquit,
1325 2046 1420 2101 hic
1465 2046 1526 2100 in
1561 2045 1722 2101 disco
1754 2046 1929 2116 caput
1956 2045 2003 2064 υ
2035 2049 2393 2101 truncatum.
2446 2045 2513 2099 Et
2542 2045 2697 2117 quod
2733 2046 3036 2118 sequitur:
3078 2047 3398 2105 Accedentes
3426 2049 3690 2122 discipuli

267 2140 518 2198 Joannis
547 2138 838 2210 Baptistae.
875 2160 903 2187 »
960 2137 1241 2192 Herodias
1288 2136 1505 2191 timens
1554 2151 1628 2190 ne
1672 2135 1929 2190 Herodes

273 2230 599 2303 aliquando
650 2227 1039 2300 resipisceret,
1095 2224 1181 2281 vel
1239 2224 1506 2296 Philippo
1561 2225 1712 2280 102
1766 2223 1931 2278 fratri

277 2319 513 2376 amicus
542 2317 724 2387 fieret,
757 2321 932 2387 atque
962 2315 1177 2370 illicita
1223 2314 1438 2386 nuptiae
1472 2313 1714 2385 repudio
1745 2312 1932 2368 solve-

277 2413 508 2478 rentur,
563 2409 762 2462 monet
807 2404 1012 2472 ﬁliam,
1048 2408 1113 2458 ut
1152 2403 1212 2458 in
1257 2403 1385 2474 ipso
1416 2402 1615 2458 statim
1649 2401 1932 2469 convivio,

277 2502 458 2572 caput
481 2495 730 2553 Joannis
752 2493 1007 2568 postulet
1031 2509 1042 2547 :
1078 2493 1254 2565 digno
1281 2491 1443 2564 operi
1465 2491 1816 2559 saltationis,
1841 2491 1933 2546 di-

275 2598 467 2662 gnam
500 2584 806 2658 sanguinis
838 2581 1166 2656 praemium.

347 2677 544 2748 (Vers.
577 2673 660 2745 9.)
705 2695 733 2724 «
762 2673 831 2728 Et
864 2671 1246 2728 contristatus
1280 2675 1369 2726 est
1396 2687 1515 2726 rex.
1553 2693 1574 2720 »ι
1612 2670 1934 2726 Consuetu-

274 2765 438 2821 dinis
485 2765 925 2836 Scripturarum
976 2765 1084 2833 est,
1140 2765 1207 2816 ut
1246 2759 1580 2832 opinionem
1611 2758 1935 2814 multorum

272 2855 361 2910 sic
391 2855 598 2910 narret
625 2851 962 2921 historicus,
989 2850 1280 2922 quomodo
1313 2866 1378 2905 eo
1410 2853 1673 2921 tempore
1703 2848 1776 2903 ab
1807 2863 1937 2902 om-

273 2944 458 2999 nibus
493 2942 856 2998 credebatur.
883 2939 1044 2996 Sicut
1062 2938 1280 3012 Joseph
1315 2939 1387 2994 ab
1417 2939 1546 3010 ipsa
1567 2953 1800 3010 quoque
1825 2939 1937 2990 Ma-

273 3033 366 3089 ria
416 3030 827 3104 appellabatur
875 3033 1039 3101 pater
1087 3028 1225 3084 Jesu
1276 3028 1426 3095 (Luc.
1483 3045 1544 3094 11,
1595 3028 1706 3098 48),
1756 3026 1838 3080 ita
1884 3029 1941 3080 et

275 3137 443 3177 nunc
501 3119 760 3175 Herodes
807 3117 1023 3174 dicitur
1065 3117 1470 3183 contristatus,
1504 3115 1646 3187 quia
1674 3114 1784 3170 hoc
1816 3115 1938 3169 dis-

273 3210 636 3267 cumbentes
693 3209 1000 3280 putabant.
1053 3206 1466 3262 Dissimulator
1521 3205 1677 3260 enim
1726 3203 1940 3259 mentis

273 3317 400 3356 sua
434 3299 458 3334 ³
518 3301 577 3354 et
606 3297 814 3353 artifex
842 3295 1144 3352 homicidii
1173 3297 1214 3362 ⁴,
1271 3294 1571 3350 tristitiam
1603 3294 1944 3366 praeferebat

270 3388 334 3444 in
369 3387 550 3455 facie,
585 3403 721 3442 cum
751 3384 1011 3440 laetitiam
1044 3385 1286 3440 haberet
1313 3384 1372 3438 in
1406 3389 1618 3440 mente.

346 3477 549 3546 (Vers.
581 3475 637 3541 9,
671 3474 785 3546 10.)
833 3495 862 3523 ‹‹
897 3473 1136 3544 Propter
1174 3474 1597 3544 jusjurandum
1648 3476 1842 3527 autem
1887 3475 1946 3526 et

272 3571 532 3641 propter
565 3580 665 3620 eos
697 3562 799 3634 qui
831 3562 1049 3634 pariter
1088 3562 1560 3627 discumbebant,
1584 3559 1767 3632 jussit
1794 3559 1940 3615 dari.

273 3656 594 3727 Misitque,
627 3657 685 3708 et
716 3650 1027 3707 decollavit
1054 3654 1339 3706 Joannem
1371 3650 1430 3704 in
1461 3665 1708 3705 carcere.
1742 3672 1770 3700 ››
1805 3649 1943 3704 Sce-

271 3745 370 3802 lus
403 3746 656 3801 excusat
679 3742 1041 3814 juramento,
1088 3743 1154 3794 ut
1202 3740 1312 3794 sub
1362 3739 1664 3794 occasione
1712 3739 1946 3810 pietatis

271 3835 515 3908 impius
567 3833 748 3887 fieret.
807 3832 962 3896 Quos
1011 3834 1208 3885 autem
1263 3829 1556 3899 subjecit:
1607 3830 1672 3883 Et
1723 3832 1949 3900 propter

267 3940 366 3982 eos
419 3923 526 3995 qui
568 3922 782 3993 pariter
830 3918 1259 3985 discumbebant,
1307 3917 1431 3972 vult
1473 3934 1677 3973 omnes
1708 3917 1946 3973 sceleris

271 4013 370 4068 sui
395 4027 538 4068 esse
567 4013 889 4076 consortes,
917 4014 982 4062 ut
1008 4008 1066 4063 in
1101 4007 1398 4063 luxurioso
1430 4009 1780 4080 impuroque
1810 4024 1948 4062 con-

270 4101 434 4159 vivio
469 4104 728 4156 cruentae
760 4097 942 4170 epulze
973 4098 1355 4153 deferrentur.

347 4189 556 4263 (Vers.
593 4187 704 4258 11.)
753 4208 781 4237 ‹‹
812 4187 882 4242 Et
911 4186 1156 4242 allatum
1188 4190 1277 4241 est
1309 4189 1486 4258 caput
1513 4187 1641 4257 ejus
1672 4185 1732 4240 in
1765 4186 1947 4254 disco,

270 4285 333 4338 et
366 4280 596 4336 datum
627 4281 717 4331 est
746 4275 970 4348 puellae,
1003 4281 1060 4331 et
1091 4275 1289 4331 attulit
1321 4274 1495 4330 matri
1525 4293 1665 4331 suae.
1699 4297 1727 4326 »
1780 4274 1949 4348 Legi-

270 4385 419 4426 mus
444 4369 513 4423 in
543 4365 807 4421 Romana
831 4365 1100 4431 historia,
1129 4364 1477 4420 Flaminium
1500 4366 1710 4421 ducem
1745 4365 1952 4420 Roma-

270 4476 453 4528 num,
492 4455 655 4528 quod
686 4453 1052 4510 accumbenti
1102 4454 1207 4523 [Αἱ.
1243 4455 1572 4525 accubanti]
1618 4455 1788 4525 juxta
1830 4470 1949 4509 me-

269 4547 587 4605 retriculas
635 4542 791 4601 latus
832 4560 957 4616 quae
987 4545 1007 4577 ⁵
1056 4559 1363 4614 nunquam
1396 4560 1457 4598 se
1487 4542 1705 4599 vidisse
1735 4543 1955 4599 diceret

2036 2137 2173 2206 ejus,
2208 2135 2453 2189 tulerunt
2481 2149 2695 2205 corpus,
2727 2139 2784 2189 et
2811 2135 3000 2207 ipsius
3040 2137 3307 2206 Joannis,
3339 2142 3396 2194 et
3423 2139 3686 2197 Salvato-

2039 2225 2121 2279 ris
2152 2222 2472 2295 discipulos
2503 2240 2821 2296 possumus
2851 2223 3196 2298 intelligere.

2112 2311 2296 2383 (Vers.
2333 2313 2417 2382 12,
2461 2313 2564 2380 13.)
2598 2332 2626 2361 «
2654 2312 2725 2366 Et
2752 2313 3048 2369 venientes
3079 2315 3500 2372 nuntiaverunt
3523 2318 3687 2375 Jesu.

2041 2402 2202 2466 Quod
2235 2418 2368 2456 cum
2400 2401 2661 2457 audisset
2687 2405 2881 2469 Jesus,
2918 2403 3158 2459 secessit
3187 2404 3322 2462 inde
3352 2406 3412 2461 in
3447 2407 3690 2465 navicu-

2040 2491 2158 2547 lam
2193 2493 2250 2546 in
2297 2490 2489 2546 locum
2521 2495 2820 2547 desertum
2851 2508 3138 2548 seorsum.
3172 2515 3200 2544 »
3253 2495 3464 2552 Necem
3496 2497 3692 2572 Bapti-

2044 2586 2144 2638 stae
2174 2581 2450 2636 nuntiant
2497 2580 2805 2648 Salvatori,
2846 2598 2962 2653 qua
2990 2581 3211 2650 audita,
3244 2587 3488 2642 secessit
3517 2587 3576 2643 in
3607 2589 3694 2644 lo-

2009 2723 2014 2726 .
2045 2688 2177 2727 cum
2228 2671 2526 2726 desertum
2555 2671 2596 2723 ⁷.
2648 2670 2800 2738 Non,
2831 2677 2896 2725 ut
2927 2671 3170 2742 quidam
3203 2673 3585 2746 arbitrantur,
3618 2679 3692 2733 ti-

2045 2778 2206 2816 more
2251 2759 2480 2825 mortis,
2523 2759 2620 2814 sed
2657 2775 2902 2832 parcens
2933 2760 3189 2817 inimicis
3221 2763 3368 2834 suis,
3401 2783 3474 2821 ne
3503 2767 3693 2824 homi-

2046 2850 2199 2904 cidio
2242 2848 2628 2904 homicidium
2671 2849 3010 2921 jungerent.
3038 2849 3140 2906 Vel
3182 2853 3240 2906 in
3274 2853 3428 2909 diem
3459 2858 3695 2913 Pascbaa

2046 2956 2221 2995 suum
2275 2938 2575 2993 interitum
2621 2938 2915 3010 differens,
2963 2938 3024 2994 in
3069 2957 3184 3011 quo
3229 2948 3465 3015 propter
3502 2963 3696 3002 sacra-

2050 3033 2312 3085 mentum
2344 3026 2743 3082 immolandus
2773 3033 2863 3082 est
2892 3044 3102 3101 agnus,
3135 3035 3193 3085 et
3221 3037 3420 3103 postes
3452 3037 3694 3093 creden-

2047 3118 2197 3174 tium
2249 3117 2536 3189 sanguine
2580 3118 2952 3189 respergendi
2983 3118 3179 3190 (Exod.
3214 3138 3317 3188 x11,
3349 3123 3402 3191 6,
3435 3123 3513 3196 7).
3565 3125 3698 3182 Sive

2050 3208 2179 3263 ideo
2229 3206 2490 3274 recessit,
2541 3210 2607 3260 ut
2637 3205 2806 3261 nobis
2837 3206 3120 3277 praeberet
3150 3209 3482 3281 exemplum
3515 3212 3698 3268 vitan-

2052 3296 2136 3351 dae
2193 3294 2345 3350 ultro
2393 3293 2752 3350 tradentium
2798 3311 2860 3350 se
2904 3297 3342 3353 temeritatis“:
3394 3299 3536 3371 quia
3583 3319 3700 3358 non

2054 3401 2259 3440 omnes
2280 3385 2483 3439 eadem
2511 3385 2842 3439 constantia
2870 3392 3244 3456 perseverant
3275 3387 3334 3443 in
3366 3391 3700 3460 tormentis,

2053 3491 2170 3546 qua
2199 3490 2262 3529 se
2290 3473 2647 3544 torquendos
2679 3473 2952 3528 offerunt.
2985 3473 3068 3528 0b
3099 3474 3252 3531 hanc
3281 3493 3520 3533 causam
3552 3483 3610 3535 et
3640 3480 3700 3536 in

2052 3563 2165 3620 alio
2196 3561 2320 3618 loco
2351 3561 2645 3634 praecipit:
2682 3560 2815 3616 Cum
2845 3578 2937 3618 vos
2961 3566 3234 3633 persecuti
3259 3568 3472 3636 fuerint
3505 3569 3565 3622 in
3594 3572 3704 3625 ista

2053 3655 2290 3716 civitate,
2339 3654 2512 3723 fugite
2558 3653 2619 3705 in
2667 3651 2840 3706 aliam
2878 3653 3101 3719 (Matth.
3143 3670 3201 3723 x,
3239 3655 3352 3727 23).
3402 3655 3712 3729 Eleganter

2055 3758 2287 3815 quoque
2318 3740 2673 3812 evangelista
2703 3758 2817 3796 non
2850 3741 2949 3809 ait,
2986 3742 3135 3815 fugit
3179 3743 3238 3798 in
3284 3743 3478 3801 locum
3509 3748 3705 3804 deser-

2055 3838 2203 3898 tum,
2247 3831 2347 3886 sed
2394 3831 2656 3899 secessit,
2688 3836 2754 3885 ut
2782 3836 3188 3902 persecutores
3215 3833 3487 3890 vitaverit
3516 3837 3710 3910 magis

2057 3937 2234 3992 quam
2267 3919 2546 3976 timuerit.
2579 3919 2797 3976 Aliter:
2833 3925 3149 3992 Postquam
3180 3940 3214 3978 a
3242 3924 3458 3980 Iudaeis
3488 3930 3544 3981 et
3575 3943 3709 4001 rege

2054 4010 2394 4066 Judzeorum
2426 4008 2721 4080 prophetze
2755 4012 3091 4065 truncatum
3124 4015 3214 4067 est
3250 4019 3446 4086 caput,
3488 4019 3546 4070 et
3597 4014 3708 4072 lin-

2058 4115 2234 4172 guam
2264 4115 2329 4153 ac
2363 4114 2560 4152 vocem
2593 4097 2749 4168 apud
2780 4114 2880 4152 eos
2912 4099 3162 4168 perdidit
3183 4102 3506 4174 prophetia,
3533 4105 3708 4163 Jesus

2058 4188 2271 4244 transit
2317 4186 2374 4240 in
2426 4186 2724 4241 desertum
2780 4186 3050 4242 Ecclesiae
3095 4188 3310 4258 locum,
3353 4207 3482 4262 quae
3518 4194 3710 4250 virum

2059 4281 2193 4332 ante
2223 4293 2338 4331 non
2370 4275 2676 4331 habuerat.
2711 4298 2739 4326 «
2772 4275 2841 4329 Et
2875 4292 3007 4331 cum
3041 4277 3349 4333 audissent
3378 4281 3583 4347 turbis,
3617 4299 3708 4338 se-

2059 4370 2204 4422 cutae
2255 4370 2394 4422 sunt
2432 4382 2568 4420 eum
2610 4365 2908 4437 pedestres
2940 4365 3011 4421 de
3041 4366 3392 4422 civitatibus.
3430 4390 3460 4418 »
3512 4369 3714 4428 Potest

2061 4459 2119 4509 et
2148 4453 2324 4509 aliam
2357 4453 2429 4508 ob
2459 4469 2722 4520 causam,
2747 4454 2947 4509 audito
2971 4454 3213 4511 Joannis
3246 4457 3504 4528 interitu,
3527 4475 3712 4517 seces-

2061 4543 2210 4601 sisse
2241 4542 2300 4597 in
2333 4543 2630 4598 desertum
2661 4541 2880 4612 locum,
2922 4548 2985 4598 ut
3023 4545 3386 4602 credentium
3438 4549 3711 4621 probaret

349 4766 369 4844 ξ
419 4759 705 4844 Totidem
734 4757 898 4844 bona.
923 4756 1261 4844 ﬁdenverbi‘s
1303 4757 1425 4844 haec
1463 4757 1856 4844 Hieronymus
1885 4773 1954 4814 ex
1987 4746 2030 4811 Ι)
2057 4759 2244 4841 potius
2300 4761 2456 4841 erat,
2531 4774 2696 4829 quam
2735 4759 3076 4844 _juramento
3133 4760 3412 4818 standum.
3501 4765 3714 4826 Temere

269 4834 542 4908 Origan
588 4829 908 4908 descripsit
941 4846 953 4884 :
1005 4827 1090 4908 Ἐξ,
1130 4825 1951 4908 ,οὐδεμίαίκγραφῂζεῧρρμεν

269 4897 664 4960 ὑπονδικαίου
714 4897 987 4975 γεηῖεθλιοῄν
1043 4897 1697 4975 ἀγόμενονηᾶδιξοξγὰρ
1735 4897 1948 4972 μᾶλλον

272 4975 495 5032 ἐκείνου
552 4977 661 5048 νοῦν
701 4969 902 5048 Φαραὼ
947 4973 983 5048 ὁΔ
1012 4969 1282 5048 Ἦρῳδης.
1321 4971 1533 5048 Nullibi
1568 4969 1835 5048 scriptum
1863 4990 1950 5028 re-

268 5052 544 5123 perimus
571 5063 607 5101 a
635 5045 798 5123 justo
813 5046 1077 5123 _quop_iam
1104 5046 1279 5123 fuisse.
1299 5045 1600 5123 “celebrata
1621 5047 1902 5123 gnataiitia
1932 5063 1948 5099 :

271 5115 546 5194 iniquior
579 5115 779 5194 quippe
807 5115 904 5194 (ioc
926 5115 1219 5194 Pharaone
1263 5115 1415 5194 (Gen.
1456 5134 1546 5185 XL,
1577 5117 1667 5184 20)
1697 5119 1949 5194 fuit__He-

269 5188 462 5251 rodes.
505 5188 770 5245 senem.
804 5192 838 5244 8
869 5189 927 5243 in
963 5188 1197 5243 Levitic.
1233 5205 1247 5244 :
1295 5211 1323 5236 «
1357 5188 1536 5243 Nemo
1576 5205 1645 5244 ex
1674 5189 1950 5244 omnibus

270 5267 515 5322 sanctis
572 5261 869 5317 invenitur
912 5260 1065 5315 diem
1099 5260 1310 5315 festum
1342 5259 1428 5315 vel
1461 5260 1790 5315 convivium
1825 5277 1952 5316 ma-

268 5353 472 5410 gnum
508 5333 709 5405 egisse
739 5334 799 5388 in
826 5331 939 5410 die
958 5331 1168 5410 natalis
1201 5331 1313 5410 sui.
1347 5354 1375 5382 »
1426 5331 1726 5410 Verum‘et
1758 5337 1952 5410 Agrip-

312 5426 416 5466 am
456 5402 692 5476 regem,
724 5411 781 5460 et
809 5402 1182 5476 Antiochum,
1233 5402 1496 5476 aliosque
1540 5402 1757 5476 multos
1790 5402 1951 5458 bonae

299 5481 476 5554 rugis
512 5475 678 5554 viros
711 5475 964 5554 natalem
997 5492 1171 5554 suum
1205 5475 1552 5554 celebrasse,
1586 5475 1826 5530 tradunt
1856 5475 1952 5554 ῌίς

272 5546 504 5611 storias.
533 5547 689 5603 Vide
720 5547 1072 5620 peculiarem
1099 5546 1206 5603 hoc
1228 5547 1299 5602 de
1321 5552 1666 5619 argumento
1688 5547 1954 5604 canonici

274 5621 620 5683 Frontonis
650 5618 1143 5675 dissertationem.

345 5701 369 5733 ²
403 5695 646 5762 Eodem
677 5709 854 5748 sensu
885 5691 1183 5762 Origenes,
1222 5685 1432 5762 μᾶλλον
1476 5687 1761 5762 ἐπιορκεῖν-
1792 5688 1825 5757 ἢ
1861 5687 1952 5762 εὖ·

276 5773 467 5848 ορκεῖν
532 5761 778 5848 ξδειζοὺ
808 5756 1018 5848 graeco;
1063 5756 1175 5838 γὰρ’
1221 5756 1477 5837 ὲγκλημα
1504 5756 1950 5848 πρέπετείας’ὅρ-

275 5831 413 5920 κὸυ,
473 5836 576 5896 καὶ
638 5840 738 5908 τῆς
795 5831 1092 5918 ἀναιρεσωξ
1138 5831 1516 5918 ἦτροέρητάῆς.
1549 5831 1954 5912 Ῥηεναηάιίηι

2062 4829 2262 4902 quippe
2281 4831 2509 4900 jurasse
2541 4845 2652 4884 non
2677 4829 2808 4885 adeo
2839 4831 3173 4902 culpandum
3203 4837 3340 4902 erat,
3372 4852 3539 4902 quam
3580 4853 3710 4902 pro-

2061 4902 2522 4982 pterjuramenti'
2550 4903 2920 4982 temeritatem
2939 4903 3265 4982 prophetam
3296 4902 3439 4982 letho
3483 4902 3710 4966 dedisse.

2133 4973 2155 5006 ³
2185 4973 2367 5028 Penes
2395 4973 2631 5042 Victor.,
2660 4973 2980 5030 Dissimulat
2999 4973 3150 5031 enim
3181 4980 3380 5033 mentis
3410 4995 3524 5036 suw
3553 4983 3715 5038 mali-

2063 5045 2463 5122 tiamgartifea'
2503 5044 2800 5122 homicida,
2831 5061 2978 5122 cum
3022 5049 3314 5105 tristitiam
3355 5052 3416 5106 in
3454 5053 3618 5122 facie,
3653 5057 3710 5108 et

2065 5117 2324 5173 laetitiam
2354 5117 2574 5172 haberet
2605 5119 2664 5171 in
2695 5121 2890 5172 mente.

2134 5190 2155 5222 ⁴
2186 5189 2325 5243 Mss.
2353 5187 2612 5258 plerique
2637 5205 2863 5254 omnes,
2887 5190 3176 5247 homicida.
3202 5191 3296 5248 Sic
3327 5192 3705 5248 Rhabbanus.

2135 5260 2436 5385 :BRgtacbbq
2491 5259 2637 5327 Quod
2687 5261 2983 5317 accubanti
3020 5265 3187 5334 juxta
3231 5279 3287 5320 se
3335 5265 3704 5332 meretricula,

2065 5348 2203 5403 quae,
2237 5347 2346 5386 etc.

2132 5405 2153 5438 ⁸
2185 5402 2417 5458 Scilicet
2447 5401 2506 5456 in
2527 5401 2776 5475 castello
2807 5403 3195 5462 Macbaerunte
3226 5423 3237 5461 ε
3284 5405 3574 5475 Antiquitl.
3607 5405 3709 5464 lib.

2066 5491 2386 5546 xvm,cap.
2419 5474 2473 5541 5,
2515 5474 2807 5546 Iosephus
2838 5477 3034 5532 tradit.

2136 5549 2155 5582 ⁷
2193 5545 2387 5601 Victor
2416 5545 2579 5600 addit
2607 5545 2868 5602 seorsum.

2136 5619 2158 5652 8
2188 5617 2291 5673 Hic
2321 5634 2556 5694 quoque
2575 5620 2777 5674 eadem
2809 5635 2953 5694 pene
2983 5622 3122 5694 sunt
3149 5617 3478 5694 Adamantii
3509 5623 3706 5694 verba,

2136 5635 2158 5652 °
2188 5635 2291 5673 mc
2321 5635 2556 5744 Suoque
2575 5635 2777 5674 eadem
2809 5635 2953 5690 pene
2983 5635 3122 5674 sunt
3149 5635 3478 5676 Adamantn
3509 5635 3706 5694 verba,

2066 5695 2220 5768 certe
2251 5705 2452 5768 carm
2502 5689 2965 5768 argumentandi
3000 5690 3165 5745 ratio.
3219 5690 3711 5768 Nobisproposi-

2066 5767 2310 5893 {similest
2339 5759 2665 5891 igeigniora
2692 5766 2922 5820 tantum
2951 5759 3080 5821 loca
3107 5759 3713 5843 compuratidnis'gra-

2095 5851 2150 5893 ια
2219 5849 2365 5892 escri
2411 5847 2527 5891 ere.

2095 5839 2150 5893 ia
2177 5839 2527 5892 describere.
3244 5839 3259 5840 "
3587 5839 3602 5843 "
