4182 6618
501 463 618 522 103

1753 450 1817 511 S.
1865 450 2175 513 EUSEBII
2226 450 2669 513 HIERONYMI

3791 452 3920 513 104

506 594 702 649 ﬁdem.
737 592 1002 663 Denique
1030 590 1214 645 turbae
1255 591 1465 645 secuta:
1496 591 1635 644 sunt
1664 601 1796 641 eum
1829 584 2148 657 pedestres,
2179 584 2234 649 Α
2264 582 2512 637 refertur
2540 584 2612 639 ad
2646 584 2832 655 legem
2854 585 2894 637 ³.
2929 582 3115 655 Igitur
3139 582 3385 655 apostoli
3407 586 3543 639 ante
3569 583 3910 656 passionem

507 699 623 738 non
663 682 722 735 in
760 678 1069 751 jumentis,
1120 695 1235 734 non
1287 678 1347 733 in
1400 676 1643 732 diversis
1689 672 1995 738 vehiculis,
2046 672 2147 727 sed

450 808 473 821 ς
504 770 739 843 proprio
787 768 985 824 labore
1020 768 1256 840 pedum,
1298 771 1362 823 ut
1409 767 1674 822 ardorem
1711 762 1923 818 mentis
1954 766 2146 817 osten-

498 859 720 914 derent.
770 857 830 912 Si
863 856 1132 912 volumus
1172 855 1541 929 singulorum
1584 854 1892 909 verborum
1923 850 2147 922 aperire

493 946 771 1013 rationes,
826 946 1108 1018 propositi
1167 944 1356 1016 operis
1414 943 1753 999 brevitatem
1812 938 2145 995 excedimus

496 1036 605 1107 [ΑΙ.
636 1035 1025 1105 excedemus].
1078 1036 1346 1089 Attamen
1390 1032 1702 1087 dicendum
1741 1034 1831 1085 est
1868 1026 2139 1083 transito-

500 1124 603 1195 rie,
634 1125 788 1197 quod
822 1128 1133 1195 postquam
1171 1122 1452 1177 Dominus
1481 1119 1702 1175 venerit
1731 1118 1791 1172 in
1822 1118 2141 1180 desertum,

497 1218 709 1269 secutae
743 1217 886 1269 sunt
912 1228 1045 1267 eum
1074 1212 1259 1267 turbae
1305 1209 1588 1282 plurimas.
1637 1207 1782 1262 Nam
1824 1209 2139 1276 antequam

493 1302 715 1358 veniret
745 1301 803 1357 in
836 1300 1180 1358 solitudines
1209 1299 1493 1371 gentium,
1526 1298 1598 1353 ab
1635 1312 1751 1351 uno
1779 1298 2010 1350 tantum
2044 1309 2141 1366 po-

496 1389 633 1463 pulo
663 1389 981 1445 colebatur.

566 1478 747 1551 (Vers.
783 1479 893 1549 14.)
944 1478 1098 1533 104
1150 1500 1177 1527 ‹‹
1211 1480 1277 1532 Et
1306 1475 1505 1531 exiens
1533 1474 1679 1530 vidit
1720 1473 1955 1527 turbam
1986 1469 2138 1526 mul-

490 1570 633 1634 tam,
669 1571 726 1622 et
759 1567 1035 1622 misertus
1067 1569 1155 1621 est
1186 1566 1334 1636 ejus,
1371 1569 1428 1618 et
1456 1563 1682 1618 curavit
1707 1560 2019 1633 languidos
2047 1574 2140 1613 eo-

492 1672 647 1711 rum.
687 1677 715 1704 »
769 1656 831 1709 In
864 1652 1217 1725 evangelicis
1250 1651 1621 1707 sermonibus
1662 1666 1894 1721 semper
1938 1647 2141 1702 litterae

487 1744 737 1814 junctus
767 1746 857 1797 est
886 1741 1153 1813 spiritus,
1193 1745 1251 1795 et
1282 1740 1566 1812 quidquid
1602 1738 1789 1811 primo
1822 1738 2027 1807 frigere
2058 1736 2142 1791 vi-

495 1832 669 1886 detur
716 1835 976 1901 aspectu,
1033 1830 1083 1885 si
1131 1829 1416 1900 tetigeris,
1477 1827 1692 1883 calet‘.
1754 1827 1817 1882 In
1865 1825 1991 1881 loco
2041 1826 2139 1880 de-

2257 670 2575 727 Salvatoris
2605 678 2661 727 et
2693 672 3156 728 coruscationem
3188 672 3482 745 Evangelii
3528 673 3908 747 fulgurantis,

2256 777 2373 815 non
2405 760 2700 817 habebant
2730 761 2842 817 nisi
2876 761 3138 833 quinque
3169 779 3348 834 panes
3379 766 3436 817 et
3466 762 3614 818 duos
3653 762 3906 836 piscicu-

2254 848 2364 914 los,
2390 849 2490 922 qui
2520 850 2580 905 in
2612 850 2785 906 salsis
2816 851 2986 923 aquis
3018 856 3073 906 et
3105 851 3162 905 in
3193 851 3374 907 maris
3407 851 3684 908 ﬂuctibus
3704 867 3912 908 versa-

2254 937 2490 993 bantur.

2325 1026 2509 1097 (Vers.
2536 1028 2646 1099 18.)
2680 1050 2707 1078 ‹‹
2735 1027 2840 1093 Qui
2874 1027 2955 1082 ait
2984 1028 3107 1084 eis:
3142 1030 3355 1084 All‘erte
3378 1028 3523 1084 mihi
3547 1028 3677 1085 illos
3708 1029 3847 1085 huc.
3873 1051 3905 1081 ι»

2252 1116 2401 1172 1θῦ
2438 1116 2610 1183 Audi,
2646 1115 2921 1178 Marcion.
2955 1115 3113 1183 audi,
3148 1116 3483 1187 Manichaee,
3508 1116 3770 1189 quinque
3802 1134 3909 1191 pa-

2252 1220 2356 1259 nes
2390 1209 2443 1259 et
2474 1205 2621 1259 duos
2654 1204 2964 1275 pisciculos
2996 1205 3063 1260 ad
3101 1223 3162 1261 se
3199 1206 3390 1262 afferri
3416 1207 3586 1278 jubet
3610 1207 3805 1279 Jesus,
3839 1210 3909 1263 ut

2248 1308 2347 1347 eos
2377 1294 2702 1349 sanctiﬁcet
2730 1298 2906 1365 atque
2937 1293 3303 1366 multiplicet.

2323 1382 2641 1454 (Vers.19.)
2673 1406 2699 1431 ‹‹
2725 1383 2795 1437 Et
2812 1383 3243 1454 cumjussisset
3268 1383 3500 1439 turbam
3528 1384 3909 1441 discumbere

2251 1486 2430 1542 super
2460 1471 2681 1527 fenum.
2717 1494 2744 1521 »
2787 1471 2960 1526 Juxta
2989 1472 3240 1527 litteram
3277 1472 3625 1529 manifestus
3655 1478 3743 1529 est
3773 1490 3911 1530 sen-

2252 1575 2355 1614 sus
2382 1584 2395 1626 ;
2429 1558 2754 1630 spiritualis
2776 1560 3273 1631 interpretationis
3298 1565 3664 1617 sacramenta
3685 1562 3910 1635 panda-

2251 1664 2405 1703 mus.
2431 1648 2810 1703 Discumbere
2834 1650 3121 1718 jubentur
3151 1667 3329 1721 supra
3361 1650 3581 1719 fenum,
3605 1656 3663 1707 et
3691 1667 3906 1707 secun-

2250 1737 2392 1792 dum
2427 1736 2606 1792 alium
2640 1737 3056 1809 evangelistam
3092 1739 3275 1808 (Marc.
3308 1756 3386 1809 vi,
3419 1740 3529 1811 40),
3569 1757 3749 1812 supra
3780 1746 3907 1795 ter-

2252 1842 2399 1893 ram,
2428 1843 2530 1897 per
2562 1827 3008 1898 quinquagenos
3040 1833 3139 1882 aut
3170 1832 3462 1895 centenos,
3493 1834 3556 1884 ut
3585 1835 3906 1901 postquam

494 1923 650 1975 serto
698 1923 821 1975 erat
859 1917 1183 1986 Dominus;
1236 1921 1446 1974 secutae
1478 1921 1617 1971 sunt
1646 1932 1780 1971 eum
1813 1916 2016 1979 turbae,
2050 1929 2138 1968 re-
2174 1952 2219 2016 Β
2249 1915 2599 1970 calcaverint
2649 1932 2883 1970 carnem
2932 1933 3123 1984 suam,
3173 1921 3229 1971 et
3269 1933 3472 1972 omnes
3513 1917 3684 1973 flores
3714 1917 3907 1986 illius,

491 2008 826 2080 linquentes
870 2006 1130 2063 civitates
1180 2024 1342 2073 suas,
1396 2008 1501 2061 hoc
1542 2009 1651 2071 est,
1694 2003 1975 2077 pristinas
2008 2020 2136 2057 con-

487 2096 844 2152 versationes
876 2100 932 2151 et
961 2095 1268 2152 varietates
1301 2096 1664 2167 dogmatum.
1716 2095 1996 2164 Egressus
2036 2108 2138 2147 au-

492 2189 610 2240 tem
639 2185 835 2252 Jesus,
860 2185 1153 2258 significat
1183 2185 1337 2257 quod
1359 2184 1541 2239 turba:
1566 2182 1877 2238 habuerint
1900 2182 2136 2252 quidem

491 2275 666 2330 eundi
689 2274 1072 2343 voluntatem,
1093 2275 1193 2330 sed
1218 2273 1366 2329 vires
1389 2272 1757 2345 perveniendi
1787 2288 1901 2325 non
1927 2271 2134 2326 habue-

492 2362 649 2431 rint;
699 2363 828 2419 ideo
870 2362 1135 2419 Salvator
1178 2361 1474 2433 egreditur
1507 2362 1577 2416 de
1608 2360 1733 2415 loco
1768 2376 1896 2424 suo,
1928 2364 1984 2414 et
2015 2376 2141 2430 per-

489 2450 577 2524 git
605 2452 835 2507 obviam
870 2469 882 2506 :
937 2452 1089 2506 sicut
1119 2455 1177 2506 et
1204 2452 1263 2505 in
1307 2450 1420 2505 alia
1458 2448 1736 2522 parabola
1781 2448 1900 2503 filio
1955 2447 2137 2519 poeni-

488 2540 631 2595 tenti
663 2545 995 2596 occurrerat
1043 2540 1191 2611 (Luc.
1228 2557 1322 2606 xv,
1352 2540 1463 2610 20).
1516 2538 1762 2609 Visaque
1799 2536 1991 2603 turba,
2029 2536 2137 2589 mi-

486 2633 713 2684 seretur
758 2633 814 2684 et
863 2632 1028 2684 curat
1072 2628 1382 2700 languores
1428 2642 1652 2697 eorum,
1686 2630 1751 2680 ut
1793 2625 1935 2679 fides
1967 2624 2139 2696 plena

487 2716 689 2772 statim
722 2716 1025 2788 praemium
1059 2721 1476 2788 consequatur.

563 2805 747 2877 (Vers.
785 2806 894 2877 15.)
948 2805 1259 2877 «Vespere
1310 2809 1504 2860 autem
1556 2805 1725 2870 facto,
1768 2805 2138 2858 accesserunt

486 2894 555 2948 ad
590 2911 725 2949 eum
758 2892 1029 2966 discipuli
1064 2894 1214 2965 ejus,
1247 2894 1508 2948 dicentes
1542 2910 1555 2947 :
1610 2892 1885 2947 Desertus
1922 2894 2011 2945 est
2049 2888 2133 2945 lo-

490 2998 615 3047 cus,
638 2988 696 3037 et
723 2984 866 3038 hora
889 2984 1010 3053 jam
1043 2982 1357 3053 praeteriit:
1393 2981 1624 3036 dimitte
1654 2980 1879 3048 turbas,
1905 2983 1971 3033 ut
1998 2996 2136 3034 eun-

489 3074 578 3126 tes
621 3070 679 3125 in
727 3070 985 3139 castella,
1038 3075 1235 3125 emant
1272 3070 1381 3126 sibi
1415 3085 1598 3125 escas.
1638 3091 1658 3118 ιο
1718 3067 1926 3123 Omnia
1966 3066 2136 3139 plena

486 3159 785 3230 mysteriis
828 3163 987 3215 sunt.
1036 3158 1274 3214 Recedit
1315 3159 1386 3214 de
1414 3158 1634 3225 Judaea,
1664 3157 1819 3212 venit
1852 3156 1908 3211 in
1941 3158 2133 3211 deser-

486 3250 612 3302 tum
647 3247 841 3303 locum
876 3264 890 3302 :
924 3251 1254 3319 sequuntur
1282 3263 1415 3303 eum
1448 3246 1649 3315 turbzn,
1686 3244 1904 3300 relictis
1935 3244 2133 3300 civita-

486 3335 647 3391 tibus
678 3337 801 3392 suis
828 3353 839 3392 :
874 3337 1171 3409 egreditur
1200 3336 1271 3391 ad
1302 3352 1400 3391 eos
1429 3335 1621 3401 Jesus,
1664 3333 1975 3388 miseretur
2002 3338 2128 3387 tur-
2160 3312 2203 3379 (ἶ

483 3423 596 3490 bis,
621 3430 788 3481 curat
811 3424 1123 3497 languidos
1151 3441 1351 3481 eorum
1379 3443 1391 3479 :
1425 3430 1481 3479 et
1507 3423 1615 3479 hoc
1641 3423 1776 3479 facit
1798 3440 1911 3477 non
1937 3438 2128 3492 mane,

481 3528 597 3567 non
664 3518 960 3569 crescente
1019 3514 1133 3579 die,
1195 3532 1308 3569 non
1369 3512 1628 3579 meridie,
1701 3512 1801 3567 sed
1868 3527 2125 3583 vespere,

477 3602 712 3672 quando
753 3602 840 3658 sol
876 3602 1123 3673 justitiae
1155 3602 1448 3657 occubuit.

545 3690 732 3761 (Vers.
769 3692 880 3761 16.)
919 3712 946 3743 «ι
975 3692 1148 3746 Jesus
1177 3695 1372 3745 autem
1402 3689 1549 3743 dixit
1578 3689 1662 3744 eis
1693 3706 1705 3743 :
1749 3689 1873 3743 Non
1909 3688 2125 3743 habent

476 3793 716 3833 necesse
768 3778 871 3833 ire.
909 3800 937 3827 »
994 3779 1119 3833 Non
1162 3778 1380 3833 habent
1408 3794 1641 3833 necesse
1673 3777 1932 3832 diversos
1962 3777 2123 3832 cibos

476 3882 757 3937 quaerere,
790 3870 847 3921 et
876 3883 1067 3922 emere
1099 3865 1209 3921 sibi
1243 3866 1469 3938 ignotos
1501 3882 1700 3936 panes,
1746 3882 1881 3919 cum
1924 3882 2122 3920 secum

476 3953 731 4011 habeant
763 3954 1054 4017 cmlestem
1088 3971 1321 4027 panem.

553 4063 581 4093 ‹‹
611 4043 753 4099 Date
784 4043 900 4100 illis
930 4062 1053 4113 vos,
1088 4045 1460 4099 manducare.
1497 4065 1525 4094 »
1583 4043 1857 4099 Provocat
1886 4046 2119 4114 aposto-

475 4130 564 4188 los
594 4133 664 4187 ad
698 4133 1037 4189 fractionem
1073 4134 1263 4206 panis,
1298 4138 1363 4189 ut
1391 4132 1509 4188 illis
1540 4150 1601 4188 se
1646 4149 1759 4188 non
1790 4132 2005 4187 habere
2035 4136 2118 4187 te-

472 4222 788 4291 stantibus,
823 4222 1166 4293 magnitudo
1198 4222 1350 4295 signi
1383 4221 1575 4277 notior
1604 4221 1722 4276 fiat.

541 4310 728 4381 (Vers.
760 4312 872 4383 17.)
906 4336 932 4361 ‹‹
962 4312 1413 4383 Responderunt
1437 4310 1487 4365 ei
1513 4326 1525 4363 :
1562 4309 1685 4364 Non
1713 4308 2000 4364 habemus
2025 4308 2118 4363 hic

466 4396 581 4452 nisi
609 4398 871 4470 quinque
903 4417 1083 4471 panes
1115 4408 1173 4455 et
1200 4400 1347 4455 duos
1378 4398 1589 4470 pisces.
1630 4422 1651 4450 π
1709 4398 1771 4452 Ιη
1806 4392 1917 4452 alio
1946 4415 2115 4453 evan-

460 4484 673 4556 gelista
714 4486 1011 4558 legimus:
1063 4490 1157 4543 Est
1205 4488 1292 4541 hic
1335 4487 1563 4557 quidam
1606 4502 1764 4557 puer,
1815 4488 1912 4558 qui
1958 4487 2115 4542 habet

466 4575 707 4644 quinque
728 4590 900 4645 panes
931 4577 1111 4647 (Joan.
1140 4593 1215 4647 vr,
1243 4576 1297 4647 9)
1324 4593 1337 4643 ;
1373 4575 1474 4645 qui
1507 4574 1652 4629 mihi
1682 4575 1910 4630 videtur
1940 4577 2116 4647 signi-

2251 2009 2308 2059 et
2340 2004 2533 2059 saeculi
2562 2004 2889 2076 voluptates
2920 2006 3087 2076 quasi
3120 2021 3289 2060 arens
3323 2006 3518 2060 fenum
3550 2006 3662 2062 sibi
3695 2007 3903 2078 subje-

2249 2094 2453 2161 cerint,
2485 2098 2625 2148 tunc
2657 2110 2761 2165 per
2786 2094 3275 2165 quinquagenarii
3306 2094 3534 2150 numeri
3563 2095 3583 2129 ³
3615 2096 3908 2167 pmniten-

2250 2180 2392 2235 tiam
2425 2180 2497 2235 ad
2529 2180 2851 2251 perfectum
2892 2181 3195 2236 centesimi
3244 2182 3475 2237 numeri
3522 2181 3756 2238 culmen
3805 2199 3905 2240 as-

2250 2268 2521 2324 cendant.
2579 2290 2607 2319 «
2637 2269 2905 2340 Acceptis
2952 2271 3215 2342 quinque
3264 2271 3517 2342 panibus
3565 2276 3622 2328 et
3670 2271 3911 2329 duobus

2248 2358 2532 2429 piscibus,
2566 2357 2858 2429 aspiciens
2891 2359 2947 2411 in
2981 2358 3191 2414 coelum
3224 2359 3521 2416 benedixit
3551 2365 3610 2416 et
3639 2361 3813 2433 fregit
3846 2366 3910 2417 et

2248 2445 2408 2501 dedit
2439 2446 2744 2517 discipulis
2779 2463 2980 2518 panes.
3010 2470 3030 2495 ι
3068 2448 3295 2519 Aspicit
3326 2449 3385 2503 in
3417 2448 3649 2517 coelum,
3685 2454 3750 2503 ut
3780 2448 3907 2505 illic

2247 2533 2447 2589 oculos
2480 2535 2817 2607 dirigendos
2851 2535 3076 2592 doceat.
3127 2536 3396 2608 Quinque
3449 2554 3630 2609 panes
3660 2541 3719 2593 et
3748 2537 3904 2594 duos

2246 2622 2560 2694 pisciculos
2590 2623 2846 2696 sumpsit
2866 2624 2925 2678 in
2950 2642 3181 2692 manus,
3206 2630 3264 2680 et
3296 2625 3464 2698 fregit
3484 2643 3604 2697 eos,
3625 2625 3902 2681 tradidit-

2247 2728 2358 2783 que
2392 2712 2722 2784 discipulis.
2762 2718 3081 2783 Frangente
3114 2714 3378 2781 Domino,
3412 2714 3797 2771 seminarium
3830 2715 3904 2771 ﬁt

2246 2801 2532 2855 ciborum.
2558 2802 2615 2856 Si
2649 2801 2804 2855 enim
2840 2802 3088 2857 fuissent
3116 2802 3345 2875 integri,
3371 2808 3427 2858 et
3452 2820 3565 2858 non
3589 2803 3646 2858 in
3703 2804 3896 2860 frusta

2244 2889 2542 2961 discerpti,
2560 2907 2661 2944 nec
2682 2890 2849 2944 divisi
2874 2893 2930 2944 in
2961 2890 3345 2962 multiplicem
3368 2892 3896 2963 segetem,turbas,

2244 2982 2299 3033 et
2332 2994 2562 3049 pueros,
2597 2984 2652 3033 et
2682 2980 2948 3049 feminas,
2982 2984 3208 3035 tantam
3242 2979 3680 3037 multitudinem
3736 2981 3895 3039 alere

2245 3083 2356 3122 non
2392 3072 2675 3138 poterant.
2705 3068 3013 3139 Frangitur
3032 3086 3167 3141 ergo
3198 3068 3288 3124 lex
3320 3086 3453 3125 cum
3488 3070 3813 3143 prophetis,
3838 3075 3901 3128 et

2243 3155 2303 3210 in
2363 3156 2550 3210 frusta
2580 3156 2952 3228 discerpitur,
2985 3163 3042 3213 et
3070 3159 3196 3228 ejus
3226 3158 3285 3213 in
3318 3159 3578 3214 medium
3610 3159 3894 3232 mysteria

2242 3244 2639 3315 proferuntur,
2694 3250 2759 3299 ut
2805 3247 2957 3316 quod
3007 3245 3301 3317 integrum
3350 3252 3405 3302 et
3444 3263 3796 3319 permanens
3829 3249 3891 3304 in

2243 3336 2397 3387 statu
2452 3333 2698 3405 pristino
2751 3351 2865 3389 non
2916 3334 3127 3403 alebat,
3168 3334 3421 3392 divisum
3453 3334 3510 3391 in
3540 3340 3738 3408 partes
3769 3335 3899 3394 alat

2238 3422 2501 3494 gentium
2536 3422 2996 3478 multitudinem.

2310 3514 2495 3582 (Vers.
2519 3513 2633 3581 20.)
2684 3536 2711 3561 «
2745 3511 3027 3584 Discipuli
3060 3516 3253 3568 autem
3288 3513 3575 3568 dederunt
3625 3513 3815 3570 turbis
3846 3516 3889 3570 ⁸.

2239 3601 2303 3655 Et
2333 3601 2837 3657 manducaverunt
2867 3618 3094 3666 omnes,
3126 3606 3183 3656 et
3212 3601 3459 3657 saturati
3490 3607 3648 3657 sunt.
3674 3625 3703 3652 »ν
3744 3603 3893 3658 Tur-

2236 3690 2319 3744 bae
2351 3708 2385 3745 a
2416 3689 2662 3745 Domino
2712 3707 2812 3761 per
2856 3690 3153 3762 apostolos
3202 3690 3480 3745 alimenta
3528 3691 3886 3763 suscipiunt.

2236 3802 2262 3827 ‹‹
2290 3780 2357 3832 Et
2379 3778 2641 3833 tulerunt
2663 3779 2941 3850 reliquias
2963 3779 3272 3835 duodecim
3297 3778 3578 3851 cophinos
3599 3780 3891 3853 fragmen-

2232 3872 2425 3922 torum
2460 3865 2685 3938 plenos.
2724 3889 2750 3915 »
2800 3866 3218 3940 Unusquisque
3257 3868 3657 3939 apostolorum
3689 3869 3760 3925 de
3791 3886 3884 3926 re-

2232 3955 2432 4027 liquiis
2462 3955 2775 4011 Salvatoris
2807 3956 3012 4028 implet
3053 3956 3372 4029 cophinum
3425 3973 3624 4027 suum,
3677 3961 3743 4013 ut
3789 3957 3885 4015 vel

2231 4044 2442 4099 habeat
2472 4045 2627 4100 unde
2659 4050 2860 4116 postea
2902 4046 3177 4117 gentibus
3223 4046 3420 4101 cibum
3465 4047 3738 4118 praebeat,
3787 4046 3884 4103 vel

2228 4150 2294 4189 ex
2327 4133 2567 4205 reliquis
2600 4135 2803 4189 doceat
2832 4149 2999 4189 veros
3047 4134 3227 4189 fuisse
3270 4150 3471 4206 panes,
3527 4135 3628 4206 qui
3677 4139 3886 4207 postea

2230 4220 2601 4293 multiplicati
2651 4225 2809 4277 sunt.
2864 4224 2931 4276 Et
2978 4222 3154 4277 simul
3206 4239 3416 4294 quaere,
3466 4224 3757 4294 quomodo
3814 4222 3883 4281 in

2226 4327 2421 4366 eremo
2453 4315 2509 4365 et
2538 4310 2597 4364 in
2628 4314 2748 4365 tam
2781 4314 2943 4365 vasta
2973 4308 3290 4364 solitudine
3329 4326 3508 4382 panes
3554 4326 3669 4366 non
3717 4308 3882 4366 inve-

2227 4399 2485 4465 niantur,
2508 4398 2621 4454 nisi
2646 4399 2905 4470 quinque
2927 4402 3184 4467 tantum,
3203 4403 3259 4453 et
3280 4399 3394 4454 duo
3417 4397 3881 4470 pisciculiJOO

2223 4494 2280 4544 et
2308 4493 2427 4543 tam
2459 4486 2628 4543 facile
2658 4488 2964 4543 duodecim
2999 4486 3235 4558 cophini
3264 4487 3630 4559 reperiantur
3658 4487 3701 4541 ⁸.

2294 4577 2477 4648 (Vers.
2505 4576 2620 4647 21.)
2653 4598 2679 4624 «
2708 4576 3186 4631 Manducantium
3219 4580 3412 4631 autem
3445 4576 3557 4630 fuit
3585 4592 3875 4634 numerus

465 4661 639 4717 ﬁcare
693 4662 940 4719 Mosen:
994 4664 1141 4720 duos
1191 4668 1385 4719 autem
1435 4663 1644 4736 pisces,
1677 4663 1763 4718 vel
1794 4668 2113 4736 utrumque
2144 4681 2187 4746 ι)
2220 4667 2480 4738 quinque
2536 4662 2722 4719 millia
2770 4664 3055 4732 virorum,
3109 4664 3363 4736 exceptis
3416 4663 3765 4721 mulieribus
3816 4675 3882 4723 et

465 4749 851 4822 intelligimus
899 4753 1358 4821 Testamentum,
1390 4751 1479 4808 vel
1519 4752 1657 4824 quia
1695 4768 1801 4824 par
1830 4769 2112 4809 numerus
2220 4754 2498 4827 parvulis.
2537 4776 2558 4802 ο
2610 4752 2786 4807 Juxta
2844 4769 3155 4808 numerum
3206 4753 3469 4826 quinque
3518 4770 3761 4827 panum,
3814 4759 3879 4811 et

534 4910 551 4943 ¹
585 4909 901 4967 Commode
952 4916 1072 4968 tres
1115 4912 1361 4968 Palatini
1396 4929 1541 4968 mss.
1579 4912 1802 4967 addunt
1832 4914 1895 4967 in
1924 4928 2106 4968 sensu.

461 4980 720 5057 ‘SieAvero
752 4982 975 5057 pridem
993 4984 1190 5057 fuerat
1210 4983 1487 5057 Origenes
1516 4983 1952 5057 interpretatus,
1974 4983 2107 5057 ᾐκο-

462 5049 925 5124 λούϐῃσμαναύτῷ
976 5052 1081 5107 ἀπὸ
1126 5058 1233 5107 τῶν
1298 5049 1448 5109 {diem
1504 5049 1717 5124 πόλεῴν
1764 5055 1841 5124 τῷ
1883 5049 2105 5124 ἕκαᾷτον

460 5120 911 5177 καταλελοιπεναί
967 5126 1033 5178 τὰ
1089 5126 1288 5200 πάνρια
1342 5129 1440 5197 τῇς
1503 5120 1927 5195 δεισιδαιμοίδὶας
1984 5122 2104 5195 ἔθη.

466 5196 643 5251 Turba
671 5212 703 5250 a
729 5198 972 5268 propriis
1003 5196 1230 5252 urbibus
1258 5196 1442 5253 secuta
1483 5202 1580 5263 est,
1627 5198 1763 5267 quod
1812 5201 2106 5268 unusquis-

457 5283 559 5338 que
609 5268 917 5339 reliquisset
958 5271 1171 5339 patrias
1201 5271 1491 5340 religionis
1519 5271 1959 5338 consuetudines,
1994 5275 2103 5324 etc.

530 5340 551 5372 ²
580 5339 703 5393 Non
728 5339 1055 5396 discinlicet
1079 5341 1233 5396 quod
1263 5341 1356 5396 hic
1380 5358 1532 5396 unus
1555 5341 1853 5395 Palatinus
1879 5358 1989 5395 ms.
2012 5341 2103 5394 ad-

531 5357 550 5372 -
581 5357 703 5393 non
728 5357 1055 5410 discipucet
1079 5357 1233 5412 quoa
1264 5357 1356 5396 mc
1380 5358 1532 5396 unus
1555 5357 1853 5395 Palatinus
1879 5358 1989 5395 ms.
2012 5357 2103 5394 au-

460 5408 545 5489 dit
593 5414 644 5464 et
692 5412 1021 5489 prophetas:
1074 5411 1217 5489 quia
1251 5413 1306 5489 id
1352 5413 1525 5489 etiam
1569 5412 1797 5489 videtur
1827 5412 2103 5489 Hieronyg

402 5520 411 5526 .
457 5483 690 5553 mianus
743 5488 1048 5537 contextus
1097 5483 1411 5553 postulare.
1468 5483 1644 5538 Paulo
1698 5499 1930 5553 quoque
1976 5486 2106 5553 post

457 5500 690 5535 mianus
743 5500 1048 5537 contexnus
1139 5500 1411 5539 oetuiare.
1468 5500 1644 5538 Paulo
1698 5500 1930 5553 quoque
1976 5500 2103 5553 pos:

455 5548 611 5631 idem
643 5567 778 5633 ms.,
805 5555 1030 5623 junctis
1062 5500 1194 5609 aliis
1225 5555 1522 5625 Palatinis,
1560 5556 1765 5609 amaris
1796 5554 1973 5607 habet
2000 5568 2103 5623 pro

454 5635 512 5674 ιη
544 5637 737 5677 maris.

526 5691 549 5725 ³
577 5691 882 5749 Praestabit
919 5696 1235 5753 contulisse
1279 5696 1486 5754 saltem
1542 5697 1602 5751 in
1654 5696 1855 5749 Latino
1903 5692 2104 5764 Orige-

452 5777 624 5821 nem:
665 5783 689 5816 ι
711 5767 1027 5840 Oportebat
1047 5785 1146 5827 eos
1175 5770 1277 5843 qui
1302 5769 1363 5826 in
1391 5766 1692 5827 alimentis
1710 5765 1853 5823 Jesu
1875 5764 2104 5837 acquie-

2221 4913 2335 4969 turi
2368 4915 2553 4978 erant,
2584 4910 2671 4967 vel
2703 4912 2762 4965 in
2793 4912 2996 4968 ordine
3035 4918 3412 4969 centenorum
3443 4930 3591 4981 esse,
3624 4914 3724 4986 qui
3758 4930 3873 4970 nu-

2221 5001 2420 5065 merus
2470 4999 2651 5065 sacer.
2680 4988 2788 5050 est,
2826 4989 2888 5065 et
2926 4989 3039 5039 Deo
3080 4990 3315 5065 propter
3344 4985 3871 5065 unitatem’conse-

2221 5062 2452 5122 oratus;
2501 5054 2587 5128 vel
2638 5054 2697 5128 in
2742 5055 2943 5111 ordine
2996 5054 3719 5128 quinquagenarium,qui
3755 5074 3868 5114 nu-

2220 5144 2416 5201 merus
2447 5126 2851 5201 remissionem
2886 5126 3357 5201 continet,juxta
3387 5126 3731 5201 mysterium
3759 5128 3873 5184 Ju-

2216 5198 2411 5271 bilazi,
2445 5197 2545 5267 qui
2593 5197 2653 5271 in
2702 5197 2899 5271 annis,
2931 5198 3376 5270 quinquaginta,
3416 5197 3625 5271 n'etc.,
3684 5215 3868 5271 quem

2216 5276 2274 5324 et
2306 5269 2447 5324 satis
2478 5267 2701 5323 erudite
2730 5267 2981 5324 Huetius
3010 5267 3525 5325 loc’um'edisserit.

2286 5342 2308 5373 ⁴
2336 5340 2482 5393 Huic
2514 5339 2825 5409 Scriptura:
2852 5342 3137 5395 versiculo
3169 5341 3536 5395 substituunt
3560 5343 3679 5395 tres
3712 5357 3863 5399 mss.

2215 5414 2281 5467 Et
2310 5411 2457 5465 dedit
2487 5410 2779 5479 discipulis
2810 5428 2975 5481 panes
3001 5432 3021 5478 ,-
3050 5413 3309 5482 discipuli
3336 5417 3519 5468 autem
3550 5413 3750 5467 turbis.

2285 5482 2444 5555 ‘_Pro
2490 5483 2859 5555 reperiantur,
2906 5500 3032 5555 qua:
3086 5500 3201 5537 una
3251 5500 3385 5539 vera
3433 5482 3604 5547 lectio
3642 5488 3761 5555 est,
3798 5488 3868 5541 ut

2213 5569 2279 5625 ex
2326 5553 2452 5623 ipso
2497 5552 2693 5625 statim
2735 5552 3005 5608 contextu
3046 5555 3367 5625 apparebit,
3402 5554 3602 5610 vitiose
3641 5552 3864 5613 lectum

2214 5624 2498 5677 hactenus
2543 5623 2882 5691 repleantur.
2934 5623 3144 5680 Mirum
3196 5626 3304 5681 hoc
3352 5626 3432 5680 ait
3479 5641 3610 5681 esse
3658 5626 3864 5683 Hiero-

2212 5710 2445 5772 nymus,
2475 5694 2842 5772 quodnpanes
2876 5713 2989 5772 non
3019 5695 3538 5772 invenianturnisi
3570 5698 3860 5772 quinque,

2210 5761 2345 5838 οἷα,
2376 5761 2508 5821 ιαῑιί
2530 5761 2700 5827 facile
2730 5770 2925 5824 autem
2956 5767 3266 5826 duodecim
3296 5766 3553 5843 cophini.
