4182 6622
231 640 652 699 comedentium
684 639 944 696 virorum
976 641 1238 713 quinque
1269 641 1520 698 millium
1554 640 1868 698 multitudo
1897 643 1951 709 Α

230 736 331 788 est.
363 731 623 786 Necdum
675 730 832 786 enim
883 731 1211 787 secundum
1245 731 1485 789 alterius
1540 731 1645 787 loci
1678 748 1875 787 narra-

232 821 440 877 tionem
494 820 566 875 ad
618 819 1011 891 septenarium
1046 838 1358 877 numerum
1406 826 1663 892 venerat,
1698 837 1870 892 quem

229 910 321 981 qui
350 909 687 978 comedunt,
721 915 977 980 quatuor
1007 909 1191 966 millia
1220 915 1377 978 sunt,
1401 911 1592 967 vicina
1623 912 1875 983 Evange-

232 998 434 1054 liorum
467 1014 734 1055 numero.
769 999 1094 1055 Comedunt
1134 1004 1329 1054 autem
1381 999 1641 1072 quinque
1688 998 1875 1055 millia

232 1084 477 1167 virerum
511 1088 609 1159 qui
642 1087 699 1142 in
732 1089 1050 1159 perfectum
1095 1088 1283 1144 virum
1327 1094 1643 1160 creverant,
1677 1094 1734 1145 et
1781 1105 1870 1144 se-

234 1178 559 1250 quebantur
586 1193 744 1247 eum,
779 1178 850 1232 de
881 1194 998 1249 quo
1049 1177 1187 1233 dicit
1217 1177 1525 1234 Zacharias
1559 1195 1571 1233 :
1605 1180 1735 1233 Ecce
1764 1179 1870 1246 vir,

233 1266 419 1323 Oriens
466 1282 663 1321 nomen
703 1270 828 1339 ejus
868 1266 1050 1338 (Zach.
1081 1284 1157 1337 v1,
1194 1268 1300 1338 12).
1335 1266 1605 1323 Mulieres
1653 1270 1872 1334 autem,

127 1349 149 1360 “
226 1362 279 1413 et
306 1355 531 1429 parvuli
562 1356 601 1425 ³,
636 1372 811 1412 sexus
841 1354 1065 1429 fragilis
1097 1361 1154 1411 et
1184 1362 1324 1412 aetas
1371 1355 1585 1425 minor,
1628 1373 1873 1412 numero

228 1443 446 1518 indigni
478 1449 635 1500 sunt.
671 1444 835 1500 Unde
865 1449 919 1500 et
946 1445 1007 1501 in
1036 1444 1426 1501 Numerorum
1460 1444 1873 1516 libro.quoties

223 1524 551 1590 sacerdotes
600 1538 779 1606 atque
826 1534 1049 1601 Levitae,
1102 1538 1161 1589 et
1208 1533 1494 1590 exercitus
1549 1533 1637 1589 vel
1686 1533 1871 1589 turbae

224 1621 610 1696 pugnantium
679 1622 1115 1688 describuntur,
1167 1624 1317 1679 servi
1362 1621 1430 1678 'et
1488 1622 1783 1692 mulieres,
1818 1626 1874 1679 et

223 1711 467 1786 parvuli,
498 1717 556 1768 et
580 1712 790 1785 vulgus
822 1700 1077 1784 ignobile
1105 1712 1327 1785 absque
1356 1730 1599 1769 numero
1640 1717 1871 1786 praeter-

226 1800 498 1858 mittitur.

294 1891 482 1965 (Vers.
513 1890 631 1963 22.)
662 1914 690 1941 ‹‹
724 1892 793 1946 Et
825 1890 1025 1947 statim
1058 1891 1081 1926 ²
1108 1891 1393 1965 compulit
1419 1892 1591 1948 Jesus
1622 1891 1875 1963 discipu-

746 507 1263 570 COMMENTAR.
1311 511 1389 569 IN
1437 504 1885 573 EVANGELIU

2001 508 2377 572 ΜΑΤἸἮᾹΞΙ
2422 513 2568 573 LIB.
2614 513 2693 577 ΙΙ.
2742 514 2913 575 CAP.
2961 515 3121 576 XIV.

3513 504 3631 579 ωδ

1983 646 2237 699 extrema
2286 648 2446 716 parte
2496 644 2684 701 noctis
2712 646 2752 713 ³,
2788 647 2963 717 atque
3010 644 3071 701 in
3123 648 3632 708 consummatione

1983 732 2189 787 mundi
2222 732 2305 788 eis
2337 733 2621 789 auxilium
2653 720 3059 806 praebiturum.

2055 821 2239 887 (Vers.
2272 822 2388 893 26.)
2423 844 2449 872 ‹‹
2482 827 2547 876 Et
2588 821 2849 878 videntes
2897 839 3033 879 eum
3077 816 3257 897 supra
3303 843 3461 882 mare
3508 824 3633 883 am-

1984 909 2305 977 bulantem,
2339 911 2557 967 turbati
2590 916 2753 980 sunt,
2778 912 3035 968 dicentes
3069 930 3082 969 :
3116 914 3255 986 quia
3284 914 3637 987 phantasma

1984 1002 2091 1053 est.
2117 1020 2144 1047 ι)
2176 999 2233 1054 Si
2258 1000 2429 1070 juxta
2457 1000 2810 1056 Marcionem
2832 1005 2889 1057 et
2919 1000 3321 1072 Manichaeum,
3347 998 3636 1062 Dominus

1984 1092 2184 1144 noster
2213 1105 2326 1143 non
2359 1093 2449 1144 est
2478 1092 2651 1145 natus
2682 1107 2751 1145 ex
2771 1086 3029 1162 Virgine,
3055 1091 3155 1146 sed
3177 1091 3340 1147 visus
3370 1092 3429 1147 i'n
3453 1090 3638 1166 plian-

1983 1176 2234 1232 tasmate
2266 1193 2279 1231 :
2314 1179 2609 1249 quomodo
2641 1195 2797 1234 nunc
2829 1178 3075 1253 apostoli
3108 1170 3635 1255 tim‘ent'ne'ph‘a’n-

1982 1268 2175 1321 tasma
2224 1264 2493 1321 videant?
2540 1289 2568 1317 «
2604 1266 2688 1322 'Et
2733 1284 2848 1340 prae
2897 1264 3106 1325 timore
3148 1268 3628 1325 clamaveruntj

1983 1354 2275 1411 Confusus
2305 1356 2526 1411 clamor
2553 1364 2607 1412 et
2626 1357 2857 1412 incerta
2896 1359 3023 1429 vex,
3056 1350 3256 1431 magni
3287 1354 3635 1416 tiin‘o'x‘is'in-

1983 1441 2202 1497 dicium
2235 1447 2342 1498 est.

2053 1530 2238 1601 (Vers.
2270 1532 2385 1602 27.)
2434 1551 2455 1579 α
2506 1532 2837 1605 Statimque
2883 1536 3053 1590 Iesus
3100 1533 3344 1592 locutus
3374 1541 3482 1592 'e‘st
3512 1532 3635 1608 ’els,

1983 1618 2181 1676 dicens
2215 1636 2229 1675 :
2265 1620 2480 1676 Habete
2504 1620 2803 1688 fiduciam,
2836 1638 2941 1694 ego
2973 1639 3128 1693 sum,
3162 1623 3340 1680 nolite
3358 1625 3629 1682 timere:-

1983 1709 2147 1775 Quod
2180 1709 2436 1782 primum
2470 1711 2814 1766 versabatur
2862 1711 2921 1765 in
2972 1728 3171 1781 causa,
3200 1712 3315 1769 hoc
3345 1710 3531 1783 curat,
3562 1718 3639 1771 "et

1981 1798 2327 1856 timentibus
2359 1799 2639 1873 praecipit,
2673 1800 2873 1857 dicens
2906 1816 2920 1857 :
2955 1802 3154 1858 Habete
3194 1800 3478 1874 ﬁduciam,
3530 1806 3635 1860 ηὐ-

1984 1890 2079 1944 lite
2106 1890 2321 1945 timere.
2358 1912 2380 1940 ι
2418 1890 2487 1944 Et
2517 1890 2671 1961 quod
2705 1889 2992 1963 sequitur,
3015 1893 3136 1962 Ego
3163 1908 3308 1962 sum,
3341 1908 3448 1949 nec
3496 1892 3636 1961 sub-

224 1976 311 2037 los
343 1997 487 2038 suos
518 1980 831 2037 ascendere
852 1981 911 2036 in
935 1980 1290 2050 naviculum,
1311 1985 1367 2037 et
1389 1982 1707 2054 praecedere
1737 1998 1872 2037 eum
1906 2012 1952 2081 Β
1978 1985 2178 2059 jungit
2207 1984 2341 2059 quis
2371 1987 2468 2052 sit,
2502 1986 2588 2043 vel
2620 2003 2688 2043 ex
2720 2005 2857 2044 voce
2889 1988 3001 2045 sibi
3037 1992 3175 2046 nota
3203 1984 3636 2063 poterant'eum

223 2079 381 2127 trans
433 2071 669 2138 fretum,
716 2070 899 2126 donec
947 2069 1270 2126 dimitteret
1316 2071 1545 2127 turbas.
1610 2093 1639 2121 »
1687 2070 1873 2126 Disci-

220 2159 375 2233 pulis
425 2158 700 2232 praecepit
744 2159 1144 2227 transfretare,
1177 2163 1233 2215 et
1263 2159 1550 2233 compulit
1580 2164 1644 2215 ut
1674 2176 1875 2215 ascen-

221 2250 430 2306 derent
460 2247 790 2305 naviculam
822 2265 834 2303 :
871 2265 986 2320 quo
1020 2265 1287 2305 sermone
1312 2250 1646 2305 ostenditur
1666 2249 1877 2305 invitos

216 2356 316 2397 eos
346 2356 383 2394 a
411 2337 662 2393 Domine
690 2342 1003 2394 recessisse
1038 2356 1051 2393 :
1086 2338 1228 2393 dum
1265 2355 1463 2394 amore
1506 2337 1878 2410 praeceptoris

219 2446 291 2485 ne
322 2431 619 2501 punctum
652 2428 888 2499 quidem
921 2428 1203 2500 temporis
1244 2429 1316 2484 ab
1365 2444 1432 2484 eo
1479 2426 1682 2484 volunt
1712 2443 1876 2500 sepa-

215 2518 356 2576 rari.

290 2607 488 2681 (Vers.
515 2607 629 2680 23.)
665 2631 685 2657 ι
720 2607 786 2662 Et
813 2607 1063 2663 dimissa
1090 2606 1284 2678 turba,
1319 2606 1582 2662 ascendit
1611 2606 1671 2661 in
1713 2623 1878 2663 mon-

219 2703 339 2754 tem
375 2695 544 2753 solus
574 2712 759 2752 orare.
801 2694 1053 2767 Vespere
1099 2692 1295 2750 autem
1346 2694 1495 2749 facto
1546 2693 1706 2750 solus
1758 2696 1883 2749 erat

220 2786 326 2843 ibi.
366 2808 395 2838 »
426 2784 491 2842 Si
522 2784 772 2841 fuissent
793 2781 929 2840 cum
962 2801 1027 2840 eo
1061 2781 1335 2855 discipuli
1366 2783 1589 2850 Petrus,
1625 2786 1681 2838 et
1715 2783 1879 2838 Jaco-

190 2877 355 2947 'bus,
392 2880 455 2931 et
483 2873 739 2930 Joannes
769 2873 870 2946 qui
898 2872 1165 2929 viderant
1194 2871 1438 2945 gloriam
1475 2870 1882 2927 transformari

218 2956 447 3038 (Matth.
500 2980 637 3031 xvn,
693 2964 831 3034 1-5),
864 2960 1104 3018 forsitan
1158 2961 1566 3017 ascendissent
1610 2960 1666 3014 in
1724 2975 1886 3014 mon-

213 3058 339 3110 tem
409 3069 552 3109 cum
600 3069 700 3120 eo;
753 3050 853 3107 sed
905 3051 1081 3106 turba
1122 3050 1193 3106 ad
1247 3049 1526 3106 sublimia
1556 3047 1722 3121 sequi
1766 3064 1881 3104 non

214 3147 442 3216 potest,
496 3140 612 3197 nisi
670 3140 935 3197 docuerit
986 3156 1113 3196 eam
1155 3141 1327 3211 juxta
1375 3155 1536 3194 mare
1582 3138 1643 3193 in
1691 3136 1884 3193 littore

209 3237 269 3289 et
310 3230 540 3288 aluerit
567 3231 627 3285 in
659 3231 906 3286 deserto.
957 3229 1118 3296 Quod
1169 3230 1365 3284 autem
1416 3227 1676 3284 ascendit
1721 3227 1883 3284 solus

211 3338 411 3391 orare,
450 3336 571 3376 non
602 3321 673 3374 ad
706 3335 840 3374 eum
872 3317 1088 3374 referas
1111 3318 1210 3391 qui
1242 3318 1312 3373 de
1342 3317 1601 3390 quinque
1630 3315 1883 3388 panibus

206 3389 495 3483 quinque
526 3406 712 3464 millia
742 3404 1023 3463 saturavit
1074 3389 1405 3477 hominum,
1445 3406 1698 3476 exceptis
1749 3421 1880 3476 par-
1914 3389 1956 3456 C

205 3501 372 3556 vulis
406 3504 475 3556 et
508 3497 887 3563 mulieribus;
929 3496 1031 3552 sed
1054 3496 1124 3550 ad
1149 3512 1283 3551 eum
1316 3496 1439 3567 qui,
1466 3495 1667 3549 audita
1696 3499 1883 3550 morte

202 3590 499 3656 Joannis,
533 3588 777 3642 secessit
806 3586 864 3640 in
897 3584 1295 3651 solitudinem,
1330 3601 1446 3639 non
1479 3584 1635 3655 quod
1685 3599 1881 3655 perso-

204 3696 355 3735 nam
392 3676 640 3734 Domini
671 3691 1031 3748 separemus,
1067 3674 1167 3729 sed
1199 3675 1355 3746 quod
1379 3689 1553 3746 Opera
1582 3673 1707 3743 ejus
1736 3672 1887 3727 inter

200 3769 408 3825 Deum
446 3772 509 3822 et
539 3765 839 3821 hominem
872 3764 1057 3819 divisa
1087 3763 1224 3819 sint.

281 3858 453 3913 107
494 3854 677 3928 (Vers.
711 3854 827 3925 24.)
859 3876 886 3904 ‹‹
919 3852 1195 3909 Navicula
1222 3857 1417 3909 autem
1445 3852 1504 3907 in
1537 3852 1729 3908 medio
1761 3869 1885 3908 ma-

200 3948 252 4003 ri
279 3946 651 4021 jactabatur
679 3944 956 3999 ﬂuctibus
988 3946 1003 3999 ἐ
1037 3947 1161 3998 erat
1189 3943 1345 3998 enim
1378 3941 1705 3998 contrarius
1742 3959 1886 3997 ven-

198 4041 331 4093 tus.
374 4059 407 4086 »
444 4032 627 4090 Recte
657 4033 827 4105 quasi
853 4031 1038 4101 inviti,
1081 4037 1137 4087 et
1166 4038 1546 4088 retractantes
1578 4030 1821 4105 apostoli
1855 4048 1889 4086 a

197 4125 487 4183 Domino
549 4124 931 4189 recesserant,
976 4138 1048 4177 ne
1104 4121 1204 4177 illo
1262 4122 1523 4187 absente,
1582 4119 1888 4193 naufragia

198 4214 622 4272 sustinerent.
669 4211 928 4284 Denique
969 4211 1216 4267 Domino
1247 4212 1306 4266 in
1338 4212 1554 4267 montis
1584 4211 1888 4267 cacumine

194 4305 663 4368 commorante,
710 4301 907 4355 statim
957 4305 1165 4380 v.entus
1215 4301 1547 4357 contrarius
1593 4300 1799 4368 oritur,
1830 4305 1889 4356 et

191 4394 426 4450 turbat
486 4404 673 4457 mare,
712 4392 770 4445 et
809 4388 1214 4461 periclitantur
1249 4388 1518 4461 apostoli,
1568 4394 1625 4446 et
1682 4389 1888 4445 tandiu

191 4482 562 4540 imminens
593 4477 964 4553 naufragium
1013 4482 1362 4552 perseverat,
1409 4477 1671 4551 quandiu
1716 4478 1888 4535 Jesus

322 4573 439 4627 iat.

268 4589 439 4629 mat.

186 4591 502 4735 ve(Vers.
536 4659 659 4727 25.)
695 4679 722 4711 α
752 4660 968 4724 Quarta
1013 4662 1208 4714 autem
1257 4656 1459 4731 vigilia
1499 4657 1687 4713 noctis
1735 4653 1892 4713 Venit

1986 2075 2331 2148 intelligere,
2382 2076 2482 2148 qui
2534 2093 2638 2149 per
2685 2077 2945 2134 obscurae
2980 2076 3193 2135 'noctis‘
3232 2076 3505 2135 tenebras
3554 2077 3637 2154 lo-

1985 2163 2293 2236 quebatur,
2325 2164 2413 2219 vel
2444 2165 2643 2238 ipsum
2675 2183 2802 2223 esse
2833 2164 3193 2240 repetebant,
3218 2241 3223 2247 η
3244 2168 3421 2241 quem
3472 2160 3634 2224 locu-

1985 2257 2112 2309 tum
2158 2253 2232 2309 ad
2263 2254 2498 2327 Moysen
2532 2260 2812 2312 noverant
2844 2272 2858 2313 :
2887 2257 3011 2312 Hac
3036 2255 3181 2313 dices
3216 2252 3362 2327 ﬁliis
3398 2257 3586 2314 'Israel
3616 2274 3636 2312 :

1989 2343 2093 2412 Qui
2118 2346 2217 2410 est,
2243 2344 2394 2399 misit
2425 2361 2506 2400 me
2535 2344 2606 2399 ad
2636 2361 2727 2400 vos
2757 2344 2949 2418 (Exod.
2984 2363 3070 2413 ιιι,
3106 2346 3214 2418 14).

2060 2431 2240 2503 (Vers.
2298 2433 2388 2501 28,
2444 2431 2563 2505 29.)
2622 2456 2649 2484 ‹‹
2710 2433 3089 2507 Respondeas
3146 2434 3344 2491 autem
3408 2424 3639 2504 Petrus,

1989 2520 2136 2576 dixit
2167 2538 2180 2576 :
2214 2521 2481 2588 Domine,
2514 2522 2563 2578 si
2594 2526 2656 2578 tu
2687 2538 2771 2592 es,
2795 2524 2944 2596 jube
2982 2539 3076 2579 me
3121 2523 3319 2581 venire
3350 2525 3422 2580 ad
3453 2527 3509 2580 te
3540 2530 3640 2580 eu-

1990 2625 2094 2682 per
2123 2627 2325 2683 aquas.
2360 2612 2431 2665 At
2459 2609 2586 2683 ipse
2619 2611 2701 2667 ait
2736 2628 2748 2665 :
2781 2610 2949 2681 Veni,
3003 2635 3031 2661 ››
3073 2612 3136 2667 In
3167 2604 3445 2669 omnibus
3492 2611 3642 2669 lacis

1991 2698 2421 2757 ardentissimae
2469 2700 2604 2756 ﬁdei
2650 2699 2946 2757 invenitur
2987 2698 3212 2758 Petrus.
3254 2690 3645 2775 'Interrog‘ati‘s

1991 2786 2498 2861 discipulis,quem
2511 2787 2780 2845 homines
2796 2789 3058 2845 dicerent
3075 2789 3276 2847 Jesum
3298 2788 3400 2846 Dei
3428 2788 3640 2846 Filium

1992 2876 2320 2934 confitetur.
2347 2875 2650 2934 Volentem
2701 2878 2773 2933 ad
2816 2877 3151 2950 passionem
3188 2876 3455 2952 pergere,
3506 2880 3640 2950 pro-

1992 2965 2154 3021 hibet
2181 2984 2194 3022 :
2227 2970 2286 3022 et
2310 2965 2447 3022 licet
2475 2966 2705 3022 erretin
2738 2972 2935 3035 sensu,
2968 2970 3165 3024 tamen
3214 2983 3332 3023 non
3380 2971 3533 3024 errat
3564 2966 3641 3022 in

1992 3056 2200 3111 affectu
2236 3072 2249 3111 :
2284 3054 2489 3112 nolens
2547 3072 2683 3112 eum
2728 3056 2897 3123 mori,
2931 3073 3107 3129 quem
3139 3054 3352 3112 Filium
3376 3054 3488 3113 'Dei
3521 3054 3639 3112 fue-

1992 3148 2084 3199 rat
2131 3142 2304 3214 paulo
2352 3148 2485 3199 ante
2533 3143 2856 3199 confessus.
2891 3144 2953 3198 In
2986 3148 3246 3201 montem
3277 3154 3410 3199 cum
3441 3141 3641 3199 Salva-

1992 3235 2113 3289 tore
2168 3233 2321 3289 inter
2378 3233 2599 3305 primos
2656 3233 2883 3305 primus
2938 3233 3222 3301 ascendit,
3281 3237 3339 3288 et
3392 3232 3453 3287 in
3510 3232 3641 3305 pas-

1993 3324 2157 3378 sione
2206 3324 2368 3378 solus
2426 3322 2712 3394 sequitur,
2766 3320 2918 3377 108
2963 3327 3265 3395 peccatum
3311 3320 3640 3394 negationis

1994 3412 2150 3482 quod
2210 3427 2279 3467 ex
2336 3412 2641 3483 repentino
2719 3410 2927 3467 timore
2984 3411 3367 3468 descenderat
3422 3404 3641 3466 amaris

1993 3501 2191 3557 statim
2226 3500 2410 3556 abluit
2440 3499 2733 3572 lacrymis.
2770 3500 2904 3556 Post
2932 3501 2953 3533 ³
2984 3500 3317 3573 passionem
3367 3504 3531 3555 cum’
3552 3515 3643 3553 es-

1994 3595 2126 3646 sent
2172 3590 2230 3643 in
2281 3588 2411 3644 lacu
2457 3587 2836 3657 Geuesareth,
2885 3593 2942 3644 et
2990 3589 3378 3660 piscarentur,
3428 3592 3487 3642 et
3533 3591 3639 3642 Do-

1997 3679 2194 3734 minus
2224 3684 2406 3734 staret
2430 3678 2487 3733 in
2509 3676 2722 3745 littore,
2748 3676 2877 3732 aliis
2899 3676 3181 3749 paulatim
3205 3675 3641 3750 navigantibus,

1995 3768 2093 3824 ille
2120 3786 2233 3824 non
2268 3770 2488 3839 patitur
2518 3784 2734 3839 moras,
2757 3768 2855 3823 sed
2883 3766 3178 3823 accinctus
3209 3760 3641 3838 ependyte’suo,

1994 3857 2194 3913 statim
2226 3856 2623 3929 praecipitatur
2668 3857 2727 3911 in
2778 3856 2993 3912 fluctus
3038 3844 3217 3925 (Joan.
3260 3870 3377 3920 xxx,
3424 3853 3503 3925 7).
3532 3851 3644 3909 Eo-

1995 3948 2127 4002 dem
2156 3945 2336 4019 igitur
2365 3946 2499 4001 ﬁdei
2532 3946 2735 4001 ardore
2770 3962 2885 4017 quo
2917 3960 3168 4017 semper,
3202 3959 3358 3999 nunc
3387 3957 3644 4015 quoque,

1995 4035 2218 4091 caeteris
2264 4034 2614 4102 tacentibus,
2645 4034 2827 4089 credit
2858 4050 2921 4089 se
2947 4048 3127 4105 posse.
3165 4034 3350 4088 facere
3397 4028 3501 4103 per
3545 4042 3645 4087 vo-

1994 4125 2285 4180 luntatem
2314 4122 2601 4195 magistri,
2636 4121 2790 4194 quod
2822 4120 2920 4177 ille
2949 4125 3178 4193 poterat
3205 4137 3308 4192 per
3343 4124 3641 4175 naturam.

1993 4214 2128 4271 lube
2166 4229 2253 4268 me
2299 4212 2491 4267 venire
2538 4210 2609 4266 ad
2659 4218 2710 4266 te
2754 4226 2921 4282 super
2947 4225 3136 4280 aquas,
3168 4206 3255 4263 Tu
3290 4207 3557 4280 pracipe,
3587 4210 3645 4262 et

1994 4303 2148 4359 illico
2179 4301 2591 4359 solidabuntur
2617 4300 2788 4357 undae
2823 4316 2837 4356 :
2870 4303 2928 4355 et
2954 4297 3077 4354 leve
3107 4298 3204 4354 liet
3230 4310 3444 4367 corpus
3482 4295 3641 4367 quod

1996 4411 2099 4467 per
2122 4409 2183 4449 se
2214 4396 2386 4465 grave
2411 4395 2517 4446 est.
2555 4412 2583 4441 ‹‹
2614 4392 2685 4446 Et
2712 4389 3072 4445 descendens
3113 4387 3315 4443 Petrus
3362 4382 3433 4441 de
3481 4384 3643 4439 navi-

1997 4482 2149 4550 cula,
2179 4478 2518 4537 ambulabat
2561 4495 2739 4553 super
2786 4493 3020 4550 aquam,
3071 4480 3137 4531 ut
3180 4472 3402 4531 veniret
3439 4474 3510 4529 ad
3557 4473 3647 4529 Je-

1998 4588 2153 4633 sum.
2185 4594 2206 4623 ι
2242 4569 2349 4635 Qui
2380 4573 2589 4642 putant
2639 4566 2869 4625 Domini
2911 4583 3124 4640 corpus
3171 4565 3299 4621 ideo
3347 4580 3465 4620 non
3502 4558 3647 4620 esse

1998 4676 2224 4729 verum,
2258 4659 2399 4731 quia
2427 4675 2604 4731 super
2635 4656 2839 4714 molles
2870 4672 3075 4728 aquas,
3109 4653 3283 4711 molle
3311 4656 3370 4710 et
3411 4668 3647 4709 aereum

188 4752 271 4807 ad
323 4756 443 4805 eos
503 4745 820 4803 ambulans
850 4762 1029 4819 supra
1059 4764 1240 4803 mare.
1277 4770 1305 4797 »
1338 4747 1631 4803 Stationes
1662 4751 1719 4803 et
1745 4746 1890 4819 vigi-
1923 4758 1971 4824 1)
2002 4749 2326 4816 incesserit,
2362 4748 2758 4820 respondeant
2792 4746 3086 4821 quomodo
3129 4741 3516 4801 ambulaverit
3545 4742 3649 4798 Pe-

188 4840 293 4896 liae
326 4836 647 4894 militares
678 4836 737 4892 in
768 4839 936 4893 terna
964 4835 1244 4892 horarum
1293 4837 1482 4909 spatia
1530 4835 1889 4892 dividuntur.

187 4929 481 4996 Quando
520 4940 656 4998 ergo
688 4924 849 4993 dicit,
883 4930 1093 4998 quarta
1120 4925 1320 4998 vigilia
1347 4925 1536 4982 noctis
1562 4925 1791 4981 venisse
1822 4925 1891 4981 ad

186 5036 303 5076 eos
361 5013 698 5082 Dominus,
744 5014 1002 5070 ostendit
1045 5018 1166 5071 tota
1212 5019 1379 5071 nocte
1429 5013 1807 5087 periclitatos,
1840 5018 1898 5071 et

271 5200 288 5234 ί
328 5197 403 5254 Id
444 5195 659 5268 ipsum
689 5193 996 5268 transtulit
1039 5194 1528 5268 exUAdamantio,
1561 5196 1730 5268 cujus
1764 5212 1893 5252 sen-

182 5266 497 5335 tentiam'
557 5266 711 5337 quod
768 5267 944 5339 paulo
1003 5266 1277 5339 prolixior
1306 5267 1404 5333 sit,
1438 5266 1895 5323 Latine'tantum

179 5340 669 5411 laudabimus;
703 5361 729 5411 ε
766 5339 929 5395 Dicat
954 5339 1408 5411 autemaliquis,
1432 5356 1566 5411 cum
1600 5339 1769 5394 multi
1794 5356 1898 5410 pro

180 5415 430 5473 merito
496 5414 562 5466 et
609 5407 829 5465 viribus
877 5407 1362 5476 comederintfet
1416 5410 1724 5482 participes
1765 5407 1896 5466 l‘acti

178 5488 443 5544 fuerint
481 5497 715 5556 panum
742 5481 1185 5556 benedictionis,
1220 5499 1318 5556 eos
1342 5482 1441 5556 qui
1475 5481 1717 5538 numero
1739 5483 1900 5556 digni

178 5564 399 5626 erant,
438 5554 958 5627 quemadmodum
996 5554 1033 5608 ii
1068 5555 1167 5627 qui
1200 5554 1621 5627 vigintiannos
1666 5554 1898 5610 natiiin

179 5632 355 5687 libro
416 5625 838 5683 Numerorum
898 5626 1123 5681 recensi
1177 5631 1337 5690 sunt,
1400 5625 1691 5683 lsraclitas
1748 5628 1900 5682 viros

178 5702 397 5759 fuisse
439 5715 458 5755 :
504 5696 615 5769 qui
643 5712 777 5751 vero
830 5696 994 5771 digni
1047 5714 1163 5754 non
1212 5702 1398 5769 erant,
1453 5715 1705 5771 quorum
1738 5704 1903 5755 tanta

177 5775 358 5832 ratio
396 5777 468 5829 et
507 5766 802 5824 numerus
852 5766 1189 5840 haberetur,
1220 5766 1431 5844 pueros
1470 5766 1664 5829 'fuisse
1717 5775 1775 5829 et
1820 5772 1901 5829 fe-

177 5848 435 5906 minas.
479 5863 519 5894 »

519 5968 796 6034 PATROL.
840 5968 1051 6036 XXVI.

2005 4844 2152 4909 trus,
2184 4854 2357 4911 quem
2391 4837 2593 4909 utique
2625 4851 2824 4892 verum
2855 4833 3152 4891 hominem
3182 4848 3298 4889 non
3322 4830 3649 4905 negabunt.

2075 4927 2260 5001 (Vers.
2318 4928 2432 4998 30.)
2488 4948 2516 4981 α
2562 4924 2782 4981 Videns
2847 4940 2983 4980 vero
3054 4926 3292 5001 ventum
3366 4918 3651 4991 validum,

2005 5018 2225 5074 timuit.
2258 5017 2326 5073 Et
2354 5032 2487 5072 cum
2520 5014 2790 5087 coepisset
2822 5012 3029 5087 mergi,
3062 5009 3359 5080 clamavit,
3398 5009 3600 5067 dicens
3631 5024 3647 5064 :

2077 5199 2097 5233 ³
2126 5194 2346 5252 Vocula
2374 5195 2559 5251 statim
2587 5193 2648 5249 in
2679 5190 2897 5249 nostris
2924 5207 3068 5248 mss.
3102 5188 3469 5265 desideratur
3514 5188 3654 5265 Por-

2008 5286 2070 5325 ro
2128 5269 2278 5324 sacri
2338 5272 2527 5322 textus
2585 5264 3125 5337 interpretationem
3176 5261 3272 5317 hic
3322 5261 3555 5333 quoque
3591 5256 3650 5309 8.

2006 5341 2217 5398 Doctor
2245 5356 2313 5395 ex
2340 5338 2688 5394 Adamantio
2714 5336 3008 5393 delibavit.

2079 5414 2100 5445 3
2129 5412 2369 5476 Vict0r.,
2392 5414 2442 5466 et
2472 5415 2715 5465 extremo
2743 5412 2941 5464 noctis.

2080 5485 2101 5518 ‘
2132 5484 2293 5539 Unus
2324 5474 2596 5553 Palatia,
2643 5481 2735 5537 vel
2780 5483 2959 5553 ipsum
3003 5479 3149 5553 scire
3190 5474 3463 5553 paternae,
3492 5482 3657 5553 quem

2012 5557 2267 5629 locutum,
2302 5559 2421 5629 etc.“
2442 5541 2698 5629 Rursum
2733 5541 2834 5626 prb
2865 5541 3201 5629 repetebant,
3231 5542 3371 5598 olim
3397 5541 3656 5629 Vulgati,

2010 5619 2355 5699 reputabant.
2392 5624 2711 5682 Rhabanus
2733 5619 2999 5697 quoque,
3042 5619 3123 5674 vel
3168 5619 3345 5688 ipsum
3375 5626 3485 5673 esse
3516 5619 3664 5673 scire

2006 5702 2285 5773 poterant.

2083 5772 2103 5807 ⁵
2130 5768 2425 5847 Praeponit
2452 5767 2611 5824 idem
2643 5782 2756 5824 ms.
2789 5763 3014 5826 Deinde.
