4182 6650
549 452 662 511 10⁸7
1790 450 1854 509 S.
1903 448 2164 511 EUSEBT

2278 449 2703 512 EIIERONYMI
3829 450 3956 513 108

546 582 808 651 Domine,
862 580 1093 638 salvum
1141 598 1234 638 me
1284 582 1454 637 fac.»
1488 581 1743 637 Ardebat
1788 581 1969 638 animi
2018 582 2183 650 fides,
2214 584 2267 650 Α
2297 580 2477 649 illius,
2512 582 2801 638 miserunt
2844 583 2903 638 in
2953 582 3286 639 universam
3341 582 3633 654 regionem
3681 582 3867 640 illam.
3915 606 3951 634 η

543 672 645 729 sed
683 670 948 727 humana
995 669 1283 743 fragilitas
1335 671 1396 724 in
1448 669 1805 742 profundum
1852 669 2119 726 trahebat
2168 686 2181 724 :

541 758 851 833 paululum
880 775 1017 832 ergo
1048 759 1401 831 relinquitur
1429 758 1759 824 tentationi,
1792 762 1856 813 ut
1902 762 2187 831 augeatur

545 850 713 923 ﬁdes,
741 854 798 906 et
839 848 1109 919 intelligit
1153 865 1215 905 se
1262 866 1378 904 non
1429 847 1705 904 facilitate
1752 846 2184 921 postulationis,

544 938 644 995 sed
676 938 935 1010 potentia
964 936 1194 994 Domini
1224 941 1653 993 conservatum.

614 1027 797 1099 (Vers.
858 1028 947 1095 31,
1007 1027 1120 1099 32.)
1169 1047 1190 1077 ι
1244 1024 1310 1081 Et
1339 1026 1612 1082 continuo
1649 1025 1821 1081 Jesus
1867 1026 2184 1081 extendens

549 1133 813 1185 manum,
840 1115 1226 1189 apprehendit
1253 1120 1481 1184 eum,et
1510 1115 1591 1170 ait
1618 1113 1700 1168 illi
1728 1130 1740 1168 :
1768 1114 2004 1169 Modica:
2026 1113 2181 1178 ﬁdei,

546 1222 726 1278 quare
755 1206 1075 1263 dubitasti?
1108 1206 1173 1260 Et
1202 1221 1337 1261 cum
1368 1202 1729 1259 ascendisset
1750 1202 1808 1257 in
1832 1201 2179 1273 naviculam,

542 1295 791 1352 cessavit
820 1299 1046 1351 ventus.
1084 1315 1112 1344 ››
1140 1294 1195 1348 Si
1228 1292 1487 1365 apostolo
1532 1293 1719 1359 Petro,
1753 1292 1822 1347 de
1851 1293 2024 1362 cujus
2067 1291 2182 1346 ﬁde

537 1389 594 1440 et
622 1386 827 1440 ardore
865 1382 1077 1439 mentis
1124 1399 1303 1454 supra
1351 1381 1630 1450 diximus,
1680 1380 1780 1452 qui
1824 1380 2183 1437 confidenter

535 1477 835 1545 rogaverat
889 1471 1265 1537 Salvatorem,
1319 1469 1566 1525 dicens:
1605 1472 1859 1536 Domine,
1911 1471 1961 1523 si
2006 1477 2063 1523 tu
2104 1484 2178 1532 es,

525 1561 658 1632 jube
684 1577 773 1617 me
801 1562 986 1617 venire
1028 1561 1098 1615 ad
1146 1570 1197 1615 te
1241 1574 1406 1630 super
1450 1574 1643 1628 aquas,
1692 1557 1833 1629 quia
1872 1555 2179 1628 paululum

534 1651 753 1721 timuit,
802 1650 1018 1705 dicitur
1076 1665 1090 1703 :
1149 1647 1373 1703 Modica:
1435 1648 1588 1717 ﬁdei,
1656 1662 1824 1718 quare
1881 1646 2183 1700 dubitasti?

534 1739 679 1810 quid
711 1737 880 1794 nobis
910 1737 1224 1792 dicendum
1256 1740 1363 1804 est,
1397 1736 1497 1806 qui
1527 1736 1706 1806 hujus
1738 1735 1975 1790 modicae
2021 1733 2177 1802 ﬁdei,

537 1843 641 1882 nec
673 1827 981 1882 minimam
1008 1826 1244 1898 quidem
1272 1825 1559 1881 habemus
1590 1823 2065 1897 portiunculam?

608 1916 795 1987 (Vere.
826 1916 938 1985 33.)
976 1936 1003 1968 α
1033 1916 1141 1980 Qui
1187 1918 1383 1970 autem
1438 1914 1496 1970 in
1547 1913 1817 1969 navicula
1857 1917 2178 2022 erant,‘ve-
2206 1955 2255 2022 Β

533 2010 749 2062 nerunt
777 2010 833 2061 et
862 2006 1250 2061 adoraverunt
1280 2021 1435 2073 eum,
1470 2004 1726 2059 dicentes
1760 2021 1772 2058 :
1806 2003 1945 2058 Vere
1994 2001 2176 2057 Filius

446 2132 449 2135 ‹
536 2095 637 2151 Dei
684 2111 766 2151 es.
821 2118 842 2148 ι
893 2096 978 2150 Ad
1028 2110 1213 2150 unum
1260 2094 1498 2166 signum
1539 2091 1963 2164 tranquillitate
1995 2091 2173 2147 maris

532 2185 779 2253 reddita,
832 2201 959 2257 qua:
1005 2187 1137 2256 post
1185 2182 1398 2239 nimias
1447 2181 1730 2255 procellas
1782 2182 2076 2237 interdum
2119 2184 2175 2236 et

527 2291 667 2331 casu
700 2274 822 2330 ﬁeri
853 2273 1019 2339 solet,
1052 2277 1241 2328 nautae
1274 2276 1449 2344 atque
1477 2276 1734 2327 vectores
1780 2288 1913 2327 vere
1959 2269 2171 2325 Filium

527 2363 631 2420 Dei
661 2362 1032 2430 conﬁtentur,
1066 2366 1124 2418 et
1152 2360 1323 2417 Arius
1352 2361 1412 2417 in
1441 2360 1698 2416 Ecclesia
1719 2359 1993 2432 praedicat
2012 2374 2171 2415 crea-

527 2456 751 2507 turam.

597 2541 782 2611 (Vers.
817 2540 930 2612 34.)
957 2562 986 2591 ‹‹
1017 2540 1083 2596 Et
1115 2555 1247 2595 cum
1278 2538 1734 2605 transfretasset,
1781 2541 2067 2593 venerunt
2112 2536 2171 2591 in

527 2631 680 2687 100
709 2634 925 2687 terram
965 2628 1339 2687 Genesareth.
1394 2649 1423 2679 »
1476 2628 1533 2681 Si
1579 2626 1865 2683 sciremus
1913 2626 2054 2698 quid
2111 2626 2170 2681 in

529 2724 731 2777 nostra
777 2719 979 2792 lingua
1026 2721 1324 2775 resonaret
1371 2716 1725 2773 Genesareth
1756 2717 1796 2787 ⁵,
1827 2715 2172 2787 intelligere-

526 2826 661 2867 mus
691 2810 983 2883 quomodo
1011 2808 1044 2864 J
1052 2824 1187 2864 esus
1209 2823 1312 2880 per
1340 2811 1543 2878 typum
1572 2805 1969 2879 apostolorum
1993 2809 2049 2860 et
2072 2820 2171 2860 na-

521 2899 630 2968 vis,
662 2898 979 2956 Ecclesiam
1024 2898 1095 2953 de
1142 2895 1563 2969 persecutionis
1621 2894 1924 2967 naufragio
1958 2893 2168 2949 libera-

523 2992 647 3044 tam
670 2987 1014 3044 transducat
1043 2987 1116 3043 ad
1148 2985 1334 3051 littus,
1368 2988 1424 3039 et
1453 2984 1510 3039 in
1535 2982 2021 3054 tranquillissimo
2044 2998 2171 3054 por-

528 3080 592 3132 tu
625 3075 798 3133 faciat
825 3076 1208 3147 requiescere.

593 3164 779 3237 (Vers.
814 3164 928 3235 35.)
960 3185 990 3215 ‹‹
1020 3164 1086 3219 Et
1114 3179 1248 3219 cum
1275 3162 1685 3235 cognovissent
1712 3176 1846 3216 eum
1896 3160 2005 3215 viri
2053 3159 2165 3216 loci

595 3274 611 3306 ί
647 3272 905 3341 Frustra,
939 3287 1116 3343 quam
1148 3269 1397 3343 nesciret
1442 3268 1588 3343 ipse.
1627 3266 2164 3343 interpretationem

525 3338 899 3416 Hieronymo
932 3338 1424 3416 suggeruntejus
1465 3338 1744 3416 editores,
1784 3338 2078 3394 ’Victorius
2110 3343 2166 3416 et

520 3411 922 3483 Martianaeus;
957 3411 1143 3485 neque
1191 3411 1346 3467 enim
1390 3412 1448 3485 S.
1511 3411 1677 3485 Pater
1727 3428 1896 3485 suam
1937 3411 2168 3485 proprie

520 3482 915 3560 ignorantiam
944 3482 1268 3560 proﬁtetur,
1303 3484 1402 3539 sed
1422 3500 1629 3560 _quam_
1663 3484 1727 3560 in_
1767 3482 1923 3560 hunc
1971 3482 2164 3560 locum

518 3554 796 3632 Qrigenes
834 3554 1192 3632 sententiam
1240 3554 1581 3632 contulerat.
1607 3554 1807 3632 _Latine
1830 3556 1900 3632 ad
1923 3555 2165 3632 verbum

523 3624 756 3687 refudit.
794 3632 858 3701 In
888 3630 1083 3701 Graeco
1127 3634 1252 3701 erat
1284 3644 1297 3684 :
1328 3624 1555 3701 ἮλθονΔ
1578 3625 1682 3701 εἰς,
1703 3631 1804 3701 γῆν
1860 3625 2161 3701 Γεγεσ-αρὲςτ,

519 3706 589 3785 ῇς
643 3702 743 3769 τήν
778 3700 1081 3785 εὲρμηνείαξ
1126 3696 1439 3785 είὲγνωμειτ,
1472 3696 1561 3750 καὶ
1587 3697 1683 3783 εἰη-ξ’
1715 3695 1880 3763 auri:
1915 3695 2164 3767 ὠνάμεθα

521 3764 581 3824 ἄν
612 3790 665 3824 τι
695 3764 830 3844 έπρὸέ
857 3764 958 3844 Ῑτήλζ
1003 3767 1109 3822 τῶν
1161 3764 1530 3844 «possetuton
1561 3764 2164 3844 ’διῄγησιντ-νεηϐῗαηζ

521 3846 585 3898 in
645 3840 861 3899 terram
931 3840 1273 3905 Genesareth,
1327 3841 1481 3911 cujus
1528 3840 2061 3911 interpretationem
2115 3842 2164 3895 si

516 3918 802 3979 sciremus,
850 3913 917 3968 ab
964 3913 1074 3968 illa
1111 3909 1435 3983 juvaremar
1481 3910 1828 3983 aliquatenus
1869 3909 1939 3964 ad
1975 3925 2163 3965 eorum

514 3985 581 4059 de
634 3982 1122 4059 quibusqagiynus’
1165 3984 1577 4059 expcsitionem.
1638 3982 1963 4059 scripserat
2029 3999 2160 4038 vero

515 4054 824 4129 ipse-Hier.
860 4055 919 4111 in
950 4057 1243 4113 Nominum
1276 4055 1442 4119 libro,
1477 4069 1650 4129 quem
1683 4054 1741 4107 in
1776 4054 1985 4129 bonam
2029 4071 2158 4125 par-

515 4125 633 4185 tem
667 4130 739 4185 ab
767 4129 1012 4201 Origene
1042 4129 1392 4184 adornatum
1426 4128 1606 4201 fuisse
1638 4125 2015 4181 manifestum
2045 4130 2155 4201 est,

513 4198 1467 4281 Geuuesar,‘librtas-principium;
1517 4198 1602 4253 sic
1652 4213 1807 4281 enim
1857 4213 1959 4281 pro
2006 4199 2159 4281 ortus

516 4273 737 4342 malim,
770 4276 835 4329 ut
864 4272 923 4327 in
953 4268 1121 4327 Notis
1152 4271 1223 4326 ad
1256 4268 1411 4342 hunc
1442 4268 1633 4342 locum
1665 4268 2036 4342 observatum
2068 4272 2159 4323 est

515 4346 705 4401 nobis.
724 4338 952 4400 'Verum
979 4360 1082 4415 pro
1114 4358 1220 4398 suo
1252 4341 1501 4415 quisque
1533 4339 1765 4415 ingenio
1787 4338 1958 4415 aliam
1983 4343 2156 4410 atque

515 4415 691 4471 aliam
721 4410 1585 4471 interpretationem'excudere
1630 4410 2052 4465 contenderunt
2088 4428 2156 4466 ex

513 4486 621 4540 hoc
641 4481 921 4541 vocabulo
933 4482 1498 4539 editores.Victorius
1515 4482 1868 4537 Genesareth
1888 4481 1959 4536 ab
1980 4483 2149 4539 Hebr.

512 4566 798 4619 mss-au
830 4557 1262 4627 interpretatur,
1295 4555 1507 4627 ,vatlem
1549 4554 1826 4627 ﬂoridam,
1852 4623 1861 4627 _
1887 4552 2153 4623 hancque

511 4628 931 4706 eapositionen)
1109 4626 1307 4706 sensui
1356 4624 1689 4706 Hieronymi
1747 4623 1963 4706 optime
2019 4642 2147 4680 coa-

2294 670 2701 743 Cognoverunt
2746 688 2879 729 eum
2940 688 3195 740 rumore,
3252 690 3368 729 non
3424 672 3589 743 facie,
3640 672 3728 729 vel
3787 677 3951 729 certe

2295 776 2397 831 pro
2429 761 2732 833 signorum
2763 762 3189 834 magnitudine,
3247 778 3373 834 quze
3418 762 3688 833 patrabat
3735 762 3798 818 in
3840 779 3949 835 po-

2294 848 2470 919 pulis,
2521 850 2696 905 etiam
2743 850 2907 907 vultu
2957 850 3227 922 plurimis
3277 855 3450 906 notus
3497 854 3641 906 erat.
3693 852 3761 906 Et
3807 851 3949 908 vide

2292 941 2515 1009 quanta
2560 939 2634 993 sit
2689 939 2832 995 ﬁdes
2881 938 3185 994 hominum
3232 943 3397 995 terra:
3456 938 3833 1007 Genesareth,
3876 942 3949 995 ut

2293 1043 2407 1083 non
2440 1028 2814 1099 praesentium
2854 1032 3084 1084 tantum
3134 1027 3321 1084 salute
3367 1028 3628 1085 contenti
3659 1027 3799 1097 sint,
3834 1028 3945 1085 sed

2291 1116 2528 1171 mittant
2573 1117 2643 1172 ad
2691 1116 2834 1173 alias
2865 1134 2968 1189 per
2995 1117 3304 1173 circuitum
3352 1118 3636 1187 civitates,
3672 1134 3787 1189 quo
3817 1134 3946 1175 om-

2292 1221 2395 1260 nes
2426 1209 2665 1261 currant
2694 1206 2765 1261 ad
2798 1206 3114 1262 medicum.

2361 1294 2542 1365 (Vers.
2578 1295 2667 1359 35,
2700 1293 2815 1365 36.)
2855 1315 2877 1343 α
2928 1295 2994 1349 Et
3037 1294 3373 1351 obtulerunt
3424 1295 3475 1350 ei
3529 1311 3735 1352 omnes
3784 1296 3944 1353 male

2290 1383 2597 1449 habentes;
2645 1388 2703 1438 et
2749 1384 3033 1456 rogabant
3060 1399 3194 1439 eum
3227 1388 3291 1439 ut
3319 1383 3409 1438 vel
3440 1384 3738 1440 ﬁmbriam
3766 1386 3945 1441 vesti-

2291 1471 2472 1526 menti
2530 1473 2657 1542 ejus
2712 1476 3039 1544 tangerent.
3093 1473 3161 1527 Et
3208 1474 3547 1545 quicunque
3595 1472 3937 1546 tetigerunt,

2290 1560 2434 1616 salvi
2486 1561 2621 1616 facti
2652 1566 2811 1617 sunt.
2850 1585 2875 1610 ››
2907 1561 3014 1627 Qui
3049 1561 3199 1617 male
3248 1578 3311 1617 se
3359 1562 3595 1628 habent,
3647 1579 3763 1618 non
3811 1567 3943 1619 tan-

2290 1653 2429 1719 gant
2462 1666 2673 1722 corpus
2701 1650 2863 1721 Jesu,
2895 1667 3083 1722 neque
3116 1655 3301 1706 totum
3332 1652 3748 1707 vestimentum
3782 1653 3938 1724 ejus,

2289 1737 2391 1791 sed
2417 1742 2733 1793 extremam
2782 1738 3095 1807 ﬁmbriam,
3148 1744 3205 1794 et
3251 1739 3587 1811 quicunque
3610 1740 3939 1815 tetigerint,

2288 1827 2672 1882 sanabuntur.
2706 1827 3021 1883 Fimbriam
3052 1828 3388 1884 vestimenti
3435 1830 3583 1900 ejus,
3614 1828 3701 1884 vel
3752 1830 3939 1889 mini-

2287 1931 2449 1970 mum
2482 1915 2737 1988 intellige
2786 1918 3127 1972 mandatum
3162 1935 3175 1972 :
3208 1918 3362 1989 quod
3394 1918 3496 1989 qui
3523 1922 3938 1991 transgressus

2285 2004 2479 2070 fuerit,
2553 2005 2839 2061 minimus
2914 2006 3218 2061 vocabitur
3269 2006 3329 2061 in
3396 2022 3575 2079 regno
3647 2006 3938 2065 ccelorum

2283 2094 2422 2165 (cap.
2473 2094 2552 2163 v).
2605 2093 2707 2149 Vel
2758 2095 3220 2167 assumptionem
3278 2097 3558 2168 corporis,
3600 2113 3703 2168 per
3752 2114 3939 2169 quam

2281 2184 2549 2239 venimus
2581 2183 2652 2239 ad
2682 2184 2939 2239 Verbum
2982 2183 3107 2255 Dei,
3140 2189 3197 2239 et
3226 2183 3384 2240 illius
3427 2189 3626 2257 postea
3678 2186 3941 2243 fruimur

2283 2273 2610 2344 majestate.

2358 2361 2518 2432 (Cap.
2555 2359 2676 2415 XV.
2710 2391 2778 2400 ——
2825 2360 2986 2417 Vers.
3015 2362 3091 2431 1.)
3142 2383 3169 2411 ‹‹
3219 2363 3383 2417 Tunc
3432 2368 3804 2420 accesserunt
3861 2365 3943 2421 ad

2280 2465 2415 2505 eum
2441 2450 2513 2505 ab
2546 2449 2960 2522 Hierosolymis
3010 2450 3223 2506 Scribis
3272 2455 3328 2507 et
3376 2451 3674 2520 Pharisaei,
3724 2452 3938 2509 dicen-

2280 2542 2367 2594 tes
2418 2554 2431 2594 :
2492 2539 2647 2594 uo
2703 2540 2891 2604 Quare
2943 2539 3217 2611 discipuli
3270 2539 3357 2595 tui
3413 2541 3940 2614 transgrediuntur

2278 2628 2624 2683 traditiones
2680 2627 3016 2684 seniorum?
3067 2650 3094 2679 ››
3145 2628 3291 2684 Mira
3320 2628 3745 2687 Pharisaeorum
3778 2632 3942 2688 Scri-

2277 2716 2607 2789 barumque
2659 2715 2933 2787 stultitia,
2994 2716 3093 2773 Dei
3151 2716 3367 2773 Filium
3422 2723 3699 2792 arguunt,
3742 2737 3940 2792 quare

2280 2803 2587 2859 hominum
2620 2805 2965 2861 traditiones
2995 2809 3053 2860 et
3081 2810 3369 2878 praecepta
3398 2823 3514 2862 non
3546 2806 3769 2864 servet?

2348 2893 2535 2961 (Vers.
2567 2894 2649 2965 2.)
2684 2916 2704 2943 ι
2741 2893 2867 2949 Non
2896 2894 3053 2950 enim
3095 2893 3293 2949 lavant
3343 2911 3557 2951 manus
3597 2912 3757 2965 suas,
3790 2914 3935 2956 cum

2277 2998 2489 3056 panem
2546 2983 2924 3039 manducent.
2958 3005 2987 3033 n
3019 2983 3249 3050 Manus,
3294 2983 3353 3039 id
3412 2989 3501 3040 est
3555 3000 3750 3057 opera,
3810 3004 3937 3045 non

2278 3072 2537 3144 corporis
2566 3072 2791 3144 utique,
2815 3073 2917 3128 sed
2948 3072 3158 3128 animae
3190 3071 3448 3129 lavanda:
3488 3078 3629 3130 sunt
3657 3075 3697 3146 ³,
3730 3079 3797 3131 ut
3826 3077 3939 3134 ﬁat

2275 3159 2335 3214 in
2368 3159 2484 3216 illis
2512 3161 2755 3217 verbum
2788 3162 2907 3217 Dei.

2276 3268 2517 3345 ῌίθνοδ..
2577 3284 2704 3340 cap.
2758 3269 2847 3322 26.
2898 3272 3134 3345 A313;
3164 3268 3741 3345 factumconjectant
3787 3272 3926 3345 qui-

2194 3323 2236 3390 C
2276 3339 2413 3394 dam
2444 3323 2603 3399 1:513:
2634 3323 2859 3395 mutato
2891 3356 2925 3395 a
2950 3323 3240 3396 Chaldaeis
3266 3323 3737 3410 VCaphinbﬁliimEi
3755 3323 3925 3401 etin-

2277 3415 2429 3485 serto
2455 3412 2710 3485 eamech,
2742 3412 2896 3482 quod
2957 3427 3157 3485 verum
3206 3416 3313 3485 est.
3373 3413 3571 3485 Itaque
3601 3415 3824 3485 passim
3856 3416 3922 3473 in

2274 3482 2473 3555 Yeteri
2500 3483 2873 3555 Testamento
2896 3483 3190 3555 regionem
3222 3482 3529 3539 Cinnereth
3568 3482 3619 3555 νεῖ
3634 3485 3926 3544 Chaldaeis

2277 3553 2679 3630 Paraphrastis
2736 3553 3054 3630 Gennesar,
3104 3559 3159 3609 et
3206 3554 3600 3630 Gennesareth
3658 3557 3922 3630 appella-

2272 3629 2398 3681 tum
2430 3626 2812 3700 nanciscaris,
2839 3628 2899 3681 In
2932 3643 2999 3681 ea
3028 3630 3223 3700 autem
3255 3626 3639 3700 appellatione
3676 3626 3923 3700 placue-

2271 3702 2410 3769 runt
2469 3698 2602 3767 sibi,
2664 3698 2817 3768 qcod
2892 3714 3000 3752 sua
3038 3696 3712 3769 dialecto‘,significaret
3765 3712 3922 3758 ortus

2267 3768 2820 3910 ﬁi'fﬁé"’;‘:?.i.?;e§‘
2837 3768 3916 3917 ζξὲῗὲοὲθρὲἐὲίὲἐὲυῗέἓέθῗξὲεὲἔξζ

2270 3911 2320 3980 (Ι
2350 3910 2535 3982 Paral.
2568 3927 2666 3980 xu,
2700 3912 2810 3981 34).
2840 3910 3037 3981 Longe
3065 3926 3199 3966 vero
3230 3910 3598 3982 ineptissime
3646 3918 3753 3982 est,
3792 3910 3917 3974 sive

2268 3980 2637 4054 etymologia,
2669 3980 2789 4054 sive
2836 3982 3067 4045 allusio,
3100 3998 3277 4054 quam
3310 3980 3433 4038 loco
3467 3981 3703 4041 laudato
3741 3980 3921 4044 'aﬁ‘ert

2270 4052 2631 4124 Hegesippus
2687 4069 2700 4107 :
2754 4052 3015 4118 Genesar,
3047 4052 3258 4125 inquit,
3288 4054 3495 4110 dicitur
3541 4054 3724 4112 Graeco
3755 4073 3920 4114 voca-

2269 4125 2413 4190 bulo,
2446 4127 2604 4198 quasi
2615 4194 2626 4198 _
2647 4140 2917 4198 generatis
2953 4126 3060 4179 sibi
3091 4142 3306 4198 auram
3351 4142 3496 4198 aqua
3534 4127 3735 4195 dulcis,
3761 4138 3813 4185 et
3842 4130 3918 4187 ad

2301 4194 2827 4267 otandumﬂhabitis.
2880 4196 2960 4250 Ex
3008 4196 3221 4267 quibus
3270 4194 3914 4259 tam'obscuris'vocis

2311 4268 2444 4336 ujus
2472 4266 2726 4334 indiciis,
2758 4267 2999 4322 minime
3020 4266 3232 4336 mirum
3260 4267 3556 4324 concludit
3579 4286 3727 4333 esse,
3752 4271 3803 4327 si
3824 4272 3919 4329 in-

2266 4331 2493 4464 sci'téiatm
2526 4354 2694 4464 epam
2715 4331 2818 4393 hic
2845 4344 3040 4411 aperte
3058 4331 3354 4411 Origenes,
3370 4357 3438 4396 ex
3459 4356 3644 4412 eoque
3670 4331 3910 4401 Hieron.

2266 4426 2368 4464 nro
2443 4425 2548 4464 ean
2583 4426 2670 4464 ur.

2308 4425 2406 4463 I‘OU
2417 4425 2548 4464 tean
2556 4425 2670 4465 tur.

2308 4426 2670 4465 romeantur.

2264 4426 2299 4556 ιῗ
2332 4480 2412 4556 Ne
2441 4478 2726 4556 lectorem
2745 4479 2968 4537 diutius
2998 4485 3248 4551 teneam,
3283 4482 3409 4539 dico
3440 4499 3568 4556 ego,
3600 4486 3915 4545 commode

2263 4552 2670 4641 deduciposse
2713 4552 2862 4641 hanc
2912 4568 3124 4641 vocem.
3163 4570 3197 4608 a
3242 4552 3506 4641 nio-ua:
3528 4572 3629 4627 pro
3678 4556 3911 4641 integro

2258 4633 2571 4698 away—7;},
2622 4640 2736 4698 quo
2786 4628 2954 4679 sonat
2999 4625 3189 4679 hortos
3230 4625 3427 4698 decem,
3484 4625 3646 4698 ipsos
3682 4625 3913 4687 Bc”th

552 4693 682 4767 tari,
715 4699 854 4754 dum
887 4700 957 4752 de
987 4697 1177 4753 littore
1206 4702 1263 4769 et
1290 4693 2001 4769 tranquillissimo'portu,
2035 4713 2149 4769 quo
2179 4693 2226 4757 D
2258 4693 2608 4769 DecapolepS
2640 4693 2899 4769 _hortos,_
2928 4711 3041 4769 seu
3110 4697 3340 4769 proprie
3386 4693 3608 4769 decem
3665 4698 3910 4758 urbium

559 4769 784 4827 cclesize
832 4786 1035 4824 navem
1093 4768 1357 4825 Christus
1405 4767 1759 4833 transduxit,
1791 4767 2149 4824 mentionem

507 4840 665 4923 facit.
725 4845 791 4923 Et
844 4841 1212 4923 Martianaaus
1278 4841 1405 4923 ipse
1473 4844 1596 4923 tam
1653 4837 1854 4923 stricte
1902 4838 2155 4923 Victorio

508 4911 784 4982 adhaeret,
817 4918 883 4968 ut
913 4929 983 4967 ne
1012 4913 1184 4968 verbo
1217 4910 1455 4982 quidem
1505 4910 1784 4982 abludat.
1816 4911 2151 4967 Econtrario

503 4984 695 5040 visum
753 4983 822 5039 cl.
875 4983 1083 5039 Huetio
1114 4989 1204 5039 est
1232 4981 1499 5053 hujusce,
1551 4981 1823 5053 dictionis
1863 4982 2147 5053 originem

506 5056 719 5113 referre
749 5052 1362 5128 spissumhnegotium,
1394 5070 1530 5109 cum
1557 5052 1724 5128 nulla
1749 5053 1919 5128 plane
1962 5052 2149 5110 exstet

501 5129 629 5200 ejus
662 5125 881 5200 mentio
912 5128 984 5200 in,
1009 5125 1231 5182 Veteris
1278 5125 1644 5200 Testamenti
1679 5125 1984 5200 _Ilebraico_
2009 5142 2145 5181 con-

2265 4766 2483 4838 hortOs.
2520 4768 2589 4822 Et
2618 4771 2773 4838 terra
2803 4766 3041 4838 quidem
3068 4766 3421 4827 Gcne'sareth
3471 4770 3543 4825 ab
3598 4768 3907 4830 hortorum

2266 4837 2609 4919 frequentia,
2643 4837 2726 4893 sic
2756 4837 3047 4919 appellata
3074 4844 3184 4919 est,
3218 4841 3532 4919 quaeregio
3562 4846 3652 4919 est
3681 4842 3752 4919 ad
3786 4843 3908 4919 La-

2263 4908 2397 4964 cum
2452 4908 2718 4982 Galilwaa.
2771 4908 2975 4982 Miram
3032 4910 3211 4979 hujus
3235 4908 3515 4982 'region'is
3569 4912 3906 4972 ubertatem

2260 4982 2432 5036 modo
2460 4981 2735 5055 laudatus
2766 4982 2838 5036 ab
2876 4981 3080 5036 Huetio
3110 4981 3474 5055 Hegesippus
3508 4985 3800 5055 praedicat,
3835 4991 3909 5043 ut

2256 5068 2454 5107 sacros
2499 5051 2732 5107 interim
2786 5059 3052 5126 auctores
3100 5051 3753 5126 taceam—,i—Mat'thaaum,
3786 5051 3907 5113 Lu-

2255 5139 2382 5178 cam
2414 5128 2471 5179 et
2498 5127 2776 5178 Marcum.
2828 5124 3042 5179 Lacum
3075 5131 3270 5180 autem
3325 5125 3679 5182 Genesareth
3712 5124 3907 5186 hortis

500 5195 659 5256 textu
693 5218 706 5255 :
741 5199 799 5253 in
849 5198 989 5253 Novi
1038 5203 1232 5254 autem
1280 5195 2145 5269 Syriacaeditionescribatur
2256 5195 2939 5269 Decapoleosvicinum;
2984 5196 3276 5268 Josephus
3324 5212 3558 5269 quoque
3602 5200 3785 5254 tradit
3830 5199 3907 5257 de

499 5281 680 5333 1011:.
741 5270 933 5326 Placet
979 5286 1110 5325 vero
1172 5274 1457 5340 integram
1514 5267 1862 5341 doctissimi
1897 5268 2142 5339 hujusce
2251 5268 2420 5341 Bello,
2453 5284 2577 5341 cap.
2610 5267 2700 5341 35,
2733 5271 2789 5321 et
2818 5267 2890 5321 ad
2919 5267 3683 5341 Gennesarﬂusquedacum
3734 5270 3906 5341 ejus-

500 5342 832 5415 Origeniani
882 5337 1706 5415 interpretisadnotationem
1752 5337 1994 5415 recitare
2045 5342 2139 5415 cui
2250 5337 2931 5415 demnoministerram
2980 5339 3281 5415 praetendi,
3313 5337 3440 5411 qum
3489 5345 3545 5396 et
3595 5337 3807 5398 natura
3834 5347 3899 5400 et

499 5419 555 5469 et
602 5410 865 5470 nostram
917 5411 1570 5484 statimnsubjiciemus,
1605 5428 1730 5483 qua:
1781 5410 2017 5484 propior
2065 5412 2136 5468 ad

495 5485 671 5540 ﬁdem
702 5486 947 5541 videtur.
979 5485 1072 5539 Ait
1101 5482 1199 5538 ille
1235 5500 1247 5537 :

564 5555 839 5611 Derivant
882 5558 991 5612 hoc
1041 5570 1253 5609 nomen
1291 5553 1386 5609 alii
1442 5571 1475 5609 ὃ.
1520 5564 1824 5620 mra-su,
1860 5554 2013 5625 quod
2046 5554 2133 5609 in-

490 5629 905 5698 terpretantur,
937 5626 1099 5682 vallis
1129 5625 1328 5695 ﬂorida
1362 5645 1378 5680 :
1412 5625 1643 5682 Mallem
1675 5627 1839 5682 vallis
1901 5625 2130 5698 consita,

490 5711 591 5759 Ἣ]
652 5698 866 5770 quippe
919 5700 1203 5754 surculum
1250 5698 1541 5768 signiﬁcat
1599 5714 1612 5752 :

489 5786 619 5826 esse
648 5769 941 5842 regionem
977 5772 1125 5825 hanc
1155 5772 1223 5825 ad
1259 5771 1588 5842 prodigium
1621 5785 1807 5839 usque
1831 5841 1835 5842 ί
1856 5769 2129 5842 testiﬁca-

488 5847 584 5897 tur
610 5839 905 5914 Josephus
933 5841 972 5896 l.
1006 5842 1077 5898 III
1107 5842 1174 5897 de
1204 5839 1342 5898 Bell.
1376 5839 1589 5914 Ju'tlaic.
1640 5857 1765 5914 cap.
1819 5841 1904 5910 18,
1947 5844 2001 5914 et
2030 5839 2129 5914 J_o_-

487 5913 652 5993 sephi
680 5910 995 5996 perpetuus
1023 5914 1283 5972 imitator
1320 5913 1683 5987 Hegesippus
1712 5910 1770 5969 ’l.
1824 5926 1887 5966 ιιι
1935 5910 2124 5968 Excid.

2250 5408 2875 5535 ubertatetplaptaruin
2907 5408 3172 5466 omnium
3203 5408 3697 5485 arbustorumque
3726 5417 3900 5471 caete-

2250 5498 2324 5535 [‘18
2358 5498 2505 5535 nraes
2535 5497 2629 5535 are
2663 5522 2676 5534 .

2243 5498 2324 5537 I‘IS
2358 5497 2676 5553 praesmret.

2314 5554 2337 5587 ²
2388 5556 2678 5623 Repetunt
2736 5567 3200 5623 nomengmanus
3257 5553 3352 5608 hic
3411 5558 3528 5609 tres
3584 5569 3615 5609 e
3671 5556 3894 5614 nostris

2244 5621 2939 5697 mss.__Séntentia_autem
2970 5621 3255 5697 hzecipsa
3296 5628 3385 5697 est
3431 5625 3699 5697 Origenis
3753 5629 3897 5684 κατά

1670 5698 1917 5783 feracem
1951 5691 2129 5783 enim

2278 5693 2301 5747 ό
2356 5691 2582 5783 εᾶλο-(οχ
2641 5692 2910 5766 καθαίρειν
2969 5691 3283 5783 ’ξειρὼῐλεὲξα
3336 5691 3564 5783 totum};
3591 5696 3686 5759 τάς
3745 5700 3898 5775 πρά..

2242 5764 2370 5833 Esne,
2421 5760 2520 5846 ’καὶ
2552 5760 2724 5825 ilo-ru):
2782 5760 2877 5826 ’ξας
2933 5760 3289 5846 τῷν’ψ·)χῶν
3347 5766 3621 5821 νίπτεοθαι
3671 5760 3887 5846 χεῖῥας,

2239 5843 2346 5892 etc.
2404 5839 2569 5893 Juxta
2624 5842 2859 5914 rectam‘
2890 5839 3164 5914 rationem
3203 5839 3425 5896 nostras
3472 5839 3712 5914 actiones
3749 5839 3891 5914 pur;

2234 5923 2366 5983 gare
2408 5924 2703 5978 conemur,-
2730 5916 2781 5966 ct
2809 5908 2889 5966 sic
2915 5911 3236 5968 animorum
3279 5927 3479 5971 manus
3526 5908 3887 5991 lavare,'etc.
