4182 6578
258 474 368 536 109

773 474 1291 537 COMMENTAR.
1340 474 1419 565 ΙΝ
1464 470 1984 535 EVANGELIUM
2029 470 2412 533 MATTHJEI
2459 473 2607 533 LIB.
2654 473 2731 533 ll.
2780 474 2951 534 CAP.
2997 475 3128 538 XV.

3546 479 3667 540 110

327 606 514 680 (Vers.
546 607 625 676 3.)
664 628 693 657 «
751 606 882 679 Ipse
936 610 1128 663 autem
1186 606 1568 678 respondens,
1628 605 1709 660 ait
1745 603 1901 661 illis:
1933 606 1986 672 Α
2021 604 2293 676 pietatem
2328 606 2437 660 sub
2470 604 2705 660 nomine
2763 605 2995 677 pietatis
3046 606 3407 675 inducerent,
3453 612 3665 668 docue-

260 700 444 765 Quare
473 701 531 753 et
569 712 672 753 vos
729 695 1209 768 transgredimini
1242 696 1583 751 mandatum
1619 694 1739 750 Dei.
1772 711 1904 766 pro-

259 792 381 861 pter
419 783 795 842 traditionem
837 785 1139 841 vestram?
1168 805 1196 834 »
1264 783 1492 841 Falsam
1549 783 1905 839 calumniam

253 893 383 933 vera
412 874 792 948 responsione
851 874 1139 930 confutat.
1194 873 1363 942 Cum,
1396 872 1609 944 inquit,
1640 890 1742 929 vos
1775 889 1907 945 pro-

258 972 380 1040 pter
410 964 783 1021 traditionem
814 963 1125 1020 hominum
1158 966 1443 1035 praecepta
1466 962 1693 1018 Domini
1723 961 1908 1032 negli-

257 1055 423 1129 gatis,
458 1071 637 1126 quare
695 1051 1017 1125 discipulos
1076 1069 1237 1107 meos
1291 1051 1620 1124 arguendos
1668 1051 1906 1124 putatis,

256 1144 405 1218 quod
437 1143 737 1200 seniorum
780 1143 953 1215 jussa
1012 1141 1456 1214 parvipendant,
1518 1145 1586 1196 ut
1631 1140 1729 1195 Dei
1764 1140 1911 1195 scita

216 1248 225 1255 °
253 1231 628 1290 custodiant?

325 1322 513 1393 (Vera.
572 1321 754 1392 3-10.)
822 1343 850 1370 ‹‹
912 1318 1060 1377 Nam
1107 1319 1260 1375 Deus
1318 1317 1490 1373 dixit:
1556 1319 1784 1373 Honora
1814 1334 1910 1389 pa-

251 1418 401 1469 trem
432 1414 489 1467 et
522 1415 792 1478 matrem,
828 1414 885 1464 et
922 1409 1021 1480 qui
1068 1407 1375 1463 maladixit
1401 1407 1552 1479 patri
1595 1406 1682 1461 vel
1714 1405 1907 1469 matri,

254 1505 443 1558 morte
483 1499 791 1555 moriatur.
838 1497 956 1553 Vos
1012 1500 1207 1553 autem
1269 1496 1500 1552 dicitis:
1565 1495 1909 1566 Quicunque

250 1589 460 1647 dixerit
488 1589 638 1662 patri
677 1587 767 1643 vel
824 1586 1043 1643 matri:
1105 1602 1327 1642 munus
1381 1585 1769 1657 quodcunque
1822 1587 1912 1639 est

252 1696 319 1736 ex
350 1692 465 1747 me,
496 1678 603 1733 tibi
652 1676 932 1749 proderit,
977 1680 1036 1730 et
1093 1692 1208 1731 non
1242 1673 1651 1730 honorificabit
1682 1677 1908 1745 patrem

251 1784 429 1826 suum
460 1773 566 1824 aut
595 1770 845 1822 matrem
878 1781 1072 1830 suam,
1130 1769 1189 1820 et
1226 1762 1457 1819 irritum
1493 1763 1710 1819 fecistis
1743 1779 1909 1818 man-

250 1858 456 1915 datum
492 1856 586 1912 Dei
617 1858 853 1928 propter
881 1853 1258 1910 traditionem
1306 1856 1581 1907 vestram.
1632 1851 1908 1923 Hypocri-

248 1953 342 2013 ιω.
371 1947 525 2002 bene
550 1942 920 2018 prophetavit
949 1943 1020 1999 de
1067 1942 1228 1997 vobis
1260 1941 1462 2007 Isaias,
1504 1941 1740 1996 dicens:
1801 1941 1908 1997 Po-

247 2035 426 2111 pulus
459 2034 554 2091 hic
609 2033 783 2090 labiis
839 2049 933 2089 me
971 2032 1260 2100 honorat;
1316 2048 1416 2087 cor
1472 2035 1667 2086 autem
1703 2046 1907 2086 eorum

244 2124 414 2197 longe
465 2128 555 2178 est
611 2137 790 2178 ame.
850 2120 987 2176 Sine
1044 2136 1223 2176 causa
1276 2124 1471 2175 autem
1531 2118 1735 2175 colunt
1793 2134 1907 2190 me,

242 2215 505 2270 dicentes
537 2211 835 2268 doctrinas
879 2214 937 2265 et
978 2210 1257 2265 mandata
1285 2209 1614 2264 hominum.
1676 2208 1746 2262 Et
1776 2224 1909 2263 con-

245 2302 469 2360 vocatis
499 2301 570 2358 ad
603 2317 667 2357 se
720 2299 931 2367 turbis,
983 2299 1131 2355 dixit
1158 2299 1278 2355 eis:
1342 2299 1553 2354 Audite
1582 2301 1638 2353 et
1694 2296 1911 2352 intelli-

242 2391 378 2465 gite.
415 2412 447 2442 »
483 2390 678 2447 Honor
707 2389 767 2445 in
798 2389 1119 2461 Scripturis
1176 2405 1292 2444 non
1325 2392 1554 2443 tantum
1606 2387 1664 2441 in
1696 2386 1913 2443 saluta-

253 2481 522 2539 tionibus
553 2485 610 2536 et
654 2478 863 2536 ofﬁciis
919 2477 1272 2544 deferendis,
1307 2480 1596 2550 quantum
1649 2478 1795 2531 111
1850 2475 1910 2531 in

242 2568 640 2644 eleemosynis
689 2585 756 2625 ac
830 2584 1145 2625 munerum
1221 2566 1516 2623 oblatione
1578 2568 1594 2600 ¹
1657 2565 1912 2621 sentitur

243 2660 442 2733 (Exod.
480 2677 575 2726 xx,
608 2659 711 2727 12;
744 2675 861 2727 xx1,
917 2659 1006 2727 15,
1037 2658 1092 2727 7,
1136 2665 1190 2713 et
1234 2658 1360 2713 Lev.
1393 2674 1486 2721 xx,
1534 2657 1611 2724 9).
1661 2657 1905 2723 Honora,

239 2749 442 2823 inquit
471 2747 788 2820 Apostolus
812 2747 1007 2803 viduas
1036 2763 1155 2818 quae
1183 2762 1310 2802 vere
1342 2747 1528 2802 viduae
1555 2749 1685 2800 sunt
1714 2746 1762 2816 (Ι
1791 2746 1906 2800 Tim

236 2839 414 2913 v,3);
472 2836 572 2893 hic
619 2837 808 2893 honor
863 2837 1082 2893 donum
1140 2834 1505 2907 intelligitur.
1565 2835 1635 2889 Et
1692 2833 1750 2888 in
1796 2833 1907 2889 alio

236 2926 405 2985 loco:
469 2925 787 2998 Presbyteri
808 2925 1029 2998 duplici
1072 2926 1275 2981 honore
1304 2924 1636 2989 honorandi,
1665 2925 1910 2979 maxime

236 3019 337 3089 qui
392 3017 654 3072 laborant
712 3017 773 3070 in
830 3014 989 3070 verbo
1045 3022 1095 3069 et
1138 3014 1387 3070 doctrina
1443 3013 1541 3069 Dei
1597 3011 1759 3083 (Ibid.
1793 3012 1903 3084 17).

239 3106 308 3163 Et
339 3123 448 3179 per
477 3106 591 3161 hoc
644 3105 990 3161 mandatum
1016 3104 1303 3174 jubentur
1352 3106 1418 3157 ut
1446 3102 1576 3157 bovi
1607 3101 1907 3157 triturauti

235 3211 302 3252 os
331 3211 455 3251 non
490 3192 843 3250 claudamus
896 3193 1076 3265 (Deut.
1108 3209 1239 3257 xxv,
1273 3192 1342 3261 4;
1400 3193 1426 3247 I
1453 3191 1556 3247 Cor
1585 3209 1660 3257 1x,
1712 3192 1791 3264 9).
1842 3194 1910 3246 Et

236 3284 458 3357 dignus
501 3284 580 3340 sit
608 3283 912 3355 operarius
934 3282 1200 3338 mercede
1230 3298 1340 3337 sua
1371 3281 1522 3353 (Luc.
1556 3299 1615 3347 x,
1645 3282 1722 3353 7).
1756 3280 1902 3335 Prae-

2018 700 2155 749 runt
2185 694 2474 766 pessimos
2516 693 2688 761 ﬁlios,
2722 700 2787 748 ut
2819 695 2866 751 si
2900 695 3033 767 quis
3065 711 3134 751 ea
3162 714 3289 768 qua
3324 702 3665 770 parentibus

2018 785 2307 839 offerenda
2338 789 2496 849 sunt,
2531 784 2647 839 Deo
2688 801 2892 840 vovere
2936 785 3181 845 voluerit
3224 788 3346 859 (qui
3378 806 3547 844 verus
3579 796 3669 847 est

2018 874 2229 945 Pater),
2286 873 2500 929 oblatio
2531 874 2763 929 Domini
2795 880 3166 946 praeponatur
3196 882 3503 948 parentum
3538 896 3667 935 mu-

2019 964 2289 1019 neribus:
2322 963 2407 1017 vel
2441 968 2593 1019 certe
2623 963 2735 1036 ipsi
2768 968 3060 1036 parentes,
3116 983 3242 1037 quae
3292 966 3408 1021 Deo
3466 984 3667 1024 conse~

2021 1058 2181 1108 erata
2209 1055 2544 1121 cernebant,
2578 1070 2652 1107 ne
2682 1052 2969 1125 sacrilegii
3019 1054 3241 1110 crimen
3281 1055 3667 1127 incurrerent,

2020 1140 2400 1210 declinantes,
2433 1146 2690 1213 egestate
2718 1143 3195 1199 conﬁciebantur.
3233 1146 3423 1216 Atque
3454 1146 3538 1201 ita
3569 1147 3672 1203 tie-

2023 1233 2122 1287 bat
2154 1238 2217 1287 ut
2263 1233 2480 1287 oblatio
2544 1232 2882 1300 liberorum,
2936 1234 3047 1287 sub
3107 1233 3411 1290 occasione
3467 1235 3671 1307 templi

2022 1318 2147 1387 Dei,
2182 1321 2241 1376 in
2277 1320 2825 1376 sacerdotumlucra
2845 1321 3512 1394 caderet.Hzecpessima
3533 1324 3678 1381 Pha-

2022 1409 2323 1465 risaeorum
2376 1410 2632 1480 traditio,
2679 1411 2750 1465 de
2813 1409 2969 1465 alia3
3031 1410 3304 1466 veniebat
3356 1413 3682 1469 occasione.

2023 1499 2190 1553 Multi
2241 1498 2525 1553 habentes
2574 1498 2863 1570 obligatos
2918 1515 3028 1554 aere
3080 1499 3290 1571 alieno,
3333 1505 3391 1556 et
3420 1501 3684 1558 nolentes

2024 1588 2135 1642 sibi
2168 1588 2456 1642 creditum
2483 1587 2744 1647 reddere,
2778 1587 3125 1658 delegabant
3164 1589 3597 1659 sacerdotibus,
3621 1594 3688 1646 ut

2024 1682 2225 1733 exacta
2255 1677 2505 1749 pecunia
2536 1675 2878 1731 ministeriis
2912 1677 3110 1748 templi
3143 1682 3198 1733 et
3228 1694 3428 1733 eorum
3478 1680 3686 1736 usibus

2022 1766 2358 1821 deserviret.
2396 1769 2591 1821 Potest
2622 1768 2817 1820 autem
2863 1769 2919 1820 et
2959 1765 3117 1820 hunc
3167 1766 3420 1822 breviter
3467 1767 3683 1824 habere

2022 1871 2287 1909 sensum.
2338 1855 2533 1909 Munus
2608 1855 2756 1925 quod
2806 1870 2876 1909 ex
2947 1871 3032 1910 me
3108 1858 3188 1910 est
3236 1856 3339 1910 tibi
3389 1857 3675 1928 proderit:

2022 1942 2402 2016 Compellitis,
2466 1943 2678 2015 inquit,
2730 1942 2909 1999 ﬁlios‘
2950 1949 3014 1999 ut
3079 1944 3275 1999 dicant
3335 1947 3679 2017 parentibus

2022 2033 2179 2088 suis:
2240 2034 2635 2104 quodcunque
2685 2032 2906 2086 donum
2968 2032 3277 2088 oblaturus
3327 2050 3486 2089 cram
3537 2035 3675 2103 Deo,

2020 2122 2079 2175 in
2114 2125 2243 2176 tuos
2276 2136 2557 2176 consumo
2580 2120 2763 2186 cibos,
2809 2119 3033 2191 tibique
3058 2121 3316 2192 prodest,
3348 2138 3380 2176 ο
3412 2126 3577 2193 pater
3620 2126 3679 2178 et

2022 2215 2227 2278 mater,
2261 2214 2326 2264 ut
2356 2209 2440 2264 illi
2498 2209 2775 2265 timentes
2831 2209 3091 2280 accipere
3137 2210 3294 2278 quod
3357 2210 3472 2265 Deo
3520 2213 3675 2268 112
3768 2226 3779 2241 ‘

2022 2299 2423 2369 mancipatum
2476 2298 2692 2364 vident,
2728 2299 2959 2369 inopem
3011 2299 3202 2370 magis
3260 2298 3440 2355 velint
3495 2300 3676 2356 vitam

2021 2389 2252 2455 ducere,
2287 2404 2466 2460 quam
2490 2388 2792 2443 comedere
2819 2389 2888 2443 de
2921 2387 3303 2442 consecratis.

2092 2479 2273 2548 (Vcrs.
2310 2477 2420 2548 11.)
2461 2496 2481 2525 α
2514 2477 2640 2532 Non
2673 2478 2830 2548 quod
2861 2476 3041 2532 intrat
3069 2476 3129 2531 in
3171 2494 3237 2532 os
3275 2479 3678 2536 communicat

2028 2566 2324 2621 hominem
2355 2584 2367 2632 ;
2402 2567 2500 2621 sed
2537 2566 2692 2638 quod
2720 2565 2981 2636 procedit
3010 2582 3078 2621 ex
3107 2583 3224 2632 ore,
3272 2566 3380 2622 hoc
3411 2584 3678 2624 commu-

2020 2656 2179 2711 nicat
2225 2655 2546 2711 hominem.
2595 2676 2625 2704 »
2679 2654 2936 2709 Verbum
2994 2658 3387 2723 communicat,
3447 2658 3678 2729 proprie

2019 2746 2456 2817 Scripturarum
2486 2747 2593 2810 est,
2620 2747 2675 2797 et
2704 2744 2938 2815 publico
2970 2760 3238 2799 sermone
3261 2762 3373 2800 non
3407 2747 3673 2802 teritur‘.

2019 2835 2274 2906 Populus
2305 2834 2664 2895 Judzeorum,
2700 2837 2923 2903 partem
2958 2832 3058 2887 Dei
3107 2849 3236 2888 esse
3266 2850 3328 2889 se
3368 2834 3669 2908 jaetitans,

2018 2939 2362 2980 communes
2419 2922 2577 2978 cibos
2628 2926 2812 2982 vocat.
2882 2922 3097 2992 quibus
3151 2940 3355 2978 omnes
3421 2929 3673 2981 utuntur

2017 3014 2307 3070 homines.
2338 3011 2509 3067 Verbi
2545 3011 2755 3083 gratia,
2810 3009 3042 3066 suillam
3094 3028 3351 3083 carnem,
3384 3019 3607 3070 ostreas
3625 3015 3666 3086 ⁵,

2016 3102 2240 3175 lepores
2299 3106 2357 3157 et
2413 3100 2746 3156 istiusmodi
2810 3101 3131 3156 animantia
3200 3118 3326 3173 quae
3383 3104 3667 3176 ungulam

2017 3209 2130 3265 non
2156 3191 2384 3246 ﬁndunt
2411 3208 2423 3245 :
2453 3206 2559 3245 nec
2589 3188 2911 3255 ruminant,
2948 3206 3050 3245 nec
3073 3207 3390 3261 squamosa
3413 3193 3469 3247 in
3501 3193 3673 3264 pisci-

2016 3282 2126 3337 bus
2159 3285 2314 3336 sunt.
2367 3279 2533 3334 Unde
2581 3284 2639 3334 et
2694 3278 2752 3333 in
2802 3279 3045 3334 Actibus
3075 3280 3472 3351 apostolorum
3522 3283 3667 3338 scri-

233 3376 472 3446 ceperat
535 3372 843 3442 Dominus,
893 3370 982 3426 vel
1046 3369 1481 3436 imbecilitates,
1536 3368 1625 3425 vel
1682 3373 1900 3436 (states,
1934 3362 1977 3428 C
2016 3375 2182 3441 ptum
2224 3374 2347 3424 est:
2383 3367 2531 3436 Quod
2560 3368 2696 3422 Deus
2724 3368 3105 3438 sanctiﬁcavit,
3163 3371 3226 3424 tu
3254 3386 3324 3424 ne
3380 3386 3668 3427 commune

233 3460 319 3519 vel
346 3460 640 3536 penurias
663 3463 975 3533 parentum
999 3457 1400 3526 considerans,
1434 3462 1500 3513 ut
1522 3458 1623 3513 filii
1657 3458 1906 3514 honora-

237 3555 389 3623 rent,
423 3548 705 3607 etiamin
743 3547 871 3602 vitae
921 3547 1269 3604 necessariis
1326 3547 1753 3616 ministrandis,
1804 3565 1905 3618 pa-

233 3644 433 3697 rentes
482 3654 651 3696 suos.
710 3636 872 3692 Hanc
930 3635 1511 3708 providentissimum
1579 3636 1677 3692 Dei
1717 3635 1903 3709 legem

229 3729 501 3786 volentes
535 3726 752 3783 Scribae
781 3730 838 3781 et
886 3724 1160 3780 Pharisaei
1223 3726 1556 3782 subvertere
1578 3726 1620 3793 ²,
1680 3729 1744 3780 ut
1801 3725 1903 3781 im-

304 3857 323 3889 ί
360 3851 717 3919 Rhabanus,
743 3851 1056 3906 collatione.

302 3927 327 3959 ¹
357 3924 583 3981 Stricta
611 3923 1002 3994 Hieronymus
1031 3920 1288 3978 adhaeret
1318 3921 1679 3994 Adamantio,
1729 3939 1903 3994 quem

230 3995 292 4051 in
324 3994 744 4052 eruditissima
772 3993 886 4066 loci
915 4009 1195 4066 perquam
1234 3993 1490 4063 obscuri,
1524 3993 1797 4065 varieque
1830 3995 1902 4050 ab

227 4066 668 4140 interpretibus
698 4064 1308 4140 accepit'expositione
1330 4082 1516 4140 Operae
1547 4064 1797 4140 pretium
1828 4066 1905 4122 sit

226 4136 438 4194 Latin'e
492 4137 706 4194 saltem
760 4136 1079 4193 contulisse
1112 4153 1124 4192 :
1194 4156 1215 4185 α
1251 4136 1563 4201 Pharisaei,’
1599 4136 1812 4208 inquit,
1846 4143 1902 4193 et

229 4209 457 4290 Scribis
476 4209 676 4290 _talem_
699 4208 829 4290 Legi
859 4208 1211 4290 contrariam
1240 4208 1611 4263 traditionem
1638 4210 1903 4280 prodide-

228 4287 398 4352 runt,
434 4279 755 4362 obscurius
776 4279 844 4361 in
892 4279 1202 4351 Evangelio
1234 4296 1590 4362 expressam,
1616 4279 1797 4362 Quem
1831 4297 1902 4336 ne

225 4368 337 4410 nos
392 4351 1036 4424 quidem___fuissemus
1081 4353 1357 4415 assecuti,
1409 4351 1531 4424 nisi
1579 4351 1795 4423 aliquis
1833 4369 1903 4408 ex

221 4421 501 4481 Hebréis
536 4421 878 4494 tradidisset
906 4423 1075 4479 nobis
1123 4440 1191 4479 ea
1235 4439 1363 4494 quae
1401 4423 1471 4478 ad
1519 4421 1898 4479 hunc‘locum

222 4496 562 4579 pertinent,
596 4493 681 4579 sic
711 4509 773 4549 se
817 4493 1114 4579 habentia.
1166 4493 1900 4579 Qonti‘ngjtononunquam,

223 4564 453 4639 inquit,
489 4572 563 4621 ut
615 4564 969 4639 feneratores
1020 4582 1153 4639 eum
1190 4566 1247 4620 in
1309 4564 1578 4639 difﬁciles
1610 4564 1901 4639 debitores

220 4634 534 4707 incidunt,
570 4636 673 4710 qui
704 4641 952 4710 possunt
971 4638 1231 4709 quidem,
1266 4638 1365 4693 sed
1400 4634 1607 4692 nolunt
1635 4637 1897 4693 debitum

222 4710 503 4792 reddere,
522 4708 790 4792 debitum
813 4710 872 4792 in
885 4708 1206 4792 pauperum
1225 4710 1520 4792 rationein
1536 4714 1896 4792 consecrent,

220 4780 453 4853 quibus
486 4779 1067 4853 inggazopbylaciu'm
1116 4780 1365 4852 pecunia
1392 4851 1399 4853 _
1422 4780 1763 4853 mittebatur
1796 4798 1899 4852 pro

218 4851 480 4924 viribus,
517 4851 612 4907 ab"
647 4851 1002 4924 unoquoque
1052 4851 1255 4908 eorum
1304 4851 1405 4924 qui
1453 4851 1723 4907 volebant
1766 4851 1900 4907 cum

220 4923 344 4980 illis
376 4924 547 4981 bona
580 4922 1033 4979 communio—are.
1069 4922 1349 4980 Dicebant
1385 4926 1580 4979 autem
1626 4941 1904 4980 nonnun-

220 5010 409 5069 quam
428 4994 822 5069 debitoribus
852 5011 963 5069 sua
990 4994 1212 5067 lingua,
1243 4995 1465 5069 Corban
1506 4999 1600 5069 est
1635 4995 1715 5069 (id
1749 4997 1903 5069 quod

219 5066 373 5124 mihi
407 5066 769 5137 debes,hoe
816 5072 905 5123 est
933 5066 1195 5135 donum;
1255 5067 1518 5122 dedicavi
1553 5067 1711 5122 enim
1760 5068 1902 5123 illud

217 5136 615 5222 pauperibus
636 5136 698 5193 in
720 5138 1005 5222 rationem
1033 5138 1269 5222 pietatis
1299 5154 1437 5211 erga
1456 5137 1661 5222 Deum.
1687 5138 1905 5222 Deinde

218 5209 465 5268 debitor
495 5215 792 5281 tanquam
823 5227 939 5267 non
968 5209 1312 5282 hominibus
1338 5209 1613 5282 amplius,
1647 5211 1747 5266 sed
1772 5211 1904 5282 (Deo

221 5255 480 5356 ἇέῐὲίιῖἑ,
501 5255 792 5356 ⁷Ῐὲὶίὲξῖλῖ
824 5255 1234 5356 ’ὲῖξξῗῖἰίὶὲὲ
1244 5255 1747 5356 Ξῖθὶεἱὶᾷῗῦἑίυἶΐ
1766 5255 1904 5339 ίῇὖὲ

218 5353 728 5422 concludebatur,
788 5359 853 5409 ut
881 5353 1057 5410 etiam
1111 5353 1314 5410 nolens
1345 5353 1609 5409 debitum
1642 5355 1902 5421 referret,

218 5442 336 5483 non
370 5423 656 5497 amplius
686 5424 1018 5496 feneratori,
1061 5426 1162 5481 sed
1194 5426 1321 5497 jam
1376 5425 1487 5497 Deo
1518 5425 1596 5497 in
1618 5425 1902 5481 rationem

217 5495 601 5570 pauperum,
634 5497 870 5570 nomine
903 5495 1463 5570 feneratoringuod
1522 5495 1703 5570 igitur
1747 5497 1903 5554 fene-

219 5567 384 5627 rator
416 5567 691 5640 faciebat
712 5568 1010 5640 creditori,
1054 5567 1199 5623 illud
1232 5567 1384 5623 idem
1417 5567 1685 5623 nonnulli
1718 5585 1905 5640 quan-

222 5642 424 5713 doque
456 5638 582 5713 tilii
610 5638 901 5713 faciebant
933 5638 1297 5713 parentibus.
1330 5638 1899 5713 dicebantqiue'illis:

220 5710 376 5785 Illud
412 5710 587 5785 quod
626 5729 660 5765 a
688 5727 782 5766 me
814 5710 1055 5785 adjutus
1106 5712 1340 5781 fuisses,
1375 5715 1537 5785 pater
1568 5710 1653 5766 vel
1696 5718 1902 5783 mater,

221 5784 371 5857 scito
404 5782 803 5857 accepturum
834 5800 865 5840 e
905 5782 1255 5857 Corban,gde
1306 5784 1526 5857 ratione
1579 5800 1901 5857 pauperum

221 5856 342 5924 Deo
392 5855 915 5922 consecratorum.
994 5855 1208 5915 Deinde
1281 5855 1595 5917 audientes
1626 5855 1905 5957 parentes

2015 3460 2223 3514 diceris
2274 3459 2424 3528 (Δεῖ.
2456 3475 2512 3519 x,
2544 3458 2651 3526 15).
2684 3460 3004 3511 Commune
3036 3473 3193 3528 ergo,
3255 3459 3407 3530 quod
3442 3461 3667 3516 caeteris

2014 3547 2356 3602 hominibus
2387 3550 2564 3617 patet,
2613 3551 2671 3600 et
2728 3545 2897 3615 quasi
2949 3562 3063 3600 non
3112 3548 3298 3601 estde
3339 3554 3500 3618 parte
3540 3549 3663 3620 Dei,

2017 3654 2118 3708 pro
2150 3636 2457 3690 immundo
2509 3633 2860 3705 appellatur.
2897 3638 3020 3688 Non
3079 3634 3222 3705 quod
3280 3636 3451 3691 intrat
3495 3639 3550 3691 in
3611 3654 3667 3694 os

2013 3726 2375 3782 communicat
2406 3723 2725 3780 hominem:
2753 3723 2848 3777 sed
2871 3723 3008 3796 quod
3049 3724 3291 3795 procedit
3327 3742 3396 3780 ac
3428 3742 3538 3794 ore,
3572 3728 3671 3784 hoc

2013 3852 2237 3908 Corban
2269 3866 2397 3906 esse
2428 3849 2544 3904 Deo
2594 3854 3021 3922 consecratum,
3074 3849 3132 3905 id
3191 3852 3343 3922 quod
3377 3852 3489 3907 sibi
3521 3854 3663 3910 dan-

2013 3925 2155 3997 dum
2195 3927 2487 3997 erat,_non
2539 3921 2876 3997 amplius__a
2907 3920 3042 3975 ﬁliis
3073 3920 3333 3997 accipere
3373 3924 3663 3997 volebant,

2011 3994 2242 4066 etiamsi
2286 3994 2462 4048 rebus
2512 3991 2857 4066 necessariis
2910 3991 3262 4066 magnOpere
3294 3991 3660 4066 indigerent;

2012 4065 2212 4139 Talem
2243 4081 2379 4135 ergo
2410 4063 3057 4139 traditionemseniores
3074 4063 3229 4139 apud
3252 4063 3508 4139 plebeios
3532 4086 3662 4139 pro-

2011 4137 2276 4193 ferebant
2309 4134 2331 4202 ξ
2356 4135 2692 4206 quicunque
2740 4134 2949 4206 dixerit
3007 4135 3154 4205 patri
3209 4134 3297 4190 vel
3355 4134 3550 4206 matri,
3606 4141 3662 4195 id

2054 4209 2165 4263 uod
2200 4205 2605 4262 alicuieorum
2662 4205 2922 4260 dandum
2956 4210 3099 4271 erat,
3156 4208 3378 4262 Corban
3424 4226 3572 4274 esse,
3607 4216 3664 4266 et

2054 4226 2165 4263 uoa
2200 4226 2372 4262 alieni
2405 4226 2605 4260 eorum
2662 4226 2922 4260 uanuum
2956 4226 3099 4271 erat,
3156 4226 3378 4262 uoruan
3424 4226 3572 4274 esse,
3607 4226 3656 4266 et

2011 4226 2254 4345 domum,
2286 4294 2418 4334 eum
2445 4295 2555 4332 non
2589 4275 3194 4350 ampliushdebitorem
3220 4293 3346 4331 esse
3378 4280 3527 4350 patri
3569 4280 3656 4335 vel

2012 4353 2181 4407 matri
2214 4351 2283 4407 ad
2344 4347 2773 4421 suppeditanda
2818 4347 2899 4403 illi
2937 4347 3464 4421 vitazinGCPssaria.
3500 4352 3660 4406 Hanc

2011 4424 2192 4496 igitur
2221 4420 2591 4496 traditionem
2622 4425 2888 4496 servator
2917 4420 3311 4496 reprehendit,
3358 4440 3471 4477 non
3502 4424 3661 4479 velut

2011 4493 2239 4559 sanam,
2259 4495 2359 4548 sed
2386 4495 2483 4547 Dei
2518 4493 2791 4547 mandato
2805 4494 3233 4547 adversantem.
3268 4494 3413 4549 Nam
3432 4496 3480 4549 si
3506 4496 3662 4551 Deus

2010 4566 2189 4621 dicit:
2234 4567 2452 4620 Honora
2500 4569 2727 4635 patrem,
2763 4573 2815 4619 ct
2863 4573 3113 4635 matrem,
3185 4565 3415 4621 dicebat
3468 4576 3664 4623 autem

2009 4637 2278 4692 traditio:
2339 4637 2467 4708 Non
2500 4634 2691 4708 debet
2721 4634 3005 4691 honorare
3054 4640 3277 4708 patrem
3331 4643 3388 4693 et
3418 4646 3665 4695 matrem

2010 4707 2473 4781 largitione,rqui
2536 4707 2589 4760 id
2624 4709 2776 4778 quod
2838 4707 3085 4781 daturus
3124 4714 3248 4763 erat
3300 4712 3666 4780 parentibus,

2016 4780 2154 4845 Deo,
2214 4784 2279 4834 ut
2335 4780 2584 4844 Corban,
2659 4780 3055 4835 consecravit:
3131 4781 3510 4838 manifestum
3583 4788 3672 4839 est

2016 4852 2198 4906 fuisse
2231 4852 2545 4905 rescissum
2577 4855 2928 4921 praeceptum
2975 4851 3076 4905 D81
3110 4852 3179 4906 de
3212 4853 3429 4909 honore
3462 4872 3669 4921 paren-

2016 4873 2198 4906 IUISSC
2232 4873 2545 4905 FBSCISSUUI
2577 4873 2928 4921 prmucptum
2975 4873 3076 4905 U61
3110 4873 3179 4906 (16
3212 4873 3429 4909 Honore
3502 4873 3669 4911 aren‘

2014 4929 2163 4989 tum,
2190 4922 2610 4996 Pharisaeorum
2632 4928 2701 4996 _et_
2730 4921 3065 4977 Scribarum
3101 4873 3671 4996 traditione,d)icente

2016 5012 2128 5050 non
2165 4993 2416 5065 amplius
2447 5010 2578 5049 eum
2614 4994 2824 5065 debere
2871 4998 3094 5065 patrem
3140 4993 3429 5063 honorare
3460 5004 3515 5053 et
3547 5015 3671 5053 ma-

2013 5074 2186 5132 trem,
2219 5064 2319 5137 qui
2349 5065 2464 5121 Deo
2515 5064 3165 5139 semeicons‘ecraverit
3209 5067 3267 5123 id
3319 5071 3475 5139 quod
3508 5086 3667 5125 acce-

2015 5136 2551 5210 pissent’parentes.
2586 5137 2654 5192 Et
2684 5136 2980 5203 Pbariszei,
3015 5141 3216 5210 utpote
3248 5136 3426 5205 avari,
3472 5156 3540 5195 ea
3569 5141 3666 5194 do-

2013 5209 2238 5276 cebant,
2276 5215 2340 5263 ut
2370 5209 2478 5265 sub
2538 5226 2860 5280 pauperum
2916 5212 3108 5279 specie
3163 5228 3231 5266 ea
3286 5212 3462 5266 etiam
3514 5210 3661 5265 acci-

2014 5287 2235 5354 perent,
2259 5298 2395 5354 qua:
2429 5281 2773 5354 parentibus
2798 5280 3047 5352 alicujus
3080 5283 3274 5337 danda
3304 5287 3488 5338 erant.
3511 5304 3552 5354 _»

2083 5354 2104 5387 3
2126 5344 2466 5415 Rhab‘anus',
2494 5353 2623 5407 tali.
2946 5344 2967 5352 ν
3510 5344 3538 5365 ⁸

2085 5426 2105 5460 ²
2134 5423 2283 5479 Alibi
2312 5426 2550 5479 tenetur.
2593 5423 2766 5478 Porro
2814 5423 2872 5477 in
2921 5423 3095 5479 veleri
3146 5422 3504 5493 Evangelior.
3564 5423 3668 5481 Ve-

2015 5496 2247 5552 ronensi
2302 5513 2408 5550 ms.
2464 5511 2565 5566 pro
2623 5496 2987 5550 communicat
3028 5495 3209 5549 altero
3249 5499 3488 5566 tantum
3539 5494 3665 5552 loco

2014 5574 2124 5635 est,
2159 5565 2623 5638 inqninutzivice
2672 5584 2838 5622 versa
2868 5566 3128 5629 inferius,
3156 5565 3259 5638 (ubi
3313 5571 3506 5622 textus
3558 5569 3669 5625 iste

2017 5637 2283 5714 recurrit,
2316 5640 2635 5714 coinquinat
2667 5639 2855 5710 primo
2890 5638 3008 5692 loco
3032 5642 3121 5691 est
3150 5637 3209 5692 in
3235 5654 3349 5696 uno
3383 5638 3667 5714 Palatino,

2016 5712 2071 5766 in
2108 5711 2288 5767 altero
2319 5711 2708 5766 communicat.

2085 5784 2105 5819 ⁵
2136 5785 2309 5843 Tacet
2338 5780 2549 5841 Victor.
2584 5786 2809 5844 ostreas.

3791 1782 3987 1841 /-
