4182 6636
579 524 686 582 HI

1825 522 1891 580 S.
1937 519 2250 582 EUSEBII
2297 520 2737 582 HIERONYMI

3866 525 3991 585 ΗΞ

573 655 898 724 coinquinat
935 654 1255 710 hominem?
1273 654 1541 725 Opponat
1597 652 1852 724 prudens
1907 650 2110 716 lector,
2165 655 2221 704 et
2249 653 2300 719 Α
2331 648 2388 704 in
2422 651 2640 706 foveam
2673 654 2910 708 cadunt.
2942 676 2970 704 κ
3006 654 3121 709 Hoc
3151 658 3240 709 est
3265 654 3575 727 Apostolus
3603 659 3988 729 praeceperat:

574 743 765 799 dicat:
789 742 847 798 Si
897 743 1055 814 quod
1084 741 1263 797 intrat
1293 742 1349 796 in
1401 759 1466 798 os
1497 759 1611 798 non
1645 740 1985 812 coinquinat
2026 738 2218 793 homi-

573 848 730 899 nem,
787 847 966 904 quare
999 830 1338 902 idolothytis
1403 849 1515 886 non
1574 830 1914 887 vescimur?
1981 830 2220 899 Aposto-

574 921 670 980 lus
699 921 934 978 scribit:
981 922 1096 976 Non
1145 923 1366 992 potestis
1413 920 1636 975 calicem
1684 918 1909 975 Domini
1956 917 2142 972 bibere
2169 919 2220 968 ct

573 1012 806 1068 calicem
859 1011 1253 1066 daemoniorum
1311 1012 1356 1082 (I
1409 1011 1529 1066 Cor.
1595 1027 1653 1069 ιι.
1711 1009 1822 1078 ‘20).
1901 1006 2216 1061 Sciendum

573 1107 755 1180 igitur
783 1105 938 1178 quod
969 1103 1082 1177 ipsi
1115 1103 1348 1175 quidem
1381 1100 1492 1156 cibi
1525 1104 1581 1154 et
1609 1098 1710 1154 Dei
1742 1102 2004 1152 creatura
2035 1111 2137 1166 per
2156 1110 2217 1148 se

574 1195 767 1252 omnis
821 1194 1042 1250 munda
1090 1192 1192 1248 sit:
1255 1191 1357 1247 sed
1415 1188 1704 1244 idolorum
1763 1203 1828 1241 ac
1880 1185 2214 1239 daemonum

574 1283 860 1342 invocatio
890 1299 958 1340 ea
986 1282 1160 1338 faciat
1183 1279 1508 1336 immunda.

641 1375 829 1447 (Vers.
860 1373 1019 1445 12.)‹‹
1049 1372 1212 1428 Tunc
1232 1369 1569 1425 accedentes
1585 1363 1858 1436 discipuli
1889 1364 2038 1434 ejus,
2062 1360 2216 1419 dixe-

566 1470 704 1523 runt
733 1465 782 1521 ei
803 1481 816 1522 :
847 1463 970 1519 Scis
996 1461 1136 1535 quia
1158 1459 1454 1528 Pharisaei,
1478 1457 1677 1512 audito
1697 1454 1870 1511 verbo
1893 1453 2020 1518 boc,
2045 1466 2215 1505 scan-

563 1553 798 1610 dalizati
831 1556 989 1609 sunt.
1025 1573 1054 1601 »
1085 1551 1167 1606 Ex
1197 1565 1314 1604 uno
1345 1560 1615 1602 sermone
1647 1541 1839 1598 omnis
1877 1537 2213 1610 superstitio

563 1643 1043 1700 Observationum
1100 1636 1481 1692 Judaicarum
1539 1633 1726 1687 fuerat
1781 1629 1959 1695 elisa;
2023 1626 2121 1698 qui
2155 1625 2212 1680 in

563 1730 710 1788 cibis
741 1727 1048 1787 sumendis
1079 1722 1628 1792 abominandisque,
1669 1718 2010 1790 religionem
2043 1731 2210 1770 suam

563 1820 738 1876 sitam
771 1817 1208 1874 arbitrabantur
1237 1814 1341 1876 (At.
1369 1809 1768 1878 arbitrantur).
1829 1810 1894 1860 Et
1921 1805 2057 1876 quia
2087 1820 2208 1858 cre-

563 1909 669 1964 bro
699 1907 906 1963 teritur
934 1907 993 1962 in
1051 1901 1460 1960 ecclesiasticis
1499 1897 1835 1970 Scripturis,
1867 1895 2206 1959 scandalum,

561 1995 812 2054 breviter
839 1997 1106 2052 dicamus
1135 1993 1275 2064 quid
1298 1992 1451 2047 113
1484 1989 1793 2060 signiﬁcat,
1829 1981 2052 2037 Σχολῶν
2083 1987 2120 2051 ι,
2155 1987 2211 2037 et

561 2085 926 2151 scandalum,
942 2101 1048 2140 nos
1061 2080 1468 2154 o/I‘endiculum,
1487 2077 1576 2133 vel
1591 2077 1818 2132 ruinam
1838 2071 2206 2144 etimpactio-

559 2192 694 2232 nem
727 2175 891 2249 pedis
919 2188 1236 2247 possumus
1255 2170 1462 2226 dicere.
1495 2165 1734 2233 Quando
1767 2179 1902 2234 ergo
1934 2161 2203 2233 legimus:

558 2265 899 2338 Quicunque
928 2264 1000 2319 de
1029 2259 1293 2317 minimis
1324 2257 1453 2314 istis
1484 2251 1966 2312 seandalizaverit
1995 2265 2206 2322 quem-

557 2355 738 2428 piam,
767 2354 878 2410 hoc
909 2350 1314 2423 intelligimus,
1373 2347 1474 2419 qui
1505 2345 1660 2400 dicto
1700 2343 1919 2400 factove
1950 2339 2204 2396 occasio-

560 2460 695 2500 nem
727 2442 907 2498 ruinaa
941 2440 1226 2512 cuiquam-
1247 2436 1490 2492 dederit.

630 2533 814 2606 (Vers.
866 2533 980 2598 13.)
1038 2553 1066 2580 ‹‹
1116 2531 1190 2584 At
1244 2526 1340 2582 ille
1396 2523 1778 2595 respondens,
1832 2520 1946 2576 ait:
2003 2518 2206 2574 Omnis

556 2621 838 2696 plantatio
871 2636 1049 2693 quam
1080 2635 1194 2674 non
1227 2614 1509 2689 plantavit
1539 2614 1706 2668 Pater
1734 2627 1900 2666 meus
1931 2608 2204 2678 cmlestis,

567 2710 977 2768 eradicabitur.
1012 2732 1034 2762 ι
1071 2707 1258 2763 Etiam
1290 2722 1416 2776 quae
1449 2702 1623 2775 plana
1649 2700 1923 2755 videntur
1961 2699 2020 2752 in
2051 2697 2203 2752 Seri-

555 2801 768 2875 pturis,
819 2799 992 2872 plena
1039 2800 1178 2853 sunt
1223 2792 1688 2867 quaestionibus:
1747 2789 1957 2854 Omnis,
1988 2787 2201 2859 inquit,

553 2891 826 2964 plantatio
873 2905 1037 2960 quam
1085 2902 1198 2942 non
1249 2884 1521 2956 plantavit
1552 2883 1718 2936 Pater
1755 2895 1906 2933 meus
1953 2879 2200 2945 cwleslis,

556 2979 954 3035 eradicabitur.
1007 2977 1157 3048 Ergo
1202 2971 1598 3030 eradicabitur
1645 2972 1700 3023 et
1749 2967 1850 3022 illa
1897 2965 2200 3039 plantatio,

557 3070 628 3124 de
659 3085 776 3140 qua
801 3068 1114 3139 Apostolus
1170 3063 1286 3120 ait:
1346 3063 1452 3132 Ego
1495 3059 1764 3131 plantavi,
1814 3057 2001 3128 Apollo
2052 3058 2202 3124 riga-

555 3159 635 3214 vit
665 3157 709 3229 (ι
739 3155 864 3213 Cor.
903 3172 988 3223 ιιι,
1019 3153 1096 3225 6).
1143 3151 1255 3208 Sed
1286 3149 1531 3206 solvitur
1569 3145 1814 3218 quaastio
1844 3162 1911 3200 ex
1950 3161 2016 3200 eo
2047 3144 2202 3216 quod

556 3247 898 3318 sequitur':
934 3245 1076 3299 Deus
1131 3245 1315 3297 autem
1370 3239 1765 3294 incrementum
1802 3235 1950 3290 dedit
1998 3233 2202 3305 (Ibid).

557 3336 708 3394 Dicit
751 3339 809 3391 et
833 3335 990 3407 ipse:
1050 3333 1147 3387 Dei
1174 3329 1542 3402 agricultura,
1585 3327 1684 3381 Dei
1729 3324 2025 3394 aediﬁcatio
2076 3325 2204 3378 estis

2329 743 2667 796 llzerclicmn
2707 743 2981 798 hominem
3034 752 3154 811 post
3198 761 3366 799 unam
3403 751 3456 799 et
3513 745 3751 801 alteram
3797 761 3992 802 corre-

2322 831 2574 900 ptioncm
2623 831 2821 897 devita,
2880 834 3052 887 sciens
3118 833 3259 904 quod
3312 850 3598 905 perversa:
3652 838 3725 892 sit
3779 836 3988 906 hujus-

2325 918 2474 972 modi
2503 923 2551 972 et
2589 936 2620 973 a
2650 923 2930 991 semetipso
2977 921 3265 976 damnatus
3323 923 3446 993 (Tit.
3499 941 3584 992 ιιι,
3638 926 3724 998 10,
3774 927 3884 1002 11).
3947 952 3984 983 ››

2328 1007 2389 1061 In
2417 1007 2572 1062 hunc
2603 1025 2840 1064 sensum
2874 1015 2930 1064 et
2958 1011 3218 1065 Salvator
3252 1013 3526 1084 praecepit
3553 1014 3819 1074 doctores
3847 1037 3986 1092 pes-

2326 1096 2510 1150 simos
2536 1096 2915 1154 dimittendos
2946 1099 3186 1156 arbitrio
3219 1117 3346 1169 suo,
3383 1102 3573 1160 sciens
3596 1121 3696 1162 eos
3715 1106 3982 1165 difficul-

2325 1189 2414 1239 ter
2469 1185 2538 1240 ad
2597 1187 2898 1242 veritatem
2951 1205 3122 1260 posse
3175 1190 3350 1261 trahi,
3406 1195 3467 1247 et
3497 1209 3678 1252 caecos
3705 1212 3856 1266 esse,
3917 1203 3989 1256 et.

2323 1291 2540 1331 caecum
2571 1275 2853 1348 populum
2875 1277 2935 1330 in
2966 1294 3219 1334 errorem
3248 1279 3498 1336 trahere.

2394 1363 2577 1434 (Vers.
2619 1366 2698 1431 I5,
2740 1366 3026 1434 163114
3055 1390 3081 1415 «
3108 1368 3485 1440 Respondens
3513 1376 3709 1429 autem
3741 1375 3980 1445 Petrus,

2325 1452 2470 1506 dixit
2499 1453 2549 1507 ei
2580 1469 2593 1507 :
2628 1454 2894 1510 Edissere
2945 1457 3114 1510 nobis
3145 1458 3481 1528 parabolam
3537 1460 3734 1518 istam.
3767 1468 3844 1520 At
3875 1465 3980 1524 ille

2323 1540 2499 1596 dixit:
2535 1541 2742 1598 Adhuc
2785 1550 2843 1598 et
2871 1561 2972 1599 vos
3020 1545 3145 1601 sine
3174 1544 3469 1603 intellectu
3501 1550 3688 1606 estis?
3746 1575 3774 1603 «
3806 1555 3978 1621 Quod

2323 1635 2518 1700 aperte
2563 1631 2785 1686 dictum
2818 1632 3027 1702 fuerat,
3081 1639 3140 1689 et
3193 1636 3429 1707 patebat
3459 1638 3706 1712 auditui,
3734 1648 3978 1714 aposto-

2320 1717 2412 1772 lus
2445 1721 2648 1774 Petrus
2695 1737 2797 1792 per
2825 1721 3161 1792 parabolam
3221 1724 3444 1780 dictum
3493 1732 3678 1800 putat,
3731 1732 3878 1789 etin
3910 1750 3976 1791 re

2321 1807 2629 1863 manifesta
2656 1809 2958 1880 mysticam
2991 1811 3197 1882 qumrit
3217 1812 3686 1886 intelligentiam.
3720 1819 3976 1895 Corripi-

2317 1899 2589 1964 turquea
2635 1899 2900 1964 Domino,
2962 1917 3142 1971 quare
3199 1903 3530 1973 parabolice
3575 1906 3800 1964 dictum
3858 1927 3972 1983 pu-

2317 1987 2416 2052 tet,
2446 1987 2598 2057 quoj
2627 1989 2931 2060 perspicue
2970 1989 3201 2046 locutus
3244 1998 3351 2048 est.
3401 1994 3482 2049 Ex
3512 1996 3666 2067 quod
3696 1999 3974 2057 animad-

2315 2076 2596 2132 vertimus
2645 2077 2918 2132 vitiosum
2949 2095 3076 2134 esse
3109 2081 3453 2150 auditorem,
3487 2084 3588 2156 qui
3619 2091 3722 2142 aut
3749 2087 3972 2146 obscu-

2317 2179 2380 2218 ra
2412 2165 2740 2230 manifeste,
2802 2173 2903 2222 aut
2963 2169 3268 2225 manifeste
3324 2171 3479 2228 dicta
3535 2174 3974 2236 obscure'velit

2313 2253 2658 2325 intelligere.

2387 2342 2574 2414 (Vers.
2623 2345 2707 2413 17,
2761 2346 2870 2417 18.)
2932 2368 2960 2396 ‹‹
3019 2346 3143 2402 Non
3189 2348 3542 2423 intelligitis,
3602 2354 3741 2426 quia
3790 2373 3974 2416 omne

2314 2432 2468 2503 quod
2505 2432 2563 2488 in
2597 2450 2660 2489 os
2712 2433 2912 2504 intrat,
2959 2436 3017 2491 in
3074 2443 3332 2494 ventrem
3366 2441 3541 2513 vadit,
3576 2447 3634 2499 et
3663 2445 3723 2500 in
3778 2463 3974 2506 seces-

2313 2537 2444 2575 sum
2478 2523 2811 2578 emittitur?
2866 2525 3002 2588 Quae
3042 2531 3236 2582 autem
3268 2531 3592 2599 procedunt
3620 2533 3690 2590 de
3738 2551 3858 2603 ore,
3893 2538 3973 2594 de

2313 2611 2482 2666 corde
2520 2617 2750 2678 exeunt,
2784 2619 2838 2667 ct
2870 2631 2936 2668 ea
2985 2615 3369 2687 coinquinant
3398 2619 3717 2679 hominem.
3751 2624 3971 2684 Omnia

2312 2700 2757 2772 Evangelioruru
2801 2701 2927 2758 loca
2977 2706 3129 2775 apud
3195 2706 3499 2764 haereticos
3547 2716 3604 2766 et
3656 2729 3970 2784 perversos

2311 2787 2483 2859 plena
2511 2796 2650 2845 sunt
2678 2791 2990 2848 scaudalis.
3025 2799 3090 2848 Et
3111 2811 3178 2850 ex
3209 2795 3315 2851 hac
3338 2799 3687 2857 sententiola
3715 2803 3970 2874 quidam

2311 2877 2768 2977 calumniantur,
2787 2883 2941 2952 quod
2969 2883 3254 2939 Dominus
3276 2885 3526 2957 physica:
3542 2889 3970 2962 disputationis

2312 2972 2573 3039 ignarus,
2625 2975 2788 3040 putet
2833 2987 3038 3027 omnes
3069 2972 3228 3028 cibos
3285 2975 3345 3028 in
3376 2982 3633 3034 ventrem
3666 2979 3768 3052 ire,
3811 2986 3870 3038 et
3901 2983 3968 3040 in

2313 3074 2610 3113 secessum
2641 3059 2824 3131 digeri
2880 3059 2987 3132 [Αἰ.
3033 3061 3264 3134 dirigi]:
3326 3081 3459 3120 cum
3518 3067 3717 3124 statim
3753 3070 3969 3128 infusa

2311 3163 2453 3202 esca:
2486 3164 2587 3218 per
2615 3154 2778 3204 artus
2833 3154 2889 3203 et
2934 3167 3107 3206 venas
3157 3168 3221 3208 ac
3270 3154 3577 3223 medullas,
3633 3175 3972 3234 nervosque

2312 3237 2653 3292 fundantur.
2687 3237 2850 3293 Unde
2876 3243 2932 3293 et
2961 3239 3198 3310 multos,
3233 3243 3331 3314 qui
3361 3245 3501 3300 vitio
3528 3247 3972 3322 stomachiper-

2316 3329 2506 3396 petem
2541 3325 2835 3382 sustinent
2862 3329 3168 3395 vomitum,
3200 3335 3332 3402 post
3361 3349 3555 3390 cmuas
3606 3340 3663 3391 et
3691 3339 3970 3410 prandia,

555 3426 655 3498 (Ib.
687 3425 764 3498 9).
896 3423 955 3478 in
977 3421 1092 3478 alio
1121 3395 1246 3478 loco
1304 3419 1684 3490 Coopcratorcs
1732 3415 1829 3470 Dei
1876 3429 2061 3468 sumus
2105 3413 2208 3485 (III
2236 3395 2278 3463 C
2317 3395 2516 3470 statim
2546 3431 2809 3471 evomere
2841 3417 2995 3488 quod
3031 3395 3401 3489 ingesserint,
3447 3426 3504 3478 et
3533 3395 3731 3482 tamen
3762 3395 3976 3500 corpu:

551 3518 707 3574 Joan.
727 3516 806 3586 8).
851 3513 912 3570 Si
941 3515 1136 3568 autem
1167 3512 1598 3581 cooperatores:
1650 3503 1850 3576 igitur,
1902 3502 2202 3575 plantantc

514 3635 523 3642 -
555 3604 733 3662 Paulo
762 3608 821 3661 et
848 3603 1073 3674 rigante
1103 3598 1324 3672 Apollo,
1359 3602 1509 3652 Deus
1551 3611 1684 3650 cum
1730 3593 2199 3665 cooperatoribus

557 3695 665 3767 (At.
699 3689 1122 3766 cperatoribus)
1151 3688 1276 3744 suis
1303 3685 1528 3758 plantat
1556 3688 1612 3739 et
1629 3683 1801 3754 rigat.
1821 3683 2203 3736 Abuntuntur

557 3783 669 3838 hoc
720 3780 845 3836 loco
875 3778 977 3850 qui
1005 3778 1264 3832 diversas
1295 3777 1536 3829 naturas
1592 3771 1973 3826 introducunt
2002 3771 2197 3826 dicen-

555 3877 678 3928 tes:
737 3869 796 3924 Si
827 3865 1108 3940 plantatio
1157 3879 1334 3936 quam
1383 3879 1498 3917 non
1542 3859 1826 3933 plantavit
1857 3859 2040 3928 Pater,
2073 3875 2198 3914 era-

557 3959 885 4018 dicabitur:
965 3971 1098 4025 ergo
1168 3969 1346 4025 quam
1402 3949 1682 4023 plantavit
1754 3947 1870 4018 ille,
1931 3964 2044 4002 non
2104 3954 2200 4020 po-‘

552 4053 668 4108 test
713 4044 1015 4105 eradicari.
1067 4043 1179 4100 Sed
1225 4041 1466 4098 audiant
1522 4038 1664 4094 illud
1722 4037 2028 4093 Jeremiae:
2087 4037 2198 4105 Ego

547 4155 641 4196 vos
667 4137 918 4212 plantavi
963 4135 1185 4190 vineam
1222 4148 1430 4198 veram,
1480 4129 1746 4202 quomodo
1775 4129 1918 4183 versi
1968 4127 2095 4182 estis
2138 4128 2198 4180 in

545 4227 982 4286 amaritudinem
1011 4224 1140 4280 viti:
1169 4223 1368 4278 aliene
1403 4221 1618 4292 (Jerem.
1654 4235 1716 4282 ιι,
1748 4216 1883 4288 2i)?
1911 4215 2198 4270 Plantavit

541 4319 786 4392 quidem
827 4317 1003 4382 Deus,
1037 4317 1095 4369 et
1123 4327 1294 4367 nemo
1323 4312 1516 4382 potest
1544 4306 1838 4362 eradicare
1891 4304 2198 4376 plantatio-

538 4424 678 4463 nem
711 4407 860 4478 ejus.
897 4403 1009 4459 Sed
1044 4398 1322 4473 quoniam
1355 4398 1472 4453 ista
1502 4395 1783 4468 plantatio
1809 4393 1866 4449 in
1899 4393 2195 4450 voluntate

542 4494 767 4567 proprii
801 4490 1027 4548 arbitrii
1075 4494 1184 4556 est,
1244 4485 1444 4542 nullus
1507 4483 1660 4540 alius
1717 4501 1844 4540 eam
1903 4483 2195 4540 eradicare

541 4582 755 4657 poterit
785 4581 899 4638 nisi
930 4580 1060 4652 ipsa
1080 4575 1390 4651 praebuerit
1418 4590 1748 4631 assensum.

613 4670 800 4743 (Vers.
837 4669 948 4740 14.)
975 4691 1002 4720 ‹σ
1033 4665 1219 4722 Sinite
1248 4665 1398 4733 illos,
1433 4663 1565 4720 caici
1597 4667 1754 4729 sunt,
1805 4663 1982 4718 duces
2013 4678 2188 4718 czeco-

2310 3502 2500 3560 lentos
2555 3520 2720 3561 esse:
2775 3505 2914 3577 quia
2970 3507 3040 3561 ad
3087 3507 3346 3579 primum
3393 3514 3614 3568 tactum
3683 3513 3974 3587 liquidior

2309 3591 2476 3648 cibus
2502 3599 2558 3648 et
2602 3598 2772 3666 potus
2796 3609 2900 3667 per
2927 3596 3192 3651 membra
3222 3597 3561 3655 fundantur.
3613 3601 3724 3658 Sed
3755 3603 3968 3662 istius-

2310 3682 2470 3738 modi
2496 3682 2762 3739 homines
2800 3685 2938 3740 dum
2970 3684 3170 3741 volunt
3201 3687 3442 3743 alterius
3470 3688 3825 3762 imperitiam
3875 3709 3970 3752 re-

2309 3771 2685 3841 prehendere,
2715 3773 3030 3828 ostendunt
3061 3791 3251 3830 suam.
3283 3776 3558 3840 Quamvis
3579 3779 3735 3836 enim
3757 3783 3962 3841 tenuis

2309 3860 2522 3916 humor
2549 3865 2606 3915 et
2636 3859 2868 3932 liquens
2901 3864 3088 3931 esca“,
3149 3881 3282 3920 cum
3314 3865 3372 3920 in
3402 3867 3564 3924 venis
3611 3874 3667 3925 et
3704 3872 3960 3930 artubus

2308 3953 2582 4004 concocta
2628 3951 2802 4006 fuerit
2855 3956 2912 4006 et
2957 3952 3202 4025 digesta,
3252 3971 3354 4025 per
3409 3956 3667 4015 occultos
3723 3967 3962 4020 meatu

2307 4038 2586 4110 corporis,
2647 4055 2794 4109 quos
2843 4040 3023 4096 Graeci
3071 4039 3272 4114 πόρους
3303 4050 3532 4117 vocant,
3563 4046 3636 4102 ad
3674 4047 3960 4108 inferiora

2305 4127 2605 4193 dilabitur,
2637 4133 2694 4184 et
2721 4127 2781 4183 iu
2805 4145 3102 4186 secessum
3125 4131 3299 4187 vadit.

2375 4217 2562 4286 (Vers.
2603 4217 2686 4283 19,
2718 4219 2833 4288 20.)
2865 4241 2893 4268 ‹‹
2949 4220 3023 4274 De
3061 4221 3231 4276 corde
3275 4221 3432 4278 enim
3481 4228 3692 4281 exeunt
3737 4227 3965 4299 cogita-

2303 4305 2493 4361 tiones
2524 4305 2713 4374 malzr,
2762 4305 3096 4380 homicidia,
3157 4309 3468 4380 adulteria,
3522 4313 3964 4390 fornicationes,

2305 4395 2479 4465 furta,
2530 4394 2679 4452 falsa
2729 4396 3090 4464 testimonia,
3159 4397 3580 4471 blasphemiae:
3645 4403 3770 4461 hac
3811 4412 3961 4464 sunt

2303 4501 2430 4556 quae
2462 4483 2844 4556 coinquinant
2872 4485 3191 4542 hominem.
3247 4489 3371 4546 Non
3420 4488 3556 4548 lotis
3611 4497 3810 4549 autem
3840 4511 3972 4552 ma-

2303 4573 2478 4630 nibus
2509 4576 2888 4642 manducare,
2921 4592 3034 4631 non
3076 4576 3416 4648 coinquinat
3457 4579 3780 4639 hominem.
3819 4605 3841 4634 ι
3879 4583 3968 4642 De

2303 4665 2495 4732 corde,
2530 4664 2742 4736 inquit,
2775 4668 2988 4720 exeunt
3007 4663 3389 4738 cogitationes
3418 4667 3606 4726 malis.
3639 4669 3788 4744 Ergo
3825 4673 3962 4731 ani-

543 4776 698 4816 rum.
732 4759 927 4816 Caecus
943 4761 1140 4812 autem
1171 4755 1221 4811 si
1249 4771 1397 4810 caeco
1429 4755 1711 4810 ducatum
1741 4757 1993 4824 praestet,
2019 4752 2190 4808 ambo
2221 4763 2268 4828 D
2302 4771 2406 4808 mae
2438 4752 2756 4825 principale
2787 4771 2902 4809 non
2952 4755 3277 4811 secundum
3323 4755 3628 4818 Platonem
3676 4758 3737 4816 in
3784 4777 3951 4819 cere-

617 4887 635 4918 ¹
669 4883 864 4941 Nostri
897 4885 1116 4938 'omues
1164 4896 1309 4935 mss.
1359 4879 1549 4935 Scolon
1604 4877 1916 4948 praeferunt
1973 4876 2194 4934 Latinis

541 4955 775 5023 litteris,
811 4955 881 5011 ad
913 4969 1160 5026 quorum
1194 4951 1367 5026 ﬁdem
1401 4955 1450 5006 et
1480 4950 1770 5026 copulam;
1793 4966 1895 5020 pro
1926 4949 2193 5026 estverbo

542 5020 986 5097 substituimus,
1037 5026 1167 5096 ipso
1202 5020 1572 5097 _ﬁdejusso_r_e
1740 5024 1906 5097 Patre
1963 5020 2064 5097 lib.
2096 5091 2116 5097 _
2152 5038 2192 5097 ιι

538 5091 982 5180 Dialog._cgntra
1005 5091 1361 5180 Pelagianos,
1393 5111 1452 5147 n.
1489 5095 1562 5180 15‘
1579 5110 1591 5147 :
1625 5091 1794 5180 "Nisi,
1846 5091 2192 5180 inquit,mf::l-

539 5172 646 5244 lor,
701 5161 912 5244 ἓκῶλογ
966 5173 1023 5224 et
1063 5161 1362 5220 σκάνδαλον
1411 5164 1847 5244 apud__Grzecos
1887 5161 1953 5218 ex
2008 5164 2186 5244 clien-

537 5231 701 5300 sione
726 5247 783 5298 et
813 5242 983 5296 ruina
1005 5256 1218 5294 nomen
1241 5231 1481 5306 accepit.
1515 5258 1542 5285 n
1576 5235 1944 5290 Martianazus
1967 5231 2184 5301 σκολὸν,

534 5319 638 5371 aut
665 5310 888 5368 σκολίον
921 5327 1054 5367 cum
1087 5313 1328 5365 accentu
1359 5309 1416 5361 in
1464 5307 1786 5378 penultima
1813 5307 2015 5362 vitiose
2047 5324 2187 5378 prae-

531 5392 692 5459 terea
719 5385 879 5459 legit.
914 5414 983 5424 --
1016 5387 1214 5459 Ausus
1260 5383 1346 5434 est
1372 5377 1668 5459 alarianus
1711 5377 1999 5459 Victorius
2030 5377 2184 5434 hunc

529 5455 725 5513 locum
759 5450 988 5514 mutare
1034 5455 1256 5524 absque
1301 5451 1590 5528 suffragio
1649 5450 1913 5528 codicum
1975 5467 2184 5528 manu-

529 5529 883 5600 scriptorum
927 5531 986 5582 et
1038 5517 1408 5600 ρι’ρξσξςολόν.
1443 5517 1528 5600 vel
1575 5517 1793 5574 σκολίον
1827 5523 2183 5576 substituere

526 5589 862 5672 πρόᾶκομμα
914 5603 971 5653 et
1029 5589 1351 5672 ἑκάνδαλρν.
1388 5593 1809 5672 Infra__quoque
1843 5598 2032 5648 mutat
2061 5593 2181 5647 edi-

526 5664 686 5726 tione
716 5664 824 5724 sua
854 5673 1187 5724 contextum
1204 5666 1508 5736 vulgatum
1541 5665 1874 5737 Hieronymi
1909 5664 2176 5720 dicentis:

439 5795 443 5798 .
532 5742 794 5812 Quamvis
845 5743 994 5794 enim
1049 5741 1226 5812 tenuis
1269 5739 1468 5791 humor
1505 5748 1552 5791 ct
1612 5739 1826 5806 liquens
1880 5751 2024 5812 esca,
2057 5752 2181 5789 cum

534 5806 596 5873 in
624 5814 796 5880 venis,
831 5817 940 5867 etc.
975 5811 1122 5877 Quid
1171 5811 1246 5865 sit
1293 5817 1493 5880 autem
1527 5811 1737 5880 scolou,
1783 5807 1937 5879 quod
1967 5806 2182 5880 legitur

2305 4877 2648 4961 penultima,
2681 4877 2828 4961 scire
2858 4893 3176 4961 possumus
3197 4895 3265 4936 ex
3292 4880 3464 4937 verbo
3501 4879 3760 4954 σκολιόω,
3793 4885 3954 4954 quod

2302 4951 2597 5025 significat
2626 4951 2930 5021 intorqueo,
2987 4953 3291 5007 tortuosum
3357 4961 3409 5007 et
3473 4970 3704 5025 pravum
3745 4951 3954 5014 reddo.

2302 5023 2434 5102 Quae
2476 5021 2655 5102 en_im_
2686 5027 2826 5076 sunt
2886 5038 3060 5102 prava
3115 5021 3484 5102 ettortuosa,
3528 5026 3957 5102 oil‘endiculum

2299 5094 2558 5169 praebent
2607 5098 2781 5169 atque
2822 5093 3083 5169 ruinam,
3139 5093 3273 5169 sive
3310 5093 3475 5165 pedis
3531 5096 3955 5169 impactionem

2299 5166 2620 5220 secundum
2657 5165 2984 5240 Hieronymi
3017 5165 3472 5240 adnotationem.
3505 5165 3677 5240 Apud
3708 5169 3930 5228 Isaiam

2297 5245 2458 5292 erunt
2480 5253 2658 5308 prava
2683 5237 2741 5290 in
2771 5216 2997 5302 άίνὲεια,
3019 5216 3472 5292 adfinia?“
3505 5216 3677 5240 ”²’““
3709 5216 3957 5242 ·”“’·-·-·ν

2367 5309 2388 5340 ²
2419 5313 2604 5384 Antea
2653 5311 2775 5384 erat
2816 5323 2886 5362 ex
2922 5323 2984 5361 eo
3013 5308 3164 5384 quod
3183 5309 3463 5384 scribitur,
3498 5315 3554 5366 et
3585 5310 3758 5382 paulo
3815 5317 3960 5384 post

2295 5379 2811 5460 riganteflpolline,
2847 5395 2950 5460 pro
3009 5379 3412 5460 Apollo,_q_uod
3450 5379 3674 5460 nom—en
3729 5379 3834 5439 est]
3865 5382 3962 5440 in-

2294 5450 2639 5525 declinabile
2675 5449 2736 5525 in
2767 5449 2982 5525 noetris
3014 5467 3136 5504 mss
3184 5449 3783 5525 Victoriuspraaterea
3813 5469 3960 5512 mox

2294 5525 2420 5603 etin
2454 5521 2637 5602 eodem
2669 5521 2781 5603 loco
2827 5520 3116 5603 legithp‘ro
3141 5520 3526 5603 “aliohquold'
3561 5524 3684 5581 haec
3740 5530 3957 5584 mutuo

2293 5592 2444 5647 inter
2475 5608 2536 5647 se
2557 5593 2764 5664 juncta
2788 5592 3382 5664 putarit’testimonia
3404 5595 3430 5649 Ι
3450 5594 3552 5650 Cor
3583 5613 3668 5652 ιιι.

2327 5665 2384 5745 ,³
2429 5662 2672 5788 ΞιιρΕΙΕῐ
2718 5662 3032 5745 yictorius,
3078 5666 3139 5717 in
3175 5681 3371 5736 corpus
3414 5665 3687 5737 fundatur
3735 5674 3950 5740 tamen,

2327 5750 2418 5788 me
2448 5751 2546 5788 αιιι
2595 5751 2664 5788 us
2685 5735 2794 5788 51b]
2825 5735 2988 5788 visus
3009 5740 3098 5788 est
3117 5750 3329 5788 sensus
3358 5735 3640 5788 laborare-
3659 5740 3732 5788 At
3750 5755 3950 5788 nemm

2292 5735 2418 5789 sine
2448 5735 2664 5812 quibus
2685 5735 2803 5812 sibi
2825 5735 2988 5790 visus
3009 5740 3098 5790 est
3117 5735 3329 5791 sensus
3358 5735 3640 5795 laborare.
3659 5735 3950 5812 At‘nequé

2291 5823 2433 5885 mss.
2489 5807 2905 5885 sult'ragantur,
2939 5822 3127 5879 neque
3183 5823 3384 5867 revera
3432 5824 3644 5871 sensus
3697 5807 3946 5885 dispen-

533 5889 596 5946 in
629 5875 797 5962 mss.)
827 5875 1146 5956 codicibus,
1205 5882 1324 5938 sive
1378 5875 1597 5935 σκολίων
1657 5875 1816 5938 cum‘
1839 5875 2077 5935 accentu
2119 5879 2179 5933 in

2316 5877 2451 5934 lium
2482 5881 2590 5934 est.
