4182 6588
222 473 334 539 113

218 608 342 676 bro,
376 607 477 664 sed
500 607 671 680 juxta
699 607 998 665 Christum
1030 608 1089 663 in
1103 609 1275 664 corde
1297 612 1388 664 est
1414 608 1428 642 ¹
1455 623 1469 663 :
1494 610 1551 663 et
1572 604 1857 679 arguendi
1890 610 1947 676 Α,

218 715 285 755 ex
307 698 412 753 hac
443 697 732 754 sententia
759 702 915 765 sunt,
951 698 1052 771 qui
1085 700 1233 756 115
1269 697 1654 771 cogitationes
1677 713 1710 751 a
1742 695 1860 750 dia-

220 786 348 843 bolo
380 785 621 842 immitti
653 791 949 859 putant,et
977 805 1091 844 non
1129 804 1274 861 expr
1290 788 1457 860 opria
1475 786 1641 843 nasci
1665 784 1866 841 volun-

218 878 352 932 tate.
385 874 664 932 Diabolus
690 877 991 947 adjutoret
1012 877 1278 934 incentor
1296 879 1318 912 ²
1342 877 1631 933 malarum
1645 875 1861 947 cogita-

216 964 438 1021 tionum
468 970 662 1037 potest
707 982 857 1034 esse,
909 971 1112 1023 auctor
1150 983 1278 1023 esse
1327 984 1442 1023 non
1495 968 1703 1039 potest.
1755 962 1856 1020 Sin

217 1058 406 1110 autem
437 1069 671 1126 semper
693 1055 752 1109 in
782 1055 1017 1111 insidiis
1048 1056 1296 1128 positus,
1329 1055 1512 1112 levem
1549 1053 1856 1127 cogitatio-

215 1160 351 1199 num
384 1150 719 1200 nostrarum
752 1144 1071 1201 scintillam
1104 1145 1229 1201 suis
1267 1145 1573 1201 fomitibus
1621 1144 1855 1199 inﬂam-

215 1231 407 1299 marit,
443 1250 558 1289 non
590 1235 874 1291 debemus
919 1235 1146 1308 opinari
1188 1232 1325 1292 eum
1380 1234 1572 1290 cordis
1624 1249 1857 1305 quoque

213 1322 434 1379 occulta
465 1323 688 1392 rimari,
724 1325 825 1380 sed
856 1341 925 1380 ex
939 1324 1198 1397 corporis
1225 1324 1450 1394 habitu,
1483 1329 1540 1379 et
1588 1322 1854 1395 gestibus

210 1412 495 1471 aestimare
524 1413 666 1487 quid
697 1430 999 1471 versemus
1023 1413 1399 1470 intrinsecus.
1433 1412 1604 1468 Verbi
1629 1411 1852 1484 gratia:

207 1502 264 1560 Si
292 1501 600 1575 pulchram
629 1503 937 1559 mulierem
970 1520 1077 1559 nos
1092 1502 1520 1559 crebroviderit
1540 1501 1851 1573 inspicere.

206 1591 478 1666 intelligit
503 1594 526 1627 ³
555 1609 655 1649 cor
685 1593 902 1649 amoris
924 1593 1123 1665 jaoulo
1155 1592 1546 1649 vulneratum.

273 1680 460 1753 (Vers.
488 1684 579 1753 2i,
610 1684 725 1753 22.)
753 1704 780 1733 «
813 1684 881 1738 Et
910 1699 1183 1755 egressus
1211 1681 1348 1737 inde
1378 1682 1573 1752 Jesus,
1608 1678 1853 1735 secessit

203 1769 261 1827 in
291 1774 488 1844 partes
520 1772 652 1847 Tyri
683 1775 741 1828 et
769 1771 1024 1828 Sidonis.
1050 1770 1119 1827 Et
1150 1788 1278 1828 ecce
1300 1769 1851 1827 mulierChananzea

204 1878 237 1918 a
264 1860 482 1918 ﬁnibus
512 1860 630 1918 illis
659 1877 896 1934 egressa
924 1861 1215 1929 clamavit,
1248 1860 1448 1916 dicens
1470 1859 1541 1916 ei.
1570 1882 1599 1909 ››
1629 1858 1849 1915 Scribis

201 1954 255 2007 et
316 1949 630 2007 Pharisaeis
687 1950 1216 2007 calumniatoribus
1283 1949 1596 2015 derelictis,
1652 1952 1873 2004 trans-.

200 2040 466 2113 greditur
489 2040 550 2096 in
580 2044 777 2113 partes
805 2040 941 2114 Tyri
971 2044 1029 2097 et
1058 2039 1314 2107 Sidonis,
1369 2043 1435 2095 ut
1482 2039 1708 2112 Tyrios,
1753 2038 1840 2094 Si-

200 2129 524 2203 doniasque
553 2134 802 2186 curaret.
838 2128 1045 2186 Mulier
1073 2128 1267 2186 autem
1298 2128 1626 2186 Chenanzea
1680 2144 1843 2200 egre-

197 2217 352 2275 ditur
380 2219 456 2277 de
481 2218 701 2275 ﬁnibus
730 2219 1017 2292 pristinis,
1053 2223 1118 2275 ut
1164 2219 1429 2275 clamans
1472 2218 1604 2274 ﬁliae
1656 2219 1840 2289 impe-

193 2311 304 2365 tret
344 2310 684 2366 sanitatem.
734 2309 986 2366 Observa
1042 2310 1197 2381 quod
1244 2309 1305 2365 in
1354 2310 1559 2381 quinto
1609 2307 1837 2364 decimo

192 2396 314 2454 loco
344 2398 473 2455 ﬁlia
500 2398 838 2456 Chananeea
869 2402 1126 2456 sanetur.
1166 2421 1187 2447 α
1223 2398 1495 2455 Miserere
1552 2398 1689 2466 mei,
1729 2398 1843 2453 Do-

194 2487 367 2557 mine,
391 2487 480 2544 ﬁli
511 2488 712 2544 David.
739 2510 768 2539 »
801 2488 940 2545 Inde
967 2488 1127 2544 novit
1163 2504 1368 2544 vocare
1399 2487 1588 2543 ﬁlium
1637 2486 1840 2556 David,

193 2568 330 2650 quia
357 2593 596 2651 egressa
619 2579 747 2650 jam
779 2578 969 2635 fuerat
997 2578 1069 2634 de
1098 2577 1359 2633 ﬁnibuus
1392 2568 1537 2643 suis,
1570 2580 1626 2632 et
1683 2593 1843 2633 erro-

192 2682 313 2722 rem
333 2666 643 2741 Tyriorum
678 2684 744 2724 ac
771 2667 1146 2724 Sidoniorum
1178 2666 1287 2723 loci
1319 2684 1385 2723 ac
1418 2666 1551 2722 ﬁdei
1575 2682 1841 2722 commu-

189 2756 407 2812 tatione
439 2756 768 2813 dimiserat.
803 2780 831 2806 «
864 2756 1007 2813 Filia
1038 2773 1169 2812 mea
1199 2755 1353 2813 male
1383 2773 1416 2812 a
1441 2756 1725 2812 daemonio
1741 2772 1837 2812 ve-

189 2849 378 2901 xatur.
401 2867 433 2896 »
467 2846 587 2919 Ego
617 2845 800 2902 ﬁliam
830 2845 1189 2914 Chananaeae,
1216 2847 1239 2880 ⁸
1268 2850 1409 2918 puto
1440 2847 1670 2901 animas
1712 2862 1840 2901 esse

189 2934 581 3003 credentium,
640 2952 767 3007 quas
815 2934 969 2991 male
1017 2953 1052 2990 a
1097 2935 1384 2991 daemonio
1458 2935 1836 3005 vexabantur,

188 3024 526 3096 ignorantes
555 3025 907 3092 Creatorem,
941 3027 998 3080 et
1022 3026 1333 3081 adorantes
1364 3024 1639 3096 lapidem.

256 3112 448 3184 (Vers.
472 3114 592 3184 23.)
622 3137 649 3165 ‹‹
674 3115 781 3181 Qui
815 3131 931 3170 non
962 3114 1264 3187 respondit
1284 3113 1335 3169 ei
1363 3114 1629 3169 verbum.
1656 3136 1685 3163 ››
1709 3115 1835 3171 Non

187 3201 255 3258 de
284 3203 566 3275 superbia
593 3202 953 3271 Pharisaica,
983 3219 1088 3259 nec
1120 3204 1190 3259 de
1255 3203 1592 3259 Scribarum
1638 3204 1837 3275 super-

187 3289 358 3359 cilio;
392 3292 499 3348 sed
553 3309 626 3349 ne
683 3292 809 3365 ipse
857 3293 1155 3348 sententiae
1200 3310 1319 3348 suae
1363 3292 1661 3348 videretur
1709 3308 1837 3347 esse

742 474 1261 539 COMMENTAR.
1308 475 1385 535 ΙΝ
1432 473 1946 534 EVANGELIUM
1996 473 2374 534 MATTH/El
2425 475 2572 534 LIB.
2620 473 2694 535 ΙΙ.
2742 474 2915 534 CAP.
2961 474 3091 535 XV.

3508 474 3621 533 114

2047 605 2236 677 (Vers.
2267 607 2384 679 24.)
2431 607 2605 678 «Ipse
2655 610 2849 661 autem
2898 606 3259 677 respondens
3311 605 3432 663 ait:
3487 605 3615 662 Non

1970 712 2102 750 sum
2137 696 2355 751 missus
2388 696 2502 751 nisi
2533 696 2602 751 ad
2627 713 2761 751 oves
2793 714 2920 768 quae
2969 696 3270 769 perierunt
3317 697 3423 764 [Αἰ.
3476 712 3612 767 per-

1969 785 2142 856 ditas]
2176 786 2387 841 domus
2422 785 2617 842 Israel.
2648 808 2674 835 ››
2706 787 2831 841 Non
2866 802 2982 858 quo
3014 790 3073 841 et
3120 785 3191 841 ad
3242 790 3444 858 gentes
3498 803 3613 840 non

1970 873 2189 930 missus
2220 876 2332 943 sit;
2368 876 2468 930 sed
2503 892 2617 947 quo
2646 875 2904 948 primum
2938 876 3156 931 missus
3187 875 3265 931 sit
3294 875 3367 930 ad
3407 874 3610 940 Israel,

1968 967 2032 1019 ut
2061 964 2178 1020 illis
2208 982 2323 1020 non
2358 965 2773 1038 recipientibus
2807 964 3206 1037 Evangelium,
3231 965 3398 1036 justa
3450 964 3617 1019 ﬁeret

1968 1054 2039 1109 ad
2071 1059 2275 1126 gentes
2304 1055 2747 1127 transmigratio
2780 1055 2912 1126 (Act.
2946 1072 3067 1122 XIII,
3101 1055 3212 1127 46).
3274 1054 3341 1109 Et
3389 1051 3614 1126 signiﬁ-

1966 1148 2162 1200 canter
2191 1145 2354 1216 dixit,
2385 1145 2464 1200 Ad
2493 1162 2611 1201 oves
2638 1146 2886 1217 perditas
2944 1144 3135 1200 domus
3183 1144 3385 1209 Israel;
3434 1146 3500 1198 ut
3544 1158 3614 1198 ex

1965 1233 2074 1288 hoc
2104 1234 2230 1289 loco
2261 1234 2437 1289 etiam
2471 1251 2651 1290 unam
2690 1250 2993 1291 erroneam
3034 1250 3200 1290 ovem
3250 1234 3321 1289 de
3370 1231 3485 1289 alia
3513 1248 3612 1305 pa-

1965 1322 2163 1378 rabola
2196 1323 2616 1393 intelligamus.

2035 1412 2222 1480 (Vers.
2255 1414 2344 1480 25,
2376 1413 2487 1485 26.)
2524 1434 2552 1463 «
2584 1416 2656 1467 At
2684 1412 2785 1468 illa
2831 1412 2993 1468 venit
3031 1416 3088 1468 et
3143 1411 3406 1468 adoravit
3453 1428 3612 1478 eum,

1964 1501 2191 1557 dicens:
2227 1502 2492 1570 Domine,
2528 1503 2741 1573 adjuva
2782 1518 2893 1558 me.
2928 1502 3036 1566 Qui
3084 1501 3447 1574 respondens
3494 1500 3608 1556 ait:

1961 1591 2088 1647 Non
2120 1596 2208 1646 est
2247 1592 2466 1647 bonum
2503 1594 2970 1663 sumcre'panem
3002 1590 3281 1659 ﬁliorum,
3303 1594 3359 1646 et
3381 1589 3614 1646 mittere

1961 1680 2278 1736 canibus.»
2316 1681 2457 1737 Mira
2498 1682 2608 1738 sub
2656 1680 3265 1753 personna’;mulieris
3312 1678 3605 1734 Chanani-

1960 1770 2100 1825 tidis
2129 1770 2398 1828 Ecclesiae
2431 1772 2597 1841 ﬁdes,
2615 1771 2894 1843 patientia
2915 1774 2972 1825 et
2992 1770 3298 1826 humilitas
3325 1768 3605 1841 pradica-

1960 1863 2073 1914 tur.
2110 1859 2278 1916 Fides
2310 1861 2427 1933 qua
2456 1859 2704 1916 credidit
2735 1860 2929 1916 sanari
2962 1875 3133 1931 posse
3178 1856 3357 1914 ﬁliam
3411 1873 3605 1913 suam.

1960 1948 2265 2015 Patientia,
2299 1966 2416 2021 qua
2444 1950 2617 2005 toties
2649 1953 3000 2022 contempta,
3050 1948 3110 2004 in
3151 1947 3425 2020 precibus
3472 1960 3608 2019 per-

1957 2043 2198 2094 severat.
2230 2038 2568 2109 Humilitas,
2602 2055 2717 2111 qua
2749 2055 2811 2094 se
2840 2055 2956 2094 non
2990 2037 3256 2094 canibus.
3292 2037 3391 2094 sed
3440 2039 3606 2093 catu-

1956 2127 2030 2183 lis
2063 2133 2382 2200 comparat.
2417 2127 2601 2184 Canes
2632 2132 2827 2184 autem
2849 2127 3065 2183 ethnici
3080 2130 3335 2200 "propter
3355 2124 3601 2182 idolola-

1954 2216 2127 2274 triam
2156 2218 2452 2286 dicuntur,
2488 2217 2587 2290 qui
2618 2216 2743 2273 esui
2775 2217 3312 2289 sanguinisﬁdediti,
3338 2220 3394 2273 et
3424 2216 3599 2273 cada-

1951 2308 2187 2363 veribus
2242 2312 2633 2375 mortuorum,
2694 2307 2965 2363 feruntur
3017 2306 3078 2363 in
3129 2306 3374 2362 rabiem.
3410 2360 3413 2367 ,
3452 2303 3602 2362 Nota

1955 2397 2110 2469 quod
2141 2398 2256 2453 ista
2284 2396 2629 2453 Chananitis
2660 2401 3098 2470 perseveranter
3117 2396 3379 2469 primum
3409 2394 3599 2452 ﬁlium

1953 2487 2152 2558 David,
2182 2486 2393 2542 deinde
2441 2485 2756 2542 Dominum
2806 2489 2989 2556 vocet,
3043 2490 3100 2542 et
3156 2486 3228 2542 ad
3274 2488 3603 2543 extremum

1952 2575 2154 2633 adoret
2174 2580 2239 2632 ut
2257 2581 2457 2632 Deum.

2024 2667 2212 2738 (Vers.
2244 2666 2467 2737 27,28.)
2501 2688 2529 2715 «
2563 2666 2630 2720 At
2678 2664 2779 2720 illa
2836 2664 3010 2720 dixit:
3070 2664 3282 2733 Etiam,
3329 2665 3598 2722 Domine.

1952 2756 2100 2813 Nam
2133 2760 2190 2811 et
2221 2754 2408 2810 catelli
2442 2755 2621 2810 edunt
2641 2754 2711 2809 de
2738 2753 2905 2810 micis
2920 2771 3045 2826 qum
3063 2755 3281 2811 cadunt
3303 2755 3375 2810 de
3397 2754 3629 2811 mensa

1951 2845 2325 2901 dominorum
2358 2860 2621 2900 suorum.
2653 2843 2815 2898 Tunc
2843 2843 3204 2915 respondens
3260 2843 3456 2912 Jesus,
3517 2843 3601 2899 ait

1949 2933 2035 2990 illi
2067 2952 2079 2989 :
2114 2935 2157 2989 O
2190 2934 2422 3000 mulier,
2457 2950 2672 3005 magna
2701 2936 2790 2988 est
2828 2932 2972 2988 ﬁdes
3004 2936 3134 2988 tua:
3177 2933 3279 2989 ﬁat
3307 2932 3416 2988 tibi
3446 2932 3599 2989 sicut

1947 3024 2057 3080 vis.
2089 3025 2159 3078 Et
2191 3028 2394 3079 sanata
2426 3026 2514 3078 est
2545 3022 2666 3077 ﬁlia
2698 3023 2825 3092 ejus
2857 3038 2926 3078 ex
2952 3021 3053 3078 illa
3078 3023 3244 3079 hora.
3271 3044 3300 3072 »
3328 3022 3458 3078 Scio
3482 3039 3596 3095 me,

1950 3114 2166 3186 inquit,
2199 3112 2455 3168 ﬁliorum
2488 3129 2697 3184 panem
2730 3128 2846 3167 non
2905 3110 3138 3180 mereri,
3189 3128 3294 3167 nec
3338 3112 3598 3185 integros

1949 3219 2121 3276 posse
2152 3219 2355 3275 capere
2387 3201 2577 3266 cibos;
2614 3218 2721 3258 nec
2766 3202 2969 3257 sedere
3009 3201 3082 3256 ad
3132 3217 3402 3258 mensam
3461 3218 3597 3259 cum

1952 3296 2145 3364 patre;
2180 3293 2281 3347 sed
2316 3294 2589 3348 contenta
2631 3307 2765 3347 sum
2813 3290 3080 3363 reliquiis
3122 3289 3494 3349 catulorum:
3529 3295 3598 3347 ut

187 3381 539 3451 contrarius,
571 3398 674 3453 per
705 3364 883 3453 quam
933 3382 1194 3453 jusserat
1216 3398 1229 3437 :
1252 3384 1316 3437 In
1335 3384 1485 3437 viam
1501 3382 1747 3453 gentium
1768 3397 1838 3436 ne
1868 3364 1925 3430 Cl
1948 3397 2052 3453 per
2070 3380 2466 3437 humilitatem
2498 3380 2806 3451 micarum,
2839 3380 2910 3436 ad
2943 3378 3337 3453 panisintegri
3365 3379 3595 3436 veniam

185 3470 462 3544 abieritis,
496 3478 547 3526 et
574 3469 820 3525 civitates
867 3469 1351 3525 Samaritanorum
1378 3486 1447 3524 ne
1488 3469 1833 3526 intraveritis

185 3561 381 3616 Matth.
418 3576 479 3626 x,
510 3560 588 3628 5).
621 3558 867 3615 Nolebat
888 3558 1044 3614 enim
1094 3557 1460 3639 occasionem
1521 3557 1840 3615 calumnia-

185 3648 411 3707 toribus
424 3650 567 3706 dare
578 3647 1011 3721 perfectamque
1032 3645 1282 3726 salutem
1305 3648 1591 3719 gentium,
1612 3648 1837 3719 passio-

184 3736 275 3794 nis
305 3743 364 3794 et
394 3736 846 3796 resurrectionis
876 3736 1127 3809 tempori
1180 3736 1530 3793 reservabat.
1562 3760 1589 3787 ‹‹
1623 3738 1693 3792 Et
1741 3754 1835 3793 ac-

177 3827 449 3885 cedentes
478 3825 753 3899 discipuli
786 3827 915 3896 ejus
971 3825 1259 3900 rogabant
1313 3842 1471 3898 eum,
1529 3825 1827 3883 dicentes:

176 3915 417 3973 Dimitte
447 3933 600 3986 eam,
632 3917 772 3989 quia
801 3914 1016 3971 clamat
1043 3919 1177 3988 post
1207 3932 1333 3972 nos.
1362 3937 1389 3964 »
1423 3914 1832 3988 Discipuli,illo

173 4002 363 4059 adhuc
395 4007 664 4081 tempore
719 4002 1001 4073 mysteria
1050 4002 1285 4059 Domini
1337 4003 1688 4071 nescientes,
1744 4004 1828 4061 vel

170 4090 583 4148 misericordia
604 4091 901 4163 commoti,
934 4092 1223 4165 rogabant
1272 4109 1376 4164 pro
1410 4093 1565 4148 116
1596 4093 1827 4148 Chana-

170 4195 316 4249 nasa,
348 4180 623 4250 muliere,
653 4197 832 4254 quam
854 4180 1000 4237 alter
1020 4181 1404 4255 Evangelium
1427 4182 1827 4255 Syrophmnis-

168 4284 291 4326 eam
328 4268 595 4343 appellat
622 4269 807 4341 (Marc.
840 4288 945 4342 v11,
974 4271 1067 4342 26)
1097 4270 1187 4326 vel
1219 4270 1668 4343 importunitate
1699 4273 1828 4344 ejus

167 4373 365 4416 carere
396 4359 738 4432 cupientes;
770 4359 908 4432 quia
938 4376 1054 4417 non
1092 4363 1159 4415 ut
1188 4358 1558 4431 clementem,
1624 4363 1726 4418 sed
1760 4367 1826 4417 ut

169 4448 385 4506 durum
419 4448 719 4506 medicum
751 4449 1014 4506 crebrius
1044 4448 1411 4505 inclamaret.

239 4556 564 4639 quiximus
588 4556 698 4613 hac
729 4556 801 4639 de
832 4573 894 4639 re
913 4556 1002 4639 ad
1040 4556 1225 4639 epist.
1284 4557 1355 4612 64
1409 4557 1824 4639 αςιηΙτθιὸίοιειω

169 4625 368 4701 initio:
405 4627 626 4701 quibus
639 4628 805 4701 paria
833 4628 1012 4701 habet
1039 4625 1433 4701 Hieronymus
1453 4627 1555 4683 lib.
1578 4631 1606 4684 Ι
1629 4634 1825 4686 contra

169 4645 368 4684 mmo:
405 4645 626 4701 quibus
680 4645 805 4685 ιιι-ιε.
834 4645 1012 4685 nanet
1039 4645 1433 4701 hieronymus
1453 4645 1555 4683 no.
1578 4645 1600 4684 1
1629 4645 1823 4686 contra

169 4697 530 4756 Iovinianum
587 4645 675 4756 aiiJ
717 4699 941 4756 Cantici
996 4700 1220 4756 versic:
1280 4701 1591 4757 Fratruelis
1674 4718 1823 4757 meus

170 4770 328 4844 mihi,
362 4774 413 4827 et
442 4788 539 4844 ego
567 4772 676 4839 illi,
708 4774 773 4828 in
799 4772 986 4844 medio
1002 4772 1232 4844 uberum
1276 4789 1526 4828 meorum
1581 4789 1817 4829 commo-
1852 4740 1900 4804 Β

170 4843 440 4916 fallitur:
476 4843 560 4899 fin
601 4843 1186 4916 principaliLinquit,
1237 4844 1434 4910 cordis,
1490 4845 1588 4900 ubi
1641 4862 1818 4902 sermo

171 4912 269 4989 ιζσὶ
292 4915 461 4989 habet
496 4912 816 4989 hospitium.
843 4938 872 4967 »
904 4912 1254 4989 Concinunt
1275 4933 1474 4989 _porro
1522 4934 1591 4972 ex
1636 4918 1816 4973 eccle-

171 4984 429 5065 siasticis
462 4984 801 5065 auctoribus
843 4986 1144 5065 plerique.
1194 4984 1493 5060 Origenes,
1538 4988 1753 5065 ihomil.
1784 4991 1819 5043 9

168 5054 230 5114 in
259 5058 566 5132 Exodum:
600 5081 629 5109 ‹‹
664 5054 1046 5132 Potest'intra
1090 5075 1152 5116 se
1178 5054 1366 5132 agere
1412 5054 1818 5132 pentiﬁcatum

170 5144 318 5204 pars;
354 5130 484 5204 illa,
518 5147 645 5203 quae
683 5131 742 5204 in
783 5147 849 5204 eo
899 5135 987 5204 est
1043 5130 1473 5204 pretiosissima
1528 5134 1816 5201 omnium,

170 5201 603 5284 quod‘quida—m
635 5201 959 5284 principale
978 5201 1182 5284 cordis
1221 5203 1557 5284 appellant,
1589 5204 1689 5284 alii
1736 5222 1820 5261 ra-

167 5272 449 5345 tionalem
482 5272 743 5345 sensum,
778 5272 880 5331 aut
908 5272 1362 5331 intellectualem
1396 5276 1817 5343 substantiam,

171 5343 257 5402 vel
306 5362 675 5420 quocunque
729 5343 909 5403 modo
969 5346 1247 5420 appellari
1294 5352 1485 5420 potest
1534 5348 1590 5403 in
1650 5350 1821 5404 nobis

173 5417 613 5503 portiohnostri;
612 5417 729 5503 illa,
749 5435 886 5503 “per
942 5417 1121 5492 quam
1155 5417 1439 5503 capaces"
1450 5436 1581 5503 esse
1613 5438 1820 5503 possu-

175 5503 310 5545 mus
350 5488 479 5565 Dei.
516 5512 543 5541 »
569 5488 977 5565 Tertullianus'
1011 5488 1257 5565 passim,
1300 5495 1357 5547 et
1403 5490 1550 5565 libro
1608 5488 1672 5548 ile
1724 5496 1820 5548 Re-

178 5562 523 5636 surrectione
549 5564 736 5636 carnis
766 5579 895 5636 cap.
928 5562 1029 5618 15S
1048 5564 1449 5636 Hegemonicon
1480 5563 1587 5634 (sic
1612 5564 1823 5636 Graece

178 5632 384 5705 ἤγεμον
396 5632 511 5687 ικόν
546 5633 759 5690 dicitur
785 5632 1132 5707 Principale)
1163 5637 1369 5692 anima?
1398 5637 1462 5689 in
1488 5632 1652 5691 sorde
1691 5654 1824 5691 con-

178 5710 460 5778 secratam
501 5721 648 5774 esse,
682 5707 888 5778 multis
935 5706 1244 5778 SCripturzc
1291 5707 1643 5763 testimoniis
1693 5726 1824 5778 pro~

181 5727 460 5762 sacratum
501 5727 648 5774 8358,
682 5727 888 5762 ῐῐὶυιῐιδ
935 5727 1244 5778 Demptum:
1291 5727 1643 5763 IBSleOllllS
1734 5727 1823 5763 PO“

332 5776 437 5835 His
469 5778 619 5863 adde
646 5777 954 5863 Philonem
1005 5779 1064 5836 in
1086 5778 1309 5863 Opusc.
1362 5779 1425 5834 de
1455 5795 1513 5835 eo
1558 5727 1823 5863 (lumini;—

185 5851 347 5906 terius
398 5851 614 5923 potiori
668 5851 1012 5912 insidietur;
1086 5851 1421 5919 Nissenum,
1475 5856 1621 5909 orat.
1684 5854 1709 5906 1
1763 5851 1828 5907 de

1949 3470 2439 3543 magnitudinem.
2498 3469 2540 3523 Ο
2588 3469 2739 3524 mira
2790 3485 2985 3525 rerum
3036 3467 3367 3525 conversio!
3416 3467 3595 3524 Israel

1947 3560 2243 3633 quondam
2278 3559 2455 3626 ﬁlius,
2490 3576 2606 3614 non
2637 3574 2831 3614 canes.
2888 3563 2997 3613 Pro
3046 3557 3380 3613 diversitate
3435 3556 3592 3623 ﬁdei,

1947 3650 2086 3705 ordo
2118 3648 2426 3704 nominum
2459 3652 2876 3704 commutatur.
2902 3645 3107 3701 Dcillis
3123 3644 3589 3719 posteadicitur:

1947 3738 2431 3795 Circumdederunt
2460 3753 2550 3792 me
2577 3752 2737 3793 canes
2770 3737 2933 3791 multi
2966 3736 3136 3807 (Psal.
3169 3752 3284 3807 ιιι,
3340 3735 3449 3806 17).
3483 3734 3588 3791 Et:

1946 3828 2138 3884 Videte
2185 3844 2363 3897 canes,
2418 3826 2590 3883 videte
2636 3827 2784 3880 117
2838 3826 3015 3881 malos
3060 3827 3361 3899 aperarios,
3418 3825 3593 3883 videte

1940 3920 2307 3974 concisionem
2363 3918 2633 3988 (Philipp.
2669 3932 2755 3980 III,
2784 3916 2864 3988 2.)
2894 3915 3011 3972 Nos
3059 3914 3395 3972 audivimus
3453 3931 3590 3971 cum

1939 4005 2403 4079 Syrophoenissa,
2437 4008 2493 4059 et
2524 4002 2768 4058 muliere
2799 4019 2925 4075 qum
2958 4001 3245 4075 sanguine
3305 4003 3588 4060 ﬂuxerat:

1938 4098 2135 4168 Magna
2163 4098 2241 4149 est
2269 4093 2401 4165 ﬁdes
2434 4100 2545 4162 tua,
2596 4093 2693 4161 ﬁat
2741 4091 2844 4145 tibi
2897 4092 3041 4145 sicut
3099 4092 3199 4147 vis.
3258 4095 3362 4149 Et:
3421 4093 3615 4164 Filia,

1936 4184 2068 4256 ﬁdes
2099 4192 2194 4239 tua
2224 4188 2278 4238 te
2307 4182 2518 4237 salvam
2544 4180 2674 4251 fecit
2706 4177 2899 4250 (Marc.
2922 4194 2978 4247 v,
3010 4179 3123 4245 34).

2009 4276 2195 4346 (Vers.
2228 4272 2319 4341 29,
2351 4271 2466 4342 30.)
2489 4292 2519 4320 ‹‹
2551 4270 2622 4325 Et
2649 4262 2785 4323 cum
2840 4267 3152 4324 transisset
3205 4267 3343 4325 inde
3390 4268 3586 4340 Jesus,

1936 4365 2096 4420 venit
2124 4379 2293 4419 secus
2323 4376 2484 4416 mare
2514 4357 2761 4415 Galilaze
2786 4374 2799 4413 :
2833 4360 2890 4413 et
2919 4357 3243 4413 ascendens
3300 4357 3361 4413 in
3414 4374 3583 4415 mon-

1934 4458 2078 4519 tem,
2112 4451 2351 4508 sedebat
2386 4448 2488 4505 ibi.
2550 4450 2617 4503 Et
2668 4450 3045 4503 accesserunt
3084 4447 3156 4502 ad
3213 4462 3351 4503 eum
3398 4448 3586 4505 turbas

1934 4561 2237 4616 Resurrect.
2268 4556 2510 4618 Christi;
2568 4556 3011 4623 Theodoritum,
3065 4571 3243 4611 scrm.
3276 4557 3310 4612 3
3338 4556 3406 4613 de
3445 4558 3584 4614 Pro-

1932 4631 2195 4687 videntia.
2256 4629 2539 4701 aliosque.
2601 4629 2817 4701 Contra
2866 4627 3396 4701 Lactantius,qlib.
3444 4647 3463 4685 ι
3519 4628 3585 4686 de

1935 4702 2125 4775 Opi/ie.
2158 4703 2276 4757 Dei.
2311 4698 2443 4775 cap:
2485 4702 2585 4775 16,_
2630 4698 2691 4755 in
2752 4698 2997 4775 ancipiti
3057 4699 3316 4773 reliquit,
3376 4705 3581 4758 utrum

1932 4770 1989 4830 in
2024 4770 2216 4839 corde,
2246 4790 2318 4828 an
2351 4770 2409 4827 in
2437 4772 2677 4847 cerebro
2727 4775 2863 4847 stet.
2888 4770 3078 4829 VPlato
3113 4770 3345 4847 autem,
3381 4790 3582 4847 quem

1933 4847 2316 4915 Hieronymus
2364 4845 2601 4909 refutat,
2658 4842 2891 4915 proprie
2941 4844 3335 4900 constituebat
3377 4842 3443 4901 in
3486 4861 3581 4902 ca-

1930 4919 2048 4992 pite
2078 4914 2199 4973 siVe
2237 4918 2295 4992 in
2349 4914 2903 4992 summo‘COrporis
2963 4917 3181 4972 nostri:
3240 4916 3397 4974 unde
3447 4917 3579 4975 ani-

1932 4983 2369 5063 inamﬂvocabat
2398 4983 2719 5063 ἐγκέφαλον.

2000 5064 2020 5095 ³
2051 5061 2245 5116 Minus
2286 5058 2447 5115 bene
2487 5058 2678 5126 antea,
2710 5060 2980 5123 incensor,
3048 5058 3203 5130 quod
3263 5060 3580 5116 emendant

1932 5150 2075 5189 mss.
2111 5132 2289 5189 Paulo
2322 5147 2555 5203 quoque
2586 5135 2719 5202 post
2744 5130 2842 5186 alii
2884 5130 3121 5197 habent,
3153 5146 3246 5186 cor
3275 5133 3351 5190 ab
3407 5131 3580 5189 oculis

1929 5206 2307 5270 vulneratum,
2342 5202 2445 5276 pro
2464 5202 2691 5276 amoris
2712 5202 2918 5276 jaculo.

2001 5278 2023 5311 ³
2057 5277 2119 5332 In
2143 5270 2377 5332 duobus
2416 5270 2725 5331 codicibus
2759 5292 2943 5341 .mss.,
3002 5272 3105 5329 Cor
3134 5273 3202 5328 ab
3249 5273 3419 5330 oculis
3466 5270 3579 5327 vul-

1931 5357 2209 5405 neratum.
2247 5348 2436 5403 MART.

2002 5420 2023 5454 ‘
2054 5422 2195 5475 Tres
2228 5417 2473 5474 Palatini
2507 5419 2671 5474 codd.
2732 5419 3010 5487 Ecclesiae,
3072 5431 3177 5486 pro
3238 5417 3574 5487 Chananaea.

1932 5496 2211 5547 Caeterum
2247 5492 2365 5546 haec
2418 5506 2650 5562 quoque
2680 5507 2749 5546 ex
2813 5491 3057 5561 Origene
3102 5486 3388 5543 translata
3444 5502 3581 5562 sen-

1933 5566 2118 5619 tentia
2171 5568 2295 5619 est:
2345 5586 2373 5613 «
2405 5558 2686 5619 Existimo
2745 5558 2961 5629 autem,
3023 5574 3168 5631 cum,
3208 5558 3579 5631 proportione

1935 5637 2003 5691 ad
2057 5635 2241 5702 illam,
2294 5651 2419 5707 qua?
2470 5640 2787 5707 sursnmest
2806 5629 3577 5707 Jernsalejn,liberamPauli

1934 5713 2186 5773 mairem,
2230 5699 2496 5777 ejusque
2558 5705 2865 5777 similium,
2924 5699 3364 5777 intelligendam
3450 5719 3579 5759 esse

1936 5772 2322 5834 Chaunumth
2350 5772 2634 5856 ;_matrcr_n
2693 5774 2895 5856 puclla:
2928 5789 2961 5827 a
2992 5772 3277 5856 dieinonio
3330 5779 3575 5856 vexatae,

1938 5868 2064 5924 quae
2087 5855 2305 5907 matres
2336 5848 2628 5923 ejusmodi
2658 5846 2862 5902 animae
2893 5846 3227 5917 symbolum
3257 5853 3410 5909 est.»
