4182 6574
157 512 161 516 ’
215 522 329 586 ΗἾ

724 522 1244 588 COMMENTAR.
1292 522 1371 586 IN
1404 490 1929 589 'EVANGELIUM
1978 519 2354 585 MATTHAﬂ
2400 522 2544 583 LIB.
2593 520 2701 582 111.
2745 518 2915 580 CAP.
2962 519 3121 581 XVI.

3514 515 3630 579 118

211 661 544 731 temporum
576 674 693 714 non
737 658 985 731 potestis
1027 660 1201 716 scire.
1248 658 1555 715 Generatio
1603 658 1759 715 mala
1806 663 1865 715 et
1891 659 1948 726 Α
1977 656 2207 724 dixerit,
2239 655 2562 712 cavendum
2594 672 2628 710 a
2658 655 2941 710 fermento
2991 669 3233 725 panum,
3293 652 3395 709 sed
3446 670 3480 709 a
3527 650 3627 711 do-

213 745 475 806 adultera
504 748 737 820 signum
770 748 998 820 quaerit,
1029 753 1087 805 et
1118 749 1356 823 signum
1378 765 1493 806 non
1525 748 1760 804 dabitur
1788 748 1860 816 ei,

111 836 323 977 \nisi
355 835 593 909 signum
645 836 806 893 Jonas
856 837 1176 911 prophetae.
1214 861 1253 903 ››⁸
1287 838 1404 895 Hoc
1451 838 1512 893 in
1569 837 1864 910 plerisque

216 926 513 977 codicibus
543 942 657 977 non
674 926 987 977 babetur‘:
1024 938 1354 977 sensusnuc
1380 929 1731 977 manifestus
1752 931 1858 977 est.

216 926 513 983 codicibus
543 942 657 981 non
674 926 987 983 habetur‘:
1024 938 1354 1000 sensusque
1379 929 1731 984 manifestus
1752 931 1859 994 est,

216 1015 367 1089 quod
392 1031 460 1071 ex
490 1014 916 1072 elementorum
941 1017 1144 1073 ordine
1174 1022 1349 1089 atque
1380 1017 1863 1089 constantia,pos-

215 1105 332 1162 sint
360 1109 418 1161 et
446 1105 636 1161 sereni
667 1109 723 1161 et
753 1105 961 1178 pluvia:
995 1107 1118 1163 dies
1174 1106 1478 1180 praenosci.
1535 1107 1715 1163 Sribae
1763 1124 1865 1163 au—

212 1198 328 1250 tem
348 1198 407 1250 et
435 1193 738 1264 Pharisaei,
771 1196 871 1269 qui
916 1196 1266 1253 videbantur
1297 1197 1445 1270 legis
1491 1214 1619 1254 esse
1638 1198 1862 1252 .docto-

212 1300 321 1352 res,
356 1299 426 1340 ex
456 1284 877 1357 prophetarum
916 1286 1190 1342 vaticinio
1236 1303 1353 1342 non
1413 1290 1732 1359 potuerunt
1778 1286 1861 1342 in-

212 1371 470 1445 telligere
500 1373 817 1431 Salvatoris
851 1375 1188 1432 adventum.

280 1462 463 1534 (Vers.
494 1464 547 1518 4.
595 1463 676 1535 5.)
732 1483 754 1512 α
816 1465 885 1520 Et
941 1464 1160 1521 relictis
1207 1463 1346 1533 illis,
1406 1464 1567 1532 abiit,
1624 1468 1681 1520 et
1727 1480 1861 1520 cum

210 1552 508 1609 venissent
547 1552 824 1626 discipuli
855 1555 986 1626 ejus
1014 1559 1178 1611 trans
1236 1555 1472 1621 fretum,
1522 1553 1685 1609 obliti
1723 1558 1864 1609 sunt

210 1656 391 1714 panes
414 1641 694 1714 accipere.
740 1641 850 1710 Qui
903 1642 1049 1699 dixit
1089 1643 1227 1700 illis.
1264 1667 1287 1697 ι
1351 1641 1590 1699 Relictis
1641 1642 1862 1698 Scribis

211 1732 266 1785 et
303 1728 635 1797 Pharismis,
696 1729 913 1802 quibus
963 1731 1224 1789 dixerat:
1280 1731 1570 1787 Generatio
1617 1732 1769 1786 mala
1813 1738 1865 1787 et

208 1817 465 1875 adultera
491 1820 713 1890 signum
741 1820 964 1892 quaerit,
998 1824 1052 1876 et
1109 1822 1331 1893 signum
1380 1837 1492 1877 non
1537 1820 1765 1876 dabitur
1809 1820 1864 1875 ei

208 1907 319 1963 nisi
343 1908 570 1979 signum
598 1910 755 1967 low
781 1909 1080 1982 prophetas,
1122 1915 1275 1967 recte
1327 1910 1471 1966 abiit
1525 1912 1689 1965 trans
1737 1909 1860 1966 fre-

208 1999 353 2065 tum,
390 1996 742 2104 ett-gentium
802 2003 1042 2104 secutus
1090 2003 1180 2055 est
1230 1998 1504 2101 populos.
1565 1997 1939 2104 Ouidiau-B

212 2089 325 2141 tem
354 2084 474 2145 sibi
504 2085 640 2143 velit
689 2087 926 2161 signum
985 2088 1165 2157 J0me,
1217 2088 1346 2160 jam
1404 2104 1584 2160 supra
1637 2086 1860 2143 dictum

210 2179 314 2231 est.

272 2264 464 2326 (Vers.
495 2266 549 2321 6.
574 2266 655 2337 7.)
688 2288 719 2316 «
751 2265 1093 2336 Intuemini,
1128 2269 1187 2322 et
1234 2271 1434 2324 cavete
1482 2282 1517 2322 a
1575 2265 1860 2322 fermento

203 2352 636 2410 Pharismorum
666 2358 724 2411 et
754 2355 1229 2411 Sadduczeorum.
1279 2359 1356 2410 At
1400 2353 1485 2411 illi
1526 2354 1863 2428 cogitabant

203 2440 353 2498 inter
383 2458 449 2499 se
480 2442 742 2500 dicentes
774 2461 787 2499 :
831 2443 979 2511 Quia
1038 2461 1219 2516 panes
1277 2461 1392 2500 non
1441 2446 1795 2517 accepimus.
1830 2466 1859 2493 ››

206 2531 311 2597 Qui
340 2536 506 2588 cavet
534 2549 568 2589 a
600 2533 886 2590 fermento
928 2532 1361 2590 Pharisaeorum
1408 2537 1466 2590 et
1514 2533 1857 2590 Sadducaeo-

204 2635 353 2692 rum,
381 2620 532 2694 legis
557 2638 623 2677 ac
645 2620 851 2678 litterae
900 2626 1190 2695 praecepta
1244 2639 1360 2679 non
1420 2626 1631 2690 servat,
1685 2622 1862 2678 tradi-

202 2707 388 2766 tiones
422 2710 578 2768 120
608 2710 920 2767 hominum
943 2710 1210 2785 negligit,
1260 2719 1324 2767 ut
1384 2711 1558 2767 faciat
1614 2713 1858 2767 manda-

201 2800 327 2855 tum
357 2797 484 2855 Dei.

269 2886 461 2956 (Vers.
492 2888 673 2959 8-12.)
715 2910 736 2938 ι
772 2888 975 2945 Sciens
1032 2893 1228 2945 autem
1281 2889 1478 2957 Jesus,
1537 2888 1684 2945 dixit
1732 2888 1853 2946 eis:

199 2975 345 3040 Quid
397 2976 671 3049 cogitatis
703 2975 1006 3048 inter'vos,
1037 2977 1281 3034 modica:
1311 2977 1471 3046 fidei,
1502 2978 1643 3050 quia
1676 2995 1857 3050 panes

202 3080 315 3121 non
338 3064 573 3122 habetis
597 3064 625 3119 ?
644 3064 918 3121 Nondum
952 3065 1300 3138 intelligitis,
1342 3082 1526 3137 neque
1588 3067 1855 3124 recorda-

201 3154 343 3209 mini
374 3152 643 3226 quinque
663 3158 971 3227 panum,et
986 3154 1247 3227 quinque
1268 3154 1521 3211 millium
1544 3155 1853 3211 hominum

200 3244 257 3297 et
284 3247 435 3315 quot
464 3240 749 3315 cophinos
793 3243 1182 3316 sumpsistis?
1229 3244 1429 3316 Neque
1481 3250 1705 3318 septem
1757 3262 1855 3318 pa-

199 3346 361 3401 num,
395 3333 654 3404 quatuor
684 3330 941 3388 millium
972 3331 1305 3401 hominum,
1341 3337 1399 3388 et
1428 3336 1572 3405 quot
1618 3337 1855 3406 sportas

200 3418 589 3494 sumpsistis?
620 3420 810 3484 Quare
850 3436 966 3476 non
1022 3419 1371 3494 intelligitis,
1431 3421 1571 3493 quia
1622 3438 1742 3477 non
1782 3422 1853 3478 de

198 3523 344 3580 pane
373 3506 498 3566 dixi
527 3506 728 3564 vobis:
763 3509 968 3565 Cavete
1014 3526 1048 3564 a
1102 3509 1387 3565 fermento
1426 3509 1852 3567 Pharisaeorum

202 3599 257 3653 et
292 3597 774 3655 Sadducaaorum.
834 3598 1001 3654 Tunc
1056 3596 1488 3668 intellexerunt,
1543 3598 1682 3671 quia
1734 3614 1849 3656 non

1974 746 2161 803 ctrina
2190 745 2619 802 Pharisaeorum
2647 748 2703 800 et
2721 745 3202 799 Sadduczeorum.
3234 764 3263 792 ››
3298 742 3399 798 Per
3456 758 3628 799 occa-

1975 839 2201 895 sionem
2225 836 2517 909 praecepti,
2552 835 2707 907 quod
2732 833 2993 890 Salvator
3042 834 3323 904 jusserat,
3377 832 3580 890 dicens
3611 850 3624 891 :

1975 927 2166 984 Cavete
2189 944 2224 983 a
2251 931 2523 997 [armento
2550 926 2961 980 Pharisaeorum
2980 932 3033 979 et
3050 923 3500 992 Sadducworum,
3530 923 3629 980 do-

1973 1022 2063 1073 cet
2086 1032 2185 1073 eos
2218 1017 2359 1089 quid
2391 1015 2724 1088 signiﬁcent
2755 1014 3013 1086 quinque
3044 1029 3247 1085 panes,
3286 1017 3343 1068 et
3360 1016 3586 1086 septem
3613 1031 3627 1081 ;

1973 1106 2235 1179 quinque
2293 1104 2481 1161 millia
2539 1104 2871 1172 hominum,
2949 1107 3007 1159 et
3092 1106 3348 1175 quatuor
3416 1101 3627 1171 millia,

1972 1212 2100 1268 quae
2157 1198 2325 1267 pasta
2384 1198 2524 1251 sunt
2577 1194 2647 1249 in'
2694 1209 2936 1261 eremo;
2996 1192 3154 1264 quod
3214 1190 3351 1248 licet
3426 1192 3624 1264 signo-

1972 1301 2104 1340 rum
2173 1284 2518 1357 magnitudo
2566 1282 2877 1354 perspicua
2922 1281 3019 1351 sit,
3066 1285 3264 1337 tamen
3342 1285 3399 1337 et
3463 1280 3624 1338 aliud

1972 1373 2033 1429 in
2064 1372 2359 1446 spirituali
2394 1371 2778 1445 intelligentia
2833 1370 3287 1427 demonstretur.
3346 1370 3406 1427 Si
3464 1371 3623 1428 enim

1971 1463 2329 1518 fermentum
2387 1461 2814 1517 Pharisaeorum
2863 1464 2921 1516 et
2981 1460 3434 1516 Sadducaeorum
3507 1477 3624 1518 non

1972 1550 2333 1624 corporalem
2385 1567 2620 1624 panem,
2708 1551 2809 1606 sed
2893 1550 3237 1606 traditiones
3322 1566 3624 1623 perversae

1970 1646 2029 1698 et
2052 1641 2326 1697 haeretica
2354 1640 2650 1713 significat
2671 1640 2978 1711 dogmata:
3013 1656 3194 1711 quare
3222 1642 3279 1695 et
3308 1639 3442 1711 cibi,
3484 1640 3616 1712 qui-

1972 1731 2084 1787 bus
2114 1731 2370 1787 nutritus
2402 1734 2492 1786 est
2518 1727 2772 1801 populus
2793 1728 3040 1796 Dei,non
3067 1745 3262 1785 veram
3294 1728 3621 1785 doctrinam

1970 1819 2377 1893 integramque
2408 1819 2782 1892 signiﬁcent?
2810 1820 3040 1884 Qumrat
3065 1816 3278 1891 aliquis
3309 1821 3367 1875 et
3414 1818 3571 1874 dicat
3604 1835 3618 1874 :

1970 1910 2270 1975 Quomodo
2302 1925 2483 1981 panes
2512 1925 2629 1964 non
2656 1908 2971 1974 habebant,
3002 1906 3103 1979 qui
3134 1906 3333 1964 statim
3362 1906 3621 1981 impletis

1970 2000 2194 2069 septem
2226 1997 2462 2069 sportis,
2486 1995 2960 2052 ascenderuntin
2993 1994 3346 2065 naviculam,
3404 2001 3463 2052 et
3518 2013 3620 2053 ve-

1971 2089 2187 2141 nerunt
2216 2085 2276 2141 in
2306 2086 2454 2140 lines
2476 2084 2760 2158 Magedan
2788 2110 2803 2154 ;
2834 2084 3034 2157 ibique
3065 2084 3316 2141 audiunt
3347 2085 3620 2159 navigan-

1968 2179 2078 2246 tes,
2112 2175 2265 2247 quod
2297 2190 2497 2230 cavere
2527 2175 2777 2230 debeant
2808 2191 2842 2231 a
2870 2176 3154 2231 fermento
3187 2174 3614 2232 Pharisaeorum

1970 2268 2028 2321 et
2083 2263 2537 2321 Sadducaeorum
2580 2263 2607 2317 ‘I
2648 2264 2755 2320 Sed
2806 2263 3080 2336 Sciptura
3127 2267 3379 2320 testatur
3460 2265 3616 2337 quod

1970 2353 2134 2411 obliti
2165 2352 2286 2409 sint
2312 2369 2412 2409 eos
2441 2369 2643 2409 secum
2672 2351 2891 2409 tollere.
2916 2357 3035 2409 Hoc
3092 2358 3180 2409 est
3234 2353 3615 2420 fermentum,

1971 2444 2042 2499 de
2073 2458 2188 2515 quo
2219 2446 2276 2499 et
2304 2441 2621 2514 Apostolus
2650 2441 2912 2514 loquitur
2944 2457 2958 2497 :
2989 2442 3257 2499 Modicum
3283 2445 3619 2515 fermentum

1969 2537 2138 2588 totam
2163 2548 2405 2588 massam
2434 2534 2735 2603 corrumpit
2749 2533 2799 2604 (Ι
2816 2532 2937 2588 Cor.
2964 2549 3022 2602 v,
3047 2531 3471 2601 6).lstiusmodi
3504 2533 3616 2590 fer-

1969 2625 2237 2678 mentum
2256 2621 2410 2693 quod
2430 2620 2591 2677 omni
2633 2620 2857 2677 ratione
2901 2620 3208 2677 vitandum
3258 2625 3367 2690 est,
3411 2621 3620 2678 habuit

1969 2710 2253 2781 Marcion,
2288 2708 2787 2777 etValentinus,et
2807 2726 3012 2767 omnes
3027 2709 3306 2767 haeretici.
3340 2710 3614 2767 Fermen-

1965 2803 2093 2855 tum
2118 2799 2269 2855 hanc
2285 2798 2401 2858 vim
2424 2799 2601 2855 habet
2616 2798 2757 2866 ut,si
2779 2799 2979 2855 farinae
2993 2799 3235 2856 mistum
3259 2799 3615 2873 fuerit,quod

1968 2904 2211 2962 parvum
2244 2887 2570 2955 videbatur,
2605 2891 2828 2945 crescat
2858 2888 2917 2944 in
2948 2888 3227 2960 majus,et
3248 2888 3320 2944 ad
3342 2904 3616 2961 saporem

1966 2994 2148 3036 suum
2181 2976 2516 3033 universam
2547 2977 3136 3049 conspersionem[Al.
3171 2977 3612 3034 conversionem

1965 3067 2161 3123 trahat
2195 3085 2207 3121 :
2241 3066 2322 3122 ita
2351 3069 2408 3122 et
2437 3066 2702 3122 doctrina
2723 3065 3013 3134 haeretica,
3063 3065 3113 3122 si
3168 3064 3258 3121 vel
3318 3066 3612 3124 modicam

1966 3154 2287 3213 scintillam
2320 3155 2380 3210 in
2403 3162 2573 3211 tuum
2607 3159 2812 3227 pectus
2832 3155 3061 3227 jecerit,
3093 3154 3153 3210 in
3201 3154 3362 3211 brevi
3404 3155 3614 3229 ingens

1964 3246 2205 3302 ﬂamma
2226 3244 2560 3312 succrescit,
2593 3247 2651 3300 et
2677 3248 2860 3301 totam
2889 3243 3147 3300 hominis
3177 3244 3612 3318 possessionem

1963 3335 2035 3390 ad
2064 3352 2126 3391 se
2152 3333 2353 3390 trahit.
2390 3332 2646 3405 Denique
2676 3333 2979 3404 sequitur:
3014 3334 3156 3389 Tunc
3213 3334 3610 3391 intellexerunt

1961 3424 2097 3496 quia
2122 3439 2233 3479 non
2256 3421 2486 3478 dixisset
2514 3422 2815 3477 cavendum
2845 3438 2885 3478 a
2908 3423 3175 3493 fermento
3217 3439 3451 3494 panum,
3520 3422 3614 3479 sed

1960 3529 1997 3568 a
2024 3511 2276 3568 doctrina
2304 3512 2719 3569 Pharisazorum
2749 3514 2802 3566 et
2847 3510 3293 3569 Sadducaeorum.

1338 3897 1740 3986 LIBER
1830 3899 2493 3989 TERTIUS.

1710 4073 2099 4088 ψ

274 4184 460 4257 (Vera.
493 4184 606 4257 13.)
636 4184 784 4243 121
827 4208 849 4237 ι
887 4186 1062 4243 Venit
1106 4191 1301 4246 autem
1330 4189 1505 4247 Jesus
1553 4189 1613 4247 in
1657 4194 1854 4264 partes
1884 4191 1929 4261 C
1968 4189 2225 4248 nominis
2255 4188 2569 4265 appellavit
2595 4205 2726 4246 eam
2754 4189 3077 4247 Caesaream
3108 4191 3381 4265 Philippi,
3411 4197 3471 4251 et
3524 4200 3617 4253 est

207 4271 476 4330 Casei-em
519 4272 795 4348 Philippi.
828 4296 857 4326 ››
906 4275 1212 4351 Philippus
1240 4278 1353 4335 iste
1408 4284 1498 4336 est
1544 4280 1723 4337 frater
1756 4280 1862 4337 He-

208 4363 386 4433 rodis,
420 4363 494 4421 de
514 4380 640 4437 quo
670 4381 848 4438 supra
870 4365 1148 4435 diximus,
1180 4368 1473 4425 tetrarcha
1522 4373 1745 4426 Ituraeis
1804 4374 1862 4426 et

206 4451 635 4510 Trachonitidis
682 4453 990 4529 regionis’,
1042 4456 1143 4528 qui
1190 4456 1252 4512 in
1310 4456 1593 4515 honorem
1642 4458 1859 4516 Tiberii

209 4538 458 4599 Casaris
483 4546 833 4613 Cmsaream,
856 4561 984 4617 quae
1015 4561 1171 4602 nunc
1202 4549 1425 4603 Paneas
1456 4547 1691 4618 dicitur,
1726 4565 1859 4604 con-

210 4631 438 4702 struxit,
487 4636 546 4689 et
600 4632 661 4690 in
718 4633 1000 4691 honorem
1056 4635 1317 4703 Caesaris,
1375 4635 1708 4709 pariterque
1763 4637 1858 4693 sui

281 4820 299 4855 ί
333 4817 397 4875 In
444 4835 563 4877 uno
620 4818 871 4878 alterove
927 4836 1064 4888 ms.,
1122 4824 1522 4891 consonantia;
1605 4838 1856 4891 moxque

212 4885 552 5014 Erlang-ius,
578 4892 761 4964 pluvii
786 4892 927 4964 dies,
958 4885 1063 4966 pro
1091 4893 1313 4965 pluviae.
1364 4893 1454 4950 Sic
1501 4885 1657 4966 apud
1707 4885 1856 4953 Rha-

251 4976 449 5017 anum.

280 5032 301 5066 ²
319 5032 610 5108 Yitiosein
632 5034 806 5108 editis
826 5033 994 5092 libris
1011 5033 1223 5108 legitur
1249 5035 1309 5092 in
1333 5035 1785 5108 pluralthurzae
1800 5043 1857 5094 et

216 5102 610 5177 Trachonitidis
638 5107 947 5177 regionum,
993 5102 1129 5163 cum
1179 5102 1384 5165 omnes
1428 5102 1573 5165 mss.
1623 5110 1853 5166 codices

215 5176 394 5251 nostri
427 5177 1098 5251 retineantisingularem
1137 5195 1475 5251 numerum,
1524 5187 1577 5235 et
1623 5180 1852 5251 Tracha-

215 5247 404 5321 nitidis
433 5250 697 5321 regionis.
722 5247 941 5307 Deinde
970 5249 1147 5305 iidem
1178 5250 1320 5306 editi
1342 5256 1401 5307 et
1431 5250 1694 5307 nonnulli
1728 5270 1853 5308 ma-

216 5319 759 5407 nuscripti'godices
783 5325 1215 5407 [consequenter
1235 5322 1567 5407 adjungun't
1598 5340 1612 5391 ;
1650 5325 1749 5407 gui
1793 5325 1853 5377 in

527 5393 744 5467 Tiberii
776 5386 1025 5467 Caesaris
1044 5386 1371 5467 Caesaream
1413 5386 1683 5467 Philippi,
1730 5411 1856 5466 quae

217 5475 360 5548 nunc
384 5465 601 5520 Paucas
637 5464 840 5521 dicitur
869 5463 1171 5548 appellavit
1200 5481 1220 5527 ;
1244 5469 1299 5548 et
1356 5470 1454 5533 est,
1502 5463 1613 5522 etc;
1632 5541 1642 5548 _
1663 5463 1852 5548 Lectio

219 5532 479 5628 codicum
506 5551 647 5628 mss;
680 5532 1022 5628 monasterii
1050 5540 1106 5591 Β.
1135 5536 1392 5628 indignae
1413 5553 1584 5628 secus
1613 5539 1857 5628 Avenio-
1890 5563 1935 5628 Ι)

221 5618 349 5680 pem
374 5608 563 5680 magis
590 5607 978 5680 placuit,quia
1004 5608 1370 5666 manifestior
1401 5610 1570 5665 nobis
1598 5608 1722 5666 visa
1746 5615 1854 5667 est.

219 5675 393 5751 har.
425 5675 721 5735 —-'Contra
748 5675 927 5751 quam
956 5679 1017 5735 in
1050 5679 1175 5736 suis
1199 5696 1344 5735 mss.
1377 5682 1746 5737 Martianzeus
1773 5699 1856 5737 re-

222 5749 385 5824 perit,
418 5751 600 5807 nostri
632 5749 840 5807 omn—es
868 5750 1087 5824 habent
1143 5768 1277 5807 cum
1322 5752 1547 5824 pridem
1604 5752 1857 5824 vulgatis

222 5816 474 5894 plurium
504 5838 770 5891 numero,
803 5823 1126 5894 regionum:
1158 5816 1409 5894 moxque
1450 5828 1570 5880 tres
1610 5816 1854 5880 Palatini

222 5903 351 5967 cum
407 5892 796 5967 Cisterciensi,
856 5892 1188 5967 Caesaream,
1234 5892 1498 5967 Philippi,
1543 5913 1664 5967 quae
1710 5913 1858 5952 nunc

222 5959 677 6050 Paucas-dicitur,
708 5959 1023 6050 appellavit,
1057 5973 1107 6021 et
1134 5959 1212 6020 est
1269 5967 1328 6021 in
1367 5959 1650 6050 provincia
1688 5969 1856 6050 ‘the-

224 6033 378 6110 uicis,
400 6038 514 6095 etc.
534 6042 620 6099 Ac
641 6033 839 6100 nescio
861 6054 934 6100 an
964 6033 1244 6111 germana
1273 6033 1463 6111 magis
1519 6038 1639 6096 haec
1688 6037 1855 6097 lectio

1968 4278 2029 4336 in
2060 4278 2356 4353 provincia
2384 4277 2673 4337 Phoenicis
2703 4297 2716 4335 :
2749 4278 3016 4335 imitatus
3046 4279 3330 4337 Herodem
3362 4285 3611 4355 patrem,

1969 4370 2071 4443 qui
2101 4370 2156 4425 in
2189 4369 2470 4426 honorem
2500 4367 2747 4441 Augusti
2780 4367 3019 4425 Caesaris
3067 4367 3381 4442 appellavit
3427 4370 3614 4429 Caesa-

1968 4475 2115 4528 rem,
2141 4475 2268 4531 quas
2291 4458 2454 4532 prius
2512 4458 2693 4514 turris
2724 4458 3012 4515 Stratonis
3039 4460 3355 4517 vocabatur
3386 4481 3400 4517 :
3434 4465 3504 4519 .et
3548 4479 3618 4520 ex

1967 4547 2217 4605 nomina:
2236 4547 2369 4604 filiae
2380 4548 2507 4619 ejus
2525 4546 2851 4605 Juliadem3
2870 4552 3036 4605 trans
3054 4549 3373 4608 Jordanem
3394 4557 3619 4611 exstru-

1964 4637 2068 4692 xit.
2103 4637 2217 4694 Iste
2248 4637 2355 4708 (Al.
2380 4636 2497 4709 ille)
2530 4636 2692 4694 locus
2717 4641 2809 4694 est
2853 4637 3129 4695 Caesareae
3188 4638 3463 4715 Philippi,
3511 4643 3616 4702 ubi

1965 4823 2064 4891 sit,
2095 4840 2220 4896 quae
2251 4828 2308 4879 et
2336 4824 2758 4896 brevior.Cum
2802 4824 3082 4882 Palatinis
3139 4829 3197 4882 et
3241 4827 3614 4888 Cistercienei

1964 4894 2131 4971 mssQ
2160 4896 2336 4971 verba
2392 4894 2492 4952 illa
2540 4895 2875 4971 Bhabanus
2910 4912 3141 4971 quoque
3199 4901 3609 4971 praetermittit.

1962 4968 2527 5041 Mox_LibiadcmApro
2553 4967 2835 5041 Juliadem
2860 4967 3020 5041 legit.

2033 5038 2464 5121 fiPro‘Juliade,
2495 5039 2848 5121 exemplaria
2890 5038 3159 5121 (undam
3207 5043 3610 5121 manuscripts

1964 5110 2215 5185 retinent
2244 5111 2553 5185 Liviadem.
2581 5110 2726 5185 Filia
2752 5126 2885 5167 vero
2908 5110 3162 5185 Augusti
3203 5113 3446 5185 Cmsaris
3492 5110 3610 5170 rion

1963 5182 2278 5237 vocabatur
2307 5183 2463 5268 Livia
2492 5183 2613 5238 sive
2641 5184 2954 5268 Libia,sedn
2968 5182 3140 5267 iulia.
3174 5184 3337 5240 Unde
3360 5185 3608 5268 coniicio

1963 5269 2158 5326 errore
2180 5254 2601 5326 exscriptorum
2635 5254 2894 5326 positum
2927 5255 3109 5311 fuisse
3165 5271 3377 5311 nomen
3422 5254 3610 5311 Libid-

1962 5324 2050 5381 dis
2084 5340 2096 5378 :
2132 5325 2247 5380 nisi
2278 5324 2422 5381 forte
2447 5342 2608 5381 error
2637 5324 2718 5381 sit
2745 5325 2805 5381 in
2836 5343 2972 5382 voce
3003 5327 3161 5397 ﬁliae,
3194 5342 3296 5398 pro
3327 5341 3445 5396 qua
3501 5344 3607 5383 no-

1964 5412 2097 5453 men
2110 5399 2318 5469 uxoris
2348 5399 2518 5453 Liviae
2548 5398 2886 5469 ponendum
2918 5403 3117 5469 esset:
3152 5412 3285 5452 nam
3310 5412 3456 5452 uxor
3488 5403 3609 5456 Au-

2005 5467 2143 5534 usti,
2176 5472 2365 5524 mater
2383 5467 2603 5525 Tiberii
2633 5469 2899 5539 Caesaris,
2945 5468 3255 5539 dicebatur
3294 5469 3451 5525 Livia
3507 5487 3610 5528 seu

2009 5541 2143 5595 ibin.
2179 5540 2365 5595 MART.
2400 5570 2469 5582 —
2493 5542 2735 5597 Credere
2776 5537 2978 5596 malim
3010 5541 3081 5594 ab
3140 5537 3400 5610 antiquis
3457 5559 3615 5600 ama-

1968 5612 2294 5686 nuensibus
2327 5613 2717 5686 substitutum
2749 5613 2842 5686 hic
2862 5611 3156 5686 ﬁliae,“pr9
3200 5613 3415 5686 ureris,
3455 5616 3612 5686 quod

1967 5700 2094 5762 eam
2128 5684 2418 5739 civitatem
2453 5700 2584 5762 non.
2597 5683 2834 5762 aliunde
2864 5678 3145 5762 appellari
3190 5678 3490 5762 potuisse.
3512 5690 3613 5762 Ju-

1966 5756 2187 5821 liadcm,
2222 5772 2399 5825 quam
2433 5754 2647 5811 aJulia
2704 5751 2955 5823 Augusti
3012 5751 3132 5807 lilia
3185 5751 3402 5812 fuerint
3451 5759 3613 5814 arbi-

1966 5826 2122 5881 trati.
2175 5824 2380 5900 Neque
2437 5825 2833 5900 enim‘potuit
2889 5824 3157 5900 ignorare
3202 5827 3611 5900 Hieronymus,

1967 5897 2189 5952 nomini
2214 5896 2432 5971 uxoris,
2459 5913 2569 5971 non
2592 5896 3348 5971 illiteAqgustidedicatam
3380 5896 3610 5971 urbem,

1964 5984 2099 6041 cum
2129 5966 2934 6041 et,.losephus,de_8ellolud.
2960 5966 3060 6041 lib.
3096 5986 3289 6041 n,cap.
3317 5966 3616 6039 13,auctor

1964 6039 2064 6110 sit,
2096 6038 2439 6096 aedificatam
2461 6040 2570 6097 sub
2598 6038 2814 6099 Tiberii
2845 6038 3113 6113 imperio,
3147 6038 3315 6111 Ion—go
3360 6043 3492 6111 post
3530 6057 3612 6100 re-
