4182 6580
251 484 357 547 121

243 616 342 691 qui
395 614 538 673 estis
589 614 692 683 dii,
743 631 915 688 quem
963 632 1091 672 esse
1141 615 1531 673 existimatis?
1580 620 1785 672 Petrus
1827 631 1898 671 ex
1926 617 1981 683 Α
2010 615 2336 671 secundum
2393 614 2793 687 metaphoram
2850 617 3045 687 petras,
3093 618 3245 672 recte
3305 614 3520 673 dicitur
3566 613 3661 684 ei;
3710 660 3715 665 .

241 722 492 778 persona
539 704 803 761 omnium
832 704 1263 777 -apostolorum
1317 706 1662 778 proﬁtetur;
1716 707 1791 760 Tu
1838 720 1894 760 es

244 794 488 850 Christus
517 793 702 850 Filius
751 796 851 851 Dei
876 795 1007 850 vivi.
1061 798 1243 850 Deum
1287 796 1480 850 vivum
1514 793 1786 867 appellat,
1820 794 1891 848 ad

250 868 684 938 distinctionem
739 898 942 938 eorum
984 883 1237 939 deorum
1297 883 1396 954 qui
1456 887 1735 956 putantur
1787 883 1889 950 dii,

245 973 340 1039 sed
375 972 589 1027 mortui
621 976 781 1040 sunt,
818 973 1160 1044 Saturnum,
1203 973 1425 1029 Jovem.
1456 973 1762 1043 Venerem,
1796 972 1895 1028 Mi-

245 1018 340 1039 -y-
375 1018 589 1027 .---.---
621 1018 781 1040 ν-.--,
818 1018 1160 1044 νυ.-..-......η,
1204 1018 1425 1029 νων...
1477 1018 1762 1043 .ν.-ν-ν.--,
1797 1018 1873 1028 ..--

107 1018 215 1123 \
243 1077 473 1127 nervam
506 1060 612 1131 [AL
645 1062 955 1132 Cererem],
1006 1062 1293 1129 Liberum,
1340 1062 1669 1134 Herculem,
1698 1067 1754 1117 et
1783 1078 1891 1119 cae-

236 1154 357 1205 tera
387 1148 677 1205 idolorum
710 1154 979 1223 portenta
1009 1150 1373 1222 signiﬁcans.

305 1238 490 1309 (Vers.
520 1238 637 1309 27.)
669 1260 698 1285 α
746 1239 1125 1310 Respondeas
1162 1245 1366 1295 autem
1398 1240 1594 1306 Jesus,
1622 1240 1768 1295 dixit
1796 1240 1845 1296 ei
1877 1257 1889 1297 :

237 1328 446 1385 Beatus
477 1344 561 1395 es,
586 1327 789 1383 Simon
812 1326 1079 1400 Barjona,
1113 1328 1252 1400 quia
1271 1345 1405 1383 caro
1435 1336 1490 1384 et
1512 1330 1754 1402 sanguis
1776 1346 1893 1386 non

236 1416 508 1473 revelavit
536 1417 665 1483 tibi,
709 1419 811 1473 sed
844 1417 1014 1473 Pater
1064 1434 1229 1475 meus
1260 1418 1360 1489 qui
1416 1418 1477 1473 in
1508 1418 1669 1474 caelis
1717 1422 1823 1474 est.
1861 1440 1889 1469 »

234 1505 597 1561 Testimonio
657 1506 728 1561 de
781 1523 843 1561 se
900 1506 1149 1577 apostoli
1200 1507 1391 1562 reddit
1447 1508 1652 1564 vicem.
1687 1507 1892 1564 Petrus

234 1593 494 1650 dixerat:
532 1596 605 1650 Tu
634 1611 692 1650 es
737 1594 983 1650 Christus
1010 1594 1192 1651 Filius
1230 1598 1335 1652 Dei
1372 1598 1524 1662 vivi;
1561 1597 1890 1652 mercedem

235 1684 454 1756 recepit
499 1700 634 1740 vera
680 1684 1008 1752 confessio;
1064 1688 1258 1740 Beatus
1306 1701 1360 1740 es
1391 1685 1576 1741 Simon
1626 1687 1888 1757 Barjona.

236 1772 470 1837 Quare?
519 1771 660 1844 quia
708 1789 824 1827 non
876 1771 1148 1829 revelavit
1196 1773 1299 1829 tibi
1351 1790 1483 1833 caro
1531 1776 1587 1829 et
1625 1774 1887 1847 sanguis,

234 1861 333 1917 sed
365 1860 643 1917 revelavit
671 1859 858 1916 Pater.
907 1861 1070 1925 Quod
1102 1878 1234 1917 caro
1265 1866 1322 1917 et
1366 1863 1607 1933 sanguis
1637 1862 1891 1919 revelare

233 1965 345 2004 non
401 1948 612 2021 potuit.
660 1949 912 2022 Spiritus
961 1950 1147 2006 sancti
1195 1952 1383 2022 gratia
1432 1951 1748 2008 revelatum
1779 1957 1888 2008 est.

229 2038 376 2113 Ergo
409 2056 480 2095 ex
506 2039 913 2095 confessionne
944 2039 1187 2095 sortitur
1216 2040 1592 2109 vocabulum,
1627 2042 1782 2113 quod
1811 2058 1893 2098 re-

226 2126 575 2183 velationem
609 2144 677 2183 ex
705 2127 923 2200 Spiritu
953 2132 1155 2184 sancto
1186 2127 1417 2195 habeat,
1442 2130 1612 2200 cujus
1645 2136 1701 2184 et
1732 2129 1891 2187 ﬁlius

94 2190 616 2291 iii-“appellandus
647 2186 763 2272 sit.‘
778 2217 1083 2288 Siquidem
1105 2219 1348 2290 Barjona
1375 2186 1433 2274 in
1457 2186 1660 2275 nostra
1687 2218 1894 2293 lingua

224 2310 421 2373 sonat,
455 2306 609 2362 I24
656 2304 815 2376 ﬁlius
862 2306 1149 2363 columbae.
1196 2306 1307 2361 Alii
1357 2306 1703 2380 simpliciter
1740 2309 1891 2365 acci-

223 2395 418 2468 piunt,
453 2395 608 2467 quod
640 2395 885 2463 Simon,-
916 2396 975 2450 id
1005 2400 1094 2451 est
1142 2396 1372 2463 Petrus,
1415 2396 1493 2452 sit
1521 2396 1678 2453 filius
1707 2400 1889 2453 Joan-

227 2482 343 2552 nis,
392 2485 570 2555 juxta
628 2483 870 2540 alterius
923 2483 1035 2539 loci
1093 2484 1649 2557 interrogationem:
1703 2488 1888 2543 Simon

225 2564 466 2629 lcannis
520 2573 710 2644 diligis
779 2577 909 2629 me?
965 2573 1072 2638 Qui
1142 2574 1480 2645 respondit:
1538 2577 1777 2632 Domine
1831 2581 1892 2632 tu

228 2664 333 2721 scis
393 2662 575 2733 (Joan.
634 2680 749 2731 xxi,
808 2664 917 2734 15).
978 2663 1047 2716 Et
1100 2662 1304 2717 volunt
1360 2663 1711 2735 scriptorum
1752 2665 1890 2721 vitio

227 2750 634 2823 depravatum,
696 2755 761 2806 ut
826 2767 929 2824 pro
984 2753 1097 2807 Bar
1150 2752 1382 2820 Joanna,
1443 2752 1552 2808 hoc
1610 2758 1699 2809 est
1733 2754 1892 2825 filius

224 2839 464 2894 Joannis
488 2841 728 2912 Barjona
754 2838 1041 2911 scriptum
1074 2840 1169 2911 sit,
1203 2857 1321 2896 una
1351 2841 1610 2909 detracta
1640 2843 1887 2915 syllaba.

78 3448 115 3485 \

166 2904 195 2935 Χ
222 2928 443 2985 Joanna
474 2904 670 2984 autem
699 2904 1135 3001 interpretatur.
1154 2904 1386 2986 ’Ποιηίηὶ
1415 2906 1617 3001 gratia.
1649 2904 1885 2987 lltrum-

226 3032 342 3088 que
373 3020 576 3074 autem
610 3035 822 3073 nomen
855 3018 1099 3091 mystice
1127 3018 1371 3092 intelligi
1398 3024 1608 3091 potest,
1641 3023 1800 3093 quod
1832 3026 1890 3077 et

224 3104 526 3177 columba,
550 3107 835 3180 Spiritum
867 3113 1137 3163 sanctum
1165 3125 1177 3165 :
1209 3111 1265 3163 et
1288 3108 1476 3180 gratia
1504 3108 1628 3178 Dei,
1663 3109 1883 3166 donum

221 3192 524 3271 significet
571 3194 896 3268 spirituale.
942 3194 1091 3251 lllud
1143 3214 1375 3269 quoque
1411 3198 1561 3270 quod
1599 3198 1714 3255 ait:
1751 3200 1890 3267 Quia

220 3299 349 3340 caro
381 3292 437 3341 et
487 3287 720 3357 sanguis
762 3301 875 3341 non
911 3286 1171 3341 revelavit
1211 3288 1330 3341 tibi.
1378 3286 1721 3359 Apostolicae
1761 3306 1893 3346 nar-

749 483 1265 546 COMMENTAB.
1310 484 1391 546 IN
1439 482 1953 547 EVANGELIUM
2000 480 2378 545 MATTHIEI
2426 483 2573 544 LIB.
2623 484 2727 545 lll.
2776 482 2950 544 CAP.
2997 483 3158 547 XVI.

3545 480 3665 544 123

2002 704 2302 773 Αὒιῐίβεαὺο
2358 704 2660 760 Ecclesiam
2715 720 2894 769 meum
2946 720 3106 774 super
3170 708 3241 760 te.
3272 725 3301 753 ‹‹
3359 706 3428 759 Et
3468 708 3659 775 portas

2001 793 2173 849 inferi
2207 810 2322 849 non
2355 793 2751 866 praevalebunt
2794 795 3074 851 adversus
3119 810 3269 851 eam.
3302 814 3330 844 »
3375 794 3492 865 Ego
3525 810 3659 865 por-

2000 885 2092 937 tas
2151 882 2368 937 inferi‘
2427 898 2554 939 reor
2602 883 2744 939 vitia
2799 887 2975 954 atque
3032 886 3304 954 peccata:
3363 882 3450 937 vel
3507 885 3660 937 certe

2003 969 2408 1027 haereticorum
2464 972 2783 1041 doctrinas,
2834 988 2936 1042 per
2981 988 3128 1043 quas
3172 970 3349 1028 illecti
3386 970 3659 1027 homines

2003 1060 2302 1116 ducuntur
2358 1060 2429 1116 ad
2491 1064 2798 1117 tartarum.
2862 1060 3042 1117 Nemo
3113 1059 3314 1133 itaque
3367 1063 3535 1132 putat
3587 1059 3662 1115 de

2004 1154 2188 1204 morte
2238 1149 2375 1218 dici,
2425 1150 2581 1221 quod
2630 1149 2877 1223 apostoli
2927 1150 3243 1207 conditioni
3283 1148 3488 1206 mortis
3518 1149 3657 1205 sub-

1995 1238 2135 1307 jecti
2176 1255 2291 1294 non
2340 1238 2576 1306 fuerint,
2623 1256 2875 1312 quorum
2929 1240 3211 1313 martyris
3248 1238 3442 1296 videat
3489 1255 3657 1294 corus-

2003 1344 2187 1383 scare.

2074 1417 2260 1488 (Vers.
2297 1417 2407 1488 19.)
2445 1436 2472 1469 α
2500 1418 2568 1473 Et
2614 1418 2764 1474 dabo
2792 1417 2897 1474 tibi
2942 1416 3130 1474 claves
3162 1418 3325 1491 regni
3355 1417 3657 1474 ccelorum.

2002 1505 2069 1560 Et
2100 1505 2490 1577 quodcunque
2535 1506 2807 1578 ligaveris
2858 1523 3034 1577 super
3079 1512 3318 1578 terram,
3363 1506 3471 1563 erit
3511 1506 3657 1580 liga-

2000 1599 2126 1649 tum
2160 1596 2217 1649 in
2250 1594 2447 1649 caelis:
2483 1598 2543 1649 et
2589 1595 2981 1667 quodcunque
3029 1595 3275 1653 solveris
3314 1613 3493 1668 super
3537 1600 3658 1652 ter-

2001 1698 2150 1751 ram,
2183 1683 2291 1738 erit
2318 1682 2577 1739 solutum
2602 1683 2661 1739 in
2694 1683 2873 1740 caelis.
2911 1706 2940 1733 »
2966 1686 3151 1741 Istum
3182 1684 3377 1740 locum
3399 1684 3659 1757 episcopi

2002 1776 2059 1827 et
2115 1772 2438 1845 presbyteri
2494 1789 2611 1829 non
2670 1772 3087 1846 intelligentes,
3147 1772 3370 1846 aliquid
3420 1774 3533 1830 sibi
3587 1775 3661 1829 de

2000 1860 2429 1918 Pharisaeorum
2460 1866 2773 1918 assumunt
2801 1861 3135 1934 supercilio,
3169 1867 3235 1929 ut
3264 1861 3352 1919 vel
3380 1862 3661 1920 damnent

2000 1949 2364 2019 innocentes,
2396 1950 2486 2005 vel
2517 1949 2741 2007 solvere
2768 1966 2835 2008 se
2866 1951 3072 2021 noxios
3102 1951 3501 2009 arbitrentur:
3523 1967 3659 2007 cum

2000 2039 2154 2111 apud
2187 2039 2371 2095 Deum
2406 2040 2573 2099 125,
2593 2056 2710 2095 non
2760 2041 3052 2097 sententia
3083 2041 3452 2097 sacerdotum
3480 2041 3523 2111 ³,
3556 2041 3659 2097 sed

2000 2144 2234 2184 reorum
2266 2129 2385 2185 vita
2415 2134 2728 2201 quaeratur.
2780 2129 3053 2204 Legimus
3082 2129 3145 2186 in
3189 2129 3441 2189 Levitico
3472 2131 3545 2187 de
3572 2129 3660 2187 le—

2000 2217 2213 2289 prosis,
2250 2216 2349 2273 ubi
2371 2218 2661 2290 jubentur
2691 2222 2755 2274 ut
2784 2218 3096 2275 ostendant
3139 2234 3202 2275 se
3232 2218 3657 2288 sacerdotibus,

1999 2298 2135 2362 etsi
2164 2305 2386 2379 lepram
2420 2306 2756 2373 habuerint,
2787 2312 2928 2365 tunc
2959 2324 2995 2364 a
3036 2307 3336 2366 sacerdote
3363 2307 3659 2367 immundi

2002 2395 2146 2450 ﬁant
2189 2395 2383 2467 (Levit.
2434 2413 2549 2465 xw,
2580 2396 2735 2468 2—4):
2783 2414 2898 2453 non
2948 2413 3064 2469 quo
3109 2397 3445 2454 sacerdotes
3475 2397 3662 2469 lepro-

2001 2501 2098 2540 sos
2127 2485 2345 2541 faciant
2374 2490 2431 2540 et
2449 2485 2811 2557 immundos,
2835 2486 2936 2542 sed
2963 2503 3079 2558 quo
3100 2486 3356 2542 habeant
3386 2486 3655 2544 notitiam

1999 2572 2236 2646 leprosi,
2288 2578 2345 2630 et
2374 2591 2491 2631 non
2536 2573 2772 2647 leprosi,
2822 2579 2879 2631 et
2918 2576 3148 2647 possint
3194 2575 3526 2633 discernere
3556 2575 3662 2649 qui

2002 2662 2282 2731 mundus,
2305 2663 2407 2734 qui
2445 2662 2791 2737 immundus
2804 2663 3210 2730 sit.Quomo_do
3227 2681 3364 2737 ergo
3382 2664 3661 2736 ibilepro~

2000 2767 2132 2813 sum
2165 2752 2435 2808 sacerdos
2457 2753 2748 2809 mundum
2769 2752 2855 2808 vel
2887 2748 3264 2809 immundum
3294 2753 3474 2809 facit:
3493 2753 3579 2810 sic
3596 2757 3659 2813 et

1999 2837 2095 2895 hic
2120 2839 2338 2913 alligat,
2389 2840 2474 2895 vel
2516 2840 2688 2897 solvil:
2726 2840 3039 2914 episcopus
3085 2846 3143 2897 et
3181 2840 3503 2914 presbyter,
3538 2859 3659 2899 non

2001 2945 2099 2989 eos
2131 2930 2231 3002 qui
2280 2928 2544 2985 insontes
2591 2934 2751 2998 sunt,
2798 2929 2889 2986 vel
2939 2929 3134 2989 noxii:
3186 2931 3282 2987 sed
3328 2947 3431 3002 pro
3464 2930 3663 2988 ofﬁcio

2000 3009 2127 3086 suo,
2152 3036 2284 3074 cum
2309 3023 2677 3091 peccatorum
2707 3019 2959 3076 audierit
2978 3019 3309 3089 varietates,
3335 3020 3446 3075 scit
3466 3020 3565 3093 qui
3590 3020 3656 3076 li-

1998 3108 2230 3180 gandus
2262 3108 2357 3178 sit,
2392 3107 2561 3180 quive
2590 3107 2921 3165 solvendus.

2071 3197 2255 3269 (Vers.
2297 3197 2412 3265 20.)
2465 3220 2493 3247 ‹‹
2526 3198 2687 3254 Tunc
2747 3198 3022 3277 praecepit
3076 3197 3383 3271 discipulis
3432 3198 3556 3257 suis
3582 3204 3657 3261 ut

1998 3285 2219 3343 nemini
2250 3286 2509 3343 dicerent
2556 3286 2694 3359 quia
2736 3287 2862 3360 ipse
2913 3292 3069 3344 esset
3095 3288 3268 3345 Jesus
3299 3287 3589 3346 Christus.
3622 3312 3652 3339 ››

217 3372 438 3428 rationi
474 3377 873 3446 comparatur,
922 3374 981 3429 in
1014 3390 1131 3446 qua
1179 3375 1296 3443 ait;
1349 3375 1621 3432 Continuo
1651 3395 1764 3433 non
1794 3394 1888 3435 ac—
1919 3366 1961 3432 C
1997 3379 2185 3448 Supra
2206 3376 2447 3432 mittens
2471 3375 2791 3449 discipulos
2819 3378 2889 3433 ad
2912 3377 3657 3449 praedicandum,jusserat

216 3554 272 3606 et
300 3550 688 3626 sanguinem,
738 3550 974 3606 Judaaos
1021 3550 1383 3623 significans,
1438 3558 1501 3608 ut
1531 3553 1626 3608 hic
1657 3571 1889 3627 quoque

216 3640 327 3695 sub
389 3639 511 3698 alio
570 3655 748 3696 sensu
809 3639 1261 3706 demonstretur,
1320 3642 1474 3714 quod
1530 3642 1581 3697 ei
1640 3659 1755 3700 non
1786 3661 1889 3717 per

214 3727 556 3785 doctrinam
629 3728 1081 3798 Phariseorum,
1158 3731 1260 3785 sed
1316 3746 1420 3803 per
1476 3731 1577 3787 Dei
1636 3732 1886 3805 gratiam

215 3817 495 3895 Christus
525 3817 627 3883 Dei
660 3817 844 3873 Filius
875 3818 1165 3874 revelatus
1197 3819 1294 3875 sit.

287 3906 488 3977 (Vers.
542 3906 652 3978 18.)
682 3927 709 3957 «
742 3907 811 3962 Et
859 3923 964 3979 ego
1009 3906 1138 3963 dico
1192 3908 1320 3965 tibi.
1358 3931 1385 3958 »
1417 3909 1567 3973 Quid
1609 3915 1699 3967 est
1732 3911 1888 3983 quod

215 3994 337 4051 ait:
370 3998 441 4052 Et
469 4011 567 4068 ego
594 3995 732 4055 ,dico
775 3996 924 4051 tibi?
968 3995 1115 4060 Quia
1153 4000 1215 4052 tu
1265 3997 1411 4052 mihi
1463 3999 1699 4055 dixisti:
1736 4002 1809 4056 Tu
1836 4017 1890 4058 es

216 4083 481 4163 Christus
529 4085 705 4142 Filius
729 4086 829 4140 Dei
874 4086 1023 4153 vivi;
1057 4088 1108 4141 et
1156 4101 1252 4154 ego
1301 4086 1423 4144 dico
1457 4089 1579 4159 tibi,
1621 4105 1736 4145 non
1768 4107 1888 4147 ser-

215 4188 398 4229 mone
428 4190 622 4239 casso,
655 4178 713 4228 et
733 4172 963 4231 nullum
994 4174 1247 4231 habente
1269 4191 1437 4248 opus,
1468 4177 1568 4232 sed
1600 4177 1729 4234 dico
1760 4178 1886 4248 tibi,

215 4262 363 4335 quia
398 4277 605 4318 meum
654 4261 889 4335 dixisse,
944 4262 1151 4319 fecisse
1180 4267 1291 4320 est.
1345 4286 1372 4315 «
1422 4265 1568 4329 Quia
1596 4269 1660 4321 tu
1693 4283 1755 4322 es
1784 4271 1888 4323 Pe-

211 4354 369 4423 trus,
424 4354 488 4406 et
535 4365 712 4422 super
756 4350 907 4407 hanc
959 4354 1187 4422 petram
1231 4350 1529 4410 aedificabo
1571 4355 1887 4412 Ecclesiam

213 4434 443 4499 meum}
480 4461 512 4489 ››
560 4438 725 4495 Sicut
767 4439 1135 4512 ipse-lumen
1185 4440 1471 4513 apostolis
1521 4444 1781 4512 donavit,
1823 4451 1890 4501 ut

206 4526 424 4585 lumen
450 4528 670 4595 mundi
702 4527 1155 4601 appellarentur,
1190 4533 1514 4602 caeteraque
1545 4547 1614 4587 ex
1645 4534 1889 4590 Domino

212 4616 412 4687 sortiti
444 4620 591 4675 sunt
639 4615 960 4673 vocabula:
997 4617 1079 4674 ita
1124 4622 1180 4673 et
1210 4618 1457 4684 Simoni,
1486 4618 1586 4690 qui
1618 4622 1893 4681 credebat

210 4704 287 4767 in
303 4711 550 4779 Pﬂtltam
579 4704 905 4778 Christum,
943 4704 1094 4762 Petri
1145 4704 1396 4779 largitus
1426 4712 1519 4765 est
1544 4725 1778 4768 nomen.
1812 4718 1890 4771 At
1906 4737 1964 4802 .D

282 4882 312 4965 ί.
334 4880 516 4966 Hanc
531 4898 601 4937 ex
616 4881 866 4966 Qrigene
886 4883 1226 4966 allegoriam
1245 4888 1685 4966 mutuatusest,
1711 4905 1890 4966 quam

209 4955 277 5008 et
297 4952 362 5008 in
395 4942 569 5009 Isaias
614 4942 1069 5011 Commentariis
1100 4955 1197 5011 lib.
1248 4974 1351 5013 vm
1387 4942 1598 5018 repetit
1627 4942 1686 5016 Si
1721 4942 1891 5018 tata?

209 4976 277 5008 ει
297 4976 362 5008 In
395 4976 569 5009 Isaias
614 4976 1069 5011 uommentarlls
1100 4976 1197 5011 ιω.
1248 4976 1351 5013 VIII
1387 4976 1447 5014 re
1492 4976 1598 5015 em
1627 4976 1686 5016 ὃ.
1721 4976 1885 5018 Pater

208 5024 812 5105 quibus-adPetrum
862 5027 1113 5105 dicitur:
1162 5029 1339 5085 Porta:
1378 4976 1555 5105 in/gri
1593 5048 1708 5105 non
1737 5050 1885 5105 pree-

204 5096 833 5180 valebuntoqadversum
873 5107 978 5180 _te:
1023 5099 1107 5157 sic
1162 5105 1361 5173 portas
1410 5096 1655 5174 j'ustitiie
1687 5096 1888 5162 omnia

208 5183 391 5243 opera
423 5172 740 5226 virtutum.
778 5192 800 5220 ιι
835 5174 945 5226 etc.
1170 5172 1179 5173 “
1415 5172 1428 5174 Ὗ

257 5241 325 5324 ξ»
360 5240 685 5324 Οῐξίείξιιθθ,⁸
755 5258 827 5298 ex
895 5241 1099 5324 Latina
1166 5242 1376 5324 [luetii
1412 5244 1889 5324 interpretatione

207 5334 237 5387 (ς
251 5311 560 5387 Quoniam
586 5316 810 5382 autem,
840 5315 940 5386 qui
963 5313 1336 5387 episcopatus
1362 5311 1890 5375 locum-vindicant

205 5383 439 5463 dictum
470 5384 611 5463 hoc_-
636 5383 947 5463 usurpant,
997 5383 1417 5463 sicut:Petrus,
1437 5392 1526 5463 _et
1569 5390 1823 5463 acceptis
1853 5409 1887 5447 a

205 5456 529 5534 Servatore
561 5456 836 5534 clavibus
868 5458 1031 5533 regni
1075 5457 1377 5534 oculorum,
1420 5460 1630 5534 docent
1658 5456 1726 5517 ea
1754 5478 1884 5534 qua

205 5544 333 5607 sse
362 5518 564 5607 ligata
609 5530 770 5599 sunt,
822 5518 1049 5607 harcvest
1093 5518 1502 5600 condemnata,
1530 5518 1882 5607 ‘lig’ataesse

202 5605 263 5682 et
284 5600 367 5682 i_n-
386 5600 601 5682 emlis:
636 5601 1157 5682 pronuntiandum
1185 5606 1293 5667 est,
1346 5609 1497 5682 recte
1526 5600 1663 5682 illos
1690 5605 1882 5682 dicere

206 5672 256 5750 _si
292 5674 537 5750 factum
598 5672 773 5750 etiam
832 5672 1162 5750 habuerint,
1222 5679 1458 5747 propter
1508 5678 1666 5750 quod
1712 5678 1879 5734 Petro

203 5742 347 5800 huic
376 5743 635 5803 dictum
664 5747 791 5800 est:
845 5745 918 5799 Tu
973 5761 1037 5802 es
1076 5742 1427 5807 Petrzlsfac
1470 5742 1709 5808 si'tales
1741 5755 1882 5807 sunt

207 5821 276 5873 ut
301 5832 494 5887 super
523 5813 660 5887 illos
700 5815 1022 5875 aediﬁcetur
1066 5816 1320 5876 Ecclesia
1362 5835 1395 5875 a
1438 5820 1686 5892 Christo,
1719 5826 1776 5879 et
1804 5822 1876 5880 ad

116 3486 179 3537 »κη
216 3464 405 3534 quievi
433 3464 606 3519 carni
654 3466 705 3518 et
751 3464 1018 3533 sanguini
1064 3462 1262 3535 (Colat.
1308 3481 1348 3530 ι,
1400 3466 1510 3537 16),
1540 3482 1775 3523 carnem
1807 3467 1887 3523 ibi
1998 3465 2081 3520 eis
2112 3469 2177 3519 ut
2205 3464 2623 3520 annuntiarent
2652 3466 2969 3521 adventum
3009 3482 3183 3523 suum
3211 3481 3224 3520 :
3257 3465 3352 3521 hic
3380 3465 3659 3537 praecepit

184 3542 272 3606 iet
300 3550 688 3611 sanguinem,
738 3550 974 3606 Judaaos
1021 3550 1383 3611 significans.
1438 3558 1501 3608 ut
1531 3553 1626 3608 hic
1657 3571 1889 3611 auouue
1997 3568 2071 3608 ne
2101 3570 2164 3608 se
2194 3551 2391 3608 dicant
2441 3568 2569 3608 esse
2615 3553 2818 3610 Jesum
2872 3552 3195 3610 Christum.
3246 3552 3385 3608 Mihi
3427 3552 3671 3611 videtur

1997 3640 2155 3699 aliud
2187 3658 2314 3698 esse
2344 3642 2644 3700 Christum
2695 3641 3029 3714 praedicare,
3063 3641 3220 3699 aliud
3266 3642 3475 3699 Jesum
3502 3641 3660 3698 Chri-

1997 3736 2176 3787 stum.
2237 3730 2504 3788 Christus
2536 3747 2849 3789 commune
2891 3731 3195 3804 dignitatis
3254 3736 3345 3789 est
3402 3749 3659 3803 nomen;

1994 3822 2166 3877 Jesus
2217 3820 2517 3893 proprium
2566 3820 2915 3879 vocabulum
2963 3820 3296 3879 Salvatoris.
3332 3822 3525 3880 Potest
3552 3839 3657 3878 au»

1996 3913 2114 3965 tem
2149 3910 2271 3965 ﬁeri
2304 3914 2367 3965 ut
2397 3910 2614 3967 idcirco
2646 3914 2778 3967 ante
2827 3910 3160 3982 passionem
3192 3915 3251 3967 et
3279 3910 3658 3969 resurrectio-

1997 4015 2133 4054 nem
2184 4015 2245 4054 se
2291 3998 2542 4054 noluerit
2592 3998 2931 4071 praedicari;
2984 4004 3067 4071 ut,
3114 3999 3406 4073 completo
3455 4004 3663 4073 postea

1998 4087 2304 4160 sanguinis
2336 4093 2719 4155 sacramento,
2771 4088 3159 4161 opportunius
3189 4088 3472 4163 apostolis
3500 4088 3657 4145 dica-

1998 4180 2120 4232 ret:
2153 4177 2355 4231 Eunles
2401 4176 2583 4231 docete
2612 4191 2796 4231 omnes
2833 4182 3048 4247 gentes,
3082 4181 3171 4232 etc
3213 4177 3423 4247 (Matth.
3455 4195 3658 4246 xxvm,

2000 4266 2109 4334 19).
2139 4265 2301 4330 Quod
2336 4281 2406 4321 ne
2439 4264 2571 4337 quis
2604 4268 2766 4336 putet
2808 4269 3021 4321 nostrae
3061 4269 3291 4321 tantum
3322 4282 3452 4323 esse
3480 4265 3656 4325 intel-

1996 4353 2271 4428 ligentiae,
2304 4358 2361 4410 et
2395 4371 2508 4410 non
2532 4370 2743 4410 sensus
2769 4353 3111 4426 evangelici,
3141 4370 3268 4425 qua:
3300 4354 3654 4426 sequuntur,

1998 4459 2209 4500 causas
2240 4443 2543 4515 prohibita;
2576 4448 2716 4500 tunc
2747 4442 3177 4516 praedicationis
3206 4447 3525 4517 exponunt.

2071 4533 2256 4605 (Vers.
2288 4532 2403 4603 21.)
2438 4550 2464 4581 ››
2491 4533 2707 4588 Exinde
2737 4532 2911 4605 erepit
2940 4531 3113 4590 Jesus
3151 4533 3456 4590 ostendere
3486 4533 3660 4591 disci~

1997 4620 2153 4695 pulis
2182 4622 2329 4687 suis,
2361 4621 2500 4693 quia
2553 4626 2842 4693 oporteret
2874 4639 3010 4679 eum
3057 4621 3140 4679 ire
3169 4621 3655 4696 Hierosolymam,

1996 4716 2059 4769 et
2083 4711 2272 4769 multa
2294 4710 2415 4783 pati
2447 4728 2480 4767 a
2499 4711 2832 4769 senioribus
2864 4716 2923 4768 et
2944 4711 3185 4780 Scribis,
3213 4716 3269 4768 et
3288 4712 3662 4786 principibus

1999 4887 2134 4960 illos
2156 4889 2291 4960 jure
2318 4887 2376 4944 id
2410 4888 2609 4945 referri
2641 4887 2845 4960 possit.
2879 4892 3064 4945 Portre
3089 4892 3284 4946 autem
3316 4889 3487 4947 interi
3519 4906 3660 4960 prae-

1998 4959 2189 5035 valere
2220 4976 2337 5017 non
2368 4960 2583 5035 debent
2615 4959 2897 5035 adversus
2941 4977 3075 5016 eum
3107 4961 3209 5033 qui
3235 4960 3419 5035 ligare
3447 4959 3572 5020 vult
3601 4966 3659 5019 et

1999 5031 2239 5088 solvere.
2304 5055 2332 5082 »
2393 5031 2556 5095 Quod
2629 5032 2677 5087 si
2734 5032 2966 5104 funibus
3032 5031 3377 5104 peccatorum
3425 5049 3657 5091 suorum

1996 5106 2412 5177 constringitur,
2474 5104 2662 5177 fustra
2717 5109 2773 5160 et
2821 5103 2964 5177 ligat
3019 5103 3077 5161 et
3132 5105 3329 5177 solvit.
3382 5125 3410 5153 ››
3468 5107 3653 5168 Quam

1996 5191 2138 5248 sane
2151 5174 2540 5248 periculosam
2560 5174 2891 5248 falsamque
2898 5177 3149 5248 sententi
3157 5190 3251 5234 am
3267 5176 3652 5248 Hieronymus

1996 5246 2057 5320 in
2088 5245 2464 5320 commodum
2486 5263 2731 5320 sensum
2759 5245 2957 5317 traxit,
2987 5250 3352 5320 mutavitque
3380 5245 3654 5303 eruditis~

1995 5319 2145 5376 sime
2172 5319 2231 5375 in
2262 5336 2478 5376 veram.
2507 5320 2609 5376 Ille
2656 5318 3061 5376 ministrorum
3103 5318 3362 5377 Ecclesiae
3394 5320 3651 5387 potesta-~

1994 5394 2109 5472 tem
2157 5408 2226 5448 ex
2274 5407 2474 5472 eorum
2526 5392 2779 5472 pendere
2828 5391 3058 5472 volebat
3106 5390 3473 5472 integritate:
3530 5404 3654 5472 qua

1993 5464 2064 5518 de
2112 5479 2174 5520 re
2221 5463 2429 5520 merito
2479 5458 2748 5520 a'doctis
2805 5463 2944 5519 viris
3002 5458 3489 5532 reprehenditur:
3520 5458 3650 5532 hic,

1992 5551 2066 5590 ne
2110 5536 2440 5592 sacerdotes
2488 5536 2599 5592 sibi
2650 5533 2874 5591 niuium
2927 5535 2998 5589 de
3028 5530 3371 5589 auctoritate
3401 5530 3651 5590 obblau-

1991 5606 2249 5680 diantur,
2280 5624 2464 5680 eaque
2512 5608 2830 5680 abutantur
2872 5610 3106 5671 temere,
3142 5604 3330 5678 magis
3361 5603 3474 5680 ait,_
3493 5606 3650 5678 apud

1995 5679 2174 5735 Deum
2230 5676 2414 5751 quaeri
2464 5696 2696 5736 reorum
2767 5676 2966 5743 vitam,
3036 5692 3217 5747 quam
3256 5676 3657 5741 sacerdotum

1989 5750 2365 5808 sententiam.

3722 4312 3837 4358 ί.
