4182 6566
466 483 580 548 128

1711 495 1775 556 8.
1822 495 2135 559 EUSEBII
2179 494 2622 560 HIEBONYMI

3749 498 3875 559 εει

458 618 828 677 sacerdotum
861 625 919 679 et
948 622 1154 693 occidi,
1186 630 1242 683 et
1269 626 1443 683 tertia
1487 626 1579 684 die
1617 645 1942 703 resurgere.
1981 654 2000 680 ι
2037 631 2108 686 Et
2135 630 2188 697 Α
2218 629 2318 684 sed
2352 627 2722 684 adversarius
2770 627 3034 701 spiritus,
3079 627 3180 701 qui
3212 627 3332 684 haec
3380 627 3573 685 dicere
3600 628 3869 701 apostolo

456 712 547 765 est
574 725 824 767 sensus:
856 712 1021 770 Tunc
1069 731 1161 771 me
1205 718 1536 788 praedicate,
1588 736 1722 776 cum
1753 721 1866 777 ista
1896 739 2106 794 passus

458 796 643 867 fuero,
676 799 816 872 quia
845 818 958 856 non
1008 805 1245 875 prodest
1292 806 1587 863 Christum
1638 808 1869 881 publice
1908 811 2109 882 praedi-

458 901 611 958 care,
643 893 701 943 et
728 888 856 959 ejus
889 889 1122 963 vulgare
1153 893 1212 949 in
1244 894 1479 967 populis
1511 898 1900 968 majestatem,
1932 915 2106 971 quem

461 978 594 1047 post
622 977 904 1048 populum
927 979 1283 1052 ﬂagellatum
1316 984 1492 1041 visuri
1521 986 1638 1041 sint
1666 991 1721 1043 et
1741 988 2105 1057 crucifixum,

463 1064 619 1120 126
648 1069 706 1121 et
760 1066 947 1123 multa
1002 1070 1122 1141 pati
1179 1088 1212 1127 a
1261 1073 1609 1141 senioribus,
1668 1081 1725 1131 et
1781 1077 2019 1143 Scribis,
2052 1082 2109 1133 et

458 1151 825 1226 principibus
852 1158 1243 1216 sacerdotum.
1278 1162 1344 1216 Et
1363 1179 1517 1218 nunc
1544 1163 1714 1220 Jesus
1748 1166 1933 1221 multa
1963 1168 2109 1239 pati-

459 1245 558 1296 tur
585 1242 660 1298 ab
691 1242 786 1300 his
814 1245 914 1317 qui
945 1263 1180 1303 rursum
1212 1249 1323 1306 sibi
1371 1252 1720 1324 cruciﬁgunt
1768 1254 1978 1311 Filium
2012 1254 2109 1310 Dei

463 1329 643 1401 (Hebr.
674 1349 750 1403 vx,
782 1334 859 1403 6),
891 1346 949 1390 et
979 1352 1111 1392 cum
1144 1338 1402 1394 seniores
1435 1344 1716 1411 putentur
1744 1340 1804 1397 in
1835 1342 2109 1414 Ecclesia,

459 1423 518 1474 et
545 1420 835 1494 principes
857 1425 1247 1496 sacerdotum,
1272 1427 1601 1500 simplicem
1625 1435 1939 1503 sequentes
1965 1433 2113 1489 litte-

457 1523 608 1576 ram,
641 1509 916 1567 occidunt
960 1512 1175 1570 Filium
1226 1515 1352 1583 Dei,
1402 1518 1501 1589 qui
1554 1524 1712 1575 totus
1761 1520 2012 1577 sentitur
2055 1522 2113 1577 in

458 1595 695 1669 spiritu.

529 1685 716 1759 (Vers.
749 1687 841 1756 22,
863 1691 982 1759 23.)
1016 1714 1044 1742 ‹‹
1073 1693 1144 1749 Et
1170 1710 1481 1753 assumens
1518 1714 1652 1755 eum
1684 1699 1909 1772 Petrus,
1942 1699 2120 1775 coepit

455 1771 761 1848 increpare
806 1776 996 1851 illum,
1045 1780 1283 1841 dicens:
1335 1786 1506 1843 Absit
1531 1804 1564 1843 a
1596 1792 1673 1857 te,
1706 1789 1970 1858 Domine,
2001 1771 2117 1848 non

458 1863 570 1921 erit
598 1864 703 1921 tibi
732 1865 865 1923 hoc.
899 1869 1006 1935 Qui
1037 1888 1353 1931 conversus
1405 1876 1551 1932 dixit
1579 1879 1766 1935 Petro.
1800 1880 1958 1936 Vade
1989 1873 2120 1953 post

2216 718 2320 789 (AI.
2374 717 2727 789 apostolum)
2788 719 3154 789 suggerebat.
3215 719 3325 773 Sed
3376 718 3518 773 mibi
3568 718 3662 774 hic
3704 736 3872 775 error

2217 806 2595 878 apostolicus,
2647 812 2703 862 et
2750 807 2821 862 de
2870 808 3103 878 pietatis
3152 809 3358 863 all'ectu
3407 807 3665 877 veniens,
3712 825 3868 864 nun-

2218 913 2396 969 quam
2427 896 2784 951 incentivum
2836 897 3049 951 diaboli
3099 896 3365 952 videtur:
3406 897 3544 952 Vade
3587 902 3730 953 retro
3760 914 3867 969 me,

2214 989 2447 1042 Satana.
2483 985 2721 1040 Diabolo
2762 985 3014 1040 dicitur:
3051 986 3190 1041 Vade
3234 995 3396 1041 retro.
3431 986 3635 1042 Petrus
3664 987 3869 1042 audit:

2224 1076 2362 1131 Vade
2390 1079 2533 1129 retro
2555 1091 2657 1139 me,
2684 1074 2791 1129 hoc
2814 1080 2920 1140 est,
2948 1091 3191 1146 sequere
3216 1075 3566 1131 sententiam
3592 1092 3785 1131 meam
3805 1076 3828 1109 ³
3854 1092 3868 1129 :

2218 1165 2346 1235 quia
2376 1180 2485 1218 non
2513 1166 2661 1235 sapis
2686 1181 2749 1219 ea
2797 1180 2922 1235 qua:
2952 1166 3047 1219 Dei
3086 1169 3235 1236 sunt,
3265 1166 3359 1220 sed
3407 1180 3532 1237 quae
3564 1166 3872 1221 hominum.

2221 1252 2359 1307 Meae
2390 1252 2713 1308 voluntatis
2744 1258 2852 1319 est,
2886 1258 2941 1308 et
2975 1254 3159 1309 Patris
3191 1255 3384 1325 (cujus
3410 1254 3539 1309 veni
3572 1255 3755 1311 facere
3777 1270 3877 1310 vo-

2220 1340 2508 1397 luntatem
2543 1343 2721 1412 (Joan.
2754 1360 2831 1413 v1,
2864 1344 2952 1413 38)
2984 1348 3168 1415 utpro
3198 1344 3506 1399 hominum
3536 1343 3724 1400 salute
3755 1360 3879 1398 mo-

2222 1430 2341 1486 riar
2364 1448 2377 1498 ;
2410 1435 2472 1485 tu
2503 1434 2666 1486 tuam
2688 1436 2918 1486 tantum
2944 1433 3319 1488 considerans
3344 1432 3723 1500 voluntatem,
3755 1449 3877 1488 non

2222 1519 2311 1575 vis
2342 1535 2591 1591 granum
2622 1520 2799 1575 tritici
2829 1520 2888 1575 in
2921 1525 3136 1575 terram
3167 1522 3393 1588 cadere,
3426 1526 3492 1577 ut
3522 1520 3739 1577 multos
3760 1521 3880 1576 fru-

2223 1612 2320 1664 tus
2352 1608 2554 1664 afferat
2583 1610 2759 1679 (Joan.
2785 1627 2882 1680 χιι,
2916 1612 3005 1671 24,
3038 1611 3149 1680 25).
3183 1610 3447 1667 Prudens
3476 1610 3658 1666 lector
3685 1610 3882 1682 inqui-

2226 1702 2317 1753 rat
2347 1698 2641 1767 quomodo
2666 1703 2797 1770 post
2825 1703 3049 1754 tantam
3075 1699 3498 1756 beatitudinem
3523 1716 3536 1755 :
3570 1701 3770 1755 Beatus
3800 1715 3876 1755 es.

2228 1787 2420 1842 Simon
2448 1789 2726 1857 Barjona:
2788 1792 2879 1843 et:
2944 1789 3015 1843 Tu
3045 1805 3100 1844 es
3156 1791 3399 1844 Petrus:
3456 1793 3506 1844 et
3534 1805 3696 1860 super
3737 1789 3883 1844 hanc

2224 1880 2436 1949 petram
2485 1877 2766 1946 aediﬁcabo
2813 1879 3122 1933 Eeclesiam
3177 1895 3356 1933 meam
3400 1887 3451 1934 et
3490 1887 3667 1951 porta
3708 1880 3885 1949 inferi

459 1968 576 2023 me,
610 1954 845 2068 Sata‘na,
899 1960 1241 2017 scandalum
1294 1980 1356 2021 es
1404 1966 1550 2022 mihi
1578 1984 1592 2031 ;
1638 1968 1778 2040 quia
1809 1986 1923 2025 non
1955 1970 2114 2042 sapis
2144 2002 2191 2068 Β
2227 1982 2337 2021 non
2361 1966 2742 2037 praevalebunt
2771 1966 3025 2022 adversus
3054 1983 3220 2033 eam;
3265 1970 3323 2023 et
3349 1983 3361 2022 :
3403 1969 3501 2023 tibi
3531 1967 3667 2023 dabo
3695 1966 3885 2023 claves

460 2058 531 2099 ea
561 2059 689 2116 qua
722 2045 818 2102 Dei
865 2052 1023 2121 sunt,
1075 2052 1176 2107 sed
1221 2070 1288 2109 ea
1335 2071 1463 2127 quae
1512 2055 1842 2113 hominum.
1892 2081 1919 2107 ››
1951 2059 2115 2131 Saepe
2144 2045 2191 2068 ³³
2222 2057 2384 2123 regni
2411 2055 2677 2111 caelorum
2700 2072 2719 2114 :
2750 2060 2843 2111 et:
2879 2056 3029 2124 Quod
3058 2058 3322 2126 ligaveris
3351 2057 3434 2113 vel
3463 2057 3688 2113 solveris
3715 2072 3886 2126 super

465 2131 721 2190 diximus
769 2135 934 2191 nimii
985 2141 1210 2197 ardoris
1259 2144 1593 2217 amorisque
1641 2163 1820 2218 quam
1878 2148 2115 2203 maximi

462 2220 647 2278 fuisse
674 2227 910 2281 Petrum
942 2226 1001 2283 in
1034 2228 1348 2288 Dominum
1394 2233 1772 2293 Salvatorem.
1806 2237 1950 2301 Quia
1979 2254 2114 2311 ergo

464 2315 599 2382 post
637 2313 1064 2374 confessionem
1121 2336 1311 2389 suam,
1346 2339 1464 2395 qua
1484 2323 1741 2381 dixerat:
1779 2327 1851 2381 Tu
1872 2342 1926 2381 es
1957 2327 2118 2383 Chri-

463 2401 552 2456 tus
580 2402 759 2458 Filius
786 2406 885 2461 Dei
930 2408 1081 2462 vivi:
1127 2413 1184 2465 et
1231 2411 1535 2482 praemium
1584 2414 1917 2480 Salvatoris,
1959 2416 2115 2486 quod

467 2489 769 2548 audierat:
810 2495 1011 2551 Beatus
1055 2513 1130 2565 es,
1180 2498 1368 2557 Simon
1417 2503 1683 2575 Barjona,
1730 2506 1862 2576 quia
1910 2520 2039 2560 caro
2067 2497 2119 2560 et

467 2582 697 2648 sanguis
737 2598 850 2639 non
905 2586 1166 2641 revelavit
1210 2588 1311 2644 tibi
1332 2606 1346 2645 :
1404 2590 1497 2645 sed
1542 2592 1708 2648 Pater
1747 2609 1900 2649 meus
1940 2595 2034 2665 qui
2058 2596 2119 2649 in

468 2669 618 2725 caelis
645 2674 746 2742 est,
778 2678 1012 2744 repente
1058 2675 1223 2745 audit
1249 2695 1283 2733 a
1331 2679 1597 2747 Domino,
1646 2687 1911 2755 oportere
1941 2699 2002 2738 se
2034 2683 2116 2738 ire

467 2756 949 2835 Hierosolymam,
999 2763 1199 2836 ibique
1248 2765 1434 2824 multa
1480 2768 1598 2841 pati
1638 2786 1671 2825 a
1700 2770 2030 2827 senioribus
2060 2774 2118 2826 et

467 2846 707 2917 Scribis,
758 2855 816 2906 et
859 2852 1225 2927 principibus
1271 2857 1663 2927 sacerdotum,
1716 2864 1771 2915 et
1818 2860 2023 2930 occidi,
2061 2863 2119 2915 et

464 2936 638 2994 tertia
690 2939 783 2995 die
838 2956 1160 3015 resurgere,
1222 2961 1339 3001 non
1396 2945 1570 3015 (Vict.
1627 2952 1766 3005 tacet
1822 2950 1961 3018 non)
1992 2948 2119 3004 vult

469 3026 695 3083 destrui
736 3029 1164 3088 confessionem
1220 3050 1389 3090 suam
1418 3052 1432 3103 ;
1483 3051 1588 3091 nec
1617 3042 1760 3109 puta
1790 3038 1913 3093 fieri
1948 3053 2117 3110 posse

467 3118 537 3172 ut
567 3114 750 3173 Filius
774 3117 871 3173 Dei
928 3118 1258 3177 occidatur:
1310 3125 1679 3197 assumitque
1724 3144 1859 3183 eum
1889 3128 1947 3182 in
1979 3127 2116 3183 aﬂ‘e-

469 3208 633 3261 ctum
662 3222 861 3273 suum,
891 3207 981 3264 vel
1028 3211 1343 3282 separatim
1391 3212 1575 3285 ducit,
1623 3232 1694 3271 ne
1733 3216 2119 3288 praesentibus

467 3293 691 3351 caeteris
720 3296 1138 3370 condiscipulis
1168 3300 1517 3374 magistrum
1555 3303 1821 3360 videatur
1850 3322 2111 3377 arguere,

2222 2150 2448 2209 terram,
2480 2146 2585 2200 erit
2615 2145 2844 2213 ligatum
2876 2146 2957 2200 vel
3006 2146 3248 2201 solutum
3279 2148 3339 2201 in
3380 2147 3513 2201 cwlo
3534 2163 3552 2199 :
3585 2161 3743 2200 nunc
3773 2160 3881 2199 au-

2225 2234 2383 2290 diat:
2438 2234 2577 2289 Vade
2623 2238 2767 2289 retro
2818 2251 2923 2301 me,
2975 2234 3181 2291 Satana
3233 2235 3560 2290 scandalum
3602 2234 3744 2289 mihi
3779 2236 3886 2289 es?

2224 2326 2339 2380 Aut
2368 2339 2493 2394 qua:
2521 2323 2596 2378 sit
2627 2327 2747 2377 tam
2777 2324 3079 2394 repentina
3112 2324 3429 2392 conversio,
3462 2328 3527 2378 ut
3555 2326 3687 2396 post
3715 2326 3887 2378 tanta

2231 2412 2487 2485 praemia,
2522 2412 2768 2467 Satanas
2794 2411 3122 2484 appellatur
3145 2413 3173 2467 ?
3202 2413 3311 2467 Sed
3348 2413 3395 2467 si
3420 2412 3750 2468 consideret
3778 2410 3885 2482 qui

2226 2501 2337 2557 hoc
2366 2500 2574 2571 quaerit
2604 2502 2644 2570 ‘,
2669 2501 2833 2556 Petro
2867 2500 3028 2556 illam
3057 2500 3523 2557 benedictionem
3554 2504 3612 2556 et
3632 2499 3891 2556 beatitu-

2226 2590 2445 2659 dinem,
2478 2607 2544 2645 ac
2572 2593 2943 2662 potestatem,
2976 2594 3033 2644 et
3063 2590 3506 2646 aediﬁcationem
3536 2605 3712 2662 super
3740 2603 3882 2644 eum

2225 2678 2513 2745 Ecclesiae,
2564 2678 2624 2734 in
2673 2679 2870 2734 futuro
2915 2680 3289 2750 promissam,
3341 2696 3456 2735 non
3506 2678 3565 2735 in
3606 2681 3880 2751 praesenti

2226 2768 2426 2824 datam
2457 2766 2761 2839 intelliget.
2806 2768 3127 2837 {Ediﬁcabm
3180 2767 3394 2841 inquit,
3427 2784 3591 2840 super
3619 2776 3670 2824 te
3696 2770 3885 2826 Eccle-

2224 2860 2368 2913 siam
2395 2873 2595 2921 meam,
2620 2862 2669 2911 et
2688 2866 2867 2928 porta:
2900 2858 3073 2927 inferi
3090 2874 3199 2913 non
3225 2857 3601 2929 prevalebunt
3621 2856 3888 2914 adversus

2224 2963 2365 3003 eam.
2419 2947 2523 3001 Et:
2572 2946 2717 3001 Dabo
2759 2947 2864 3000 tibi
2909 2947 3090 3001 claves
3143 2947 3302 3017 regni
3344 2948 3624 3002 caelorum.
3671 2946 3889 3003 Omnia

2226 3036 2297 3091 de
2329 3035 2545 3104 futuro,
2579 3051 2704 3106 quae
2735 3033 2782 3089 si
2816 3035 3014 3090 statim
3061 3036 3318 3091 dedisset
3364 3036 3437 3103 ei,
3483 3051 3787 3108 nunquam
3818 3036 3883 3091 in

2226 3140 2292 3180 eo
2324 3140 2509 3195 pravae
2541 3122 2832 3195 opinionis
2866 3124 2887 3157 ⁸
2916 3140 3076 3179 error
3099 3125 3419 3180 invenisset
3448 3123 3663 3180 locum.

2299 3213 2485 3285 (Vers.
2517 3214 2735 3283 24-26.)
2792 3214 2941 3269 Tunc
2967 3213 3141 3269 Jesus
3189 3213 3335 3269 dixit
3374 3212 3682 3285 discipulis
3711 3212 3882 3269 suis:

2226 3302 2281 3357 Si
2315 3302 2451 3375 quis
2479 3300 2605 3356 vult
2635 3305 2767 3373 post
2799 3318 2890 3357 me
2920 3302 3135 3368 venire,
3167 3302 3419 3375 abneget
3450 3302 3834 3374 semetipsum
3867 3321 3881 3370 ;

468 3386 528 3439 et
546 3382 720 3455 ccepit
739 3384 1038 3459 increpare
1057 3387 1225 3445 illum
1246 3371 1502 3448 amantis
1523 3393 1754 3460 affectu,
1779 3399 1837 3450 et
1856 3371 2114 3468 optantis
2145 3371 2188 3439 (ἶ
2227 3395 2285 3446 et
2312 3371 2480 3446 tollat
2509 3371 2739 3446 crucem
2794 3407 2986 3457 suam,
3019 3396 3077 3446 et
3123 3371 3409 3463 sequatur
3436 3406 3548 3445 me.
3581 3371 3690 3457 Qui
3721 3389 3884 3447 enim

469 3471 694 3529 dicere:
721 3474 875 3531 Absit
899 3493 933 3532 a
962 3483 1011 3533 te
1056 3479 1325 3535 Domine:
1369 3480 1479 3549 vel,
1528 3486 1589 3537 ut
1622 3482 1834 3539 melius
1865 3483 2115 3539 habetur
2221 3479 2471 3536 voluerit
2495 3480 2753 3537 animam
2797 3496 2966 3536 suam
3016 3478 3238 3535 salvam
3269 3479 3479 3546 facere,
3499 3480 3699 3553 perdet
3724 3495 3881 3535 eam.

464 3559 526 3617 in
597 3562 813 3631 Greco,
886 3560 1056 3627 ’ίλεὼς
1124 3587 1230 3637 σοι,
1307 3568 1492 3643 Κῦριε,
1569 3569 1630 3624 ού
1692 3570 1766 3644 μὴ
1824 3568 1971 3625 ἕσται
2029 3592 2113 3625 σοι

2234 3570 2329 3634 Qui
2360 3573 2556 3625 autem
2615 3569 2937 3641 perdiderit
2990 3568 3250 3625 animam
3299 3585 3468 3625 suam
3499 3572 3735 3641 propter
3762 3584 3880 3637 me,

464 3651 653 3717 τοῦτο,
682 3650 793 3708 hoc
821 3656 931 3725 est,
974 3655 1261 3728 Propitsus
1305 3660 1383 3714 sis
1420 3659 1541 3731 tibi,
1589 3661 1842 3728 Domine,
1871 3676 1981 3717 non
2009 3662 2116 3717 erit

465 3739 572 3795 tibi
598 3738 781 3795 hoc':
842 3758 961 3798 non
1016 3748 1211 3814 potest
1262 3745 1409 3813 ﬁeri,
1472 3764 1574 3804 nec
1630 3749 1917 3820 recipiunt
1945 3765 2117 3806 aures

438 3842 635 3895 emere,
667 3831 734 3884 ut
764 3828 865 3886 Dei
887 3831 1069 3889 Filius
1098 3833 1454 3891 occidendus
1478 3837 1575 3892 sit.
1607 3838 1695 3893 Ad
1724 3853 1897 3909 quem
1932 3838 2117 3895 Domi-

467 3932 583 3973 nus
630 3933 964 3987 oonversus,
1017 3919 1134 3977 ait:
1193 3924 1332 3980 Vade
1376 3927 1520 3981 retro
1566 3924 1736 3997 (Vict.
1783 3926 1948 3981 addit
1986 3927 2113 3998 me),

467 4004 696 4077 Satana,
728 4009 1052 4066 scandalum
1095 4012 1241 4068 mihi
1265 4029 1341 4070 es.
1395 4014 1643 4072 Satanas
1673 4016 2117 4089 interpretatur,

464 4095 832 4168 adversarius,
863 4098 985 4156 sive
1010 4104 1345 4159 contrarius.
1379 4104 1525 4171 Quia
1558 4106 1872 4174 contraria,
1903 4105 2120 4178 inquit,

465 4184 722 4259 loqueris
745 4186 1028 4247 voluntati
1046 4208 1205 4261 meas,
1230 4192 1407 4250 debes
1426 4193 1794 4252 adversarius
1815 4193 2117 4267 appellari.

465 4275 631 4333 Multi
661 4281 874 4350 putant
894 4281 1049 4352 quod
1076 4298 1193 4338 non
1225 4282 1429 4338 Petrus
1459 4287 1764 4355 correptus
1794 4282 1872 4339 sit
1890 4283 1933 4348 ³,
1964 4282 2115 4339 127

541 4401 809 4479 ‘_lteru_m
840 4402 1051 4479 placet,
1083 4408 1150 4460 ut
1178 4405 1998 4479 VeronensisEvangeliorum
2030 4422 2122 4461 co-

473 4469 620 4527 dicis
649 4469 957 4529 lectionem
987 4474 1083 4530 hic
1126 4476 1455 4548 expendas:
1489 4477 1645 4533 Absit
1684 4469 1819 4547 aute,
1847 4479 2124 4550 propitius

473 4545 603 4603 esto.
636 4542 904 4600 Domine:
931 4560 1046 4602 non
1073 4548 1179 4602 erit
1208 4548 1379 4603 istud.

470 4545 603 4610 esto,
636 4545 904 4600 Domine:
931 4560 1046 4602 non
1073 4545 1379 4628 eritistud.
1453 4618 1465 4630 θ
1598 4619 1609 4630 ⁸
1807 4545 1812 4547 ⁷
1847 4545 1864 4550 ’
1949 4545 1962 4550 ’

538 4615 568 4699 ξ
594 4612 758 4671 Unus
787 4632 891 4687 pro
921 4621 1150 4699 cunctis
1289 4617 1543 4699 Hilarius
1595 4637 1656 4675 1n
1695 4618 2077 4699 hunc_locu_m
2107 4636 2120 4675 :

482 4704 511 4737 ι
538 4685 605 4740 In
635 4699 770 4764 eum
789 4685 952 4764 ivero
1009 4686 1368 4764 (diabolum),
1415 4707 1517 4764 per
1545 4707 1719 4764 quem
1776 4692 1972 4764 Opinio
2002 4690 2123 4748 hac

474 4757 916 4843 suggerebatur,
940 4745 1255 4841 conversus
1276 4745 1520 4843 adjecit;
1553 4745 2125 4843 ξαέαηαίξςαᾴᾶαιρηὶ
2155 4745 2203 4812 Ῑ)

473 4828 621 4904 mihi
646 4843 721 4884 es.
757 4829 881 4885 Non
901 4828 1068 4904 enim
1112 4828 1381 4904 convenit
1426 4828 1781 4904 existimare,
1822 4834 1989 4891 Petro
2020 4835 2122 4890 Sa-

475 4903 628 4979 tanae
658 4916 868 4979 nomen
902 4902 1366 4979 et_oll'ensio_nem
1408 4905 1669 4961 scandali
1698 4902 1964 4979 deputari
1995 4911 2127 4978 post

473 4968 578 5026 illa
593 4970 845 5049 _ind_ult_aa
874 4976 939 5049 et
958 4973 1336 5049 beatitudinis
1365 4980 1423 5032 et
1449 4968 1951 5049 potestatis’tanta
1980 4968 2122 5049 prae-

474 5042 664 5121 conia.
698 5042 810 5101 Sed
841 5046 979 5121 quia
1017 5045 1330 5121 inﬁdelitas
1376 5042 1570 5121 omnis
1596 5049 1812 5105 diaboli
1843 5042 2124 5121 opus-est,

474 5115 635 5198 Petri.
661 5115 1050 5198 responsio-ne
1063 5118 1343 5198 Dominus
1366 5120 1625 5198 offensus
1657 5137 1792 5177 cum
1814 5115 2126 5193 opprobrio

475 5186 1295 5246 nominisinﬁdelitatisistius
1308 5196 1397 5247 est
1417 5192 1739 5248 detestatus
1757 5186 2072 5248 auctorem.
2098 5214 2125 5241 ››

474 5260 760 5336 gaterum
793 5259 904 5336 hac
933 5261 1063 5334 ipsa
1092 5262 1161 5317 de
1192 5263 1734 5336 causa_Marcellum
1760 5264 2131 5336 reprehendit

476 5329 765 5409 Eusebius
787 5330 900 5409 _l_i_b.
934 5329 1190 5389 {contra
1218 5334 1513 5409 eumdem,
1536 5352 1663 5409 cap.
1695 5337 1750 5399 2,
1780 5329 1934 5409 quod
1963 5357 1989 5409 ςι
2022 5336 2130 5409 mi-

476 5401 634 5478 nime
663 5401 999 5478 intelligens
1031 5405 1324 5478 quomodo
1355 5404 1477 5478 hac
1503 5401 1774 5478 (Salano,
1797 5401 2130 5464 scandalum

474 5472 616 5551 mihi
642 5478 724 5551 es)
752 5472 1133 5551 dicﬁntur'ad
1174 5472 1540 5551 apostolum,
1572 5483 1630 5534 et
1660 5496 1939 5551 quorsum
1970 5479 2128 5535 afﬁr-

480 5546 604 5598 mat
633 5543 704 5598 ad
735 5545 1037 5611 diabolum
1067 5564 1196 5605 esse
1211 5543 1396 5603 'dicta.
1434 5571 1454 5598 ι

547 5613 570 5647 ³
598 5614 814 5695 Mavult
858 5618 1065 5695 Noster
1111 5619 1178 5695 in_
1220 5619 1487 5691 Origenis
1531 5622 1881 5695 sententiam
1929 5637 2131 5695 conce-

481 5684 655 5763 dere;
689 5685 772 5763 sic
803 5688 959 5763 enim
990 5691 1116 5761 ipse
1163 5684 1599 5763 interpretatur,
1631 5698 1696 5748 ut
1725 5693 1892 5749 Petro
1922 5692 2135 5749 dixerit

477 5755 662 5842 Jesu;
720 5757 862 5813 Vade
911 5755 1033 5842 post
1072 5778 1178 5832 me,
1237 5755 1427 5842 quasi
1465 5763 1563 5835 qui
1586 5755 1703 5842 '_ire
1751 5768 1884 5837 post
1940 5764 2107 5842 illum

480 5808 735 5902 itaque
761 5808 1438 5905 ἒὲᾇιιῖἷὲεὲἑιὶἓθῖἔῖι
1465 5808 1662 5911 ἴέωὸ
1674 5808 1912 5911 ᾧοῗῖῗι
1940 5808 2133 5893 ἒίἆῖιὶί

2222 3657 2475 3739 inveniet
2505 3673 2655 3712 eam.
2687 3657 2839 3724 Quid
2872 3654 3030 3712 enim
3053 3656 3289 3729 prodet
3318 3654 3542 3712 homini
3573 3656 3623 3712 si
3653 3655 3884 3711 univer-

2224 3763 2357 3803 sum
2388 3746 2678 3801 mundum
2707 3745 2990 3814 lucretur,
3018 3745 3224 3802 animae
3253 3762 3388 3802 vero
3417 3761 3536 3802 suae
3566 3744 3885 3801 detrimen-

2224 3840 2354 3891 tum
2401 3834 2705 3906 patiatur?
2755 3856 2783 3883 ››
2815 3834 2836 3870 ⁸
2865 3833 2973 3900 Qui
3014 3832 3253 3906 deponit
3297 3837 3549 3889 veterem
3579 3831 3883 3889 hominem

2225 3939 2359 3981 cum
2390 3921 2665 3995 operibus
2687 3923 2812 3979 suis
2836 3923 3063 3995 (Coloss.
3089 3926 3175 3994 iu,
3206 3924 3260 3992 9,
3286 3925 3375 3996 10)
3407 3923 3655 3997 denegat
3673 3926 3886 3979 semet-

2224 4012 2423 4086 ipsum
2455 4011 2657 4067 dicens
2683 4030 2696 4069 :
2730 4013 2855 4067 Vivo
2881 4020 3063 4069 autem
3080 4014 3204 4085 jam
3231 4028 3343 4069 non
3371 4028 3487 4083 ego,
3513 4013 3647 4069 vivit
3675 4027 3800 4068 vero
3820 4013 3885 4068 in

2226 4117 2314 4157 me
2344 4100 2591 4157 Christus
2622 4101 2819 4172 (Galat.
2872 4118 2933 4172 ιι,
2983 4102 3073 4173 20)
3100 4119 3113 4157 :
3147 4101 3299 4159 428
3347 4100 3617 4174 tollitque
3645 4116 3883 4158 crucem

2229 4207 2421 4257 suam,
2452 4193 2511 4245 et
2540 4189 2761 4244 mundo
2810 4190 3192 4263 crucifigitur.
3247 4190 3355 4245 Cui
3392 4193 3590 4246 autem
3620 4189 3882 4246 mundus

2229 4279 2549 4336 cruciﬁxus
2570 4282 2680 4347 est,
2701 4279 2965 4350 sequitur
2985 4279 3298 4335 Dominum
3323 4279 3686 4336 cruciﬁxum.
3713 4300 3743 4329 ››
3766 4282 3885 4335 Aut

2232 4406 2427 4476 autem
2477 4402 2737 4476 conferas
2781 4403 2937 4476 quod
2968 4404 3155 4476 Petro,
3199 4403 3382 4459 dixit:
3436 4404 3573 4460 Vade
3617 4408 3883 4476 postme,

2231 4474 2446 4531 Satana
2465 4492 2483 4528 :
2516 4479 2573 4529 et
2602 4473 2833 4529 diabolo
2864 4475 2914 4531 ei
2946 4474 3161 4531 dicenti
3188 4492 3201 4530 :
3225 4476 3346 4531 Haec
3372 4477 3561 4531 omnia
3589 4473 3693 4532 tibi
3719 4473 3883 4542 dabo,

2231 4549 2281 4602 si
2334 4546 2533 4601 cadens
2585 4546 2908 4602 adoraveris
2964 4562 3087 4601 me:
3151 4547 3324 4617 Vade,
3382 4548 3619 4618 Salano,
3659 4546 3886 4618 absque

2230 4617 2651 4692 additamento,
2702 4622 2989 4692 postkme.
3043 4621 3179 4692 Post
3217 4619 3421 4675 Jesum
3469 4620 3688 4692 quippe
3724 4617 3881 4692 esse,

2232 4691 2473 4762 bonumg
2485 4693 2598 4762 est,
2627 4711 2655 4762 ξ)
2687 4688 2795 4759 etc,
2829 4688 3215 4762 Consentiunt
3254 4706 3426 4762 porro
3457 4688 3515 4747 et
3550 4688 3724 4747 modo
3752 4688 3883 4762 lau-

2234 4761 2405 4817 datus
2436 4760 2740 4829 Eusebius,
2796 4765 2983 4815 contra
3031 4760 3366 4830 Marcellum,
3415 4766 3473 4819 et
3513 4760 3883 4828 Ambrosius,

2233 4832 2335 4889 lib.
2366 4849 2384 4887 ι
2416 4832 2487 4887 de
2517 4832 2817 4896 Abraham,
2851 4847 3013 4887 num.
3044 4833 3134 4889 55.

2303 4905 2325 4938 ‘
2354 4903 2619 4959 Fortase
2665 4904 2881 4959 rectius
2935 4903 3118 4959 nostri
3163 4919 3306 4959 mss.
3357 4902 3475 4972 hic,
3510 4905 3564 4960 si
3590 4901 3886 4973 voculam,

2233 4979 2291 5031 et
2317 4975 2377 5031 in
2409 4975 2524 5030 fine
2555 4974 2776 5046 periodi
2802 4974 3067 5043 verbum,
3099 4975 3389 5046 intelliget,
3421 4976 3710 5031 nesciunt.

2305 5046 2496 5120 f'l‘res
2528 5045 2992 5120 Palatinicodd.
3042 5045 3395 5119 confessionis
3441 5063 3544 5120 pro
3580 5047 3886 5120 opinionis.

2305 5118 2495 5201 fonte
2535 5117 3097 5201 hinc-subsequitur
3140 5117 3460 5201 pericope‘n
3503 5117 3708 5201 recitat
3736 5117 3886 5201 ipse,

2305 5134 2490 5199 fune;
2535 5134 2671 5173 nine
2715 5134 3097 5190 sunsequxtur
3146 5134 3455 5244 pericopen
3503 5134 3708 5175 recitat
3736 5134 3884 5201 ipse,

2235 5190 2623 5263 edisseritque
2653 5189 3085 5263 (Hieronymus,
3127 5190 3302 5263 epist.
3365 5192 3429 5245 21
3475 5190 3549 5245 ad
3576 5192 3884 5263 Algasiam,

2236 5266 2441 5333 quaest.
2474 5262 2508 5316 3
2532 5260 2943 5333 'initio.,Ipsam
2972 5278 3103 5333 vero
3133 5260 3267 5317 cum
3290 5260 3490 5333 hujus,
3522 5260 3662 5318 tum'
3684 5262 3888 5318 subse-

2280 5331 2470 5416 uentis
2499 5331 2793 5416 versiculi
2831 5332 3250 5406 expositionem
3281 5350 3349 5389 ex
3372 5331 3735 5391 ‘Adamantio
3767 5333 3890 5390 fere

2279 5408 2793 5559 aggrglenrique.
2825 5476 3298 5559 campesLJSoene,
3355 5479 3481 5559 aut_
3505 5477 3745 5559 Sasona.
3774 5474 3888 5556 He-

2238 5546 2431 5619 braice
2461 5550 2549 5602 est
2579 5546 2717 5602 Chus
2745 5550 2795 5602 et
2841 5547 3025 5619 Saba.
3048 5546 3437 5619 Hieronymus
3465 5546 3526 5619 in
3548 5564 3691 5619 eum
3724 5546 3889 5604 Isaiae

2238 5616 2454 5673 locum.
2510 5640 2538 5666 «
2589 5622 2697 5673 Pro
2756 5617 2961 5692 Συήνῃ,
2993 5616 3495 5692 _inquit,_'reliqui
3542 5618 3890 5692 interpretes

2240 5692 2566 5763 posuerunt
2591 5705 2751 5763 sses,
2782 5691 2936 5746 unde
2983 5689 3113 5763 fuit'
3133 5689 3335 5763 regina
3380 5689 3603 5760 Austri,
3636 5689 3761 5763 qua
3790 5706 3889 5747 ve-

2239 5760 2328 5817 nit
2357 5760 2705 5833 sapientiam
2735 5762 2937 5819 audire
2955 5760 3301 5820 Salomonis.
3340 5784 3362 5811 ι
