4182 6576
311 499 428 562 125

833 495 1354 561 COMMENTAR.
1401 498 1477 560 IN
1524 494 2037 560 EVANGELIUM
2081 491 2460 560 MATTHEI
2503 497 2653 559 LIB.
2700 497 2811 560 III.
2847 498 3023 568 CAP.
3054 498 3242 564 XVII.

3611 496 3728 566 I26

311 647 494 704 quam
524 629 688 686 dabit
706 628 882 686 homo
902 629 1421 686 commutationem
1453 647 1556 702 pro
1589 629 1790 686 anima
1821 631 1970 684 sua?
1998 626 2053 694 Α
2081 627 2230 700 (Luc.
2267 646 2343 693 Ix.
2375 627 2489 691 28).
2520 629 2630 686 Sed
2687 629 2875 686 facilis
2931 629 3237 703 responsio
3292 633 3401 700 est,
3461 631 3597 705 quia
3635 629 3733 687 hic

309 720 422 776 Pro
446 719 623 776 Israel
649 720 822 776 datur
850 720 1230 776 commutatio
1260 720 1543 794 ZEgyptus
1567 723 1624 774 et
1652 717 1963 790 Ethiopia,

311 814 368 865 et
417 809 602 879 Syene
651 809 781 882 (Isa.
831 827 989 879 XLIII,
1038 808 1129 882 3):
1185 827 1288 882 pro
1320 809 1518 866 anima
1568 809 1826 865 humana
1864 806 1968 862 illa

312 897 438 956 sola
467 902 557 955 est
604 898 908 955 retributio
939 916 1115 972 quam
1168 899 1483 956 Psalmista
1521 898 1714 967 canit;
1751 921 1778 947 «
1818 897 1966 962 Quid

314 989 641 1045 retribuam
665 989 912 1045 Domino
933 1006 1038 1062 pro
1059 990 1335 1046 omnibus
1348 1007 1472 1062 quas
1488 987 1757 1045 retribuit
1779 986 1967 1042 mihi?

309 1077 562 1135 Calicem
584 1077 866 1134 salutaris
889 1079 1194 1152 accipiam,
1218 1083 1274 1136 et
1296 1095 1507 1136 nomen
1548 1077 1780 1135 Domini
1803 1077 1964 1133 invo-

312 1168 457 1224 cabo
482 1189 510 1216 »
544 1166 723 1239 (Psat.
756 1185 883 1236 cxv,
920 1170 1005 1237 12,
1041 1169 1149 1239 13).

385 1255 551 1329 (Vers
606 1257 722 1328 27.)
781 1256 964 1313 Filius
1022 1257 1178 1313 enim
1229 1256 1487 1314 hominis
1534 1261 1815 1313 venturus
1876 1259 1966 1312 est

311 1343 373 1402 in
425 1343 611 1418 gloria
664 1345 855 1402 Patris
905 1345 998 1402 sui
1044 1363 1178 1403 cum
1228 1346 1452 1418 angelis
1521 1347 1681 1403 suis:
1725 1350 1782 1401 et
1827 1350 1965 1401 tunc

312 1434 520 1491 reddet
567 1433 885 1507 unicuique
932 1435 1256 1492 secundum
1307 1452 1456 1509 opus
1502 1437 1651 1508 ejus.
1690 1457 1716 1484 ››
1759 1439 1966 1491 Petrus

313 1524 386 1580 ad
417 1523 889 1596 praedicationem
921 1523 1232 1581 Dominicae
1265 1525 1472 1581 mortis
1512 1523 1965 1589 scandalizatus,

315 1612 604 1669 sententia
667 1613 899 1669 Domini
967 1614 1157 1670 fuerat
1229 1613 1606 1687 increpatus:
1676 1612 1967 1687 provocati

317 1700 611 1775 discipuli,
645 1705 708 1758 ut
759 1703 1118 1776 abnegarent
1169 1719 1253 1771 se,
1306 1708 1365 1760 et
1425 1703 1694 1760 tollerent
1735 1718 1966 1758 crucem

316 1807 511 1860 suam,
559 1796 617 1847 et
664 1792 1043 1849 morientium
1106 1793 1303 1849 animo
1346 1797 1735 1866 sequerentur
1784 1792 1966 1864 magi-

317 1884 528 1937 strum.
558 1881 809 1938 Grandis
858 1885 1046 1938 terror
1089 1883 1477 1951 audientium,
1529 1888 1584 1939 et
1630 1881 1730 1955 qui
1762 1881 1967 1955 possit,

2077 718 2253 775 medii
2283 723 2587 791 ponuntur
2613 718 2761 788 dies,
2791 719 2872 775 ibi
2902 721 3130 792 primus
3165 719 3402 775 additur
3449 724 3506 775 et
3534 725 3720 776 extre-

2077 825 2232 865 mus.
2265 809 2394 867 Non
2425 809 2581 866 enim
2636 809 2889 867 dicitur:
2948 812 3075 866 Post
3101 809 3218 866 dies
3273 812 3388 865 octo
3433 811 3728 882 assumpsit

2073 900 2230 956 Jesus
2255 901 2507 967 Petrum,
2552 902 2604 956 et
2652 899 2942 971 Jacobum,
3001 903 3056 955 et
3102 902 3414 957 Joannem:
3471 898 3574 954 sed
3636 897 3728 954 die

2076 992 2296 1046 octavo.
2353 1011 2380 1038 «
2431 989 2605 1045 Ducit
2648 989 2780 1046 illos
2829 990 2886 1044 in
2937 993 3197 1047 montem
3247 987 3543 1045 excelsum
3572 1003 3730 1043 seor-

2077 1094 2231 1134 sum.
2266 1100 2294 1128 »
2327 1078 2551 1135 Ducere
2581 1081 2652 1136 ad
2687 1085 2965 1136 montana
2995 1077 3336 1152 discipulos,
3396 1094 3532 1150 pars
3565 1076 3730 1149 regni

2075 1172 2188 1224 est.
2220 1172 2529 1224 Ducuntur
2558 1185 2846 1240 seorsum,
2897 1169 3037 1243 quia
3085 1168 3257 1225 multi
3308 1166 3516 1238 vocati,
3555 1165 3725 1239 pauci

2073 1273 2208 1313 vero
2237 1256 2405 1313 electi
2437 1258 2644 1329 (Matth.
2674 1276 2770 1328 xx,
2803 1260 2906 1327 16;
2939 1276 3076 1326 xxu,
3114 1258 3222 1331 14).

2147 1345 2332 1417 (Vers.
2380 1347 2460 1419 2.)
2511 1369 2539 1397 ‹‹
2591 1349 2659 1403 Et
2706 1348 3160 1422 transfiguratus
3209 1351 3301 1404 est
3349 1349 3482 1403 ante
3530 1361 3650 1402 eos.
3695 1365 3724 1395 »

2038 1467 2042 1470 ν
2077 1432 2277 1500 Qualis
2301 1434 2536 1491 futurus
2567 1440 2655 1492 est
2684 1439 2945 1510 tempore
2983 1436 3312 1508 judicandi,
3363 1435 3499 1492 talis
3539 1451 3722 1507 appa-

2077 1521 2217 1588 ruit,
2249 1523 2548 1594 apostolis.
2581 1524 2743 1588 Quod
2791 1529 2988 1581 autem
3045 1525 3225 1581 dicit:
3279 1525 3726 1598 Transﬁguratus

2077 1619 2154 1668 est
2182 1615 2310 1667 ante
2356 1629 2464 1681 eos,
2517 1629 2688 1669 nemo
2740 1618 2904 1686 putet
2941 1614 3253 1686 pristinam
3309 1631 3443 1670 eum
3475 1613 3726 1669 formam

2077 1705 2136 1758 et
2166 1701 2373 1759 faciem
2405 1701 2750 1776 perdidisse,
2783 1701 2871 1759 vel
2901 1703 3172 1760 amisisse
3220 1704 3480 1776 corporis
3517 1701 3728 1758 verita-

2076 1794 2217 1858 tem,
2273 1797 2331 1848 et
2386 1793 2782 1864 assumpsisse
2837 1810 3049 1866 corpus
3105 1792 3192 1849 vel
3254 1791 3583 1865 spirituale,
3640 1788 3727 1847 vel

2079 1897 2311 1937 aereum
2347 1899 2360 1950 ;
2393 1881 2492 1938 sed
2526 1883 2819 1954 quomodo
2850 1883 3304 1940 transformatus
3335 1881 3431 1950 sit,
3473 1895 3727 1953 evange-

319 1969 584 2044 principe
605 1970 1000 2042 apostolorum
1024 1971 1354 2044 perterrito,
1385 1973 1562 2029 etiam
1594 1971 1724 2029 aliis
1748 1977 1970 2030 metum
2003 2003 2051 2068 B
2080 1969 2218 2027 lista
2261 1972 2643 2042 demonstrat,
2704 1973 2926 2029 dicens.
2960 1996 2988 2024 «
3035 1973 3104 2028 Et
3160 1970 3519 2045 resplenduit
3550 1969 3726 2026 facies

317 2059 590 2130 injicere:
618 2059 834 2116 idcirco
874 2061 1147 2118 tristibus
1183 2060 1317 2117 laeta
1341 2062 1685 2129 succedunt,
1717 2066 1774 2118 et
1802 2061 1969 2117 dicit:

318 2151 404 2204 Fit
412 2151 500 2204 ius
528 2149 770 2206 hominis
801 2159 1134 2206 ventururus
1148 2156 1228 2208 est
1258 2154 1320 2208 in
1330 2153 1514 2224 gloria
1534 2154 1722 2208 Patris
1742 2153 1833 2208 sui
1853 2169 1975 2208 cum

313 2241 524 2311 angelis
554 2241 689 2295 suis.
725 2240 924 2298 Times
957 2246 1228 2308 mortem,
1280 2241 1419 2297 audi
1469 2239 1716 2314 gloriam
1764 2241 1973 2298 trium-

313 2327 573 2401 phantis.
609 2329 836 2386 Vereris
867 2345 1123 2402 crucem,
1157 2329 1428 2387 ausculta
1477 2331 1818 2404 angelorum
1859 2331 1972 2386 mi-

313 2417 574 2474 nisteria.
624 2419 690 2474 Et
734 2422 882 2487 tunc,
929 2419 1143 2491 inquit,
1197 2419 1382 2475 reddet
1439 2421 1748 2492 unicuique
1783 2436 1972 2476 secun-

313 2506 454 2563 dum
515 2522 679 2578 opera
743 2509 880 2577 eius.
952 2507 1079 2564 Non
1145 2513 1236 2564 est
1303 2507 1603 2564 distinctio
1664 2509 1851 2564 Judaei
1919 2512 1976 2564 et

314 2595 555 2667 ethnici,
600 2595 708 2650 viri
755 2600 813 2652 et
861 2595 1145 2667 mulieris,
1211 2613 1537 2669 pauperum
1605 2601 1662 2653 et
1726 2597 1972 2653 divitum

323 2686 498 2757 (Rom.
530 2703 586 2757 x,
622 2687 730 2758 12),
766 2685 865 2742 ubi
896 2703 1012 2742 non
1045 2702 1327 2760 personae,
1363 2688 1461 2743 sed
1493 2703 1670 2759 opera
1708 2687 1972 2744 conside-

319 2779 543 2830 rantur.

388 2863 572 2936 (Vers.
601 2865 715 2936 28.)
748 2887 777 2915 «
810 2867 995 2921 Amen
1027 2864 1155 2921 dico
1203 2863 1390 2937 vobis,
1441 2870 1582 2921 sunt
1631 2865 1872 2938 quidam
1904 2866 1974 2922 de

317 2952 413 3009 hic
445 2953 764 3020 stantibus,
797 2954 897 3027 qui
946 2971 1060 3010 non
1107 2955 1433 3027 gustabuut
1478 2959 1751 3022 mortem,
1791 2955 1974 3012 donec

315 3042 554 3099 videant
586 3043 798 3099 Filium
827 3042 1085 3100 hominis
1112 3044 1442 3100 venientem
1473 3043 1532 3100 in
1565 3059 1743 3118 regno
1776 3061 1905 3101 suo.
1946 3067 1973 3094 »

317 3132 621 3189 Terrorem
653 3133 1051 3206 apostolorum
1081 3151 1185 3206 spe
1213 3134 1489 3191 medicari
1526 3133 1788 3191 voluerat
1836 3151 1975 3200 pro-

323 3221 668 3294 missorum,
701 3222 942 3279 dicens:
979 3224 1157 3280 Filius
1203 3223 1443 3280 hominis
1499 3227 1761 3280 venturus
1805 3228 1885 3280 est
1915 3227 1976 3280 in

319 3312 503 3382 gloria
530 3313 716 3367 Patris
745 3313 834 3367 sui
880 3329 1009 3368 cum
1054 3314 1268 3384 angelis
1314 3315 1447 3368 suis.
1499 3314 1746 3386 Insuper
1774 3317 1973 3369 aucto-

319 3400 493 3457 ritate
533 3400 759 3473 judicis
808 3400 1009 3456 addita
1054 3403 1157 3457 :Et
1197 3402 1393 3458 reddet
1437 3403 1737 3475 unicuique
1780 3418 1971 3459 secun-l

319 3490 450 3546 dum
482 3505 646 3561 opera
677 3506 797 3545 sua.
827 3489 1060 3546 Poterat
1089 3490 1487 3563 apostolorum
1538 3490 1717 3548 tacita
1754 3492 1976 3565 cogita-

317 3579 424 3651 tio,
455 3577 792 3634 istiusmodi
836 3578 1184 3635 scandalum
1243 3579 1572 3636 sustinere:
1628 3579 1974 3636 occisionem

321 3671 382 3724 et
402 3672 654 3724 mortem
678 3684 837 3724 nunc
869 3667 1016 3737 dicis
1048 3684 1178 3724 esse
1208 3671 1550 3724 venturam:
1584 3669 1740 3740 quod
1782 3673 1978 3725 autem

320 3756 617 3830 promittis
648 3761 706 3814 te
737 3757 1080 3814 adfuturum
1110 3757 1169 3813 in
1201 3756 1388 3831 gloria
1413 3758 1602 3815 Patris
1633 3775 1766 3814 cum
1799 3775 1980 3832 ange—

320 3845 514 3903 lorum
547 3845 912 3914 ministeriis,
947 3851 1004 3902 et
1024 3845 1248 3919 judicis
1277 3851 1587 3919 potestate,
1621 3847 1734 3905 hoc
1763 3848 1823 3904 in
1855 3847 1984 3904 dies

322 3934 453 4006 erit,
515 3941 572 3993 et
629 3936 688 3992 in
747 3939 1016 4008 tempora
1072 3935 1247 4011 longa
1304 3937 1458 3994 I29
1517 3937 1820 3994 differetur
1859 3938 1971 4009 [Αι.

327 4024 618 4098 differtur]
684 4024 1012 4081 Praevidens
1078 4041 1214 4100 ergo
1289 4025 1654 4082 occultorum
1718 4026 1985 4099 cognitor

327 4113 471 4186 quid
521 4117 762 4186 possent
810 4114 1084 4187 objicere,
1135 4119 1480 4188 praesentem
1523 4116 1798 4172 timorem
1837 4132 1982 4188 prae-

329 4202 483 4260 senti
508 4207 849 4276 compensat
887 4204 1148 4277 praemio.
1179 4204 1327 4272 Quid
1353 4205 1510 4261 enim
1555 4204 1736 4261 dicit:
1771 4227 1800 4255 ‹‹
1836 4206 1988 4263 Sunt

327 4289 573 4364 quidam
638 4292 710 4349 de
770 4292 863 4348 hic
928 4293 1244 4363 stantibus,
1309 4294 1410 4368 qui
1480 4312 1596 4351 non
1662 4294 1988 4369 gustabunt

332 4383 606 4450 mortem,
640 4381 824 4438 donec
843 4381 1079 4439 videant
1107 4381 1318 4440 Filium
1350 4382 1610 4440 hominis
1655 4384 1982 4441 venientem

331 4469 394 4526 in
425 4485 603 4544 regno
626 4487 768 4539 suo;
807 4493 828 4520 ι
866 4475 932 4526 ut
963 4471 1156 4544 qualis
1185 4475 1276 4528 est
1305 4475 1509 4544 postea
1561 4477 1867 4542 venturus,
1911 4473 1986 4530 ob

329 4557 801 4617 incredulitatem
839 4564 1095 4618 vestram
1127 4561 1398 4634 praesenti
1449 4564 1712 4636 tempore
1740 4561 1983 4619 demon-

330 4651 567 4704 stretur.

597 4737 761 4794 XVII.
805 4694 880 4780 ⁸-
927 4737 1091 4795 Vers.
1144 4738 1220 4811 1.)
1253 4763 1282 4789 ‹‹
1336 4739 1407 4794 Et
1464 4741 1597 4812 post
1646 4739 1773 4796 dies
1819 4755 1920 4796 sex
1942 4744 1984 4812 ί,
2015 4745 2064 4813 D

330 4842 642 4884 assumens
669 4828 840 4886 Jesus
873 4828 1127 4894 Petrum,
1160 4832 1218 4884 et
1243 4828 1550 4898 Jacobum,
1595 4832 1653 4885 et
1697 4832 1985 4886 Joannem

332 4916 574 4972 fratrem
642 4918 791 4989 ejus.
863 4917 1112 4982 «Quare
1173 4918 1401 4985 Petrus,
1465 4922 1523 4976 et
1583 4919 1860 4988 Jacobus,
1930 4925 1986 4976 et

332 5006 589 5064 Joannes
617 5006 678 5062 in
725 5007 1082 5079 quibusdam
1130 5007 1578 5081 Evangeliorum
1626 5008 1769 5065 locis
1816 5025 1984 5081 sepa-

333 5098 537 5151 rentur
584 5112 618 5152 a
680 5095 940 5153 caeteris:
1015 5101 1118 5153 aut
1183 5097 1323 5170 quid
1382 5097 1672 5171 privilegii
1732 5098 1987 5155 habeant

330 5188 493 5242 extra
570 5183 718 5242 alios
793 5185 1110 5259 apostolos,
1188 5188 1389 5244 crebro
1464 5187 1742 5244 diximus.
1818 5187 1986 5245 Nunc

331 5273 616 5348 queritur
644 5277 941 5348 quomodo
977 5279 1110 5350 post
1139 5275 1266 5334 dies
1305 5293 1405 5334 sex
1444 5277 1835 5351 assumpserit
1863 5293 1983 5348 eos,

328 5367 389 5421 et
434 5363 668 5421 duxerit
708 5364 770 5421 in
821 5371 1084 5422 montem
1131 5366 1427 5424 excelsum
1485 5381 1798 5425 seorsum:
1850 5383 1984 5424 cum

325 5452 516 5510 Lucas
584 5452 948 5526 evangelista
1009 5455 1374 5512 octonarium
1442 5471 1758 5512 numerum
1807 5461 1986 5529 ponat

406 5635 423 5670 ¹
459 5631 701 5690 Codices
731 5631 999 5704 Palatini,
1047 5635 1114 5691 Et
1139 5637 1353 5708 factum
1405 5640 1487 5693 est
1539 5645 1662 5707 post
1716 5653 1814 5694 sex
1849 5637 1986 5710 dies,

330 5709 442 5763 etc.
1975 5709 1980 5710 ί

407 5778 430 5812 ²
463 5774 564 5850 Hic
593 5779 771 5850 atque
799 5773 972 5842 infra,
1006 5775 1107 5850 ubi
1157 5777 1326 5850 locus
1377 5779 1488 5838 iste
1542 5781 1811 5850 recurrit,
1843 5803 1986 5844 mss.

332 5847 520 5908 nostri
577 5847 900 5922 praiferunt
955 5847 1170 5908 minori
1228 5867 1494 5922 numero,
1548 5847 1827 5928 apparuit.
1886 5859 1989 5916 Le-

2081 2060 2210 2132 ejus
2241 2061 2397 2116 sicut
2424 2060 2510 2118 sol
2567 2062 2918 2119 vestimenta
2975 2064 3171 2118 autem
3229 2061 3358 2133 ejus
3415 2059 3568 2116 facta
3592 2061 3732 2116 sunt

2082 2148 2216 2206 alba
2246 2149 2401 2207 sicut
2427 2149 2545 2206 nix.
2585 2173 2605 2200 ι›
2643 2150 2751 2207 Ubi
2785 2151 3060 2224 splendor
3089 2151 3256 2208 faciei
3291 2148 3640 2220 ostenditur,
3674 2151 3732 2204 et

2083 2240 2303 2296 candor
2332 2240 2685 2297 describitur
2707 2241 2980 2309 vestium,
3031 2258 3147 2296 non
3199 2238 3534 2297 substantia
3574 2236 3733 2294 tolli-

2082 2333 2198 2398 tur,
2225 2329 2325 2385 sed
2358 2330 2545 2402 gloria
2573 2334 2991 2386 commutatur.
3023 2329 3376 2402 Resplenduit
3414 2330 3584 2401 facies
3613 2327 3732 2398 ejus

2082 2420 2227 2475 sicut
2283 2419 2381 2475 sol.
2443 2419 2609 2475 Certe
2665 2419 3120 2477 transformatus
3179 2424 3270 2476 est
3325 2417 3612 2476 Dominus
3667 2417 3727 2472 in

2083 2523 2212 2563 eam
2243 2506 2493 2580 gloriam
2525 2526 2642 2581 qua
2671 2514 2950 2566 venturus
2981 2515 3072 2566 est
3093 2514 3296 2582 postea
3315 2508 3373 2564 in
3400 2524 3578 2582 regno
3600 2523 3728 2563 suo.

2083 2597 2550 2654 Transformatio
2573 2597 2944 2670 splendorem
2971 2597 3430 2668 addidit,faciem
3456 2613 3572 2654 non
3593 2596 3736 2652 sub-

2083 2685 2280 2741 traxit.
2313 2687 2450 2742 Esto
2480 2702 2694 2760 corpus
2723 2686 3027 2760 spirituale
3050 2687 3243 2759 fuerit,
3277 2702 3419 2742 num
3471 2689 3528 2742 et
3555 2684 3732 2741 vesti-

2082 2779 2283 2832 menta
2313 2779 2536 2831 mutata
2563 2781 2721 2846 sunt,
2756 2793 2882 2849 quae
2915 2776 2974 2832 in
3007 2780 3239 2833 tantum
3270 2776 3430 2832 fuere
3460 2774 3732 2840 candida,

2084 2867 2151 2920 ut
2180 2863 2333 2920 alius
2365 2864 2720 2938 evangelista
2750 2865 2962 2921 dixerit
2986 2881 2998 2922 :
3033 2866 3240 2935 Qualia
3266 2865 3406 2937 fulto
3435 2879 3600 2936 super
3625 2865 3738 2920 ter-

2082 2970 2206 3010 ram
2243 2971 2355 3010 non
2404 2958 2577 3026 potest
2629 2956 2808 3018 facere
2846 2954 3029 3026 (Marc.
3093 2971 3171 3011 1x.
3201 2956 3279 3025 2).
3341 2954 3504 3021 Quod
3535 2942 3731 3010 autem

2084 3041 2227 3099 fullo
2249 3060 2426 3117 super
2455 3047 2672 3100 terram
2704 3047 2897 3117 potest
2924 3043 3131 3116 facere,
3161 3043 3458 3117 corporale
3470 3043 3736 3100 estI80

2083 3137 2140 3190 et
2164 3134 2666 3206 tactuisubjacet,
2725 3139 2782 3191 et
2839 3151 2955 3190 non
3012 3133 3316 3207 spirituale
3373 3137 3430 3190 et
3478 3148 3738 3200 aereum,

2084 3225 2238 3298 quod
2271 3223 2482 3280 illudat
2514 3223 2722 3293 oculis,
2755 3229 2813 3280 et
2834 3227 3061 3280 tantum
3091 3223 3149 3279 in
3174 3223 3584 3296 phantasmate
3606 3239 3740 3278 con-

2088 3313 2228 3386 spici
2238 3318 2390 3370 atur.

2160 3401 2348 3474 (Vers.
2383 3403 2461 3471 3.)
2493 3425 2521 3453 «
2546 3401 2614 3458 Et
2643 3417 2772 3457 ecce
2814 3405 3212 3474 apparuerunt
3237 3403 3258 3436 ²
3279 3401 3398 3458 illis
3425 3400 3652 3474 Moyses
3681 3402 3742 3455 et

2085 3490 2258 3562 Elias,
2310 3507 2445 3546 cum
2491 3507 2557 3547 eo
2606 3490 2933 3563 loquentes.
2968 3513 2998 3539 »
3057 3490 3279 3548 Scribis
3337 3493 3394 3546 et
3433 3487 3738 3546 Pharisasis

2084 3580 2448 3637 tentantibus
2481 3596 2563 3648 se,
2596 3583 2653 3635 et
2682 3580 2752 3636 de
2781 3578 2924 3636 ccelo
2956 3580 3126 3652 signa
3156 3578 3554 3651 poscentibus,
3595 3577 3735 3634 dare

2087 3668 2295 3738 noluit,
2331 3669 2430 3726 sed
2461 3685 2698 3742 pravam
2746 3667 3201 3741 postulationem
3249 3666 3568 3726 confutavit
3615 3681 3736 3723 res-

2088 3758 2373 3832 ponsione
2401 3759 2695 3832 prudenti.
2727 3757 2833 3815 Hic
2879 3775 3035 3830 vero,
3080 3763 3146 3814 ut
3193 3757 3591 3832 apostolorum
3633 3773 3737 3813 au-

2089 3853 2225 3924 geat
2256 3849 2457 3918 ﬁdem,
2489 3849 2591 3905 dat
2621 3848 2858 3923 signum
2884 3849 2956 3906 de
2985 3847 3151 3916 ccelo,
3181 3847 3309 3905 Elia
3341 3848 3476 3904 inde
3505 3847 3746 3904 descen-

2091 3939 2265 3996 dente
2285 3956 2400 4011 quo
2431 3938 2889 4006 conscenderat;
2923 3941 2981 3994 et
3008 3941 3202 4008 Moyse
3232 3937 3305 3994 ab
3336 3936 3536 3993 inferis
3556 3953 3747 3993 resur-

2090 4032 2300 4102 gente:
2361 4028 2519 4100 quod
2549 4031 2606 4083 et
2636 4027 2828 4084 Achaz
2878 4037 2982 4099 per
3023 4027 3233 4084 Isaiam
3299 4024 3632 4099 prmcipitur
3679 4030 3746 4082 ut

2091 4119 2251 4190 petat
2279 4115 2390 4172 sibi
2419 4115 2655 4188 signum
2686 4115 2758 4170 de
2786 4114 3035 4183 excelso,
3067 4119 3170 4171 aut
3217 4115 3288 4171 de
3344 4115 3572 4171 inferno
3611 4115 3739 4186 (lsa.

2093 4205 2342 4277 111,11).
2373 4205 2520 4261 Nam
2555 4205 2709 4275 quod
2762 4201 2983 4260 dictum
3033 4207 3155 4260 est:
3211 4205 3600 4276 Apparuerunt
3626 4205 3744 4259 illis

2092 4299 2303 4368 Moyses
2332 4300 2387 4352 et
2412 4295 2580 4360 Elius,
2613 4310 2736 4350 cum
2763 4309 2824 4350 eo
2855 4293 3170 4366 loquentes;
3214 4296 3271 4348 et
3314 4291 3374 4347 in
3421 4291 3533 4347 alio
3563 4291 3743 4348 refer-

2093 4390 2193 4442 tur
2223 4384 2554 4457 Evangelio,
2580 4383 2884 4441 nuntiasse
2912 4383 2965 4440 ei
2995 4399 3122 4457 quis
3156 4379 3571 4454 Hierosolymis
3609 4397 3744 4454 pas-

2094 4491 2270 4533 surus
2293 4478 2448 4531 esset
2468 4475 2619 4546 (Luc.
2653 4491 2729 4542 Ix,
2765 4473 2876 4545 31).
2911 4477 3024 4530 Lex
3052 4471 3382 4529 ostenditur
3410 4475 3468 4527 et
3497 4469 3748 4544 prophe-

2093 4569 2188 4631 ιω,
2216 4563 2317 4638 qui
2347 4569 2405 4622 et
2451 4563 2788 4637 passionem
2837 4561 3089 4630 Domini,
3145 4565 3202 4619 et
3256 4560 3742 4619 resurrectionem

2093 4654 2312 4712 crebris
2339 4654 2580 4711 vocibus
2612 4653 2978 4710 nuntiarunt.

2166 4737 2352 4816 (Vers.
2386 4744 2464 4815 4.)
2496 4765 2524 4793 ‹‹
2559 4731 2942 4816 Respondeas
2964 4745 3163 4799 autem
3213 4741 3439 4809 Petrus,
3487 4740 3631 4799 dicit
3667 4741 3740 4798 ad

2090 4832 2335 4890 Jesum:
2368 4830 2636 4899 Domine,
2690 4830 2913 4887 bonum
2945 4834 3036 4888 est
3090 4847 3197 4888 nos
3251 4830 3348 4888 hic
3385 4847 3534 4888 esse.
3571 4855 3593 4884 ι
3629 4830 3740 4896 Qui

2093 4923 2166 4978 ad
2223 4925 2504 4978 montana
2549 4920 2986 4992 conscenderat,
3041 4937 3156 4977 non
3209 4918 3335 4976 vult
3396 4920 3468 4976 ad
3517 4925 3748 4977 terrena

2093 5013 2447 5070 descendere
2471 5030 2485 5080 ;
2520 5010 2621 5067 sed
2646 5025 2878 5082 semper
2896 5010 2953 5065 in
2979 5008 3338 5066 sublimibus
3361 5025 3744 5081 perseverare.

2101 5122 2129 5156 α
2157 5102 2212 5158 Si
2245 5101 2354 5170 vis,
2379 5100 2668 5156 faciamus
2688 5099 2783 5155 hic
2804 5098 2918 5154 tria
2936 5097 3345 5154 tabernacula:
3380 5095 3512 5153 Tibi
3535 5110 3744 5162 unum,

2095 5191 2278 5265 Moysi
2311 5206 2517 5258 unum,
2543 5193 2601 5245 et
2635 5187 2769 5243 Eliaa
2811 5204 3015 5244 unum.
3051 5206 3078 5240 ι»
3134 5188 3329 5257 Erras,
3374 5185 3564 5251 Petre,
3595 5181 3747 5238 sicut

2094 5285 2152 5340 et
2182 5280 2334 5338 alius
2390 5277 2747 5353 evangelista
2803 5281 3075 5335 testatur.
3138 5275 3339 5334 Nescis
3395 5273 3537 5347 quid
3579 5271 3744 5328 dicas

2095 5374 2254 5446 (Luc.
2285 5388 2364 5438 Ix,
2395 5371 2508 5442 33).
2541 5368 2670 5427 Noli
2716 5368 2832 5425 tria
2877 5365 3255 5425 tabernacula
3300 5379 3576 5436 quaerere,
3607 5378 3744 5419 cum

2094 5479 2284 5519 unum
2313 5459 2392 5518 sit
2418 5457 2868 5517 tabernaculum
2913 5455 3229 5529 Evangelii,
3285 5452 3346 5508 in
3394 5468 3511 5524 quo
3571 5451 3662 5509 lex
3691 5456 3752 5509 et

2097 5659 2230 5718 gem
2260 5645 2317 5700 et
2344 5639 2662 5718 prophetas
2705 5655 2822 5718 per
2876 5637 3110 5718 Moysen
3168 5636 3254 5718 et.
3281 5631 3497 5718 Ellam.
3521 5632 3753 5718 signiﬁ-

2098 5705 2241 5785 cari,
2300 5705 2654 5786 quae'obvia
2703 5705 3105 5781 interpretatio
3173 5710 3282 5778 est,
3337 5706 3396 5763 S.
3457 5705 3626 5764 Pater
3685 5721 3753 5765 ex

2098 5783 2345 5864 Origene
2375 5783 2617 5857 accepit.
