4182 6560
448 459 564 533 ίβπ

1690 465 1756 524 S.
1802 462 2112 527 EUSEBII
2156 461 2607 526 HIERONYMI

3735 455 3879 517 128:

440 593 739 667 prophetae
797 594 1235 667 recapitulanda
1290 599 1447 653 sunt.
1508 596 1567 653 Si
1623 598 1818 653 autem
1872 595 2083 669 quaeris
2112 598 2508 669 Apostquam
2551 598 2949 659 surrexerunt,
3007 608 3122 649 non
3180 590 3453 647 viderunt
3508 586 3622 646 nisi
3653 585 3851 645 solum

438 683 556 739 tria
582 684 981 756 tabernacula,
1011 702 1377 757 nequaquam
1426 702 1623 741 servos
1671 701 1803 739 cum
1838 685 2085 741 Domino

438 772 725 844 conferas,
757 765 859 829 sed
892 775 977 829 fac
1008 774 1119 830 tria
1146 774 1561 830 tabernacula:
1613 774 1731 829 imo
1766 791 1948 828 unum
1980 773 2085 829 Pa-

437 860 536 927 tri,
569 865 625 918 et
678 861 838 933 Filio,
892 868 949 918 et
1002 862 1242 935 Spiritui
1301 868 1541 923 sancto:
1575 867 1641 917 ut
1699 879 1950 934 quorum
2000 867 2087 917 est

440 966 561 1007 una
590 951 887 1021 divinitas,
919 969 1106 1008 unum
1141 952 1218 1008 sit
1266 956 1322 1008 et
1369 952 1426 1007 in
1479 957 1710 1024 pectore
1756 956 1857 1006 tuo
1890 952 2083 1006 taber-

440 1038 739 1099 naculum.

514 1127 702 1199 (Vers.
735 1129 814 1202 5.)
851 1152 871 1179 α
906 1129 1107 1185 Adhuc
1138 1146 1203 1186 eo
1253 1130 1544 1201 loquente,
1598 1146 1728 1184 ecce
1774 1129 1961 1184 nubes
1993 1128 2081 1183 lu-

438 1215 569 1272 cida
598 1218 974 1274 obumbravit
1002 1236 1119 1275 eos.
1155 1220 1222 1275 Et
1251 1236 1383 1275 ecce
1413 1236 1521 1275 vox
1547 1220 1615 1274 de
1639 1219 1815 1283 nube,
1845 1217 2043 1273 dicens
2068 1236 2079 1272 :

438 1305 545 1363 Hic
575 1310 666 1362 est
706 1305 887 1363 Filius
944 1324 1111 1365 meus
1165 1308 1435 1376 dilectus,
1495 1309 1556 1364 in
1614 1325 1731 1380 quo
1764 1307 1907 1362 mihi
1940 1308 2085 1362 bene

438 1394 800 1466 complacui:
834 1396 1029 1468 ipsum
1060 1398 1277 1454 audite.
1318 1421 1346 1448 ››
1377 1398 1525 1464 Quia
1563 1397 1965 1469 imprudenter
1993 1395 2083 1450 in-

437 1487 847 1555 terrogaverat,
881 1490 1185 1558 prOpterea
1214 1486 1659 1559 responsionem
1705 1485 1936 1541 Domini
1969 1501 2083 1539 non

434 1576 707 1639 meretur,
739 1574 840 1630 sed
872 1578 1045 1631 Pater
1074 1576 1388 1647 respondet
1418 1592 1522 1647 pro
1556 1574 1723 1643 Filio,
1756 1577 1819 1628 ut
1842 1573 2084 1627 verbum

371 1705 377 1711 .
432 1661 663 1718 Domini
721 1662 1147 1735 eompleretur:
1211 1665 1321 1733 Ego
1378 1666 1747 1720 testimonium
1801 1678 1911 1717 non
1966 1662 2084 1717 dico

426 1765 529 1820 pro
557 1766 667 1817 me,
695 1750 785 1807 sed
816 1753 981 1807 Pater
1003 1754 1101 1824 qui
1148 1769 1235 1808 me
1280 1755 1454 1821 misit,
1516 1754 1627 1824 ipse
1679 1768 1779 1824 pro
1836 1767 1923 1806 me
1947 1753 2085 1807 dicit

429 1839 810 1894 testimonium
838 1842 1021 1911 (Joau.
1073 1858 1129 1911 ν,
1161 1842 1267 1910 37;
1320 1859 1443 1910 vin,
1500 1842 1609 1914 18).
1659 1842 1857 1897 Nubes
1884 1845 2079 1895 autem

432 1925 663 2029 videtur
693 1926 911 1996 lucida,
940 1934 997 1985 et
1029 1930 1344 2029 obumbrat
1373 1947 1471 1987 eos
1497 1947 1509 1985 :
1564 1935 1627 1985 ut
1665 1929 1766 2002 qui
1798 1928 2030 2029 carn‘ale
2052 1944 2081 1983 e
2112 1964 2159 2029 Β

434 2014 761 2081 frondibus,
795 2020 897 2072 aut
935 2018 1202 2074 tentoriis
1232 2019 1570 2090 quaerebant
1616 2016 2081 2085 tabernaculum,

435 2102 610 2163 nubis
656 2103 861 2160 lucidis
909 2104 1277 2176 operirentur
1344 2105 1706 2160 umbraculo.
1760 2106 1908 2161 13!
1961 2104 2083 2158 Vox

438 2208 672 2263 quoque
701 2193 773 2251 de
810 2193 952 2250 ccslo
1002 2193 1184 2251 Patris
1237 2193 1533 2266 loquentis
1579 2194 1836 2263 auditur,
1870 2209 1996 2264 quae
2027 2196 2084 2247 et

434 2282 838 2339 testimonium
871 2282 1174 2356 perhibeat
1203 2283 1381 2351 Filio;
1415 2288 1472 2338 et
1494 2283 1727 2339 Petrum
1751 2284 1857 2355 [ΑΙ.
1882 2281 2076 2352 Petri),

434 2386 628 2427 errore
687 2370 940 2440 sublato,
1002 2372 1205 2428 doceat
1259 2372 1600 2440 veritatem;
1661 2372 1778 2428 imo
1821 2388 1921 2443 per
1976 2370 2078 2425 Pe-

434 2462 595 2515 trum
625 2464 861 2517 ceteros
900 2460 1214 2534 apostolos.
1259 2463 1368 2518 Hic
1414 2466 1514 2527 est,
1562 2462 1663 2529 ait,
1716 2462 1899 2516 Filius
1927 2475 2081 2514 meus

432 2547 704 2613 dilectus:
758 2548 893 2605 huic
941 2550 1239 2622 ﬁgendum
1286 2554 1376 2606 est
1421 2549 1885 2616 tabernaculum,
1943 2548 2080 2604 huic

435 2636 980 2710 obtemperandum.
1041 2638 1144 2696 Hic
1199 2643 1286 2696 est
1344 2638 1523 2709 filius,
1580 2639 1665 2695 illi
1724 2638 1873 2695 servi
1900 2640 2076 2692 sunt:

435 2727 659 2798 Moyses
724 2731 781 2782 et
846 2726 1000 2785 Elias
1066 2729 1293 2785 debent
1344 2733 1400 2785 et
1474 2728 1585 2800 ipsi
1650 2727 1953 2783 vobiscum
2020 2725 2079 2779 in

431 2814 828 2887 penetralibus
861 2817 1053 2874 cordis
1084 2816 1176 2874 sui
1210 2817 1449 2874 Domino
1472 2816 1917 2874 tabernaculum
1939 2832 2081 2887 prrs-

434 2919 665 2974 parare.

507 2992 876 3065 (Vers.6.),«
929 2994 996 3051 Et
1045 2994 1348 3053 audientes
1396 2993 1694 3067 discipuli,
1742 2993 2082 3049 ceciderunt

435 3080 496 3136 in
522 3081 735 3139 faciem
763 3098 952 3154 suam,
1004 3087 1061 3139 et
1108 3084 1436 3140 timuerunt
1483 3083 1663 3139 valde.
1699 3106 1726 3133 ι»
1770 3081 2080 3153 Triplicem

437 3169 510 3239 ob
539 3186 781 3231 causam
826 3188 1037 3244 pavore
1082 3176 1393 3244 terrentur,
1442 3171 1532 3228 vel
1580 3173 1718 3245 quia
1766 3188 1827 3227 se
1857 3187 2082 3226 errasse

437 3263 848 3333 cognoverant,
880 3260 966 3316 vel
999 3261 1138 3333 quia
1167 3261 1352 3317 nubes
1383 3261 1577 3316 lucida
1625 3264 1932 3333 operuerat
1960 3276 2078 3327 eos,

2193 684 2396 738 Jesum
2429 700 2441 736 :
2475 698 2547 737 ne
2579 682 2628 737 si
2661 682 2887 754 Moyses
2918 686 2975 735 et
3003 680 3164 736 Elias
3212 682 3682 751 perseverassent
3711 693 3851 732 cum

2194 771 2461 838 Domino,
2496 772 2682 827 Patris
2711 788 2820 825 vox
2849 771 3148 825 videretur
3194 768 3437 834 incerta,
3486 768 3576 822 cui
3612 765 3853 838 potissi-

2196 878 2358 915 mum
2389 861 2553 915 daret
2585 859 3008 915 testimonium.
3040 858 3255 912 Vident
3285 873 3419 927 ergo
3450 856 3658 911 Jesum
3689 860 3853 910 stan-

2194 952 2333 1017 tem,
2367 948 2562 1003 ablata
2593 949 2766 1012 nube,
2799 951 2854 1002 et
2886 947 3123 1019 Moysen
3174 950 3230 1000 et
3281 944 3464 999 Eliam
3496 942 3845 999 evanuisse:

2194 1038 2333 1109 quia
2360 1042 2671 1108 postquam
2730 1036 2875 1108 legis
2925 1041 2981 1091 et
3031 1035 3445 1107 prOphetarum
3495 1032 3707 1088 umbra
3733 1031 3850 1086 dis-

2194 1127 2451 1197 cesserit,
2513 1144 2639 1197 qua
2697 1125 3027 1181 velamento
3085 1141 3192 1180 suo
3249 1121 3546 1194 apostolos
3602 1124 3847 1188 texerat,

2196 1220 2510 1286 utrumque
2542 1214 2741 1270 lumen
2773 1215 2794 1248 ²
2825 1214 2884 1268 in
2915 1213 3224 1283 Evangelio
3260 1212 3568 1283 reperitur.

2265 1304 2449 1373 (Vers.
2498 1304 2578 1373 9.)
2638 1326 2665 1352 ‹‹
2700 1304 2767 1357 Et
2823 1301 3317 1356 descendentibus
3373 1298 3490 1355 illis
3548 1299 3621 1354 de
3650 1300 3851 1353 monte

2193 1391 2464 1463 praecepit
2495 1392 2649 1447 ηπ
2680 1391 2874 1461 Jesus,
2907 1391 3105 1445 dicens
3133 1406 3145 1444 :
3194 1388 3426 1445 Nemini
3467 1386 3730 1443 dixeritis
3758 1385 3850 1441 vi-

2195 1481 2441 1546 sionem,
2475 1480 2658 1535 donec
2689 1479 2870 1535 Filius
2896 1478 3154 1533 hominis
3177 1494 3211 1532 a
3232 1476 3479 1532 mortuis
3501 1479 3787 1548 resurgat.
3817 1498 3846 1523 »ι

2196 1569 2398 1625 Futuri
2430 1570 2591 1641 regni
2626 1569 3071 1640 prazmeditatio,
3105 1572 3162 1622 et
3190 1566 3377 1639 gloria
3420 1564 3879 1637 triumphantis’

2192 1659 2591 1714 demonstrata
2620 1660 2812 1713 fuerat
2843 1658 2899 1711 in
2954 1662 3172 1712 monte.
3225 1657 3351 1711 Non
3394 1672 3533 1726 ergo
3576 1652 3701 1709 vult
3731 1653 3845 1709 hoc

2191 1746 2251 1802 in
2283 1748 2529 1819 populos
2570 1746 2895 1819 praedicari,
2945 1763 3018 1801 ne
3062 1749 3118 1801 et
3165 1743 3506 1801 incredibile
3555 1747 3710 1798 esset
3741 1758 3847 1814 pro

2193 1837 2273 1891 rei
2324 1836 2748 1907 magnitudine,
2809 1840 2866 1890 et
2921 1839 3053 1906 post
3111 1838 3335 1889 tantam
3393 1832 3643 1906 gloriam
3686 1832 3843 1904 apud

2191 1924 2365 1979 rudes
2398 1924 2626 1980 animos
2666 1941 2921 1996 sequens
2966 1940 3110 1979 crux
3160 1920 3505 1978 scandalum
3555 1921 3770 1976 faceret
3799 1921 3842 1975 ³.

2261 2015 2442 2085 (Vers.
2490 2014 2599 2084 10.)
2662 2038 2688 2063 ‹‹
2725 2014 2791 2068 Et
2843 2013 3346 2085 interrogaverunt
3376 2026 3513 2066 eum
3544 2008 3842 2081 discipuli,

2190 2103 2484 2158 dicentes:
2518 2103 2666 2167 Quid
2747 2118 2883 2173 ergo
2941 2102 3145 2157 scribas
3204 2101 3427 2166 dicunt,
3463 2099 3620 2172 quod
3646 2098 3835 2154 Eliam

2188 2195 2450 2258 oporteat
2480 2191 2738 2263 primum
2771 2190 3011 2246 venire?
3043 2212 3071 2238 »
3103 2188 3226 2244 Nisi
3248 2205 3457 2245 causas
3479 2186 3843 2255 noverimus,

2191 2297 2370 2352 quare
2398 2278 2880 2352 interrogaverint
2904 2276 3181 2349 discipuli
3213 2293 3391 2348 super
3412 2276 3545 2331 Elite
3581 2275 3843 2344 nomine,

2189 2369 2369 2424 stulta
2403 2369 2632 2424 videtur
2660 2376 2715 2423 et
2755 2366 3213 2423 extraordinaria
3267 2382 3470 2421 eorum
3519 2365 3844 2436 interroga-

2190 2458 2289 2514 tio.
2322 2458 2472 2522 Quid
2501 2459 2657 2512 enim
2691 2456 2942 2529 pertinet
2986 2456 3058 2511 ad
3108 2473 3177 2511 ea
3231 2472 3360 2528 quas
3413 2471 3595 2526 supra
3622 2454 3846 2526 scripta

2190 2552 2346 2614 sunt,
2381 2548 2451 2602 de
2481 2546 2613 2601 Elia:
2666 2546 2918 2601 adventu
2969 2544 3273 2617 quaerere?
3332 2542 3593 2599 Traditio
3642 2541 3845 2599 Phari-

2190 2634 2436 2692 saeorum
2489 2642 2576 2691 est
2631 2637 2672 2706 ‘,
2715 2636 2886 2707 juxta
2939 2634 3285 2689 Malachiam
3340 2632 3683 2705 prophetam
3714 2631 3845 2704 (qui

2189 2731 2277 2782 est
2318 2726 2676 2781 novissimus
2735 2725 2793 2779 in
2854 2723 3187 2794 duodecim)
3248 2722 3401 2795 quod
3463 2720 3618 2777 Elias
3650 2722 3845 2777 veniat

2189 2819 2324 2870 ante
2355 2814 2672 2869 adventum
2713 2812 3029 2868 Salvatoris
3082 2817 3138 2867 et
3187 2811 3429 2867 reducat
3477 2826 3576 2866 cor
3606 2814 3841 2881 patrum

2190 2904 2262 2959 ad
2295 2902 2464 2969 filios,
2498 2906 2556 2958 et
2580 2902 2835 2958 ﬁliorum
2866 2902 2937 2956 ad
2971 2904 3191 2973 patres,
3237 2904 3293 2955 et
3341 2899 3614 2955 restituat
3642 2898 3847 2954 omnia

2190 2992 2251 3046 in
2284 2992 2593 3063 antiquum
2624 2996 2842 3047 statum
2876 2989 3142 3059 (Malach.
3196 3006 3272 3059 1v,
3320 2989 3375 3057 5,
3424 2988 3502 3060 6).
3537 2986 3867 3044 Estimant.

2191 3096 2327 3152 ergo
2358 3080 2630 3152 discipuli
2661 3079 3237 3135 transformationem
3278 3076 3474 3150 gloria:
3506 3076 3659 3133 hanc
3688 3093 3844 3145 esse,

2191 3186 2365 3241 quam
2398 3169 2457 3223 in
2498 3174 2695 3225 monte
2749 3169 3003 3235 videant,
3064 3171 3122 3223 et
3180 3165 3418 3222 dicunt:
3478 3166 3539 3221 Si
3587 3166 3715 3237 jam
3744 3181 3841 3221 ve-

2192 3258 2329 3315 nisti
2361 3259 2419 3314 in
2464 3257 2669 3329 gloria,
2719 3258 3011 3329 quomodo
3063 3272 3387 3328 praecursor
3426 3258 3565 3310 tuus
3596 3271 3712 3309 non
3743 3270 3845 3328 ap-

438 3351 543 3403 aut
565 3346 703 3419 quia
751 3348 851 3404 Dei
906 3349 1092 3407 Patris
1135 3366 1334 3406 vocem
1385 3348 1679 3422 loquentis
1732 3349 2075 3405 audierant:
2112 3333 2153 3399 C
2191 3351 2375 3421 paret,
2435 3347 2689 3403 maxime
2742 3346 2879 3417 quia
2933 3344 3118 3401 Eliam
3190 3344 3456 3400 viderant
3502 3344 3836 3399 recessisse.

436 3434 577 3509 quia
607 3439 620 3470 ³
652 3435 912 3497 humana
942 3437 1231 3511 fragilitas
1262 3444 1645 3510 conspectum
1679 3437 1920 3509 majoris
1950 3436 2077 3509 glo-

437 3524 539 3583 rise.
587 3525 735 3585 ferre
793 3543 911 3585 non
962 3527 1237 3595 sustinet,
1294 3544 1361 3584 ac
1416 3532 1537 3584 toto
1593 3528 1790 3584 animo
1847 3532 1905 3582 et
1952 3543 2077 3581 cor-

435 3629 574 3687 pore
632 3616 1108 3687 contremiscens,
1185 3617 1258 3672 ad
1331 3621 1551 3673 terram
1614 3616 1791 3673 cadit.
1852 3616 2079 3680 Quanto

437 3702 574 3773 quis
630 3703 927 3776 ampliora,
994 3703 1312 3776 quesierit,
1380 3709 1541 3760 tanto
1598 3704 1787 3776 magis
1853 3704 1924 3760 ad
1991 3703 2080 3758 in-

436 3789 648 3857 feriora
676 3791 1009 3859 collabitur,
1042 3793 1093 3848 si
1125 3792 1477 3865 ignoraverit
1519 3808 1857 3849 mensuram
1888 3808 2081 3848 suam.

510 3879 698 3950 (Vers.
729 3881 810 3953 7.)
842 3904 870 3934 «
906 3885 969 3935 Et
1028 3882 1274 3940 accessit
1328 3882 1518 3949 Jesus,
1576 3886 1632 3938 et
1678 3881 1870 3953 tetigit
1898 3896 2017 3937 eos.
2051 3899 2076 3931 η

439 3967 587 4041 Quia
616 3967 703 4025 illi
744 3970 1040 4042 jacehant,
1090 3974 1147 4027 et
1194 3986 1433 4044 surgere
1481 3987 1596 4027 non
1643 3973 1929 4042 poterant,
1962 3968 2086 4043 ipse

440 4056 759 4121 clementer
788 4060 1029 4131 accedit,
1060 4063 1117 4118 et
1144 4060 1335 4133 tangit
1366 4077 1485 4130 eos,
1520 4064 1583 4116 ut
1621 4064 1782 4116 tactu
1812 4059 2085 4115 timorem

441 4146 629 4220 fuget,
677 4152 735 4206 et
778 4148 1079 4207 debilitata
1124 4151 1389 4207 membra
1435 4148 1778 4207 solidentur.
1831 4171 1860 4199 «
1910 4148 2090 4204 Dixit-

440 4253 553 4310 que
580 4237 701 4297 eis:
748 4238 1000 4314 Surgite,
1051 4244 1109 4295 et
1159 4238 1339 4297 nolite
1386 4239 1612 4295 timere.
1647 4261 1669 4290 ι
1725 4238 1879 4302 Quos
1910 4254 2089 4294 manu

441 4332 767 4398 sanaverat,
798 4332 970 4387 sanat
1018 4328 1292 4402 imperio.
1339 4328 1530 4385 Nolite
1574 4328 1791 4382 timere.
1828 4325 2090 4382 Primum

439 4414 618 4486 timor
646 4417 951 4489 expellitur
970 4421 1045 4473 aut
1073 4421 1276 4489 postea
1304 4415 1571 4472 doctrina
1590 4415 1910 4471 tribuatur.

515 4504 699 4576 (Vers.
731 4504 811 4576 8.)
843 4528 871 4555 «
906 4506 1185 4563 Levantes
1217 4510 1412 4561 autem
1461 4503 1663 4561 oculos
1710 4520 1871 4572 suos,
1902 4503 2092 4559 nemi-

442 4607 578 4648 nem
608 4591 895 4661 viderunt,
930 4592 1044 4650 nisi
1085 4592 1277 4651 solum
1304 4594 1527 4650 Jesum.
1561 4615 1590 4643 »
1647 4592 2095 4651 Rationabiliter

518 4720 536 4753 ¹
570 4718 763 4790 Nostri
796 4734 939 4775 mss.
972 4722 1169 4775 tacent
1195 4717 1493 4775 causalem
1522 4720 1673 4790 quia.

515 4788 738 4873 "Nullo
793 4806 972 4873 sensu
1008 4788 1581 4873 llegebaturhantea,
1637 4799 1833 4871 utrum
1881 4790 2089 4873 tamen.

448 4860 683 4942 Rectius
717 4861 777 4917 in
805 4861 1027 4933 aliquot
1052 4860 1194 4919 mss.
1246 4861 1481 4942 legitur,
1512 4878 1705 4942 uerum
1725 4879 1743 4917 :
1794 4861 1855 4942 in
1884 4860 2091 4942 pleris-

447 4949 562 5014 que
592 4935 809 5002 autem,
841 4932 1139 5006 utrumque
1153 4953 1190 5014 ί,
1209 4932 1335 5005 φιιὲ
1365 4938 1421 4988 et
1452 4932 1619 4990 nobis
1646 4932 2092 5014 reposita‘lectio

447 5003 572 5073 est;
634 5021 996 5077 quamquam
1042 5003 1277 5073 malim,
1340 5022 1512 5060 unum
1580 5003 1808 5077 restitui
1868 5005 2093 5076 absque

446 5075 852 5157 additamenta
873 5078 1078 5157 tamen,
1111 5093 1289 5157 quam
1319 5092 1514 5157 vocem
1548 5081 1607 5132 et
1652 5075 1922 5157 plerique.
1946 5075 2089 5131 mss.

445 5148 739 5222 ignorant.
772 5149 941 5205 Esset
984 5146 1291 5204 vero'tum
1341 5146 1675 5220 Hieronymi
1727 5146 1923 5203 sensui
1956 5163 2087 5202 con-

444 5220 689 5275 formior
742 5220 938 5275 lectio.
993 5236 1127 5275 cum
1187 5219 1549 5275 Origenianae
1605 5218 2087 5275 interpretationi.

446 5219 689 5277 formior
742 5220 938 5289 lectio,
993 5236 1127 5276 cum
1187 5219 1570 5301 Origenianae’
1605 5219 2089 5288 interpretationi,

446 5308 570 5373 quae
611 5292 827 5373 habet:
886 5315 907 5342 ι
956 5292 1169 5373 Moses,
1213 5308 1313 5373 qui
1363 5290 1456 5373 lea
1508 5293 1616 5373 est,
1668 5294 1738 5373 et_
1774 5289 1947 5373 Elias,
1981 5291 2091 5347 hoc

445 5361 532 5444 est
562 5364 1082 5444 prophetm,_pNUM
1121 5367 1179 5419 et
1224 5361 1379 5444 idem
1429 5362 1563 5443 facti
1610 5365 1747 5444 sunt
1794 5378 1860 5416 ac
1890 5361 2089 5444 Jesus,

442 5434 499 5489 id
526 5433 1070 5509 estvaangelium;
1138 5450 1241 5490 nec
1300 5437 1366 5488 ut
1421 5433 1585 5509 prius
1641 5437 1762 5509 tres
1790 5438 1975 5501 erant,
2007 5433 2091 5491 ita

444 5504 890 5578 permanserunt
921 5526 935 5575 ;
966 5508 1065 5564 sed
1097 5510 1217 5562 tres
1248 5520 1417 5560 UNUM
1449 5504 1579 5559 facti
1614 5507 1773 5559 sunt.

513 5576 535 5610 ³
562 5576 731 5632 Ratio
784 5577 903 5634 haec
958 5578 1184 5634 pridem
1241 5576 1507 5634 Origenis
1564 5575 1693 5630 fuit.
1741 5598 1760 5624 α
1797 5575 1964 5634 Nam.
1995 5574 2011 5629 i

513 5591 731 5658 {natio
784 5591 912 5659 neas.
958 5591 1184 5660 pridem
1241 5591 1507 5648 urlgems
1564 5591 1693 5658 ruit.
1741 5598 1760 5624 α
1797 5591 1964 5640 nam,
1995 5591 2084 5629 1n-

442 5650 754 5729 quit,qu1n
782 5649 1159 5729 audivissent,
1219 5665 1283 5704 ac
1340 5651 1664 5720 praesertim
1716 5648 1939 5729 turben,"
1960 5651 2087 5701 tum

445 5718 978 5802 maaime-fuissent
1005 5718 1446 5802 oil‘nnsaa,_cum
1490 5734 1639 5802 eum.
1657 5718 1814 5801 cruci
1846 5720 2089 5800 affixam

441 5789 750 5858 vidissent,
814 5806 989 5861 quem
1064 5791 1168 5848 tali
1238 5789 1510 5853 adiectum
1586 5789 1783 5862 gloriae
1842 5790 2092 5864 accepis-

2189 3438 2431 3502 Quando
2489 3443 2685 3492 autem
2762 3434 3083 3507 adjiciunt:
3162 3432 3371 3491 Scriba?
3446 3432 3640 3488 dicunt
3700 3433 3867 3505 quod

2188 3528 2369 3582 Etiam
2396 3533 2643 3595 oporteat
2685 3524 3209 3596 primum_venire:
3259 3521 3517 3595 primum
3569 3521 3838 3591 dicendo,

2190 3615 2508 3672 ostendunt
2564 3614 2715 3685 quod
2778 3611 2892 3668 nisi
2950 3607 3105 3667 Elius
3160 3610 3401 3681 venerit,
3462 3625 3580 3665 non
3638 3608 3716 3667 sit
3745 3624 3837 3666 se-

2191 3704 2452 3760 cundum
2483 3703 2813 3774 Scripturas
2845 3699 3163 3756 Salvatoris
3195 3699 3499 3755 adventus.

2265 3792 2453 3863 (Vers.
2520 3792 2604 3856 11,
2662 3790 2773 3861 12.)
2829 3792 2905 3844 At
2960 3787 3057 3844 ille
3115 3788 3497 3860 respondens,
3558 3785 3641 3843 sit
3683 3784 3841 3842 illis:

2195 3878 2349 3935 Elias
2407 3878 2645 3950 quidem
2700 3883 2984 3934 venturus
3041 3880 3149 3945 est,
3210 3881 3267 3932 et
3322 3874 3590 3931 restituet
3621 3873 3846 3930 omnia.

2196 3968 2333 4024 Dico
2366 3973 2559 4023 autem
2617 3967 2804 4035 vobis,
2866 3966 3009 4038 quia
3060 3964 3217 4021 Elias
3266 3964 3393 4037 jam
3446 3962 3624 4020 venit.
3661 3984 3682 4013 ι
3724 3964 3857 4035 Ipse

2198 4057 2301 4129 qui
2332 4062 2615 4112 venturus
2660 4061 2748 4111 est
2792 4056 2851 4110 in
2910 4055 3167 4111 secundo
3226 4051 3545 4110 Salvatoris
3578 4052 3858 4123 adventu,

2190 4146 2363 4218 juxta
2390 4144 2651 4217 corporis
2684 4144 2881 4215 fidem,
2929 4159 3085 4199 nunc
3134 4159 3237 4215 per
3282 4142 3571 4198 Joannem
3597 4140 3760 4197 venit
3790 4140 3853 4195 in

2198 4235 2413 4292 virtute
2442 4239 2500 4290 et
2550 4231 2758 4305 spiritu
2789 4234 2828 4288 ⁵.
2886 4256 2913 4283 ‹‹
2949 4234 3017 4288 Et
3074 4248 3190 4288 non
3247 4234 3646 4304 cognoverunt
3674 4245 3850 4297 eum;

2201 4325 2307 4381 sed
2355 4326 2618 4380 fecerunt
2662 4321 2721 4377 in
2775 4337 2841 4377 eo
2889 4338 3255 4395 quaecunque
3299 4319 3630 4378 voluerunt.
3666 4341 3694 4370 ››
3733 4318 3854 4377 Hoc

2202 4416 2311 4481 est,
2347 4415 2694 4483 spreverunt
2723 4415 2780 4466 et
2808 4411 3251 4467 decollaverunt
3279 4426 3436 4466 eum.

2275 4501 2461 4576 (Vers.
2496 4501 2583 4568 42,
2628 4502 2729 4569 l3.)
2766 4521 2793 4551 «
2824 4501 2917 4556 Sic
2948 4505 3005 4557 et
3043 4499 3225 4556 Filius
3264 4497 3524 4556 hominis
3572 4513 3881 4572 passurus.

2204 4596 2294 4648 est
2323 4591 2394 4647 ab
2443 4589 2546 4646 eis.
2599 4590 2763 4645 Tunc
2812 4589 3223 4646 intellexerunt
3270 4586 3565 4661 discipuli,
3618 4587 3759 4661 quia
3786 4587 3885 4645 de.

2124 4703 2173 4768 D
2204 4718 2351 4772 sent.
2387 4736 2435 4796 υ·
2466 4717 2570 4796 At”
2592 4714 2865 4796 persequi
2918 4713 3252 4796 adnotanda
3302 4711 3855 4796 studiosesingula,

2202 4804 2330 4860 quea
2387 4787 2460 4841 ab
2512 4783 2613 4841 illo
2667 4783 2947 4857 scriptore
3030 4786 3239 4843 Noster
3306 4783 3612 4857 expressit,
3672 4783 3856 4841 nimis

2223 4859 2237 4860 ί
2266 4876 2297 4914 n
2348 4874 2448 4913 um
2479 4861 2590 4912 est.

2202 4859 2625 5010 lo‘gOrigenes,
2683 4949 2733 5010 «_
2770 4925 3053 5010 Discipuli
3112 4926 3399 5010 recordati
3454 4929 3597 5010 sunt
3625 4941 3856 5010 eorum,

2203 5018 2331 5084 quae
2360 4997 2585 5084 de:Elia‘
2608 4997 2984 5084 traduntur'a
3013 4999 3253 5084 Scribis,
3286 5004 3421 5055 ante
3450 4997 3667 5084 Christi
3696 4998 3859 5054 vide-

2201 5071 2337 5128 licet
2383 5073 2722 5143 adventum,
2774 5071 2961 5127 Eliam
3007 5072 3332 5127 venientem
3384 5075 3853 5143 preparaturum

2201 5144 2341 5200 huic
2390 5142 2628 5200 illorum
2677 5143 2928 5210 animas,
2981 5144 3081 5214 qui
3135 5159 3271 5200 eum
3321 5140 3652 5214 suscepturi
3685 5146 3851 5198 sunt.

2200 5214 2606 5289 Etvisusille,
2640 5215 2742 5289 qui
2774 5215 2831 5269 in
2866 5218 3066 5289 monte
3111 5214 3377 5289 contigit,
3432 5231 3548 5287 quo
3578 5214 3865 5289 apparuit

2200 5286 2375 5356 Elias,
2411 5284 2777 5341 minime—his
2808 5286 3137 5343 consentire
3166 5284 3495 5355 videbatur,
3530 5284 3855 5357 quis—dicta

2200 5358 2905 5430 sunt:_rquandoquidem
2957 5374 3072 5413 non
3122 5358 3433 5430 ante,ised
3464 5363 3597 5430 post
3642 5358 3850 5430 Iesum

2198 5430 2292 5485 his
2338 5428 2494 5485 Elias
2556 5428 2859 5485 advenisse
2903 5430 3071 5486 visua
3136 5434 3243 5484 est.
3293 5428 3514 5486 Idcirco
3560 5429 3846 5485 mentitos

2197 5500 2428 5557 Scribas
2486 5502 2907 5568 existimantes,
2967 5501 3088 5556 haec
3147 5502 3331 5567 aiunt,
3378 5522 3406 5551 »
3467 5506 3577 5557 etc.
3638 5501 3853 5557 Confer

2196 5578 2254 5629 et
2283 5572 2678 5653 inlaudatum
2710 5572 3005 5629 Malachiae
3053 5571 3253 5629 locum
3297 5570 3632 5646 Hieronymi
3670 5572 3851 5629 Com-

2200 5649 2538 5700 mentarios.

2266 5714 2554 5789 1‘Agddunt
2608 5713 2854 5789 Palatini
2912 5731 3081 5782 mss.,
3128 5715 3295 5785 Elim;
3350 5715 3838 5789 sicque-textum

2198 5786 2566 5856 continuant,
2596 5786 2689 5843 sed
2710 5803 2820 5845 non
2848 5794 3234 5860 cognoverunt,
3266 5791 3377 5844 etc.
