4182 6598
317 479 444 536 -129
822 472 1341 534 COMMENTAR.
1389 475 1467 534 IN
1517 471 2026 533 EVANGELIUM
2077 474 2453 566 MAT'I‘H/EI
2501 477 2645 536 LIB.
2694 477 2798 537 III.
2847 477 3017 538 CAP.
3063 479 3254 543 XVII.
3609 485 3735 547 ’130

327 613 550 664 Joanne
606 605 865 678 Baptista
911 605 1156 660 dixisset
1221 606 1327 661 eis.
1365 629 1390 654 η
1450 605 1736 670 Quaeritur
1777 607 1968 658 autem
2003 607 2051 672 Α
2078 605 2344 674 jubente,
2379 611 2436 662 et
2465 611 2520 664 te
2546 608 2703 664 aliud
2739 611 3152 681 perpetrante?
3181 611 3244 666 In
3274 615 3501 672 tantum
3537 623 3730 674 autem

327 715 460 753 cum
498 697 745 752 Herodes
791 699 847 750 et
903 693 1183 749 Herodias
1254 694 1540 750 Joannem
1591 695 1746 749 133
1798 694 1975 748 inter-
2087 711 2201 750 non
2232 701 2320 751 est
2374 697 2559 753 iratus
2617 697 2861 764 homini,
2923 700 3024 754 sed
3082 699 3259 767 vitio;
3317 707 3376 758 et
3402 721 3507 776 per
3543 725 3726 764 unum

327 785 589 848 fecerint,
621 784 912 858 quomodo
945 785 1055 855 ipsi
1087 784 1292 839 Jesum
1326 801 1558 856 quoque
1616 783 1978 838 cruciﬁxisse
2087 783 2383 840 hominem
2433 787 2664 842 Iudaeos
2714 787 2908 859 arguit
2958 788 3344 860 infidelitatis,
3418 798 3483 849 ut
3532 797 3730 853 statim

327 877 597 932 dicantur
638 891 650 929 :
684 891 817 929 cum
845 873 1110 946 legamus
1143 889 1277 929 eum
1307 891 1340 929 a
1397 873 1615 930 Scribis
1665 878 1721 927 et
1782 872 1977 927 Phari-
2085 872 2382 928 intulerit:
2412 875 2616 946 Aﬂ‘erte
2645 891 2770 929 eum
2797 876 2904 928 huc
2921 875 2992 930 ad
3020 892 3123 930 me.

328 965 458 1022 sacis
516 965 886 1020 interfectum
928 964 955 1017 ‘I
1003 967 1068 1016 Et
1153 964 1404 1018 breviter
1479 963 1974 1034 respondendum,
2161 962 2338 1031 (Vers.
2375 963 2486 1034 17.)
2519 986 2544 1043 (ε
2580 965 2650 1018 Et
2678 964 2999 1035 increpavit
3046 964 3212 1020 illum
3261 967 3454 1039 JeSUS,
3507 974 3565 1025 et
3594 973 3732 1028 exiit

328 1057 481 1128 quod
514 1059 570 1110 et
600 1055 660 1109 in
691 1053 934 1109 Joannis
967 1069 1106 1108 nece
1137 1053 1560 1107 Pharisaaorum
1622 1051 1794 1106 factio
1849 1066 1980 1106 con-
2087 1050 2159 1104 ab
2177 1066 2242 1104 eo
2263 1051 2643 1116 dmmonium,
2670 1055 2722 1106 et
2745 1055 2982 1107 curatus
3004 1059 3093 1107 cst
3121 1069 3264 1123 puer
3283 1070 3350 1109 ex
3383 1055 3485 1111 illa
3507 1058 3668 1115 hora.
3703 1083 3732 1111 ››

327 1144 648 1211 senserit‘,
683 1147 740 1199 et
771 1143 826 1197 in
851 1142 1139 1213 occisione
1189 1141 1421 1197 Domini
1475 1141 1724 1196 Herodes
1766 1141 1976 1210 junxe-
2088 1139 2211 1194 Non
2245 1139 2342 1195 ille
2375 1141 2474 1211 qui
2507 1141 2859 1212 patiebatur,
2908 1143 3008 1196 sed
3060 1143 3286 1200 daemon
3338 1146 3728 1206 debueratin-

309 1234 402 1289 .rit
451 1231 813 1289 voluntatem
876 1248 1088 1288 suam:
1149 1232 1250 1302 qui
1314 1230 1555 1285 illusum
1612 1234 1787 1301 atque
1877 1231 1974 1284 de-
2089 1230 2332 1300 crepari.
2367 1230 2497 1284 Sive
2552 1230 2873 1301 increpavit
2929 1248 3197 1303 puerum,
3254 1238 3312 1288 et
3363 1235 3536 1290 exivit
3566 1238 3639 1293 ab
3669 1255 3735 1296 eo

327 1327 590 1396 spectum
643 1321 934 1378 remiserit
981 1321 1054 1376 ad
1117 1319 1388 1391 Pilatum,
1443 1324 1508 1374 ut
1565 1319 1982 1391 cruciﬁgerent
2088 1318 2357 1375 daemon:
2402 1318 2589 1390 quia‘
2644 1325 2879 1391 propter
2930 1326 3166 1392 peccata
3221 1339 3328 1378 sua
3381 1341 3417 1380 a
3471 1326 3734 1386 dwmbne

325 1430 481 1469 cum.
2089 1406 2277 1461 fuerat
2306 1424 2645 1479 oppressus.

397 1503 580 1574 (Vers.
618 1502 704 1568 14,
758 1501 870 1572 15.)
929 1523 957 1550 ‹‹
1015 1498 1274 1566 Domine,
1334 1492 1614 1554 miserere
1670 1496 1789 1552 ﬁlio
1848 1513 1976 1552 meo

2158 1496 2463 1566 (Vers.18,
2523 1497 2637 1564 19.)
2697 1499 2825 1552 «Et
2877 1497 3183 1555 dixerunt:
3243 1501 3431 1565 Quare
3488 1520 3594 1561 nos
3616 1523 3729 1562 non

323 1591 464 1663 quia
494 1589 787 1645 lunaticus
832 1593 938 1656 est,
1000 1593 1056 1643 et
1107 1588 1260 1643 male
1320 1587 1581 1660 patitur:
1639 1603 1777 1642 nam
1827 1602 1978 1658 szepe
2088 1585 2388 1656 potuimus
2419 1586 2629 1656 ejicere
2660 1585 2875 1640 illum?
2907 1587 3055 1641 Dicit
3089 1587 3205 1642 illis
3252 1591 3456 1646 Iesus:
3493 1596 3738 1666 Propter
3823 1593 3842 1608 ί

323 1679 559 1735 caditin
615 1679 830 1750 ignem,
887 1681 944 1732 et
1001 1678 1204 1732 crebro
1272 1677 1329 1731 in
1379 1693 1614 1748 aquam.
1670 1677 1738 1730 Et
1794 1675 1976 1731 obtuli
2085 1673 2556 1730 incredulitatem
2587 1680 2860 1730 vestram.
2897 1679 3075 1730 Amen
3103 1677 3464 1750 quippedico
3485 1683 3669 1739 vobis.
3707 1706 3734 1734 »

319 1786 458 1825 eum
491 1767 797 1840 discipulis
819 1767 958 1836 tuis,
982 1770 1038 1823 et
1071 1783 1184 1822 non
1210 1771 1743 1836 potueruntcurare
1765 1782 1920 1820 eum.
1951 1787 1971 1814 α
2086 1763 2204 1818 Hoc
2235 1770 2323 1818 est
2381 1765 2536 1835 quod
2595 1765 2652 1818 in
2713 1764 2826 1820 alio
2881 1765 3005 1820 loco
3055 1766 3230 1820 dicit:
3302 1769 3646 1842 Quacunque
3675 1775 3735 1828 in.

321 1861 508 1924 Quam
532 1859 604 1913 ob
636 1873 872 1912 causam
900 1857 1127 1911 daemon
1159 1855 1653 1910 observanslunze
1712 1871 1974 1922 cursum,
2086 1854 2308 1907 nomine
2353 1869 2470 1907 meo
2533 1855 2824 1924 petieritis,
2884 1854 3154 1910 credentes
3207 1859 3490 1928 accipietis
3521 1860 3730 1931 (Matth.

322 1949 602 2021 corripiat
631 1949 922 2016 homines,
955 1950 1011 2001 et
1041 1963 1140 2017 per
1171 1949 1468 2000 creaturas
1509 1945 1796 1999 infamare
1852 1949 1976 1998 stu-
2009 1990 2056 2054 Β
2085 1958 2204 2006 xx},
2235 1943 2346 2012 2’3).
2382 1943 2529 2013 Ergo
2578 1944 2804 2014 quoties
2864 1960 2980 1998 non
3031 1944 3375 2016 accipimus,
3437 1965 3552 2004 non
3590 1967 3731 2022 prae-

339 2038 354 2054 I
442 2043 452 2054 ι
513 2037 550 2054 η
602 2053 605 2054 ,
660 2041 670 2054 ι
762 2053 767 2054 ,
819 2053 829 2054 κ
937 2053 948 2054 κ
1010 2053 1030 2054 η
1049 2052 1097 2054 η-
1179 2033 1337 2054 12ης---
1355 2051 1419 2054 μμ-
1531 2034 1670 2054 ι,ηι.ε
1785 2038 1969 2054 ---ΔΑ-Α
2090 2032 2297 2054 ..ιη-.ιέ..
2327 2036 2406 2054 --Α
2436 2033 2877 2054 2_-_-_-:l_212L,__
2931 2034 3022 2054 A_j
3067 2034 3223 2054 A-s1__
3274 2036 3330 2054 Δ-
3422 2053 3435 2054 κ
3565 2041 3598 2054 ιι

322 2038 462 2093 deat
511 2037 862 2107 Creatorem,
931 2052 1110 2106 supra
1168 2033 1440 2090 diximus.
1531 2034 1672 2088 Mihi
1782 2038 1976 2088 autem
2009 2032 2056 2054 υ
2088 2032 2299 2086 stantis
2321 2036 2410 2086 est
2436 2033 2899 2103 impossibilitas,
2926 2034 3024 2089 sed
3062 2034 3234 2106 culpa
3267 2036 3730 2108 deprecantium.

318 2127 557 2182 videtur
597 2127 767 2198 juxta
824 2122 1210 2197 trapologiam
1270 2122 1563 2178 lunaticus
1621 2123 1807 2190 esse’,
1878 2122 1977 2193 qui
2162 2119 2346 2191 (Vers.
2383 2121 2491 2190 19.)
2525 2144 2551 2170 ‹‹
2583 2121 2641 2176 Si
2674 2121 2998 2176 habueritis
3048 2123 3225 2178 fidem
3284 2126 3437 2181 sicut
3482 2143 3734 2200 granum

317 2232 424 2288 per
484 2215 763 2271 horarum
822 2217 1120 2270 momenta
1176 2216 1442 2268 mutatur
1506 2213 1579 2267 ad
1635 2212 1797 2283 vitia,
1877 2228 1980 2267 nec
2089 2209 2334 2281 sinapis,
2367 2210 2573 2265 dicetis
2605 2210 2786 2266 monti
2819 2210 2995 2266 huic:
3029 2211 3237 2267 Transi
3266 2212 3423 2281 hinc,
3466 2222 3734 2275 ettrans-

316 2304 586 2379 persistit
614 2303 672 2358 in
725 2306 932 2375 coepto,
995 2302 1096 2357 sed
1156 2302 1368 2356 crescit
1422 2306 1598 2372 atque
1657 2301 1975 2356 decrescit:
2090 2297 2239 2353 ibit:
2299 2305 2354 2354 et
2410 2298 2555 2354 nihil
2616 2299 2979 2371 impossibile
3033 2301 3142 2356 erit
3195 2303 3380 2359 vobis.
3439 2327 3458 2354 υ
3523 2307 3738 2364 Putant

314 2398 374 2450 et
403 2409 568 2449 nunc
594 2393 653 2447 in
686 2392 883 2464 ignem
916 2390 1120 2458 fertur,
1154 2406 1270 2462 quo
1302 2389 1758 2445 adulterantium
1806 2390 1983 2444 corda
2092 2387 2272 2458 aliqui
2319 2389 2495 2445 fidem
2547 2406 2728 2461 grano
2779 2390 3001 2461 sinapis
3050 2397 3471 2465 comparatam,
3500 2411 3738 2466 parvam

316 2499 611 2540 succensa
631 2485 770 2537 sunt
799 2480 950 2552 (Osee
995 2497 1096 2545 vn,
1130 2479 1184 2550 4)
1220 2497 1232 2534 :
1268 2495 1423 2534 nunc
1473 2479 1529 2532 in
1591 2495 1794 2550 aquas,
1854 2495 1981 2549 qua:
2091 2477 2227 2544 dici,
2261 2479 2414 2550 quod
2449 2495 2694 2550 regnum
2729 2479 3006 2534 ccelorum
3038 2495 3252 2552 granos
3293 2482 3517 2555 sinapis
3549 2487 3741 2542 confe-

317 2591 436 2629 non
479 2570 670 2627 valent
724 2570 1100 2641 exstinguere
1148 2567 1516 2622 charitatem.
1576 2567 1736 2631 Quod
1787 2571 1982 2622 autem
2093 2573 2290 2634 ratur;
2324 2585 2456 2622 cum
2487 2569 2801 2639 Apostolus
2857 2569 3051 2625 dicat:
3113 2573 3178 2624 Et
3230 2574 3282 2626 si
3324 2576 3498 2629 totam
3527 2576 3739 2646 9ﬁdem

244 2690 246 2692 τ
315 2663 467 2718 dicit
501 2678 512 2715 :
541 2660 723 2716 Obtuli
783 2675 909 2714 eum
938 2658 1227 2728 discipulis
1258 2659 1388 2728 tuis,
1420 2664 1472 2712 et
1526 2672 1638 2712 non
1683 2663 1985 2726 potuerunt
2093 2656 2356 2724 habuero,
2391 2658 2466 2712 ita
2525 2665 2583 2712 ut
2636 2665 2848 2713 montes
2905 2661 3248 2730 transferam
3287 2664 3334 2728 (Ι
3383 2663 3503 2719 Cor.
3538 2682 3628 2731 xv,
3659 2668 3737 2735 2).

314 2767 524 2808 curare
551 2766 698 2821 eum,
729 2748 975 2804 latenter
1018 2751 1255 2802 accusat
1308 2747 1623 2818 apostolos,
1687 2763 1820 2802 cum
1867 2746 1982 2799 im-
2095 2746 2242 2817 Ergo
2278 2763 2491 2817 magna
2517 2751 2607 2801 est
2638 2748 2802 2816 ﬁdes,
2838 2765 2964 2820 quae
2995 2765 3178 2819 grano
3220 2750 3443 2823 sinapis
3473 2770 3739 2826 coaequa-
3979 2821 3986 2824 ί

315 2837 691 2914 possibilitas
722 2837 987 2902 curandi,
1023 2836 1316 2892 interdum
1349 2853 1464 2890 non
1517 2836 1587 2890 ad
1618 2834 1984 2890 imbecillita-
2093 2839 2208 2889 tur.
2245 2836 2457 2890 Montis
2489 2835 2795 2890 translatio
2822 2853 2934 2892 non
2970 2839 3097 2907 ejus
3147 2838 3529 2911 signiﬁcatur,
3563 2860 3738 2913 quem
3813 2829 3966 2872 κί’

310 2936 438 2986 tem
474 2929 833 2997 curantium,
869 2928 969 2982 sed
1002 2926 1073 2982 ad
1129 2943 1330 2981 eorum
1391 2924 1492 2996 qui
1544 2924 1788 2979 curandi
1847 2928 1988 2979 sunt
2096 2923 2278 2978 oculis
2309 2925 2501 2979 carnis
2542 2924 2881 2996 aspicimus,
2919 2927 3018 2980 sed
3073 2925 3231 2982 illius
3287 2929 3387 2999 qui
3435 2931 3739 2988 aDomino

313 3019 507 3076 ﬁdem
542 3019 824 3073 referatur
853 3015 1081 3071 dicente
1122 3014 1369 3070 Domino
1403 3031 1415 3068 :
1477 3015 1596 3069 Fiat
1647 3014 1750 3069 tibi
1803 3029 1987 3069 secun-
2093 3012 2417 3068 translatus
2450 3013 2635 3068 fuerat
2665 3030 2733 3068 ex
2761 3013 3036 3069 lunatico.
3089 3017 3253 3080 Quod
3313 3019 3466 3072 enim
3501 3019 3618 3076 ait:
3651 3022 3742 3077 Di-

317 3110 470 3164 dum
498 3107 666 3178 ﬁdem
694 3115 853 3161 tuam
883 3104 1082 3175 (Marc.
1115 3121 1169 3172 v,
1202 3104 1290 3174 34,
1323 3111 1376 3158 et
1405 3119 1460 3170 x,
1483 3104 1592 3174 42).
2095 3104 2225 3157 cetis
2254 3104 2434 3157 monti
2461 3102 2607 3167 huic,
2668 3105 2850 3158 transi
2897 3103 3043 3169 hinc,
3103 3108 3159 3159 et
3213 3108 3491 3178 transibit,
3526 3111 3596 3165 de
3625 3110 3740 3165 dm-

387 3200 590 3269 (Vers.
626 3196 735 3266 16.)
767 3216 796 3244 ‹‹
824 3195 1208 3266 Respondeas
1268 3197 1465 3248 autem
1540 3195 1711 3248 Jesus
1769 3192 1882 3248 ait:
1944 3192 1987 3248 Ο
2096 3191 2703 3263 ῐηοηρδὶηῐθηὶεἱῑυιι.
2764 3193 2846 3247 Ex
2899 3210 3014 3264 quo
3074 3193 3332 3249 stultitiae
3390 3199 3741 3271 coarguendi

312 3284 632 3360 generatio
672 3282 974 3338 incredula
1029 3287 1088 3339 et
1144 3298 1433 3354 perversa,
1496 3297 1803 3353 quousque
1888 3297 1986 3336 ero
2037 3359 2045 3360 ί
2098 3284 2257 3344 sunt,
2317 3282 2417 3352 qui
2476 3282 2838 3336 contendunt
2895 3282 3211 3353 apostolos,
3268 3301 3590 3358 omnesque
3629 3304 3745 3344 cre-

309 3359 634 3430 vobiscum
659 3371 686 3426 ?
715 3372 1024 3444 Usquequo
1056 3370 1246 3442 patiar
1273 3387 1374 3425 vos
1398 3370 1642 3426 ?ail‘erte
1672 3370 1788 3425 huc
1819 3369 1986 3425 illum
2019 3359 2062 3424 C
2099 3370 2323 3436 dentes,
2358 3387 2427 3424 ne
2459 3385 2698 3442 parvam
2740 3370 2978 3441 quidem
3030 3371 3309 3428 habuisse
3357 3374 3530 3430 ﬁdem
3557 3394 3570 3432 :
3607 3376 3744 3449 quia

320 3465 396 3520 ad
430 3477 558 3518 me.
596 3483 623 3511 «
651 3460 777 3515 Non
811 3460 968 3530 quod
1002 3459 1169 3514 taedio
1193 3463 1501 3531 superatus
1523 3459 1618 3529 sit,
1638 3471 1696 3514 ct
1726 3476 1994 3515 mansue-
2101 3457 2304 3513 nullus
2326 3475 2527 3516 eorum
2551 3463 2783 3514 montes
2801 3460 3187 3515 transtulerit.
3213 3462 3412 3534 Neque
3433 3465 3588 3519 enim
3611 3471 3741 3521 tan-

312 3559 417 3609 tus
453 3568 530 3606 ac
561 3548 745 3616 mitis,
779 3549 878 3621 qui
914 3565 1025 3603 non
1061 3548 1288 3619 aperuit
1342 3549 1496 3603 sicut
1551 3565 1737 3620 agnus
1796 3565 1990 3603 coram
2101 3553 2225 3602 tum
2250 3549 2486 3619 prodest
2518 3548 2733 3603 montis
2756 3549 2826 3603 de
2859 3548 2971 3603 alio
3014 3549 3073 3603 in
3115 3549 3296 3605 alium
3343 3551 3537 3607 locum
3557 3557 3750 3610 trans-

316 3642 616 3698 tendente
647 3655 713 3694 os
748 3653 926 3693 suum
957 3639 1083 3704 (Isa.
1122 3637 1259 3704 Lm),
1291 3654 1396 3692 nec
1422 3637 1444 3671 3
1475 3637 1533 3690 in
1566 3638 1740 3692 verba
1779 3637 1992 3693 furoris
2100 3636 2279 3691 latio:
2341 3642 2398 3692 et
2453 3654 2600 3691 vana
2655 3636 2955 3709 signorum
3027 3640 3339 3708 quaarenda
3394 3642 3745 3699 ostentatio:

318 3728 598 3803 eruperit
633 3753 646 3795 ;
678 3728 779 3783 sed
813 3727 963 3798 quod
1026 3727 1086 3781 in
1147 3726 1593 3782 similitudinem
1652 3727 1882 3796 medici,
1943 3727 1993 3782 si
2102 3731 2391 3797 quantum
2441 3726 2501 3782 in
2555 3725 2863 3781 utilitatem
2911 3727 3175 3782 omnium
3229 3728 3335 3785 iste
3392 3748 3562 3786 mons
3594 3733 3742 3790 185

321 3824 626 3893 mgrotum
657 3806 848 3872 videat
902 3820 1104 3870 contra
1161 3833 1268 3871 sua
1325 3821 1607 3888 praecepta
1663 3833 1724 3871 se
1771 3833 1990 3888 gerere,
2101 3816 2542 3871 transferendus
2573 3820 2683 3886 est,
2713 3815 2810 3886 qui
2853 3833 2957 3888 per
2993 3817 3338 3888 prophetam
3383 3821 3600 3876 dicitur
3628 3837 3748 3878 cor-

319 3911 494 3966 dicat
530 3923 544 3962 :
579 3910 895 3978 Usquequo
927 3906 1198 3961 accedam
1222 3906 1292 3960 ad
1334 3907 1574 3960 domum
1623 3911 1805 3976 tuam,
1855 3923 1994 3978 quo-
2104 3920 2374 3975 rumpere
2405 3920 2637 3959 omnem
2669 3909 2885 3960 terram
2926 3906 3138 3978 (Zacch.
3173 3925 3247 3973 Iv,
3280 3909 3352 3980 7).

317 4013 526 4070 usque
555 3995 697 4052 artis
740 3995 897 4050 134
954 3995 1194 4067 perdam
1254 3995 1625 4063 industriam,
1688 4012 1780 4051 me
1834 3995 2017 4054 aliud.
2174 3992 2358 4063 (Vers.
2397 3993 2510 4064 20.)
2545 4013 2572 4041 ‹‹
2607 3996 2725 4047 Hoc
2757 3997 2952 4048 autem
2979 4011 3166 4066 genus
3199 4013 3313 4053 non
3345 3998 3599 4070 ejicitur,
3633 4000 3746 4057 nisi

397 4108 417 4178 ιν
457 4104 584 4159 Hoc
633 4103 830 4178 ipsum
894 4101 1204 4178 propositae
1291 4102 1634 4178 quaestigni__
1682 4103 1994 4178 respondet
2104 4099 2296 4178 fuerit,
2329 4098 2439 4178 sub
2472 4098 2578 4178 tali
2609 4097 2761 4178 luna:
2784 4099 2972 4169 figura
2994 4102 3146 4178 affici
3170 4101 3460 4178 homines,
3486 4123 3598 4161 non
3624 4107 3748 4178 ipse

314 4177 626 4248 Origenes
709 4197 737 4223 ‹‹
774 4169 935 4238 Quod
954 4169 1208 4248 causam
1241 4169 1438 4248 etiipsi
1473 4174 1706 4244 (Scribae
1736 4169 1992 4248 etJPha-
2103 4171 2328 4248 dwmon
2361 4169 2507 4223 tanti
2569 4169 2706 4248 mali
2760 4186 3001 4248 causam
3056 4172 3268 4248 habere
3323 4169 3610 4248 videatur,
3644 4169 3742 4233 sed

311 4242 512 4317 risaii)
547 4245 923 4316 praebuerunt
953 4245 1045 4301 his
1087 4263 1214 4317 qua
1264 4242 1546 4300 adversus
1611 4263 1745 4300 eum
1796 4245 1990 4316 (Joan-
2103 4242 2262 4317 luna,
2296 4258 2423 4317 quae
2455 4242 2605 4296 nocti
2637 4247 2864 4317 praeest,
2917 4257 3105 4317 neque
3145 4243 3330 4317 ullum
3384 4247 3443 4300 in
3476 4247 3747 4304 homines

308 4312 502 4390 nem)
523 4312 863 4444 (perpetrare
901 4333 1082 4372 ausus
1104 4312 1200 4372 est
1234 4317 1506 4372 Herodes.
1544 4339 1572 4366 »
1630 4318 1699 4372 Et
1753 4312 1947 4372 statim
1976 4331 1989 4372 :
2102 4313 2549 4394 habethujusce
2582 4312 2720 4368 mali
2751 4313 3063 4395 imperium
3093 4330 3104 4369 :
3157 4316 3358 4387 sicque
3389 4333 3490 4388 per
3519 4323 3746 4375 creatu-

311 4416 341 4444 ‹‹
374 4394 515 4444 Ouo
583 4393 776 4444 autem
804 4388 1069 4444 sequitur
1108 4389 1198 4444 his
1244 4405 1583 4444 exnressum
1606 4389 1798 4444 verbis
1832 4405 1844 4442 :
1907 4390 1996 4444 Sic
2102 4391 2198 4441 ras
2231 4389 2452 4439 nitatur
2481 4388 2811 4440 Creatorem
2844 4385 3147 4441 Infamarc.

311 4416 341 4444 ‹‹
374 4385 560 4458 Ου’οἃ
583 4385 776 4461 autem
804 4388 1069 4461 sequitur
1108 4389 1198 4444 his
1244 4405 1583 4460 expressum
1606 4389 1798 4444 verbis
1832 4405 1844 4442 :
1873 4460 1879 4461 ί
1907 4390 1996 4444 Sic
2102 4391 2198 4461 ras
2227 4385 2452 4461 nitatur
2481 4388 2811 4461 Creatorem
2844 4385 3147 4461 infamare.

304 4469 364 4522 et
399 4456 593 4518 Filius
623 4460 863 4516 hominis
887 4456 1194 4533 'passurusu
1221 4456 1423 4515 est'ab
1473 4462 1572 4527 eis,
1634 4461 1711 4533 ab
1761 4460 1994 4516 Scribas
2172 4458 2194 4492 ³
2223 4456 2479 4512 Delenda
2526 4457 2771 4533 videtur
2816 4457 3083 4533 negandi
3122 4457 3429 4530 particula,
3486 4463 3752 4533 quamet

310 4534 539 4592 referri
576 4537 789 4604 potest,
822 4533 871 4587 si
904 4527 1001 4587 'ab
1058 4530 1289 4587 Scribas
1346 4547 1580 4602 quoque
1628 4531 1879 4587 refertur
1934 4533 1990 4586 id
2102 4545 2314 4604 sens‘us
2334 4528 2589 4604 respuit,
2622 4527 3026 4604 etRhabanus
3071 4527 3319 4604 ignorat.

319 4607 500 4680 quod
538 4599 1030 4680 pr_:ecedit,n__etc.
1366 4599 1381 4602 ”
1729 4673 1769 4680 _
1876 4673 1906 4680 __
2173 4599 3018 4680 ‘Scripserat“Adamantius,
3096 4599 3423 4680 llunaticum
3473 4604 3747 4680 ‘dmmqni

387 4680 412 4713 ²
445 4671 560 4734 Εί
591 4676 838 4748 Origene
886 4674 1094 4730 iisdem
1134 4689 1307 4748 pene
1351 4672 1545 4748 verbis
1581 4689 1592 4728 :
1650 4697 1677 4724 «
1716 4673 1992 4748 Forsitan
2028 4732 2067 4748 ἢ
2102 4671 2433 4727 vexandum
2468 4671 2640 4748 certis
2671 4672 2742 4748 d_e
2775 4673 2970 4748 causis
2998 4673 3301 4748 traditum,
3337 4675 3490 4748 quod
3524 4693 3628 4732 nec
3659 4677 3749 4731 di-

311 4732 472 4832 ει·εὸ
522 4732 774 4832 minime
817 4732 1210 4832 ‘a‘berraverijs‘,
1263 4745 1311 4828 si
1367 4744 1638 4832 homines
1678 4745 1990 4832 ejpsmodi,
2027 4732 2072 4796 Ι)
2103 4759 2285 4832 gnum
2318 4743 2763 4814 sefpraastiterit,
2794 4744 2893 4815 qui
2936 4744 3128 4816 angeli
3172 4732 3448 4802 custodia:
3480 4749 3750 4804 commit-

313 4816 472 4895 quia
494 4837 534 4876 a
563 4818 971 4895 spiritualibus
987 4818 1264 4895 nequitiae
1282 4818 1340 4872 in
1360 4816 1694 4895 caelestibus
1715 4817 1998 4895 dejiciunf
2108 4819 2346 4895 teretur.

312 4883 444 4961 thr,
484 4883 830 4963 spirituput
858 4892 941 4945 ita
963 4883 1184 4963 dicam,
1217 4889 1508 4963 lunaticos
1536 4904 1668 4963 esse
1698 4883 1881 4955 dicas,
1941 4893 2000 4944 et
2117 4962 2120 4963 ν
2179 4887 2199 4919 ⁵
2235 4887 2293 4940 In
2327 4902 2442 4963 uno
2498 4883 2678 4963 altero
2738 4902 2872 4940 ms..
2906 4887 2958 4963 si
3004 4891 3209 4943 tantam
3229 4904 3249 4949 ,·
3299 4888 3359 4943 in
3404 4889 3601 4946 Grzeco
3648 4907 3751 4946 au-

315 4957 804 5038 perszebe__male
858 4978 920 5018 se
963 4961 1209 5038 habere,
1257 4961 1413 5032 quod
1465 4960 1696 5038 scilicet
1737 4964 1999 5038 tempore
2109 4957 2434 5038 tem,-quod
2468 4961 2524 5038 et
2554 4973 2733 5038 supra
2769 4961 3395 5038 notatum,est__1t6iaav.

313 5029 578 5094 animos
610 5033 846 5089 illorum
891 5029 1378 5104 perturbationes,
1440 5036 1496 5086 et
1538 5032 1778 5104 affectus
1837 5029 1995 5087 inva-
2141 5029 2355 5104 _5_H$c
2387 5030 2582 5104 verba,
2627 5029 2692 5104 de
2746 5029 2991 5104 ίίᾱειῃοηε
3036 5032 3394 5100 intelligitur,
3449 5037 3567 5104 tres
3598 5030 3755 5088 Pala-

313 5111 501 5177 dunt,
540 5106 822 5162 cadentes
854 5099 1277 5175 nonnunquam
1323 5103 1381 5158 in
1415 5103 1610 5177 ignem
1667 5103 1998 5177 inflamma-
2110 5100 2219 5177 tini
2251 5117 2392 5177 mss.
2429 5117 2542 5155 non
2572 5099 2806 5177 habent.
2843 5101 2940 5177 Est
2970 5119 3102 5158 vero
3146 5099 3267 5160 haec
3299 5103 3563 5177 omnium
3595 5118 3751 5177 rece-

312 5172 596 5247 tionum,
631 5177 862 5249 quando
886 5177 1036 5230 ﬁunt
1064 5172 1248 5249 (juxta
1280 5172 1519 5249 eaquae
1577 5173 1637 5229 in
1692 5173 1835 5230 Osee
1891 5175 1997 5230 ha-
2110 5173 2384 5244 ptissima
2426 5173 2764 5249 Asententi‘a,
2793 5173 3168 5249 _daamonem
3227 5172 3750 5249 debergjntelligi,

309 5243 606 5309 bentur:
650 5243 1038 5303 Άιιηιιενίιηίεδ
1073 5243 1250 5318 quasi
1297 5243 1548 5301 clibanus
1604 5262 1887 5318 succensus
1967 5262 2001 5300 a
2110 5243 2286 5318 quam
2320 5243 2665 5318 CXUOrigene
2697 5243 2756 5318 S.
2793 5247 2960 5299 Pater
2999 5245 3309 5301 delibavit:
3343 5268 3372 5295 ί(
3404 5244 3650 5318 Montes,
3657 5245 3750 5318 ait

313 5327 572 5396 ﬂamma
605 5321 683 5375 ad
707 5322 1009 5396 coctionem
1031 5314 1269 5396 ambusti
1300 5335 1312 5372 :
1350 5316 1753 5396 aliquandqin
1786 5334 2024 5392 aquam_
2109 5314 2216 5396 hic
2234 5314 2513 5396 appellari
2533 5314 2813 5396 existimo
2834 5318 3174 5396 contrarias
3225 5322 3281 5370 et
3325 5314 3754 5396 oppositasch»

313 5385 586 5470 quando
614 5409 710 5470 rex
741 5393 1009 5470 omnium
1038 5391 1136 5470 qui
1172 5391 1230 5444 in
1263 5385 1606 5470 aquis—sunt
1656 5385 2024 5470 draconum,
2111 5385 2520 5470 testatas-,‘late
2543 5387 2765 5467 “diffusa
2795 5388 3134 5470 etningenti.
3169 5385 3428 5468 nequitia
3457 5385 3752 5468 praeditas,

312 5457 350 5525 ἑ
383 5462 816 5537 respirationis
849 5457 1134 5529 libertate,
1160 5478 1291 5537 qua
1307 5457 1416 5515 frui
1447 5459 2000 5537 videbantureosin
2113 5475 2252 5537 qua:_
2271 5458 2506 5537 quidem
2540 5459 2598 5511 in
2631 5458 2928 5537 nonnullis
2968 5457 3281 5537 hominum
3314 5457 3552 5537 animis,
3586 5460 3754 5537 quasi

313 5528 712 5616 profundum
746 5535 1031 5616 fluctuum
1067 5528 1246 5616 maris
1280 5532 1550 5616 humanae
1583 5533 1710 5616 vita:
1733 5532 2000 5616 dejicith
2113 5528 2386 5616 fundatae,
2421 5529 3025 5616 et'colnstitu‘taa‘sunt.
3050 5553 3090 5616 Ι»
3113 5528 3372 5616 Etpaulo
3396 5534 3564 5616 post:
3602 5528 3753 5616 iQui

311 5600 431 5669 Sed
461 5615 529 5666 et
563 5605 716 5661 illud
751 5607 956 5661 Noster
987 5623 1054 5660 ex
1083 5606 1284 5664 eodem
1339 5604 1689 5658 Adamantio
1746 5603 2004 5674 sumpsit
2113 5601 2247 5674 talis
2279 5601 2407 5674 crit,
2441 5601 2592 5656 dicet
2623 5601 2804 5674 monti
2853 5600 2988 5674 huic
3046 5600 3342 5674 (spiritum
3395 5607 3755 5674 mutumiet

314 5691 457 5740 tum
495 5677 630 5742 hic,
664 5693 797 5732 cum
832 5694 1011 5748 supra
1037 5677 1093 5730 in
1126 5675 1425 5745 Matth.1v,
1457 5677 1549 5743 2.4,
1608 5675 1761 5748 quod
1798 5671 2003 5748 Spiri-
2115 5673 2361 5748 surdum
2395 5672 2453 5748 in
2483 5689 2548 5748 e_o
2579 5671 3002 5748 quilunaticus
3043 5686 3172 5748 esse
3220 5671 3455 5748 dicitur,
3491 5673 3752 5733 intellec-

317 5762 424 5814 tus
459 5753 753 5823 impurus
784 5743 934 5823 luna:
968 5766 1226 5818 cursum,
1261 5748 1379 5823 sive
1401 5743 1587 5802 eertas
1616 5743 1764 5823 lunae
1787 5743 2005 5823 ﬁguras
2115 5750 2242 5802 tum
2271 5743 2420 5822 volo)
2447 5760 2460 5803 :
2493 5743 2698 5802 Transi
2729 5743 2907 5816 illinc,
2943 5764 2971 5792 »
3003 5746 3113 5801 etc.

320 5819 648 5889 observet,
680 5826 853 5898 atque
881 5819 964 5876 ita
992 5823 1278 5893 operetur,
1321 5822 1384 5875 ut
1441 5835 1576 5876 cum
1632 5819 2005 5878 observatum
