4182 6566
491 437 596 497 131

490 654 900 725 nequissimus
925 653 1151 709 daemon
1184 652 1369 726 possit
1399 650 1627 724 expelli,
1660 667 1864 706 omnes
1887 647 2142 705 instituit

487 744 556 798 ad
589 743 767 797 vitam
783 784 795 798 .

557 831 748 900 (Vers.
805 829 896 896 2t,
948 831 1064 901 22.)
1116 851 1144 882 α
1174 828 1665 887 Cunversantibus
1708 831 1902 882 autem
1952 827 2036 882 eis
2075 825 2136 881 in

480 919 736 988 Galilaea,
763 919 909 974 dixit
931 918 1046 975 illis
1066 919 1242 975 Jesus
1265 936 1278 974 :
1305 919 1484 974 Filius
1529 916 1795 973 hominis
1818 915 2137 971 tradendus

475 1013 564 1067 est
594 1009 652 1064 in
686 1025 898 1065 manus
926 1008 1256 1073 hominum,
1279 1012 1336 1064 et
1357 1007 1624 1064 occident
1663 1022 1799 1061 eum
1826 1023 1840 1072 ;
1880 1010 1936 1061 et
1967 1004 2137 1060 tertia

475 1099 569 1154 die
630 1101 918 1170 resurget.
979 1098 1048 1152 Et
1099 1096 1423 1153 contristati
1481 1099 1621 1151 sunt
1677 1093 2133 1151 vehementer.»

474 1189 718 1260 Semper
756 1185 1054 1259 prosperis
1103 1186 1308 1242 miscet
1353 1184 1568 1252 tristia,
1621 1188 1684 1238 ut
1733 1199 1866 1238 cum
1898 1186 2133 1255 repente

477 1275 763 1346 venerint,
797 1291 910 1330 non
941 1279 1198 1330 terreant
1227 1272 1526 1346 apostolos
1554 1291 1567 1340 ;
1621 1272 1719 1328 sed
1771 1287 1804 1326 a
1833 1269 2134 1342 praemedi-

480 1365 618 1420 tatis
651 1365 910 1420 ferantur
940 1363 1175 1419 animis.
1209 1362 1266 1417 Si
1298 1362 1456 1418 enim
1508 1361 1816 1417 contristat
1845 1376 1944 1414 eos
1974 1359 2130 1430 quod

481 1453 833 1510 occidendus
875 1455 984 1522 est,
1044 1452 1215 1507 debet
1272 1450 1567 1506 laetificare
1627 1449 1781 1521 quod
1835 1448 1929 1504 die
1961 1447 2131 1502 tertio

477 1541 692 1597 dicitur
736 1550 1196 1597 resurrecturus.
1257 1543 1433 1594 Porro
1482 1538 1638 1610 quod
1687 1535 2130 1600 contristantur,

477 1635 534 1686 et
577 1629 1005 1686 contristantur
1054 1627 1451 1692 vehementer,
1501 1643 1614 1682 non
1669 1627 1740 1681 de
1787 1623 2132 1680 infidelitate

475 1718 633 1775 venit
683 1717 970 1790 (alioquin
1029 1717 1284 1772 scierant
1342 1717 1450 1787 [Αι.
1507 1715 1744 1783 scirent]
1794 1718 1851 1768 et
1899 1714 2129 1770 Petrum

479 1823 610 1863 esse
659 1811 1020 1879 correptum,
1078 1821 1258 1876 quare
1315 1821 1430 1860 non
1487 1808 1717 1876 saperet
1773 1820 1841 1859 ea
1870 1819 1996 1875 quae
2027 1801 2127 1857 Dei

478 1899 637 1966 sunt,
672 1895 773 1950 sed
819 1911 945 1966 quis
1004 1893 1337 1964 hominum)
1395 1910 1598 1948 verum
1654 1891 1792 1964 quia
1850 1908 1953 1963 pro
1979 1890 2127 1946 dile-

477 1985 667 2040 ctione
699 1983 967 2056 magistri
997 1982 1145 2038 nihil
1176 1983 1247 2038 de
1284 1999 1352 2038 eo
1377 1982 1684 2038 sinistrum
1707 1987 1763 2037 et
1785 1980 2006 2036 humile
2034 1997 2128 2051 pa-

478 2074 708 2129 tiuntur
736 2071 958 2128 audire.

547 2162 732 2231 (Vers.
765 2162 854 2229 23,
885 2162 1000 2232 2/1.)
1037 2183 1058 2210 ι
1097 2161 1161 2216 Et
1191 2177 1325 2216 cum
1358 2159 1658 2216 venissent
1687 2159 2124 2231 Capharnaum,

472 2255 845 2308 accesserunt
901 2249 1001 2322 qui
1053 2249 1400 2306 didrachma
1455 2248 1840 2321 accipiebant,
1901 2249 1972 2303 ad
2024 2249 2120 2304 Pe-

470 2346 652 2409 trum,
692 2345 749 2396 et
777 2340 1087 2395 dixerunt:
1123 2338 1398 2410 Magister
1443 2342 1634 2392 vester
1687 2354 1801 2392 non
1834 2335 2004 2392 solvit
2033 2336 2120 2390 di-

471 2429 795 2484 drachma?
823 2428 959 2483 Ait:
1007 2427 1213 2482 Etiam.
1243 2448 1270 2475 »
1323 2427 1459 2482 Post
1494 2428 1508 2460 ¹
1562 2431 1893 2497 Augustum
1927 2426 2122 2480 Cassa-

470 2533 592 2573 rem
619 2517 815 2573 Iudaea
875 2517 1025 2572 facta
1080 2521 1170 2572 est
1225 2516 1555 2588 tributaria,
1613 2520 1670 2570 et
1725 2530 1930 2570 omnes
1960 2514 2119 2570 censi

469 2606 660 2679 capite
690 2607 1047 2662 ferebantur.
1082 2605 1244 2660 Unde
1277 2609 1335 2660 et
1363 2603 1578 2676 Joseph
1626 2620 1761 2660 cum
1810 2603 1991 2658 Maria
2021 2620 2118 2659 co-

467 2701 644 2768 gnata
673 2712 781 2750 sua
838 2696 1136 2766 professus
1194 2695 1302 2762 [Αἰ.
1365 2694 1682 2765 profectus]
1741 2693 1918 2748 estin
1951 2692 2120 2747 Beth-

466 2785 636 2840 leem.
665 2784 920 2840 Rursum
961 2782 1241 2855 quoniam
1282 2783 1540 2838 nutritus
1584 2787 1707 2838 erat
1746 2781 1803 2836 in
1832 2781 2116 2836 Nazareth

467 2875 643 2945 (quod
667 2879 756 2929 est
777 2873 1058 2946 oppidum
1079 2870 1326 2927 Galilazaa
1366 2870 1778 2942 Capharnaum
1820 2871 1949 2925 urbi
1972 2871 2117 2925 sub-

458 2961 692 3031 jacens)
721 2977 789 3016 ex
821 2976 980 3015 more
1012 2963 1261 3031 poscunt
1291 2958 1546 3013 tributa:
1590 2962 1647 3012 et
1676 2974 1779 3029 pro
1809 2957 2115 3028 signorum

472 3047 878 3120 magnitudine
908 3047 969 3102 hi
1000 3047 1100 3119 qui
1131 3047 1459 3118 exigebant,
1513 3062 1628 3101 non
1678 3046 1896 3100 audent
1920 3045 2116 3116 ipsum

385 3183 389 3192 .
473 3141 753 3208 repetere,
795 3137 895 3192 sed
954 3135 1309 3208 discipulum
1368 3135 1740 3205 conveniunt,
1799 3135 1917 3190 sive
1949 3133 2118 3189 mali-

467 3225 616 3281 tiose
649 3226 1012 3297 interrogant
1041 3241 1053 3280 :
1083 3229 1280 3279 utrum
1331 3224 1533 3279 reddat
1582 3222 1821 3288 tributa,
1873 3239 1945 3278 an
1977 3239 2114 3278 con-

1732 428 1796 488 S.
1844 425 2153 489 EUSEBII
2199 425 2643 489 HIERONYMI

489 581 591 637 per
620 562 943 622 orationem
975 565 1034 620 et
1053 561 1372 634 jejunium.
1404 583 1432 613 »
1467 561 1617 618 Dum
1651 561 1816 616 docet
1847 558 2138 633 quomodo
2168 566 2220 633 Α

3777 428 3899 490 132

2321 559 2506 628 (Vers.
2541 562 2656 628 26).
2700 560 2767 616 Ut
2821 564 3018 618 autem
3057 576 3172 616 non
3226 561 3691 617 scandalizemus
3747 577 3846 617 eos
3882 579 3896 618 :

2247 650 2388 704 vade
2417 650 2488 705 ad
2522 666 2703 717 mare,
2735 654 2792 705 et
2823 650 2986 704 mitte
3043 649 3308 716 hamum,
3369 654 3427 705 et
3473 667 3606 706 eum
3666 651 3893 722 piscem

2247 737 2345 810 qui
2377 737 2603 810 primus
2633 739 2982 803 ascenderit,
3032 737 3193 793 tolle.
3230 739 3295 793 Et
3346 743 3548 811 aperto
3599 755 3697 793 ore
3740 741 3895 809 ejus,

2245 827 2507 883 invenies
2568 832 2884 883 staterem:
2954 826 3121 882 illum
3151 843 3418 896 sumens,
3450 828 3525 882 da
3553 827 3638 884 eis
3670 844 3772 899 pro
3801 845 3898 884 me

2245 921 2301 971 et
2329 920 2404 972 te.
2441 938 2468 966 »
2499 917 2646 980 Quid
2675 917 2929 988 primum
2967 917 3145 972 mirer
3193 917 3251 970 in
3297 916 3406 971 hoc
3463 915 3608 983 loco,
3670 917 3892 985 nescio,

2244 1009 2441 1060 utrum
2471 1006 2913 1078 praescicntiam,
2939 1023 3010 1061 au
3045 1005 3509 1077 magnitudinem
3551 1005 3892 1077 Salvatoris,

2244 1093 2671 1152 Praescientiam
2705 1095 2858 1167 quod
2892 1099 3127 1150 noverat
3157 1094 3374 1166 piscem
3425 1094 3638 1150 habere
3683 1095 3741 1150 in
3793 1112 3894 1152 ore

2244 1188 2540 1252 staterem,
2565 1189 2621 1240 et
2666 1183 2820 1256 quod
2881 1185 3109 1256 primus
3160 1183 3284 1255 ipse
3337 1183 3657 1255 capiendus
3713 1190 3892 1242 esset.

2243 1272 2699 1343 Magnitudinem
2733 1278 2908 1344 atque
2937 1272 3232 1337 virtutem,
3265 1271 3312 1327 si
3342 1272 3426 1326 ‘ad
3471 1273 3709 1328 verbum
3760 1274 3892 1343 ejus

2244 1362 2441 1417 statim
2466 1365 2648 1416 stater
2677 1361 2735 1416 in
2769 1377 2867 1416 ore
2892 1361 3066 1432 piscis
3098 1366 3328 1416 creatus
3353 1365 3462 1426 est,
3516 1368 3569 1416 et
3609 1362 3762 1432 quod
3804 1364 3895 1418 fu-

2241 1456 2445 1508 turum
2475 1455 2620 1519 erat,
2656 1451 2780 1522 ipse
2809 1449 3100 1521 loquendo
3133 1449 3347 1505 fecerit.
3396 1449 3640 1505 Videtur
3691 1455 3891 1507 autem

2244 1538 2387 1594 mihi
2446 1540 2769 1595 secundum
2830 1539 3103 1610 mysticos
3179 1537 3530 1608 intellectus,
3582 1539 3691 1594 iste
3759 1555 3891 1594 esse

2241 1627 2420 1700 piscis
2450 1628 2549 1699 qui
2580 1628 2808 1700 primus
2829 1632 3035 1700 captus
3063 1626 3280 1698 est,qui
3307 1627 3364 1680 in
3388 1627 3676 1698 profundo
3700 1627 3885 1684 maris

2241 1721 2384 1784 erat,
2417 1723 2472 1771 ct
2504 1717 2561 1770 in
2594 1715 2770 1772 salsis
2788 1715 3123 1788 amarisque
3153 1716 3486 1788 gurgitibus
3518 1717 3884 1787 morabatur,

2239 1809 2304 1860 ut
2334 1821 2435 1877 per
2469 1805 2796 1860 secundum
2830 1805 3015 1859 Adam
3050 1803 3394 1860 liberaretur
3419 1806 3646 1877 primus
3674 1805 3884 1861 Adam:

2239 1899 2296 1949 et
2325 1894 2381 1949 id
2414 1895 2566 1966 quod
2592 1894 2649 1948 in
2681 1909 2778 1949 ore
2799 1894 2947 1964 ejus,
2975 1894 3080 1948 hoc
3112 1898 3200 1948 est
3232 1893 3289 1948 in
3343 1892 3705 1950 confessione
3760 1894 3888 1950 fue-

2235 1987 2325 2039 rat
2352 1983 2679 2053 inventum,
2728 1999 2832 2055 pro
2888 1987 3054 2038 Petro
3113 1988 3170 2037 et
3218 1982 3468 2039 Domino
3522 1983 3883 2040 redderetur.

2234 2075 2298 2127 Et
2328 2071 2567 2144 pulchre
2627 2071 2884 2142 idipsum
2928 2070 3161 2141 quidem
3214 2071 3388 2125 datur
3451 2072 3734 2144 pretium,
3779 2073 3884 2128 sed

2233 2159 2484 2217 divisum
2517 2164 2625 2227 est,
2659 2159 2800 2231 quia
2830 2176 2932 2232 pro
2984 2159 3146 2214 Petro
3204 2159 3372 2232 quasi
3423 2177 3526 2232 pro
3582 2166 3892 2232 peccatore

2234 2249 2486 2321 pretium
2519 2249 2895 2304 reddebatur:
2930 2247 3214 2304 Dominus
3236 2253 3431 2304 autem
3454 2253 3652 2304 noster
3681 2265 3885 2322 pecca-

2235 2344 2356 2393 tum
2386 2355 2499 2392 non
2533 2339 2758 2404 fecerat,
2794 2353 2896 2392 nec
2928 2336 3097 2392 dolus
3131 2337 3399 2393 inventus
3420 2343 3508 2393 est
3535 2337 3592 2394 in
3626 2354 3723 2394 ore
3754 2339 3884 2410 ejus

2232 2429 2362 2497 (lsa.
2391 2443 2508 2495 LIII,
2539 2427 2574 2478 9
2608 2443 2620 2492 ;
2654 2426 2677 2480 1
2708 2431 2860 2481 Petr.
2898 2443 2933 2491 I,
2968 2427 3079 2496 2'2).
3115 2426 3306 2480 Stater
3335 2425 3570 2493 dicitur,
3603 2428 3704 2498 qui
3762 2427 3883 2483 duo

2231 2516 2407 2571 habet
2472 2514 2897 2580 didrachmata,
2949 2519 3015 2569 ut
3073 2514 3478 2570 ostenderetur
3549 2515 3882 2583 similitudo

2229 2605 2444 2669 carnis,
2477 2605 2616 2659 dum
2643 2605 2846 2660 eodem
2879 2608 2935 2658 et
2965 2619 3167 2659 servus
3197 2609 3253 2658 et
3284 2604 3568 2660 Dominus
3599 2606 3784 2678 pretio
3814 2605 3884 2660 li-

2229 2693 2525 2749 berantur.
2551 2693 2659 2748 Sed
2692 2697 2748 2747 et
2798 2691 3147 2764 simpliciter
3205 2693 3566 2749 intellectum
3628 2694 3880 2750 aediﬁcat

2227 2782 2593 2838 auditorem:
2644 2782 2785 2836 dum
2843 2786 3014 2836 tanta:
3066 2781 3349 2837 Dominus
3399 2781 3574 2837 fuerit
3625 2799 3878 2856 pauper-

2226 2870 2420 2938 tatis’,
2456 2874 2518 2924 ut
2549 2869 2704 2924 unde
2743 2869 2960 2924 tributa
3009 2886 3111 2942 pro
3155 2887 3217 2925 se
3261 2875 3317 2924 et
3359 2869 3622 2942 apostolo
3667 2872 3874 2928 redde-

2227 2963 2334 3025 ret,
2368 2975 2483 3014 non
2508 2958 2800 3014 habuerit.
2831 2958 2992 3022 Quod
3027 2959 3074 3012 si
3097 2958 3243 3029 :quis
3285 2959 3539 3029 objicere
3584 2959 3873 3018 voluerit:

2224 3052 2281 3102 et
2306 3048 2594 3117 quomodo
2623 3047 2806 3102 Judas
2830 3048 2887 3102 in
2920 3046 3124 3102 loculis
3181 3047 3450 3119 portabat
3506 3049 3811 3120 pecuniam
3846 3050 3877 3105 ?

2226 3136 2751 3208 Respondebimus,
2798 3153 2918 3190 rem
2944 3152 3267 3208 pauperum
3299 3135 3357 3190 in
3390 3153 3535 3193 usus
3563 3153 3703 3194 suos
3733 3154 3872 3194 con-

2221 3231 2444 3282 vertere
2471 3225 2634 3282 nefas
2665 3225 2910 3297 putavit,
2944 3226 3230 3297 nobisque
3253 3225 3405 3281 idem
3426 3227 3649 3298 putavit
3677 3243 3872 3283 exem-

470 3315 722 3370 tradicat
741 3313 985 3382 Caesaris
1007 3311 1287 3369 voluntati
1317 3330 1330 3378 ;
1347 3313 1518 3384 juxta
1560 3313 1714 3384 quod
1756 3312 1814 3366 in
1849 3311 1961 3368 alio
1989 3310 2114 3367 loco
2145 3305 2187 3370 C
2228 3314 2410 3388 plum.

463 3403 757 3476 legimus:
819 3404 962 3459 Licet
1017 3402 1250 3457 Caesaris
1307 3401 1518 3456 tributa
1580 3400 1814 3470 solvere,
1875 3418 1947 3455 an
2003 3418 2114 3457 non

462 3492 649 3563 (Marc.
682 3509 808 3559 xm,
846 3492 983 3562 Ili)?
1020 3513 1040 3540 ι
1076 3492 1145 3546 Et
1201 3508 1334 3546 cum
1390 3491 1667 3545 intrasset
1725 3488 1783 3544 in
1843 3491 2107 3557 domum,

462 3581 738 3654 praevenit
793 3597 928 3636 eum
983 3581 1178 3649 Jesus,
1241 3581 1462 3635 dicens.
1517 3602 1543 3627 ››
1603 3579 1708 3642 Qui
1767 3579 2111 3635 didrachma

461 3671 790 3741 exigebant,
823 3685 1090 3724 seorsum
1122 3674 1511 3724 convenerant
1558 3669 1812 3723 Petrum.
1846 3670 2110 3739 Cumque

462 3757 743 3812 intrasset
814 3757 1080 3824 domum,
1156 3761 1466 3828 antequam
1554 3760 1759 3811 Petrus
1837 3760 2110 3827 suggeret

459 3846 784 3917 interrogat
812 3845 1118 3911 Dominus,
1182 3861 1254 3900 ne
1311 3843 1781 3900 scandalizentur
1835 3843 2106 3915 discipuli

456 3935 528 3990 ad
561 3933 1016 4007 postulationem
1044 3934 1248 3990 tributi
1284 3952 1296 3990 :
1333 3951 1467 3990 cum
1503 3932 1738 3988 videant
1765 3937 1900 3988 e‘um
1935 3947 2107 3988 nosse

454 4039 588 4094 qum
621 4023 860 4078 absente
890 4040 951 4077 se
981 4029 1145 4095 gesta
1175 4029 1336 4078 sunt.

525 4111 712 4184 (Vers.
769 4113 860 4183 24,
919 4113 1034 4184 25.)
1092 4136 1119 4162 «
1178 4112 1326 4176 Quid
1394 4112 1496 4167 tibi
1556 4112 1805 4178 videtur,
1865 4111 2102 4166 Simon:

458 4201 644 4275 Reges
674 4206 836 4258 terris
867 4219 900 4257 a
931 4202 1148 4273 quibus
1179 4201 1477 4274 accipiunt
1524 4201 1814 4256 tributum
1843 4199 1934 4254 vel
1966 4216 2103 4254 cen-

456 4308 615 4362 sum,
649 4308 684 4346 a
712 4290 848 4347 filiis
879 4291 1026 4359 suis,
1061 4308 1135 4347 an
1170 4291 1243 4347 ab
1276 4289 1482 4346 alienis
1504 4288 1532 4342 ‘?
1563 4290 1631 4343 Et
1677 4287 1772 4342 ille
1804 4287 1982 4343 dixit:
2017 4289 2102 4343 Ab

456 4379 683 4434 alienis.
717 4379 872 4434 Dixit
900 4379 983 4434 illi
1012 4379 1186 4436 Jesus
1210 4396 1223 4433 :
1260 4383 1404 4450 Ergo
1435 4377 1601 4433 liberi
1629 4377 1908 4433 suntﬁlii.
1936 4400 1963 4426 »
1992 4379 2102 4432 Do-

453 4467 652 4522 minus
683 4467 838 4521 136
887 4473 1108 4534 noster,
1139 4471 1195 4522 et
1243 4467 1568 4523 secundum
1618 4482 1877 4532 carnem,
1927 4471 1986 4521 et
2015 4482 2103 4522 se-

451 4555 712 4610 cundum
746 4554 1021 4626 spiritum
1072 4554 1228 4612 filius
1285 4555 1440 4627 regis
1495 4558 1640 4621 erat,
1698 4553 1787 4610 vel
1819 4571 1884 4610 ex
1917 4554 2096 4610 David

447 4644 629 4715 stirpe
660 4647 990 4732 generatus,
1019 4643 1104 4732 vel
1137 4642 1558 4732 omnipotentis
1597 4641 1852 4732 Verbum
1884 4643 2094 4700 Patris.
2127 4665 2176 4732 Β

451 4732 598 4804 Ergo
629 4730 849 4786 tributa
879 4731 1048 4804 quasi
1080 4747 1284 4805 regum
1317 4731 1474 4787 filius
1528 4749 1643 4787 non
1691 4731 1960 4800 debebat,
1995 4732 2097 4788 sed

450 4819 551 4890 qui
583 4817 974 4875 humilitatem
1000 4821 1190 4875 carnis
1223 4824 1642 4892 assumpserat,
1677 4819 1882 4875 debuit
1913 4820 2096 4876 adim-

450 4906 611 4980 plere
641 4924 874 4964 omnem
899 4908 1216 4980 justitiam.
1248 4909 1482 4981 Nosque
1512 4907 1772 4964 infelices
1804 4909 1904 4980 qui
1935 4908 2095 4964 Chri-

446 4997 522 5053 sti
555 5013 864 5054 censemur
892 4998 1147 5064 nomine,
1179 5003 1235 5054 et
1267 4997 1413 5053 nihil
1467 4998 1711 5070 dignum
1758 5001 1921 5054 tanta
1946 4998 2093 5053 faci-

442 5104 577 5144 mus
609 5088 954 5159 majestate:
990 5086 1084 5143 ille
1114 5105 1218 5160 pro
1249 5087 1419 5144 nobis
1450 5091 1506 5143 et
1527 5103 1759 5143 crucem
1782 5087 2090 5155 sustinuit,

441 5180 498 5234 et
518 5177 740 5234 tributa
769 5177 1045 5249 reddidit,
1090 5195 1197 5234 nos
1255 5194 1357 5249 pro
1410 5175 1569 5232 illius
1619 5175 1841 5232 honore
1870 5175 2093 5232 tributa

445 5283 560 5322 non
593 5266 918 5335 reddimus,
944 5271 1004 5323 et
1052 5267 1221 5338 quasi
1277 5265 1380 5321 filii
1428 5266 1584 5338 regis
1634 5283 1667 5320 τι
1711 5264 2091 5337 vestigalibus

445 5354 741 5412 immunes
772 5373 1003 5413 sumus.

522 5533 538 5564 ¹
593 5528 731 5606 Jure
786 5533 869 5606 ait
923 5532 1181 5606 Scaliger
1236 5529 2089 5606 inqAnimadversionibus‘in

441 5599 786 5677 Qhronicon,
820 5605 868 5658 si
900 5599 1136 5660 demur'n
1155 5609 1276 5677 post
1305 5605 1638 5677 Augustum
1669 5604 1950 5677 Qaeserem
1983 5603 2084 5660 Ju-

439 5674 574 5749 ἀωρὶ
596 5673 745 5728 facta
805 5679 893 5732 est
949 5673 1449 5749 tributaria,_cur
1505 5673 1668 5749 addit
1697 5673 2087 5749 Hieronymus

437 5743 735 5830 professos
764 5760 892 5804 esse
937 5747 1154 5825 Joseph
1186 5743 1536 5808 et’Mariam
1588 5743 1790 5826 utique
1836 5743 1937 5805 sub
1963 5750 2087 5810 Au-

2293 3405 2454 3476 (Cap.
2484 3403 2679 3458 XVIII.
2709 3434 2774 3444 —
2807 3402 2970 3458 Vers.
3025 3405 3099 3474 1.)
3148 3427 3175 3452 ‹‹
3229 3404 3292 3459 In
3344 3403 3443 3460 illa
3498 3404 3641 3461 hora
3683 3422 3875 3462 acces-

2222 3499 2425 3548 serunt
2453 3491 2723 3565 discipuli
2757 3492 2827 3547 ad
2877 3493 3102 3558 Jesum,
3154 3493 3448 3550 dicentes:
3504 3495 3643 3558 Quis
3695 3500 3870 3567 putas

2221 3583 2408 3652 major
2435 3586 2523 3636 est
2553 3581 2609 3636 in
2645 3582 2788 3636 187
2822 3598 2997 3653 regno
3033 3581 3356 3638 caelorum?
3404 3606 3431 3634 ››
3492 3584 3654 3649 Quod
3713 3600 3867 3656 sape

2221 3671 2442 3737 monui,
2466 3671 2641 3725 etiam
2674 3686 2829 3724 nunc
2859 3670 3288 3726 observandum
3319 3676 3426 3726 est.
3459 3671 3658 3727 Causa:
3715 3688 3870 3744 que-

2219 3759 2408 3813 rendae
2456 3763 2594 3813 sunt
2637 3757 3003 3829 singulorum
3051 3759 3275 3815 Domini
3339 3760 3628 3816 dictorum
3687 3767 3865 3833 atque

2219 3846 2525 3901 factorum.
2577 3847 2714 3902 Post
2761 3847 3063 3903 inventum
3113 3853 3410 3919 staterem,
3452 3854 3585 3920 post
3641 3850 3867 3906 tributa

2217 3935 2461 4000 reddita,
2495 3935 2636 4006 quid
2669 3935 2780 3990 sibi
2811 3935 2934 3990 vult
2961 3935 3358 4008 apostolorum
3419 3938 3721 4009 repentina
3770 3939 3860 3993 in-

2216 4023 2572 4095 terrogatio?
2621 4027 2682 4080 In
2735 4025 2835 4079 illa
2891 4024 3033 4080 hora
3087 4035 3424 4082 accesserunt
3480 4026 3739 4098 discipuli
3792 4027 3864 4082 ad

2211 4113 2393 4167 Iesum
2420 4112 2673 4168 dicentes.
2711 4113 2842 4180 Quis
2870 4121 3035 4184 putas
3074 4115 3258 4185 major
3311 4119 3391 4170 est
3450 4116 3506 4169 in
3555 4131 3720 4186 regno
3772 4132 3862 4171 ca-

2213 4201 2434 4256 lorum?
2463 4202 2608 4265 Quia
2636 4201 2898 4256 viderant
2928 4219 3031 4274 pro
3067 4202 3232 4258 Petro
3280 4208 3338 4258 et
3400 4204 3643 4259 Domino
3700 4205 3858 4260 idem

2211 4290 2495 4345 tributum
2520 4289 2835 4357 redditum,
2867 4290 3289 4362 exitequalitate
3341 4291 3531 4364 pretii,
3592 4291 3859 4348 arbitrati

2211 4382 2351 4433 sunt
2383 4377 2614 4433 Petrum
2638 4379 2912 4435 omnibus
2942 4379 3223 4452 apostolis
3243 4398 3370 4436 esse
3399 4380 3721 4454 praelatum,
3753 4381 3858 4453 qui

2211 4467 2270 4522 in
2303 4467 2626 4523 redditione
2660 4468 2863 4523 tributi
2914 4469 3156 4524 Domino
3217 4470 3404 4525 fuerat
3457 4475 3857 4542 comparatus,

2208 4556 2336 4611 ideo
2367 4555 2747 4628 interrogant,
2781 4557 2912 4627 quis
2944 4558 3131 4628 maior
3159 4557 3310 4613 sitin
3343 4574 3518 4631 regno
3549 4558 3854 4616 calorum.

2209 4643 2535 4716 Videasque
2565 4645 2738 4700 Jesus
2770 4645 3154 4716 cogitationes
3183 4664 3406 4714 eorum,
3434 4655 3490 4704 et
3519 4664 3727 4704 causas
3769 4663 3859 4704 er-

2206 4732 2354 4788 roris
2385 4731 2740 4805 intelligens,
2773 4734 2895 4790 vult
2925 4735 3283 4792 desiderium
3334 4736 3552 4809 gloriae,
3614 4735 3852 4793 humili-

2204 4822 2340 4877 tatis
2369 4822 2740 4878 contentione
2779 4840 3005 4880 sanare.

2275 4910 2461 4981 (Vers.
2492 4911 2571 4981 2.)
2606 4931 2634 4960 «
2665 4911 2732 4965 Et
2761 4911 3048 4969 advocans
3079 4917 3250 4970 Jesus
3282 4915 3612 4986 parvulum,
3643 4915 3856 4970 statuit

2203 5014 2342 5055 eum
2375 4998 2434 5054 in
2466 4999 2656 5055 medio
2687 5016 2910 5071 eorum,
2951 5007 3010 5057 et
3066 5003 3231 5061 dixit.
3266 5026 3292 5053 »
3343 5004 3443 5060 Vel
3503 5003 3854 5076 simpliciter

2203 5087 2522 5160 quemlibet
2551 5089 2879 5160 parvulum,
2913 5095 2978 5145 ut
3007 5097 3230 5148 aztatem
3263 5098 3563 5164 quaereret,
3599 5098 3654 5148 et
3683 5092 3850 5148 simi-

2200 5177 2503 5232 litudinem
2538 5178 2877 5234 innocentiae
2907 5180 3350 5238 demonstraret.
3383 5182 3484 5237 Vel
3527 5186 3680 5238 certe
3713 5198 3850 5253 par-

2199 5265 2400 5322 vulum
2427 5267 2632 5322 statuit
2676 5265 2736 5321 in
2767 5267 2957 5324 medio
3014 5286 3216 5325 eorum
3263 5271 3548 5343 seipsum,
3591 5271 3690 5343 qui
3729 5286 3849 5326 non

2199 5354 2541 5425 ministrari,
2575 5355 2675 5411 sed
2707 5357 3041 5413 ministrare
3070 5365 3326 5428 venerat,
3359 5363 3425 5414 ut
3461 5360 3546 5416 eis
3604 5359 3847 5415 humili-

2197 5538 2390 5614 gusto.
2417 5531 2699 5614 _O_mnino_
2723 5537 2917 5614 autem
2969 5535 3278 5614 tgibutaria
3316 5537 3468 5614 facta
3507 5540 3605 5614 _est
3653 5533 3840 5590 multo

2199 5604 2353 5679 ante_,
2379 5606 2572 5675 etjam
2605 5604 2804 5679 indepa
2827 5604 3119 5679 _Pomp'eio.
3149 5608 3287 5664 Vide
3309 5607 3658 5679 Chronicon.

2265 5678 2287 5710 ²
2311 5677 2452 5733 Tres
2483 5691 2626 5751 mss.
2662 5677 2928 5748 Palatini,
2962 5677 3128 5736 tantae
3157 5679 3452 5736 Dominum
3472 5677 3635 5735 audit
3660 5677 3843 5751 fuisse

2189 5747 2557 5830 paupertatis.
