4182 6626
270 460 383 521 133

741 457 1260 521 COMMENTAR.
1309 459 1388 518 IN
1434 449 1947 518 EVANGELIUM
1994 447 2371 513 MATTHJEI
2417 453 2565 514 LIB.
2612 453 2719 515 ΠΙ.
2765 454 2936 517 CAP.
2984 457 3204 520 XVIII.

3557 463 3673 524 134

267 592 403 649 tatis
433 591 716 648 tribueret
743 591 1093 664 exemplum.
1125 591 1237 647 Alii
1279 589 1587 662 parvulum
1626 588 1907 657 interpre-
1941 583 1996 649 Α
2026 582 2256 638 brevem
2298 585 2551 657 recipere
2607 603 2860 660 poenam,
2922 605 3099 660 quam
3159 592 3387 650 aeternis
3446 597 3662 652 servari

268 685 469 739 tantur
499 681 780 754 Spiritum
813 688 1105 753 sanctum,
1141 699 1314 753 quem
1350 679 1610 754 posuerit
1640 678 1697 732 in
1730 675 1914 730 cordi-

269 773 378 828 bus
408 771 855 844 discipulorum,
897 777 962 827 ut
1011 772 1351 844 superbiam
1408 771 1466 824 in
1517 766 1917 824 humilitatem

271 865 523 918 mutaret
549 862 588 916 ί.

342 951 528 1024 (Vers.
563 950 642 1022 3.)
683 974 711 1000 «
741 953 926 1006 Amen
959 950 1086 1006 dico
1116 951 1301 1016 vobis,
1335 949 1447 1004 nisi
1494 946 1757 1004 conversi
1790 945 1918 998 fue—

275 1040 399 1097 ritis
431 1044 487 1095 et
513 1040 848 1096 efﬁciamini
885 1041 1036 1096 sicut
1070 1038 1319 1113 parvuli,
1353 1056 1468 1094 non
1527 1034 1820 1093 intrabitis
1860 1033 1920 1088 in

273 1145 516 1202 regnum
548 1128 844 1184 caelorum.
884 1151 912 1177 »
957 1132 1081 1184 Non
1125 1127 1460 1200 praecipitur
1502 1122 1805 1198 apostolis,
1859 1124 1924 1176 ut

274 1221 502 1273 aetatem
539 1216 795 1272 habeant
845 1216 1243 1289 parvulorum,
1277 1217 1375 1271 sed
1411 1219 1477 1270 ut
1505 1212 1920 1276 innocentiam,

275 1311 330 1364 et
360 1307 513 1379 quod
542 1305 626 1361 illi
659 1323 761 1379 per
791 1324 977 1362 annos
1011 1306 1329 1378 possident,
1364 1305 1423 1360 hi
1458 1304 1797 1377 possideant
1825 1317 1926 1373 per

273 1395 627 1452 industriam
654 1413 667 1451 :
705 1400 770 1450 ut
801 1395 1046 1465 malitia,
1072 1413 1188 1450 non
1219 1394 1506 1467 sapientia
1537 1391 1762 1464 parvuli
1784 1391 1922 1445 sint.

343 1486 524 1558 (Vere.
562 1485 686 1556 4.)‹‹
724 1486 1069 1557 Quicunque
1125 1501 1260 1558 ergo
1320 1482 1715 1539 humiliaverit
1760 1497 1821 1535 se
1853 1479 1927 1534 si-

272 1582 370 1633 cut
399 1575 680 1648 parvulus
711 1575 846 1641 iste,
906 1574 1000 1630 hic
1063 1581 1152 1630 est
1213 1575 1408 1644 major
1455 1573 1513 1626 in
1548 1587 1722 1642 regno
1755 1568 1926 1624 cmlo-

272 1683 429 1722 rum.
463 1689 492 1715 ››
524 1666 686 1720 Sicut
717 1665 830 1720 iste
863 1663 1162 1736 parvulus,
1198 1664 1366 1734 cujus
1399 1661 1562 1718 vobis
1594 1658 1926 1731 exemplum

272 1757 490 1822 tribuo,
524 1772 638 1810 non
669 1758 999 1826 perseverat
1029 1754 1088 1808 in
1121 1752 1445 1818 iracundia,
1468 1768 1583 1806 non
1616 1749 1788 1804 laesus
1808 1763 1927 1802 me-

273 1845 468 1912 minit,
504 1861 618 1900 non
645 1843 847 1899 videns
879 1843 1184 1915 pulchram
1236 1841 1542 1897 mulierem
1585 1838 1927 1902 delectatur,

272 1952 392 1992 non
425 1933 584 1989 aliud
617 1933 849 2005 cogitat,
875 1937 929 1986 et
961 1932 1119 1987 aliud
1153 1930 1417 2003 loquitur
1445 1949 1456 1985 :
1486 1929 1569 2023 sic
1601 1933 1658 1984 et
1687 1925 1928 2023 vosnisi
1963 1959 2007 2023 Β

269 2024 454 2081 talem
484 2022 807 2078 habueritis
836 2021 1255 2092 innocentiam,
1290 2025 1347 2075 et
1375 2019 1554 2075 animi
1590 2017 1928 2090 puritatem,

271 2131 392 2171 non
425 2112 691 2186 poteritis
721 2129 899 2185 regna
945 2111 1223 2167 caelorum
1276 2111 1512 2167 intrare.
1564 2108 1693 2162 Sive
1726 2105 1930 2160 aliter:

273 2205 595 2275 Quicunque
648 2202 1027 2256 h-umiliaverit
1071 2217 1128 2256 se
1182 2203 1322 2255 sicut
1364 2199 1629 2270 parvulus
1676 2199 1798 2267 iste,
1842 2195 1931 2249 hic

269 2301 351 2350 est
379 2293 562 2365 major
591 2293 652 2346 in
682 2307 847 2361 regno
874 2291 1151 2346 caelorum.
1182 2289 1289 2354 Qui
1319 2288 1586 2344 imitatus
1619 2287 1792 2341 fuerit
1816 2300 1926 2352 me,

269 2387 327 2439 et
358 2399 423 2438 se
457 2381 517 2436 in
549 2379 883 2452 exemplum
915 2379 1028 2434 mei
1059 2377 1477 2444 humiliaverit,
1513 2381 1576 2431 ut
1604 2380 1836 2430 tantum
1868 2390 1930 2428 se

268 2471 537 2543 dejiciat,
572 2475 858 2543 quantum
891 2485 992 2540 ego
1023 2468 1207 2540 dejeci
1240 2468 1432 2540 [Supp.
1469 2467 1603 2537 me],
1636 2464 1789 2520 I38
1819 2463 1931 2519 for-

269 2578 437 2617 mam
468 2559 618 2616 servi
650 2559 944 2632 accipiens
1003 2559 1274 2630 (Philipp.
1341 2574 1401 2628 II,
1451 2557 1530 2622 7),
1565 2554 1657 2610 hic
1689 2553 1932 2610 intrabit

266 2652 330 2708 in
363 2666 619 2724 regnum
652 2648 953 2704 ccslorum.

346 2741 543 2814 (Vers.
574 2738 656 2810 5.)
688 2761 715 2788 ‹‹
749 2739 819 2794 Et
857 2738 960 2810 qui
1019 2737 1344 2810 susceperit
1390 2752 1574 2791 unum
1623 2732 1931 2806 parvulum

264 2813 458 2888 talem
518 2829 579 2884 in
638 2828 874 2886 nomine
932 2844 1080 2898 meo,
1114 2845 1206 2884 me
1265 2827 1593 2898 suscipit.»
1653 2824 1761 2889 Qui
1800 2823 1933 2878 talis

269 2920 480 2988 fuerit,
517 2922 581 2973 ut
612 2917 826 2973 Christi
857 2917 1120 2973 imitetur
1149 2916 1545 2972 humilitatem
1577 2919 1633 2971 et
1661 2914 1936 2968 innocen-

265 3010 447 3076 tiam,
482 3007 543 3063 in
575 3024 640 3063 eo
670 3007 941 3062 Christus
995 3005 1336 3078 suscipitur.
1397 3005 1465 3060 Et
1495 3004 1830 3076 prudenter,
1862 3017 1935 3056 ne

266 3113 412 3153 cum
451 3094 714 3151 delatum
747 3093 924 3149 fuerit
969 3093 1270 3166 apostolis,
1323 3110 1384 3148 se
1432 3095 1640 3164 putent
1677 3091 1932 3146 honora-

261 3191 386 3258 tos,
424 3183 660 3256 adjecit,
687 3200 806 3238 non
836 3182 968 3238 illos
1000 3184 1089 3239 sui
1123 3183 1227 3254 [AL
1264 3185 1392 3252 suo]
1425 3181 1654 3251 merito,
1678 3180 1778 3236 sed
1809 3197 1934 3235 ma-

263 3274 452 3349 gistri
487 3273 708 3330 honore
737 3273 1170 3345 suscipiendos.
1251 3269 1272 3284 ⁹

2027 673 2402 729 cruciatibus.
2435 674 2558 730 Non
2590 677 2746 732 enim
2778 677 3102 734 vindicabit
3132 681 3672 758 [Al.judieabit]Do-

2029 763 2227 820 minus
2258 763 2349 817 bis
2379 763 2437 818 in
2470 764 2730 837 idipsum
2757 768 3013 835 (Nahum.
3043 786 3091 840 ,1,
3123 769 3203 841 9.)

2099 852 2287 919 (Vers.
2320 853 2399 924 7.)
2433 876 2462 904 «
2494 853 2588 910 Vae
2621 857 2840 910 mundo
2872 874 2906 912 a
2936 857 3250 916 scandalis.
3303 861 3547 918 Necesse
3588 871 3681 921 est

2029 942 2184 997 enim
2219 947 2282 996 ut
2309 943 2548 999 veniant
2577 945 2872 1001 scandala.
2898 947 3315 1006 Verumtamen
3338 968 3418 1006 vae
3451 951 3676 1008 homini

2031 1048 2133 1102 per
2163 1047 2336 1102 quem
2389 1033 2732 1089 scandalum
2782 1037 2955 1092 venit.
3007 1059 3035 1088 »
3088 1038 3212 1094 Non
3254 1042 3407 1112 quod
3443 1057 3680 1100 necesse

2031 1120 2110 1175 sit
2138 1121 2332 1175 venire
2360 1122 2657 1195 scandala,
2683 1125 2940 1198 alioquin
2973 1126 3098 1183 sine
3128 1127 3300 1201 culpa
3327 1137 3546 1201 essent,
3581 1132 3680 1204 qui

2033 1209 2376 1264 scandalum
2408 1211 2648 1282 faciunt,
2700 1215 2801 1270 sed
2857 1231 2990 1270 cum
3045 1233 3283 1274 necesse
3341 1219 3418 1275 sit
3475 1221 3535 1276 in
3567 1220 3679 1278 isto

2034 1300 2255 1354 mundo
2289 1300 2410 1354 fieri
2441 1301 2737 1371 scandala,
2772 1305 3179 1378 unusquisque
3208 1324 3316 1364 suo
3345 1309 3482 1366 vitio
3503 1327 3678 1366 scan-

2035 1387 2185 1443 dalis
2217 1393 2373 1459 patet
2393 1390 2432 1444 ⁸.
2467 1389 2772 1462 Simulque
2803 1411 2903 1465 per
2943 1395 3271 1466 generalem
3325 1400 3676 1457 sententiam

2037 1478 2359 1548 percutitur
2385 1478 2588 1548 Judas,
2623 1481 2722 1552 qui
2757 1483 3071 1553 proditioni
3104 1485 3366 1542 animum
3399 1505 3684 1561 praepara-
3722 1497 3723 1500 “

2035 1571 2212 1622 verat.

2111 1656 2294 1728 (Vers.
2327 1658 2380 1723 8,
2412 1657 2490 1728 9.)
2527 1679 2548 1706 α
2585 1658 2643 1712 Si
2670 1659 2823 1715 enim
2859 1677 3068 1718 manus
3108 1667 3210 1719 tua
3255 1666 3341 1721 vel
3394 1684 3492 1738 pes
3544 1673 3682 1726 tuus

2039 1745 2395 1800 scandalizat
2424 1751 2498 1813 te,
2532 1746 2808 1804 abscinde
2840 1765 2972 1805 eum
3006 1755 3063 1806 et
3091 1754 3309 1824 projice
3339 1755 3443 1810 abs
3475 1761 3552 1812 te.
3575 1759 3682 1814 Bo-

2042 1852 2183 1889 num
2215 1839 2304 1890 est
2331 1835 2437 1890 tibi
2469 1837 2538 1892 ad
2594 1837 2771 1893 vitam
2826 1839 3051 1912 ingredi
3111 1842 3365 1901 debilem
3410 1845 3497 1902 vel
3527 1846 3684 1903 clau-

2040 1927 2203 1991 dum,
2236 1943 2413 1997 quam
2446 1927 2592 1982 duas
2624 1945 2836 1985 manus
2865 1931 3017 1985 139
3049 1931 3136 1987 vel
3168 1933 3316 1990 duos
3359 1936 3535 2007 pedes
3575 1937 3683 1993 ha-

2041 2014 2269 2069 bentem
2305 2015 2456 2069 mitti
2487 2015 2547 2070 in
2581 2017 2775 2088 ignem
2806 2022 3107 2076 aeternum.
3135 2021 3274 2078 Etsi
3307 2024 3512 2081 oculus
3543 2030 3683 2082 tuus

2038 2103 2411 2175 scandalizat,
2446 2111 2522 2175 te,
2555 2123 2691 2162 erue
2720 2123 2854 2163 eum
2908 2114 2965 2164 et
2993 2110 3207 2181 projice
3238 2113 3342 2168 abs
3368 2118 3438 2169 te.
3458 2115 3684 2172 Bonum

2039 2197 2129 2248 est
2159 2192 2263 2247 tibi
2322 2209 2456 2248 cum
2514 2211 2630 2249 uno
2687 2196 2855 2252 oculo
2914 2196 2973 2253 in
3021 2199 3202 2255 vitam
3235 2200 3472 2272 intrare,
3505 2221 3682 2276 quam

2039 2282 2186 2337 duos
2215 2281 2414 2338 oculos
2447 2283 2758 2340 habentem
2791 2286 2945 2342 mitti
2979 2287 3036 2343 in
3083 2289 3408 2361 gehennam
3440 2293 3615 2366 ignis.
3654 2317 3682 2343 »

2038 2370 2285 2427 Necesse
2315 2376 2403 2426 est
2431 2373 2668 2444 quidem
2698 2374 2892 2431 venire
2923 2377 3235 2435 scandala:
3269 2380 3364 2435 Vae
3394 2385 3588 2439 tamen
3631 2384 3683 2439 ei

2039 2465 2127 2515 est
2156 2460 2400 2532 homini,
2435 2462 2534 2534 qui
2567 2465 2722 2534 quod
2769 2481 3003 2522 necesse
3059 2472 3147 2524 est
3193 2473 3258 2524 ut
3288 2470 3388 2526 fiat
3416 2471 3476 2527 in
3511 2489 3681 2529 mun-

2040 2550 2134 2616 do,
2166 2549 2305 2605 vitio
2337 2567 2444 2606 suo
2489 2551 2628 2608 facit
2677 2557 2742 2608 ut
2797 2571 2901 2626 per
2955 2573 3017 2613 se
3074 2557 3195 2614 fiat.
3253 2559 3437 2632 Igitur
3491 2564 3685 2620 omnis

2037 2642 2347 2695 truncatur
2376 2641 2640 2711 affectus,
2673 2647 2730 2697 et
2776 2644 3047 2701 universa
3104 2648 3514 2722 propinquitas
3561 2669 3686 2708 am-

2043 2733 2278 2800 putatur
2309 2746 2381 2786 ne
2427 2747 2528 2801 per
2584 2732 2948 2789 occasionem
2997 2736 3229 2808 pietatis
3277 2741 3686 2814 unusquisque

2043 2819 2403 2874 credentium
2454 2821 2746 2878 scandalis
2809 2828 3022 2895 pateat.
3072 2825 3152 2894 Si,
3209 2827 3420 2900 inquit,
3471 2831 3552 2886 ita
3600 2837 3690 2888 est

2044 2908 2176 2980 quis
2207 2908 2312 2964 tibi
2345 2911 2721 2982 cunjunctus,
2781 2917 2844 2967 ut
2893 2930 3124 2982 manus,
3174 2933 3296 2988 pes,
3346 2918 3573 2986 oculus,
3633 2925 3692 2976 et

2045 3003 2133 3054 est
2163 2997 2324 3053 utilis
2355 3003 2530 3070 atque
2561 3000 2864 3072 sollicitus,
2893 3009 2951 3058 et
2981 3009 3188 3061 acutus
3219 3007 3290 3061 ad
3339 3008 3690 3080 perspicien-

2044 3089 2184 3143 dum
2212 3105 2224 3142 :
2259 3088 2602 3145 scandalum
2630 3095 2822 3146 autem
2854 3091 2960 3148 tibi
2990 3093 3146 3160 facit,
3193 3099 3249 3151 et
3295 3101 3530 3170 propter
3567 3098 3689 3155 dis-

2044 3178 2374 3234 sonantiam
2408 3194 2637 3236 morum
2670 3185 2726 3236 te
2757 3181 3037 3252 pertrabit
3065 3183 3123 3239 in
3153 3184 3515 3257 gehennam:
3563 3205 3688 3245 me-

2046 3267 2160 3323 lius
2193 3271 2301 3333 est,
2334 3272 2399 3322 ut
2425 3272 2480 3324 et
2510 3269 2944 3342 propinquitate
2991 3273 3140 3344 ejus,
3175 3278 3230 3330 et
3277 3275 3692 3334 emolumentis

341 3364 543 3428 (Vere.
576 3362 658 3432 ὃ.)
690 3385 718 3412 ‹‹
753 3363 859 3427 Qui
893 3367 1088 3416 autem
1123 3360 1608 3416 scandalizaverit
1647 3375 1831 3414 unum
1864 3357 1934 3413 de
1964 3333 2006 3398 C
2047 3357 2382 3412 carnalibus
2413 3374 2632 3426 careas,
2667 3376 2737 3415 ne
2768 3360 2910 3416 dum
2965 3361 3052 3416 vis
3099 3362 3440 3421 lucrifacere
3479 3382 3694 3440 cogna-

262 3452 524 3526 pusillis
557 3451 685 3506 istis
716 3450 816 3522 qui
845 3450 904 3504 in
938 3467 1030 3506 me
1080 3451 1345 3504 credunt.
1383 3472 1410 3497 »
1458 3449 1607 3504 Nota
1646 3448 1798 3520 quod
1833 3447 1933 3518 qui

259 3539 742 3608 scandalizatur,
771 3537 1052 3612 parvulus
1075 3543 1164 3594 est
1195 3539 1445 3608 majores
1475 3539 1631 3592 enim
1663 3535 1939 3593 scandala

261 3650 390 3690 non
428 3629 751 3701 recipiunt.

344 3745 375 3771 ι(
411 3719 670 3790 Expedit
718 3718 768 3773 ei
827 3721 894 3772 ut
942 3717 1336 3789 suspendatur
1383 3715 1538 3771 mola
1586 3714 1840 3770 asinaria
1881 3713 1939 3768 in

260 3810 428 3867 collo
464 3809 616 3880 ejus,
644 3811 700 3863 et
730 3807 1104 3878 demergatur
1159 3806 1217 3860 in
1271 3805 1627 3877 profundum
1679 3803 1874 3859 maris.
1912 3825 1939 3853 »

263 3901 642 3970 Quanquam
675 3897 796 3951 haec
826 3895 1115 3969 generalis
1148 3895 1333 3967 possit
1365 3911 1493 3951 esse
1522 3895 1810 3950 sententia
1840 3894 1941 3949 ad-

257 4004 494 4045 versus
550 4002 753 4041 omnes
811 3985 907 4057 qui
971 3984 1226 4056 aliquem
1290 3984 1708 4051 scandalizent,
1745 3987 1940 4039 tamen

250 4081 450 4150 juxta
479 4075 960 4146 consequentiam
984 4073 1272 4129 sermonis
1292 4073 1465 4129 etiam
1491 4081 1692 4128 contra
1710 4077 1943 4144 aposto-

259 4169 359 4223 los
399 4166 641 4220 dictum
674 4162 920 4234 intelligi
954 4167 1163 4234 potest,
1201 4163 1321 4234 qui,
1366 4161 1781 4234 interrogando
1813 4160 1945 4232 quis

261 4257 487 4327 major
518 4258 674 4309 esset
703 4253 761 4306 in
792 4269 970 4324 regno
1001 4251 1303 4318 caelorum,
1337 4252 1686 4306 videbantur
1711 4251 1864 4306 inter
1883 4266 1946 4306 se

257 4348 340 4402 de
378 4341 684 4414 dignitate
713 4342 1080 4407 contendere,
1111 4345 1170 4395 et
1199 4341 1248 4394 si
1284 4341 1342 4395 in
1377 4340 1483 4396 hoc
1512 4341 1649 4395 vitio
1683 4355 1949 4412 perman-

259 4436 540 4497 sissent,
577 4435 800 4502 poterat
829 4446 927 4486 eos
977 4447 1124 4502 quos
1169 4430 1239 4484 ad
1294 4429 1467 4484 ﬁnem
1512 4430 1815 4498 vocabant,
1852 4444 1952 4500 per

258 4538 466 4582 suum
506 4519 850 4576 scandalum
885 4521 1148 4592 perdere,
1184 4518 1655 4590 dumuapostolos
1690 4518 1952 4574 viderent

259 4616 438 4670 inter
473 4627 543 4666 se
575 4611 647 4665 de
693 4608 913 4664 honore
971 4623 1255 4680 pugnare.
1308 4607 1470 4675 Quod
1521 4612 1715 4662 autem
1765 4606 1946 4662 dixit:

2044 3452 2134 3502 tos
2165 3450 2221 3501 et
2251 3447 2631 3515 necessarios,
2661 3465 2897 3505 causam
2946 3450 3162 3507 habeas
3210 3454 3535 3510 ruinarum.
3582 3459 3690 3512 Ita-

2047 3550 2159 3606 que
2191 3551 2306 3590 non
2340 3535 2534 3603 frater,
2569 3553 2684 3592 non
2717 3554 2880 3606 uxor,
2915 3555 3030 3594 non
3061 3539 3186 3612 filii,
3218 3557 3334 3597 non
3366 3543 3690 3611 amici,non

2049 3624 2240 3680 omnis
2272 3624 2513 3680 affectus
2545 3625 2644 3698 qui
2675 3643 2780 3682 nos
2810 3626 3116 3684 excludere
3147 3633 3335 3701 potest
3375 3647 3551 3704 regno
3583 3649 3692 3689 ccc-

2050 3714 2262 3778 loruni,
2295 3715 2479 3768 amori
2510 3715 2742 3771 Domini
2774 3723 3162 3789 praeponatur.
3188 3719 3354 3775 Novit
3374 3722 3690 3795 unusquis-

2052 3819 2164 3876 que
2193 3803 2550 3859 credentium
2585 3805 2726 3876 quid
2759 3806 2869 3862 sibi
2916 3813 3140 3875 noceat,
3171 3808 3257 3864 vel
3288 3810 3346 3865 in
3385 3827 3500 3883 quo
3532 3812 3695 3869 solli-

2051 3893 2263 3949 citetur
2291 3894 2626 3961 animus,ac
2656 3911 2808 3967 sape
2839 3899 3148 3954 tentetur".
3165 3898 3372 3956 Melius
3402 3905 3493 3957 est
3520 3902 3697 3959 vitam

2053 3983 2375 4039 solitariam
2408 3984 2639 4055 ducere,
2673 4001 2849 4056 quam
2879 3987 2953 4042 ob
2984 3987 3108 4042 vitae
3150 3991 3454 4060 praesentis
3501 4008 3699 4050 neces-

2054 4072 2229 4138 saria,
2262 4076 2536 4127 aeternam
2566 4073 2747 4128 vitam
2779 4075 3037 4144 perdere.

2126 4161 2308 4231 (Vers.
2347 4162 2432 4231 10,
2470 4162 2574 4232 11.)
2608 4184 2636 4210 ‹‹
2671 4162 2871 4218 Videte
2895 4180 2964 4218 ne
2994 4167 3387 4222 contemnatis
3416 4185 3599 4226 unum
3632 4188 3704 4226 ex

2055 4251 2148 4307 his
2181 4249 2431 4323 pusillis,
2466 4250 2602 4306 Dico
2636 4252 2792 4306 enim
2825 4253 3024 4308 vobis:
3087 4254 3226 4325 quia
3272 4256 3462 4328 angeli
3492 4275 3695 4315 eorum

2057 4342 2116 4396 in
2147 4341 2307 4396 cmlis
2329 4342 2351 4374 ‘
2381 4357 2611 4413 semper
2641 4341 2839 4396 vident
2871 4342 3074 4397 faciem
3108 4345 3296 4399 Patris
3345 4345 3459 4402 mei
3507 4348 3608 4418 qui
3640 4349 3699 4403 in

2059 4431 2218 4487 coelis
2249 4435 2356 4486 est.
2390 4429 2559 4485 Venit
2585 4430 2740 4485 enim
2774 4430 2954 4486 Filius
2987 4430 3243 4488 hominis
3283 4432 3508 4490 salvare
3549 4437 3706 4508 quod

2060 4520 2328 4592 perierat.
2365 4541 2392 4567 »
2424 4519 2611 4591 Supra
2651 4519 2874 4574 dixerat
2923 4537 3025 4592 per
3070 4537 3335 4589 manum,
3379 4527 3438 4580 et
3475 4525 3704 4597 pedem,

2060 4614 2118 4665 et
2147 4608 2403 4674 oculum,
2453 4624 2658 4664 omnes
2710 4609 3173 4682 prOpinquitates
3218 4617 3275 4668 et
3312 4615 3705 4671 necessitudi-

255 4700 529 4776 Expedit
560 4701 613 4755 ei
660 4704 721 4753 ut
777 4698 1141 4770 suspendatur
1194 4698 1340 4753 mola
1397 4698 1660 4753 asinaria
1719 4698 1779 4751 in
1809 4694 1952 4751 collo
1981 4702 2027 4767 D
2059 4714 2183 4778 nes,
2218 4714 2342 4768 quae
2374 4696 2719 4753 scandalum
2753 4699 2939 4754 facere
2966 4704 3253 4771 poterant,
3286 4705 3700 4775 amputandas:

256 4796 418 4866 ejus,
461 4789 801 4846 secundum
834 4789 1014 4842 ritum
1048 4787 1354 4859 provinciae
1385 4785 1662 4857 loquitur,
1684 4802 1798 4856 quo
1831 4802 1948 4840 ma-

248 4886 485 4957 jorum
526 4877 841 4933 criminum
873 4877 990 4932 ista
1027 4877 1181 4949 apud
1233 4881 1455 4932 veteres
1501 4876 1734 4930 Judeos
1779 4891 1951 4946 poena

257 4973 489 5038 fuerit,
508 4972 580 5023 ut
607 4967 665 5021 in
693 4966 1047 5039 profundum
1079 4965 1256 5038 ligato
1283 4982 1421 5020 saxo
1453 4967 1948 5038 demergerentur.

260 5057 550 5135 Expedit
580 5060 774 5111 autem
809 5055 884 5127 ei,
909 5055 1049 5127 quia
1081 5054 1265 5110 multo
1297 5053 1508 5110 melius
1537 5060 1628 5109 est
1656 5071 1758 5125 pro
1781 5052 1954 5125 culpa

345 5312 360 5344 ¹
403 5307 671 5378 Cisterc.
705 5323 816 5362 ms.
851 5304 1066 5376 aliique
1100 5321 1287 5378 penes,
1311 5305 1736 5378 Martianseum,
1770 5314 1837 5378 ut,
1865 5322 1953 5361 su-

256 5382 559 5457 perbiam
589 5377 901 5457 humilitate
928 5381 1227 5457 mutarent:
1261 5377 1545 5457 caeterum
1577 5377 1784 5457 ethice
1828 5377 1956 5448 ipsa

258 5447 337 5513 ex
403 5451 678 5521 Origene
734 5449 1136 5520 interpretatio
1196 5449 1529 5503 derivatur:
1579 5447 1781 5521 «Vide
1812 5447 1954 5521 num

259 5519 559 5601 puerum
594 5538 627 5576 a
654 5521 792 5601 J_esu
824 5519 1192 5601 accersitum,
1219 5524 1487 5601 sanctum
1516 5535 1642 5601 esse
1673 5519 1955 5601 Spiritum

261 5591 487 5656 dicere
529 5592 747 5668 possis,
778 5592 877 5664 qui
911 5593 1170 5668 seipsum
1203 5591 1430 5668 abjeeit,
1463 5608 1497 5646 a
1527 5591 1822 5668 Servatore
1852 5609 1956 5646 au-

259 5678 412 5728 ctus
447 5663 580 5731 est,
624 5668 680 5719 et
734 5663 811 5719 in’
854 5664 1046 5719 media
1092 5663 1512 5736 discipulorum
1570 5663 1708 5719 Jesu
1768 5669 1959 5720 mente

261 5740 690 5808 constitutus,
728 5761 748 5788 »
789 5739 897 5808 etc.

341 5818 366 5852 ²
391 5803 705 5883 Origenes
733 5825 744 5864 :
771 5805 869 5861 Καὶ
912 5805 1116 5882 ἀνάγκη
1161 5805 1270 5861 ἐστὶ
1292 5809 1458 5861 ταῦτα
1499 5803 1814 5882 ὲλθεῖν,ὀὐκ
1834 5805 1956 5862 ἀνα-

2058 4787 2456 4842 austeritatem
2488 4786 2684 4858 itaque
2731 4789 3053 4856 sententiae,
3110 4791 3375 4862 subjecto
3415 4800 3700 4867 praecepto

2059 4879 2365 4947 temperat,
2399 4875 2630 4931 dicens:
2680 4875 2856 4933 Videte
2897 4893 2967 4932 ne
3012 4883 3373 4936 contemnatis
3418 4899 3593 4938 unum
3633 4903 3705 4940 ea:

2055 4966 2282 5036 pusillis
2310 4967 2448 5020 istis.
2482 4965 2596 5032 Sic,
2631 4965 2843 5036 inquit,
2896 4967 3165 5040 praecipio
3195 4971 3584 5040 severitatem,
3618 4979 3702 5042 ut,

2061 5053 2426 5110 commisceri
2451 5053 2858 5111 5clementiam
2871 5056 3132 5113 doceam.
3149 5058 3444 5122 Quantum
3467 5060 3526 5116 in
3538 5061 3707 5118 vobis

2063 5325 2166 5379 γκη
2204 5301 2260 5358 δὲ
2291 5301 2378 5358 διὰ
2406 5300 2737 5379 τοῦδε-τινός
2763 5323 2775 5360 :
2805 5307 3083 5363 Scandala
3120 5308 3327 5364 aboriri
3367 5321 3577 5379 necesse
3605 5311 3702 5376 est,

2063 5376 2170 5504 riga
2203 5380 2386 5503 cutim
2413 5394 2516 5449 per
2544 5377 2712 5433 illum
2740 5381 3073 5450 quempiam,
3107 5385 3241 5448 ete.,
3294 5395 3419 5450 quae
3467 5376 3704 5451 longius

2065 5467 2094 5504 e
2142 5466 2307 5504 isseri
2335 5488 2351 5503 .

2065 5466 2351 5505 BGISSBPIL.

2135 5522 2156 5553 ³
2187 5520 2370 5593 Penes
2400 5519 2638 5593 Victor.,
2668 5535 2813 5593 sepe
2843 5527 3076 5578 tenetur.

2066 5664 2102 5719 b
2139 5594 2159 5625 δ
2189 5593 2255 5720 tIn
2283 5592 2473 5647 tribus
2504 5590 2783 5648 Palatinis
2816 5610 2958 5648 mss.
2990 5591 3165 5648 verba
3194 5590 3258 5645 in
3285 5590 3433 5648 caelis
3464 5609 3581 5650 non
3611 5595 3713 5653 ha-

2108 5681 2178 5720 en
2211 5681 2300 5720 ur.

2108 5681 2338 5792 Galliis
2370 5751 2538 5808 mss,
2570 5739 2634 5792 ut
2669 5735 3013 5808 commistim,
3046 5748 3151 5808 pro
3181 5737 3548 5798 commisceri.
