4182 6568
487 444 601 505 135

1734 443 1796 503 S.
1847 439 2155 504 EUSE'BII
2205 440 2645 502 HIERONYMI

3777 447 3903 507 136

493 580 607 645 est,
640 574 817 630 nolite
849 579 1241 642 contemnere,
1293 577 1393 631 sed
1439 592 1543 647 per
1592 579 1843 631 vestram
1885 574 2133 629 salutem
2165 573 2218 639 Α
2250 572 2367 627 sire.
2395 573 2451 627 Si
2484 579 2676 630 autem
2719 574 3037 629 Ecclesiam
3067 591 3180 628 non
3243 575 3514 642 audierit,
3548 576 3625 632 sit
3680 577 3786 632 tibi
3820 579 3904 634 si-

484 664 664 721 etiam
698 664 938 719 illorum
969 664 1210 736 quaerite
1242 663 1576 721 sanitatem.
1603 664 1705 721 Sin
1737 669 1930 720 autem
1954 678 2143 734 perse-

484 757 757 809 verantes
787 752 846 807 in
879 752 1132 824 peccatis
1163 751 1451 819 videritis,
1483 757 1569 814 et,
1592 753 1747 807 vitiis
1800 751 2137 819 servientes,

488 842 702 898 melius
734 845 822 896 est
850 857 951 897 vos
982 841 1136 896 solos
1171 840 1362 897 salvos
1398 842 1541 910 ﬁeri,
1573 857 1747 911 quam
1783 840 1970 911 perire
2001 856 2136 894 cum

485 931 777 1003 pluribus.
812 931 956 998 Quia
984 930 1179 1001 angeli
1205 947 1391 985 eorum
1420 933 1477 985 in
1510 933 1659 985 artis
1709 931 1895 985 m‘dent
1925 945 2138 999 semper

482 1022 678 1092 [aciem
713 1021 919 1075 Patris.
953 1020 1161 1091 Magna
1192 1020 1448 1092 dignitas
1498 1020 1850 1084 animarum,
1884 1023 1950 1072 ut
1993 1034 2136 1071 una-

483 1125 730 1181 quaeque
777 1108 990 1163 habeat
1057 1109 1128 1163 ab
1188 1113 1317 1163 ortu
1350 1108 1674 1164 natiVitatis
1715 1108 1771 1162 in
1804 1106 2134 1162 custodiam

483 1197 578 1253 sui
608 1194 881 1268 angelum
912 1194 1264 1267 delegatum.
1316 1196 1478 1251 Unde
1528 1195 1779 1266 legimus
1830 1194 1887 1248 in
1920 1197 2135 1265 Apoca-

484 1284 635 1358 lypsi
666 1284 949 1340 Joannis:
983 1284 1201 1356 Angelo
1250 1286 1404 1340 140
1445 1284 1677 1356 Ephesi,
1721 1282 2027 1355 Thyatira),
2079 1285 2136 1336 et

483 1374 688 1447 angelo
731 1373 1163 1445 Philadelphus,
1214 1379 1273 1430 et
1320 1373 1545 1445 angelis
1590 1379 1843 1445 quatuor
1875 1371 2134 1442 reliqua-

483 1478 612 1518 rum
644 1462 1037 1517 Ecclesiarum
1070 1462 1262 1518 scribe
1292 1462 1412 1517 haec
1447 1462 1630 1532 (Apoc.
1662 1479 1702 1527 1,
1740 1460 1848 1531 11).
1884 1464 2130 1531 Aposto-

478 1550 573 1607 lus
606 1568 837 1622 quoquc
878 1550 1141 1622 praecipit
1194 1550 1252 1604 in
1300 1549 1561 1605 ecclesiis
1609 1549 1786 1604 velari
1828 1548 2021 1620 capita
2053 1548 2131 1602 fe-

479 1640 799 1706 minarum,
834 1643 1071 1711 propter
1099 1638 1337 1709 angelos
1370 1639 1417 1710 (I
1446 1637 1567 1693 Cor.
1601 1655 1679 1704 x1,
1718 1639 1827 1708 19.)

547 1772 734 1845 (Vers.
771 1773 857 1839 12,
891 1773 1001 1842 13.)
1033 1794 1061 1821 ‹‹
1096 1772 1243 1838 Quid
1273 1772 1434 1827 vobis
1467 1772 1697 1826 videtur
1719 1770 1746 1825 ‘2
1784 1770 1841 1825 Si
1899 1772 2130 1825 fuerunt

480 1860 653 1917 alicui
685 1864 917 1915 centum
953 1877 1104 1927 oves,
1139 1865 1196 1915 et
1225 1861 1500 1916 erraverit
1532 1877 1647 1915 una
1678 1875 1744 1913 ex
1776 1859 1897 1913 eis:
1937 1876 2127 1915 nonne

479 1949 759 2022 relinquit
790 1948 1111 2021 nonaginta
1166 1966 1372 2005 novem
1423 1949 1482 2004 in
1534 1949 1855 2017 montibus,
1889 1955 1944 2003 et
1972 1948 2130 2003 vadit
2159 1940 2204 2004 Β

478 2054 735 2110 quaerere
766 2054 893 2093 eam
925 2054 1052 2108 qua:
1099 2037 1366 2093 erravit?
1406 2042 1473 2092 Et
1522 2038 1569 2091 si
1602 2037 1909 2107 contigerit
1944 2041 2006 2090 ut
2039 2037 2123 2091 in-

476 2128 667 2183 veniat
697 2143 823 2183 eam
850 2145 862 2183 :
898 2143 1068 2183 amen
1100 2127 1228 2182 dico
1259 2126 1443 2193 vobis,
1469 2125 1607 2197 quia
1638 2126 1918 2197 gaudebit
1948 2142 2126 2197 super

479 2232 545 2271 ea
575 2215 764 2289 magis
794 2232 970 2288 quam
1022 2231 1198 2287 super
1238 2216 1555 2289 nonaginta
1611 2231 1814 2270 nevem
1848 2230 1973 2286 qua:
2006 2231 2123 2268 non

475 2308 833 2361 erraverunt.
867 2326 895 2354 »
927 2308 1357 2375 Consequenter
1385 2305 1456 2359 ad
1508 2303 1875 2359 clementiam
1919 2320 2122 2374 provo-

478 2400 590 2462 cat,
626 2394 725 2466 qui
759 2393 1136 2464 przemiserat,
1170 2393 1408 2449 dicens:
1449 2394 1627 2449 Videte
1670 2410 1735 2449 ne
1763 2394 2123 2447 contemnatis

474 2500 649 2538 unum
680 2500 749 2538 ex
773 2482 996 2554 pusillis
1026 2484 1165 2552 istis,
1198 2486 1256 2537 et
1287 2482 1591 2553 subiungit
1642 2480 1977 2553 parabolam
2019 2498 2120 2534 no-

476 2572 714 2645 naginta
745 2588 949 2627 novem
982 2570 1174 2625 ovium
1207 2570 1266 2625 in
1325 2571 1625 2626 montibus
1680 2569 2038 2634 relictarum,
2066 2574 2120 2624 et

473 2663 651 2717 unius
681 2660 949 2727 errantis,
983 2675 1159 2730 quam
1193 2663 1389 2731 pastor
1436 2659 1645 2727 bonus,
1696 2658 1834 2728 quia
1883 2665 2120 2729 propter

472 2750 718 2805 nimiam
748 2749 1146 2805 infirmitatem
1179 2747 1479 2803 ambulare
1507 2765 1619 2802 non
1644 2753 1886 2819 poterat,
1914 2748 2185 2802 hume‘-‘\

471 2841 552 2895 ris
584 2839 706 2895 suis
737 2839 809 2893 ad
870 2837 1160 2909 reliquum
1217 2852 1450 2909 gregem
1501 2836 1830 2908 reportavit.
1866 2837 2113 2902 Quidam

471 2931 681 3000 putant
715 2927 894 2982 istum
953 2943 1082 2981 esse
1128 2929 1442 2997 pastorem,
1496 2926 1596 2995 qui
1653 2942 1787 2979 cum
1837 2924 1894 2979 in
1929 2926 2115 2980 forma

476 3017 573 3071 Dei
627 3019 800 3081 esset,
855 3031 969 3069 non
1029 3013 1299 3085 rapinam
1357 3013 1676 3068 arbitratus
1732 3017 1819 3068 est
1875 3030 1935 3068 se
1985 3029 2113 3068 esse

472 3103 754 3175 aequalem
786 3107 935 3157 Deo:
972 3102 1073 3157 sed
1104 3101 1419 3157 exinanivit
1449 3118 1530 3169 se,
1568 3102 1809 3157 formam
1844 3102 1989 3156 servi
2024 3119 2113 3157 ac-

473 3192 718 3265 cipiens,
751 3191 937 3247 factus
969 3190 1247 3246 obediens
1298 3188 1454 3245 Patri
1508 3207 1693 3261 usque
1737 3190 1807 3244 ad
1841 3196 2109 3258 mortem,

2254 668 2353 717 cut
2384 664 2652 718 ethnicus
2683 670 2737 718 et
2770 664 3136 735 publicanus.
3174 687 3201 711 »
3232 664 3289 719 Si
3341 666 3661 735 peccaverit
3703 665 3763 721 in
3795 683 3907 723 nos

2254 752 2429 807 frater
2460 763 2673 818 noster,
2704 759 2759 807 et
2790 754 2843 806 in
2879 753 3136 824 qualibet
3167 769 3343 807 causa
3394 770 3499 809 nos
3530 754 3765 821 lazserit,
3812 757 3906 811 di-

2251 841 2519 895 mittendi
2554 842 2839 896 habemus
2872 848 3239 912 potestatem.
3296 841 3413 897 imo
3463 843 3904 913 necessitatem,

2256 946 2370 998 qua
2404 929 2517 996 [Αι.
2553 930 2713 1003 quia]
2768 931 3119 1001 praecipitur,
3171 936 3235 983 ut
3282 931 3646 987 debitoribus
3678 934 3899 989 nostris

2246 1018 2441 1072 debita
2482 1020 2868 1074 dimittamus.
2902 1021 2958 1074 Si
2994 1026 3185 1073 autem
3220 1020 3275 1073 in
3313 1025 3489 1075 Deum
3522 1022 3656 1093 quis
3689 1039 3905 1093 pecca-

2244 1106 2409 1175 verit,
2447 1124 2558 1161 non
2592 1114 2678 1162 est
2718 1108 2898 1162 nostri
2931 1108 3176 1161 arbitrii.
3212 1107 3349 1162 Dicit
3385 1109 3540 1163 enim
3592 1111 3900 1182 Scriptura

2245 1194 2477 1250 divina:
2512 1197 2571 1249 Si
2593 1198 2891 1267 peccaverit
2932 1196 3094 1251 homo
3127 1198 3183 1250 in
3218 1196 3518 1261 hominem,
3552 1199 3765 1268 rogabit
3795 1215 3902 1271 pro

2244 1299 2304 1338 e0
2334 1284 2604 1338 sacerdos.
2641 1286 2701 1339 Si
2729 1290 2911 1339 autem
2946 1288 2999 1339 in
3033 1286 3201 1339 Deum
3228 1288 3548 1356 peccaverit,
3582 1289 3704 1357 quis
3734 1304 3900 1357 rogw

2247 1372 2321 1426 bit
2354 1388 2455 1442 pro
2485 1389 2543 1427 eo
2575 1374 2620 1441 (Ι
2653 1374 2773 1443 Reg.
2810 1392 2870 1443 ιι,
2902 1375 3033 1441 ‘25)?
3063 1375 3177 1429 Nos
3209 1374 3531 1430 econtrario
3562 1375 3620 1431 in
3671 1376 3770 1432 Dei
3806 1378 3901 1433 in-

2236 1461 2397 1531 juria
2426 1461 2663 1531 benigni
2698 1479 2925 1527 sumus,
2960 1462 3017 1517 in
3052 1462 3267 1517 nostris
3300 1463 3674 1519 contumeliis
3728 1481 3900 1521 exer-

2244 1565 2446 1604 cemus
2476 1550 2627 1604 odia.
2662 1550 3076 1622 Corripiendus
3131 1557 3221 1606 est
3279 1557 3472 1606 autem
3525 1552 3699 1607 frater
3730 1570 3897 1609 seor-

2243 1653 2396 1703 sum,
2432 1656 2503 1693 ne
2534 1639 2579 1693 si
2614 1640 2791 1693 semel
2834 1640 3115 1711 pudorem
3176 1657 3241 1694 ac
3283 1641 3691 1696 verecundiam
3741 1645 3899 1698 ami-

2244 1726 2401 1795 serit,
2435 1734 2732 1783 remaneat
2763 1730 2818 1782 in
2863 1736 3115 1800 peccato.
3168 1730 3233 1783 lit
3275 1730 3565 1799 siquidem
3616 1732 3894 1801 audierit,

2240 1815 2637 1870 lucrifacimus
2692 1817 2945 1872 animam
3005 1820 3152 1887 ejus,
3215 1824 3269 1873 et
3320 1836 3421 1889 per
3452 1819 3691 1875 alterius
3725 1819 3895 1876 salu-

2242 1909 2377 1969 tem,
2414 1906 2582 1960 nobis
2640 1923 2872 1977 quoque
2934 1908 3255 1977 acquiritur
3313 1906 3495 1962 salus.
3557 1909 3657 1964 Sin
3692 1915 3894 1967 autem

2240 1994 2442 2047 audire
2486 1995 2756 2061 noluerit,
2808 1995 3155 2050 adhibeatur
3216 1997 3407 2051 frater.
3461 1998 3619 2061 Quod
3681 1998 3728 2053 si
3779 2014 3892 2054 nec

2240 2081 2406 2137 illum
2439 2083 2707 2150 audierit,
2742 2084 3090 2139 adhibeatur
3118 2090 3174 2140 et
3204 2086 3433 2147 tertius,
3466 2085 3552 2141 vel
3585 2087 3891 2159 corrigen-

2239 2170 2295 2224 di
2328 2171 2543 2240 studio,
2574 2172 2663 2227 vel
2726 2173 3100 2228 conveniendi
3152 2175 3261 2228 sub
3293 2174 3564 2229 testibus.
3624 2178 3803 2231 Porro
3842 2177 3895 2231 si

2238 2275 2342 2313 nec
2375 2258 2509 2314 illos
2566 2261 2765 2315 audire
2821 2261 3086 2327 voluerit,
3146 2267 3285 2317 tunc
3336 2261 3537 2318 multis
3568 2264 3896 2320 dicendum

2235 2365 2283 2403 οε
2306 2353 2343 2418 γ,
2378 2353 2443 2403 ut
2472 2349 2837 2405 detestationi
2871 2368 3003 2405 eum
3066 2351 3340 2418 habeant,
3399 2356 3455 2407 et
3500 2352 3598 2423 qui
3633 2368 3749 2407 non
3785 2370 3892 2425 po-

2232 2439 2345 2491 tuit
2376 2439 2593 2508 pudore
2621 2439 3112 2499 salvari.salvetur
3142 2440 3489 2511 opprobriis.
3517 2441 3759 2505 Quando
3779 2458 3887 2496 au-

2234 2530 2349 2581 tem
2384 2528 2599 2582 dicitur
2623 2546 2633 2583 :
2660 2532 2738 2582 Si!
2761 2530 2865 2583 tibi
2885 2531 3027 2584 sicut
3052 2531 3294 2584 ethnicus
3325 2533 3374 2585 et
3401 2532 3755 2602 publicanus,
3780 2548 3886 2587 os-

2230 2617 2484 2671 tenditur
2516 2617 2752 2685 majoris
2783 2635 2909 2672 esse
2941 2620 3363 2683 detestationis,
3396 2619 3495 2691 qui
3540 2621 3648 2675 sub
3681 2620 3879 2675 nomi-

2228 2722 2297 2759 ne
2332 2705 2515 2759 fidelis
2550 2706 2666 2773 agit
2697 2724 2869 2777 opera
2904 2707 3249 2772 infidelium,
3285 2726 3463 2779 quam
3491 2709 3547 2763 hi
3575 2709 3673 2779 qui
3702 2725 3874 2781 aper-

2190 2800 2203 2809 ‘
2229 2800 2278 2846 te
2311 2794 2553 2864 gentiles
2587 2801 2742 2849 sunt.
2780 2796 3071 2850 Publiceni
3134 2797 3287 2851 enim
3339 2802 3615 2852 vocantur
3656 2814 3868 2853 secun-

2224 2883 2362 2936 dum
2398 2884 2801 2953 tropologiam,
2862 2885 2959 2955 qui
3023 2885 3218 2939 saeculi
3276 2891 3575 2941 sectantur
3615 2886 3777 2942 lucra
3806 2891 3869 2942 et

2222 2973 2461 3043 exigunt
2488 2974 2794 3041 vectigalia
2822 2991 2922 3044 per
2952 2976 3375 3041 negotiationes
3422 2980 3478 3030 et
3508 2976 3761 3043 fraudes,
3795 2992 3867 3033 ac

2222 3062 2396 3127 furta,
2429 3062 2821 3133 scelerataque
2854 3065 3129 3134 perjuria.

2291 3212 2476 3282 (Vers.
2516 3214 2618 3283 18.)
2655 3238 2679 3259 ‹‹
2714 3216 2893 3268 Amen
2928 3215 3055 3269 dico
3086 3215 3249 3269 vobis
3281 3232 3293 3270 :
3328 3231 3688 3288 quzecunque
3731 3215 3866 3272 alli-

473 3286 732 3337 mortem
763 3284 957 3336 autem
990 3279 1180 3335 crucis
1212 3278 1473 3351 (Philipp.
1512 3297 1570 3347 ιι,
1615 3281 1777 3348 6-8):
1829 3284 1885 3334 et
1931 3281 2002 3334 ob
2051 3281 2108 3336 id

2227 3301 2494 3371 gaveritis
2526 3319 2701 3373 super
2730 3308 2963 3363 terram.
2999 3310 3171 3359 erunt
3200 3304 3377 3374 ligata
3404 3310 3461 3360 et
3493 3305 3549 3360 in
3587 3304 3768 3360 emlo:
3807 3311 3867 3361 et

471 3370 542 3425 ad
575 3374 803 3425 terrena
833 3368 1216 3433 descenderit,
1276 3372 1341 3423 ut
1397 3368 1616 3423 salvam
1674 3368 1884 3422 faceret
1930 3385 2106 3423 unam

467 3458 751 3515 oviculam
780 3475 906 3530 qua:
938 3458 1206 3531 perierat,
1240 3456 1349 3512 hoc
1398 3461 1485 3512 est
1540 3457 1862 3511 humanum
1896 3474 2104 3527 genus.

460 3548 572 3603 Alii
612 3565 745 3604 vero
790 3548 849 3603 in
911 3547 1227 3619 nonaginta
1277 3561 1480 3602 novem
1527 3546 1753 3612 ovibus,
1803 3548 2103 3616 justorum

462 3642 672 3710 putant
701 3652 1014 3691 numerum
1045 3634 1291 3706 intelligi
1310 3651 1328 3694 ,'
1359 3640 1415 3688 et
1446 3635 1502 3687 in
1538 3651 1654 3689 una
1694 3633 1941 3698 ovicula,
1974 3651 2105 3704 pec-

465 3730 741 3791 catorem,
775 3724 1100 3779 secundum
1134 3723 1287 3793 quod
1324 3722 1378 3777 in
1412 3722 1523 3776 alio
1552 3721 1676 3777 loco
1708 3722 1961 3776 dixerat:
1985 3728 2106 3778 Non

469 3815 599 3869 veni
631 3813 806 3884 justas
858 3826 1073 3879 vocare,
1135 3811 1224 3867 sed
1279 3819 1626 3881 peccatores:
1659 3826 1766 3863 non
1793 3813 1939 3865 enim
1970 3826 2105 3877 Opus

465 3902 664 3958 habent
691 3902 819 3956 sani
844 3901 1070 3969 medico,
1100 3900 1190 3955 sed
1223 3899 1285 3955 hi
1313 3900 1408 3972 qui
1452 3915 1508 3954 se
1553 3900 1698 3953 male
1726 3898 1921 3954 habent
1952 3901 2101 3970 (Luc.

464 4009 522 4061 v,
552 3992 641 4059 32,
673 3992 791 4059 33.)
833 3992 949 4046 Ista
999 3988 1274 4061 parabola
1316 3988 1375 4044 in
1427 3988 1731 4059 Evangelio
1782 3989 2103 4045 secundum

461 4082 679 4137 Lucam
710 4097 842 4136 cum
871 4079 1001 4135 aliis
1031 4079 1258 4134 duabus
1306 4077 1598 4151 parabolis
1649 4079 1847 4134 decem
1895 4079 2102 4134 drach-

466 4187 695 4227 marum
729 4174 787 4228 et
816 4170 1063 4226 duorum
1094 4168 1348 4225 ﬁliorum
1383 4168 1601 4240 scripta
1630 4172 1718 4223 est
1747 4170 1897 4239 (Luc.
1920 4184 2014 4235 xv,
2047 4169 2101 4235 8,

459 4260 520 4315 11
554 4277 697 4333 seqq.

528 4380 715 4447 (Vers.
749 4376 863 4446 44.)
896 4398 924 4425 ‹‹
958 4375 1051 4430 Sic
1082 4390 1196 4429 non
1226 4377 1318 4429 est
1363 4372 1635 4428 voluntas
1690 4375 1824 4427 ante
1872 4372 2099 4427 Patrem

458 4469 720 4518 vestrum
751 4463 851 4533 qui
883 4463 944 4517 in
999 4462 1159 4517 coelis
1216 4465 1326 4526 est,
1355 4465 1420 4515 ut
1466 4464 1662 4532 pereat
1708 4478 1860 4516 unus
1891 4461 1961 4516 de
1993 4478 2098 4533 pu-

458 4550 606 4608 sillis
637 4549 785 4607 istis.
820 4572 847 4601 n
906 4550 1101 4605 Refert
1149 4550 1221 4605 ad
1271 4548 1542 4621 superius
1591 4549 1973 4620 propositum,
2030 4550 2100 4606 de

460 4656 576 4713 quo
597 4639 858 4695 dixerat:
898 4638 1074 4695 Videte
1103 4654 1172 4694 ne
1199 4640 1549 4694 eontemnatis
1578 4653 1750 4693 unum
1777 4655 1846 4693 ex
1880 4639 2101 4709 pusillis

458 4729 576 4784 istis
606 4731 709 4795 ;et
736 4728 902 4783 docet
931 4727 1143 4782 idcirco
1194 4726 1529 4799 parabolam
1578 4726 1847 4799 positam,
1881 4731 1944 4783 ut
1993 4744 2099 4799 pu-

458 4816 572 4872 silli
606 4834 720 4873 non
752 4821 1220 4872 contemnantur.
1254 4817 1316 4871 In
1372 4832 1438 4871 eo
1490 4820 1686 4871 autem
1729 4817 1883 4887 quod
1916 4816 2095 4871 dicit:

455 4907 574 4962 Non
629 4908 708 4961 est
764 4906 1023 4961 voluntas
1080 4910 1207 4961 ante
1262 4906 1485 4960 Patrem
1542 4914 1796 4973 vestrum,
1832 4914 1889 4960 ut
1914 4912 2102 4977 pereat

456 5011 600 5051 unus
628 4993 695 5049 de
717 4993 938 5065 pusillis
995 4995 1155 5049 istis:
1216 4992 1444 5065 quoties
1475 4992 1689 5064 aliquis
1744 4992 1975 5063 perierit
2026 4993 2097 5048 de

453 5082 687 5157 pusillis
718 5080 871 5150 istis,
903 5081 1230 5136 ostenditur
1259 5081 1411 5152 quod
1446 5097 1559 5135 non
1585 5079 1878 5135 voluntate
1908 5080 2095 5135 Patris

450 5172 707 5246 perierit.

521 5316 707 5387 (Vers.
745 5313 951 5383 15-17.)
983 5335 1009 5362 ‹‹
1044 5309 1099 5364 Si
1133 5315 1326 5366 autem
1361 5311 1679 5383 peccaverit
1708 5310 1766 5365 in
1810 5314 1865 5366 te
1917 5311 2094 5365 frater

452 5406 612 5467 tuus,
642 5403 805 5472 vade,
837 5406 894 5456 et
918 5399 1141 5471 corrige
1170 5415 1303 5453 eum
1330 5399 1482 5453 inter
1504 5404 1557 5453 te
1575 5404 1629 5453 et
1653 5398 1845 5470 ipsum
1876 5399 2087 5453 solum.

450 5489 509 5543 Si
541 5494 597 5543 te
626 5490 895 5557 audierit,
917 5488 1182 5544 lucratus
1205 5487 1319 5543 eris
1353 5488 1585 5541 fratrem
1616 5489 1870 5544 tuum.Si
1896 5492 2090 5543 autem

452 5581 508 5631 te
539 5592 655 5631 non
685 5577 954 5643 audierit,
987 5579 1134 5633 141
1188 5576 1399 5631 adhibe
1447 5579 1640 5631 tecum
1683 5576 1874 5631 adhuc
1907 5595 2089 5635 unum

2220 3406 2580 3462 quiscunque
2612 3391 2898 3446 solveritis
2929 3410 3104 3463 super
3136 3398 3553 3459 terram,erunt
3583 3394 3775 3449 soluta
3806 3400 3868 3450 et

2220 3478 2273 3531 in
2310 3479 2473 3533 C(elo.
2510 3502 2536 3525 »
2569 3480 2716 3544 Quia
2745 3481 3003 3535 dixerat:
3040 3483 3100 3535 Si
3164 3487 3343 3537 autem
3390 3484 3691 3537 Ecclesium
3745 3499 3883 3541 non.

2214 3568 2472 3633 mulierit,
2506 3570 2577 3622 sit
2610 3570 2708 3623 tibi
2736 3571 2878 3623 sicut
2910 3570 3155 3624 ethnicus
3180 3580 3231 3625 et
3259 3572 3604 3642 publicanus,
3655 3576 3711 3625 et
3756 3587 3859 3643 po-

2216 3662 2363 3711 terat
2392 3658 2830 3727 comtemptoris
2882 3658 3075 3713 fratris
3128 3658 3247 3713 haec
3295 3659 3521 3714 occulta
3567 3676 3693 3715 esse
3736 3677 3859 3715 res-

2216 3746 2438 3817 ponsio,
2472 3745 2557 3799 vel
2591 3747 2765 3800 tacita
2796 3747 3086 3817 cogitatio,
3121 3749 3168 3802 si
3220 3765 3311 3803 me
3350 3748 3627 3820 despicis,
3659 3754 3715 3804 et
3748 3765 3857 3821 ego

2216 3839 2268 3889 te
2300 3832 2592 3903 despicio;
2629 3834 2678 3888 si
2721 3839 2783 3888 tu
2831 3852 2921 3889 me
2961 3838 3334 3905 condemnas,
3370 3841 3426 3891 et
3457 3854 3586 3892 mea
3616 3841 3858 3893 senten-

2216 3922 2296 3976 tia
2326 3922 2843 3978 condemnaberis:
2897 3928 3237 3995 potestatem
3290 3925 3497 3980 tribuit
3546 3924 3855 3997 apostolis,

2214 4016 2279 4065 ut
2306 4011 2495 4066 sciant
2525 4010 2624 4081 qui
2669 4028 2701 4065 a
2753 4011 2966 4067 talibus
2998 4010 3483 4081 condemnentur,
3530 4014 3854 4069 humanam

2213 4100 2558 4155 sententiam
2591 4099 2786 4155 divina
2816 4103 3101 4156 sententia
3131 4102 3410 4168 roborari,
3444 4108 3498 4157 et
3542 4103 3856 4174 quodcun-

2211 4205 2325 4259 que
2354 4188 2601 4260 ligatum
2634 4189 2807 4244 fuerit
2864 4189 2922 4244 in
2980 4195 3153 4258 terra,
3187 4190 3349 4263 ligari
3410 4190 3628 4263 pariter
3682 4194 3740 4247 et
3793 4191 3854 4246 in

2211 4276 2365 4332 caelo.

2282 4425 2465 4495 (Vers.
2502 4426 2587 4492 19,
2622 4427 2735 4495 20.)
2772 4448 2798 4476 ‹‹
2831 4427 3048 4482 Iterum
3079 4427 3206 4483 dico
3235 4428 3436 4484 vobis:
3486 4424 3622 4500 quia
3652 4427 3700 4484 si
3731 4420 3885 4486 duci.

2208 4532 2275 4570 ex
2304 4514 2467 4570 vobis
2498 4517 2897 4570 consenserint
2945 4531 3121 4586 super
3169 4520 3409 4584 terram,
3459 4518 3530 4572 de
3582 4517 3740 4572 omni
3790 4533 3853 4573 re

2210 4604 2363 4660 ἰΔῖ
2397 4621 2810 4675 quamcunque
2840 4604 3132 4675 petierint,
3166 4605 3265 4661 ﬁet
3314 4605 3429 4661 illis
3459 4623 3493 4661 a
3523 4606 3689 4661 Patre
3719 4622 3852 4662 meo

2209 4691 2306 4764 qui
2340 4692 2396 4746 in
2430 4692 2589 4748 cmlis
2621 4696 2725 4747 est.
2761 4692 2866 4747 Ubi
2902 4694 3057 4748 enim
3108 4699 3247 4749 sunt
3295 4695 3409 4750 duo
3452 4693 3540 4750 vel
3570 4698 3687 4749 tres
3717 4711 3853 4750 con-

2207 4770 2430 4853 gregati
2463 4781 2520 4835 in
2551 4782 2786 4837 nomine
2818 4798 2967 4849 meo,
3001 4783 3079 4836 ibi
3113 4800 3242 4839 sum
3278 4784 3332 4836 in
3366 4784 3554 4838 medio
3579 4798 3842 4839 eoruma

2207 4870 2411 4926 Omnis
2440 4887 2616 4941 supra
2638 4888 2828 4926 sermo
2853 4889 2956 4926 nos
2983 4873 3051 4925 ad
3077 4872 3445 4927 concordiam
3478 4876 3843 4944 provocarat.

2206 4960 2391 5031 Igitur
2414 4965 2470 5013 et
2500 4960 2803 5031 prcemium
2838 4960 3160 5031 pollicetur,
3193 4966 3257 5015 ut
3288 4960 3594 5017 sollicitius
3618 4960 3851 5017 festine-

2206 5064 2338 5102 mus
2370 5048 2439 5102 ad
2473 5065 2696 5119 pacem,
2756 5066 2890 5103 cum
2948 5066 3009 5104 se
3066 5049 3221 5104 dicat
3278 5050 3427 5104 inter
3464 5049 3612 5104 duos
3642 5053 3697 5103 et
3724 5053 3849 5104 tres

2203 5137 2461 5191 medium
2498 5138 2634 5191 fore.
2669 5138 2843 5192 Juxta
2896 5136 3039 5192 illud
3084 5137 3412 5208 exemplum
3458 5137 3709 5209 tyranni,
3743 5137 3849 5209 qui

2202 5226 2347 5281 duos
2381 5226 2601 5280 amicos
2634 5230 2834 5297 captos
2885 5227 3037 5296 (cum
3091 5244 3244 5281 unus
3284 5227 3355 5281 ad
3389 5226 3690 5282 visendam
3719 5243 3846 5281 ma-

2202 5319 2348 5370 trem
2382 5316 2731 5379 revertisset,
2766 5319 2821 5369 et
2868 5316 3122 5383 amicum
3170 5332 3271 5387 pro
3321 5333 3381 5370 se
3419 5316 3624 5370 vadem
3657 5314 3849 5371 dedis-

2206 5404 2313 5473 set)
2348 5404 2429 5457 sic
2461 5405 2705 5474 probare
2724 5403 2923 5469 voluit,
2949 5410 3009 5457 ut
3042 5422 3156 5458 uno
3189 5403 3624 5471 tento,alterum
3645 5404 3846 5459 dimit-

2199 5496 2367 5547 teret.
2402 5497 2661 5563 Cumque
2719 5492 3049 5548 revertisset
3096 5495 3165 5548 ad
3227 5495 3519 5549 conditam
3550 5494 3707 5548 diem
3735 5493 3845 5548 ad-

2200 5580 2423 5635 mirans
2480 5582 2787 5635 amborum
2844 5582 3037 5647 tidem,
3098 5582 3319 5652 rogavit
3372 5588 3436 5637 ut
3468 5599 3528 5637 se
3558 5581 3845 5637 haberent

446 5663 533 5721 vel
568 5664 735 5732 duos,
768 5670 834 5720 ut
862 5666 920 5721 in
951 5682 1049 5723 ore
1087 5668 1337 5722 duorum
1370 5663 1459 5719 vel
1489 5664 1665 5719 trium
1699 5666 1937 5721 testium
1972 5646 2163 5721 stet\\
2198 5670 2458 5725 tertium.
2492 5670 2813 5725 Possumus
2839 5675 2893 5725 et
2924 5670 3031 5725 hoc
3081 5646 3459 5741 spiritualiter
3492 5670 3841 5742 intelligere,

386 5780 411 5801 κ
440 5769 618 5817 omne
645 5752 909 5813 verbum.
939 5754 1101 5821 Quod
1135 5754 1185 5816 si
1214 5771 1333 5815 non
1372 5753 1624 5813 audierit
1651 5770 1771 5829 eos,
1792 5753 1884 5811 dic
1902 5755 2091 5814 Eccle-

2200 5758 2350 5833 quod
2374 5757 2472 5815 ubi
2491 5757 2804 5832 spirituset
2824 5758 3019 5817 anima
3053 5776 3381 5835 corpusque
3414 5759 3841 5833 consenserint,
