4182 6614
243 476 359 540 137

744 472 1267 537 COMMENTAR.
1312 473 1394 534 IN
1442 471 1923 535 EVANGELlUl

2036 471 2393 534 lIATTHAEI
2438 473 2591 535 LIB.
2638 473 2743 534 IIl.
2790 474 2961 534 CAP.
3006 474 3165 534 XIX.

3548 477 3667 539 138

242 615 301 667 et
331 628 448 668 non
480 611 632 666 inter
669 625 730 665 se
779 607 998 664 bellum
1042 607 1406 664 diversarum
1455 607 1770 663 habuerint
1800 599 1896 661 vo-
1928 607 1980 674 Α
2004 606 2188 678 jussit
2216 623 2351 662 eum
2384 606 2660 663 dominus
2692 606 3040 675 venumdari,
3072 610 3129 661 et
3158 624 3395 663 uxorem
3427 610 3580 680 ejus,
3611 612 3670 666 et

242 699 542 757 luntatum
598 698 703 764 [Λι.
754 696 1173 769 voluptatum];
1228 712 1401 753 carne
1449 696 1903 768 concupiscente

244 790 530 846 adversus
559 787 852 861 spiritum,
885 791 942 842 et
976 786 1183 860 spiritu
1227 786 1510 843 adversus
1541 802 1797 851 carnem,
1832 785 1903 840 de

244 878 407 935 omni
438 894 502 933 re
531 894 705 949 quam
748 874 1043 948 petierint,
1075 876 1390 948 impetrent
1421 893 1455 930 a
1500 876 1683 932 Patre.
1718 873 1904 930 Nulli-

246 985 363 1041 que
407 967 651 1023 dubium
702 965 841 1039 quin
893 966 1181 1021 bonarum
1216 982 1412 1021 rerum
1463 964 1775 1037 postulatio
1808 964 1904 1032 sit,

244 1058 347 1114 ubi
377 1074 591 1130 corpus
621 1072 690 1112 ea
719 1054 841 1110 vult
871 1055 1086 1110 habere
1118 1072 1247 1127 qum
1287 1054 1553 1127 spiritus.
1712 1114 1725 1135 Ι

318 1147 503 1218 (Vers.
536 1147 627 1216 21,
659 1145 773 1216 22.)
807 1168 832 1193 ‹‹
866 1145 1029 1200 Tunc
1078 1145 1362 1199 accedens
1410 1143 1612 1198 Petrus
1643 1143 1715 1198 ad
1748 1160 1904 1207 eum,

246 1236 394 1292 dixit
418 1255 431 1292 :
460 1235 721 1307 Domine,
746 1234 975 1306 quoties
1007 1233 1272 1306 peccabit
1303 1233 1361 1287 in
1399 1249 1490 1288 me
1515 1232 1694 1288 frater
1718 1248 1906 1302 meus,

247 1330 307 1382 et
336 1325 629 1382 dimittam
671 1323 771 1380 ei?
820 1339 1009 1395 usque
1057 1322 1318 1395 septies?
1351 1321 1500 1377 Dicit
1551 1320 1634 1376 illi
1685 1321 1907 1377 Jesus:

248 1419 376 1472 Non
424 1414 553 1470 dico
602 1413 706 1468 tibi
754 1428 943 1484 usque
991 1412 1234 1484 septies,
1283 1412 1379 1466 sed
1438 1427 1628 1482 usque
1673 1416 1908 1483 septua-

249 1506 376 1579 gies
404 1503 692 1576 septies.»
723 1502 913 1559 Haeret
959 1500 1071 1558 sibi
1122 1517 1314 1557 sermo
1364 1500 1726 1566 Dominicus,
1763 1505 1819 1554 et
1852 1498 1909 1554 in

252 1594 493 1649 modum
552 1592 795 1648 funiculi
845 1590 1092 1663 triplicis
1143 1590 1339 1661 rumpi
1393 1606 1509 1645 non
1555 1593 1766 1661 potest.
1801 1589 1909 1643 Su-

250 1700 357 1755 pra
385 1682 607 1737 dixcrat
640 1700 653 1737 :
693 1680 870 1737 Videte
898 1696 967 1735 ne
1014 1680 1378 1735 conit’mntttis
1430 1695 1608 1734 unum
1638 1694 1709 1733 ea:
1737 1677 1911 1749 pusil-

250 1775 321 1829 lis
370 1773 491 1828 istis
520 1770 730 1843 (Matth.
759 1770 1068 1841 XXIII,1()),
1102 1774 1158 1825 et
1205 1770 1503 1839 adjecerat
1545 1785 1559 1823 :
1616 1768 1675 1823 Si
1719 1784 1911 1840 pecca-

248 1864 389 1919 verit
418 1863 477 1917 in
508 1869 557 1916 te
583 1863 758 1933 frater
810 1869 954 1930 tuus,
988 1859 1147 1926 vade,
1174 1868 1230 1914 et
1259 1860 1474 1930 corripe
1514 1875 1643 1913 eum
1689 1859 1835 1912 inter
1865 1860 1918 1912 te

253 1960 304 2008 et
350 1954 533 2023 ipsum
578 1949 951 2054 ,ςοιωηῂῌὺξιί⁸
1000 1949 1121 2021 15);
1172 1953 1229 2054 et
1275 1948 1580 2020 praemium
1632 1944 1912 2019 repromi-
1948 1989 1995 2054 Β

256 2046 435 2108 serat,
463 2040 711 2096 dicens:
746 2038 806 2094 Si
855 2038 963 2094 duo
1010 2054 1082 2093 eo:
1132 2038 1283 2093 vobis
1328 2039 1705 2093 consenserint
1754 2052 1920 2107 super

258 2139 491 2198 terram,
550 2129 615 2184 de
677 2130 837 2184 omni
889 2144 947 2184 re
1012 2127 1384 2200 impetrabunt
1442 2143 1608 2198 quam
1662 2127 1921 2199 petierint

259 2219 419 2291 (Ibid.
453 2218 572 2287 49);
607 2222 663 2274 et
692 2234 828 2290 ergo
859 2234 955 2273 cro
987 2216 1045 2272 in
1080 2216 1272 2273 medio
1301 2233 1528 2272 eorum.
1569 2216 1921 2272 Provocatus

260 2309 563 2382 apostolus
611 2308 814 2364 Petrus
860 2307 1201 2379 interrogat,
1252 2306 1482 2378 quoties
1533 2305 1698 2361 fratri
1747 2305 1807 2360 in
1859 2321 1922 2360 se

261 2400 522 2473 peccanti
573 2398 869 2453 dimittere
901 2397 1131 2464 debeat,
1176 2400 1234 2450 et
1281 2412 1416 2450 cum
1466 2394 1923 2467 interrogatione

262 2489 488 2562 profert
531 2485 907 2553 sententiam,
955 2501 1124 2559 usque
1174 2487 1409 2555 septies?
1465 2484 1569 2540 Cui
1623 2483 1925 2555 respondit

261 2579 437 2634 Jesus
469 2594 482 2632 :
515 2581 637 2635 Non
666 2592 835 2647 usque
877 2576 1093 2647 septies,
1127 2573 1217 2629 sed
1256 2589 1423 2644 usque
1458 2574 1770 2645 septuagies
1800 2589 1922 2643 sep-

261 2670 387 2734 ties,
438 2666 493 2722 id
545 2669 652 2736 est,
705 2663 1153 2737 quadringentis
1199 2663 1523 2735 nonaginta
1568 2662 1817 2726 vicibus,
1863 2664 1927 2715 ut

266 2757 437 2813 toties
466 2754 731 2829 peccanti
761 2753 925 2809 fratri
968 2754 1288 2809 dimitteret
1329 2753 1387 2807 in
1420 2752 1536 2820 die,
1569 2752 1797 2823 quoties
1828 2749 1925 2805 ille

266 2862 508 2920 peccare
532 2861 648 2900 non
679 2844 885 2917 possit.

340 2935 529 3004 (Vers.
560 2933 676 3006 23.)
700 2956 727 2984 «
766 2933 898 2989 Ideo
929 2930 1324 2988 assimilatum
1357 2935 1446 2986 est
1476 2946 1718 3003 regnum
1756 2927 1927 2984 coelo-

271 3040 407 3081 rum
436 3023 659 3079 homini
695 3021 837 3095 regi,
866 3021 973 3094 ’qui
1004 3020 1188 3077 voluit
1220 3020 1503 3075 rationem
1552 3034 1763 3092 ponere
1794 3034 1929 3073 cum

184 3177 193 3183 ,
272 3114 457 3171 servis
490 3114 634 3169 suis.
662 3135 689 3163 ›ι
713 3111 1020 3168 Familiare
1059 3115 1150 3167 est
1191 3111 1350 3180 Syris
1383 3114 1439 3166 et
1470 3109 1722 3165 maxime
1753 3107 1930 3163 Palae-

270 3204 454 3261 stinis
476 3204 546 3259 ad
576 3219 809 3258 omnem
832 3218 1160 3258 sermonem
1184 3217 1359 3256 suum
1388 3198 1695 3273 parabolas
1717 3199 1931 3271 junge-

279 3311 344 3349 re
371 3310 383 3348 :
413 3285 658 3365 utquod
694 3308 797 3365 per
817 3289 1068 3363 simplex
1095 3293 1449 3363 praeceptum
1473 3289 1655 3344 teneri
1677 3289 1750 3343 ab
1773 3286 1936 3342 audi-

2013 696 2185 766 ﬁlios,
2218 701 2275 751 et
2307 696 2501 751 omnia
2549 713 2675 768 qua:
2723 696 2998 766 habebat,
3031 701 3087 752 et
3134 696 3316 752 reddi.
3350 697 3667 756 Procidens

2014 789 2208 840 autem
2262 801 2462 841 servus
2506 784 2621 853 ille,
2657 786 2901 857 rogabat
2945 802 3103 852 eum,
3155 785 3400 842 dicens:
3437 786 3669 842 Patien-

2013 874 2156 929 tiam
2189 874 2337 930 habe
2365 875 2424 929 in
2460 890 2572 945 me,
2605 878 2662 930 et
2705 874 2904 931 omnia
2944 875 3184 931 reddam
3232 874 3360 931 tibi.
3395 874 3669 932 Misertus

2015 968 2211 1019 autem
2243 965 2519 1020 dominus
2552 964 2700 1020 servi
2733 963 2912 1033 illius,
2946 964 3173 1020 dimisit
3202 979 3337 1020 eum
3374 981 3386 1021 :
3419 969 3478 1021 et
3507 964 3670 1021 debi-

2017 1059 2144 1109 tum
2177 1054 2403 1109 dimisit
2432 1054 2504 1109 ei.
2536 1055 2820 1127 Egressus
2846 1058 3041 1111 autem
3074 1071 3277 1111 servus
3307 1053 3425 1127 ille,
3448 1053 3673 1112 invenit

2019 1160 2202 1198 unum
2236 1144 2307 1198 de
2356 1143 2653 1200 conservis
2700 1143 2846 1212 suis,
2881 1145 2980 1216 qui
3034 1144 3284 1201 debebat
3336 1146 3388 1201 ei
3436 1150 3674 1201 centum

2020 1233 2290 1289 denarios
2315 1250 2327 1288 :
2353 1236 2409 1288 et
2438 1237 2644 1289 tenens
2676 1234 3003 1290 sdil‘ocabat
3030 1251 3187 1305 eum,
3212 1234 3417 1290 dicens
3441 1252 3453 1289 :
3483 1235 3680 1297 Redde

2021 1323 2175 1394 quod
2223 1322 2421 1377 debes.
2458 1323 2525 1377 Et
2570 1323 2878 1394 procidens
2910 1340 3226 1379 conservus
3257 1326 3385 1395 ejus
3434 1325 3682 1399 rogabat

2020 1428 2176 1478 eum,
2229 1412 2475 1467 dicens:
2520 1413 2870 1468 Patientiam
2919 1412 3069 1469 habe
3120 1413 3179 1468 in
3233 1430 3347 1482 me,
3379 1418 3437 1469 et
3482 1414 3683 1470 omnia

2023 1501 2263 1556 reddam
2305 1500 2433 1555 tibi.
2470 1500 2568 1555 Ille
2600 1505 2795 1557 autem
2829 1501 3017 1558 noluit
3050 1520 3062 1558 :
3097 1502 3197 1558 sed
3237 1501 3399 1570 abiit,
3433 1507 3490 1559 et
3520 1502 3685 1559 misit

2022 1606 2157 1645 eum
2191 1590 2247 1643 in
2281 1606 2593 1658 carcerem,
2629 1591 2813 1645 donec
2845 1591 3113 1647 redderet
3144 1591 3431 1648 debitum.
3464 1591 3680 1647 Viden-

2022 1683 2110 1734 tes
2168 1683 2364 1734 autem
2413 1679 2675 1735 conservi
2725 1680 2853 1751 ejus
2902 1696 3029 1752 quae
3077 1680 3320 1747 ﬁebant,
3352 1681 3679 1738 contristati

2024 1772 2164 1823 sunt
2210 1767 2375 1824 valde
2418 1786 2431 1824 :
2472 1773 2529 1824 et
2574 1772 2877 1837 venerunt,
2912 1772 2968 1825 et
3015 1775 3399 1826 narraverunt
3440 1770 3679 1827 domino

2025 1874 2131 1913 suo
2163 1858 2361 1913 omnia
2391 1874 2520 1930 quae
2552 1858 2705 1913 facta
2752 1859 3002 1913 fuerant.
3037 1859 3204 1914 Tunc
3235 1859 3460 1915 vocavit
3508 1858 3679 1914 illum

2026 1946 2304 2002 dominus
2360 1963 2526 2014 suus,
2582 1952 2640 2002 et
2688 1946 2769 2002 ait
2815 1946 2897 2001 illi
2933 1965 2946 2002 :
2979 1950 3148 2004 Serve
3197 1964 3474 2020 nequam,
3508 1963 3682 2004 omne

2028 2035 2291 2091 debitum
2334 2036 2533 2091 dimisi
2577 2036 2702 2107 tibi,
2737 2036 3017 2109 quoniam
3066 2038 3283 2110 rogasti
3337 2054 3450 2093 me.
3478 2037 3683 2094 Nonne

2029 2141 2166 2197 ergo
2214 2124 2471 2198 Oportuit
2502 2128 2559 2180 et
2596 2130 2651 2181 te
2684 2126 2949 2182 misereri
2992 2127 3255 2183 conservi
3303 2128 3412 2195 tui,
3443 2126 3599 2184 sicut
3627 2131 3686 2184 et

2030 2231 2136 2287 ego
2178 2214 2261 2270 tui
2313 2215 2592 2269 misertus
2641 2214 2820 2270 sum?
2851 2216 2918 2271 Et
2968 2216 3154 2271 iratus
3203 2216 3479 2273 dominus
3532 2218 3683 2289 ejus,

2032 2292 2276 2359 tradidit
2306 2320 2441 2359 eum
2470 2304 2790 2360 tortoribus
2832 2305 3216 2377 quoadusque
3261 2304 3527 2361 redderet
3557 2305 3687 2361 uni-

2031 2410 2265 2448 versum
2315 2392 2598 2449 debitum.
2629 2415 2657 2441 »
2686 2393 2815 2449 Scio
2848 2394 3138 2466 quosdam
3159 2395 3181 2428 ²
3210 2394 3390 2450 istum
3443 2394 3545 2468 qui
3593 2395 3699 2451 de-

2032 2483 2207 2538 bebat
2237 2483 2434 2538 decem
2471 2481 2657 2538 millia
2688 2483 2928 2552 talenta,
2960 2482 3262 2539 diabolum
3295 2485 3688 2557 interpretari,

2035 2574 2204 2643 cujus
2238 2588 2474 2627 uxorem
2516 2576 2572 2626 et
2617 2571 2770 2627 ﬁlios
2815 2572 3239 2629 venundandos
3287 2577 3695 2645 perseverante

2034 2661 2131 2717 illo
2155 2662 2213 2716 in
2240 2660 2485 2728 malitia,
2501 2660 2903 2734 insipientiam
2924 2665 2981 2717 et
3001 2661 3190 2718 malas
3206 2664 3591 2736 cogitationes
3612 2663 3701 2720 in-

2034 2749 2217 2822 telligi
2236 2750 2458 2806 volunt.
2473 2750 2635 2805 Sicut
2650 2750 2805 2806 enim
2819 2751 2967 2822 justi
2988 2768 3133 2807 uxor
3149 2752 3368 2809 dicitur
3386 2752 3694 2825 sapientia,

2038 2840 2121 2896 sic
2143 2857 2382 2896 uxorem
2414 2842 2564 2895 144
2593 2839 2799 2912 injusti
2823 2845 2878 2895 et
2902 2841 3223 2912 peccatoris
3246 2841 3528 2914 appellari
3553 2840 3697 2897 stul-

2036 2930 2247 2986 titiam.
2282 2930 2393 2985 Sed
2444 2930 2829 3002 quomodo‘ei
2876 2930 3138 2986 dimittat
3185 2931 3461 2987 dominus
3492 2932 3694 2988 decem

2041 3019 2226 3075 millia
2253 3018 2504 3088 talenta;
2537 3023 2595 3074 et
2632 3018 2728 3074 ille
2769 3019 2939 3075 nobis
2979 3021 3273 3077 conservis
3304 3020 3428 3077 suis
3457 3024 3693 3077 centum

2041 3109 2311 3165 denarios
2342 3126 2458 3164 non
2492 3108 2802 3178 dimiserit,
2836 3126 2942 3165 nec
2972 3109 3376 3166 ecclesiasticae
3407 3112 3693 3185 interpre-

2042 3198 2284 3255 tationis
2316 3202 2422 3269 est,
2456 3215 2561 3254 nec
2591 3215 2625 3254 a
2654 3199 3044 3271 prudentibus
3075 3199 3215 3259 vinis
3245 3200 3609 3275 recipiendae.

2115 3289 2304 3359 (Vers.
2336 3289 2451 3360 35.)
2483 3311 2510 3338 «
2558 3288 2649 3343 Sic
2693 3292 2749 3344 et
2797 3288 2965 3345 Pater
3013 3306 3181 3346 meus
3228 3291 3481 3347 coelestis
3532 3289 3704 3349 faciet

280 3382 506 3439 toribus
538 3399 655 3437 non
687 3385 897 3453 potest,
932 3398 1034 3452 per
1071 3379 1519 3435 similitudinem
1552 3376 1935 3450 exemplaque
1965 3366 2008 3433 C
2046 3378 2231 3449 vobis,
2264 3378 2312 3433 si
2346 3394 2459 3433 non
2510 3377 2800 3433 remiserit
2843 3379 3254 3451 unusquisque
3284 3379 3449 3435 fratri
3480 3396 3588 3436 suo
3632 3379 3704 3437 de

282 3476 572 3529 teneatur.
609 3470 885 3542 Priscepit
915 3470 1108 3540 itaque
1149 3473 1316 3524 Petro
1361 3470 1470 3523 sub
1503 3466 1941 3540 comparatione
2049 3468 2324 3523 cordibus
2354 3469 2589 3523 vestris.
2618 3489 2644 3514 n
2676 3467 3080 3524 Formidolosa
3119 3468 3431 3536 sententia,
3465 3468 3515 3523 si
3536 3470 3707 3540 juxta

283 3562 437 3635 regis
458 3565 516 3617 et
538 3559 783 3630 domini,
804 3563 861 3615 et
884 3556 1171 3629 servi,qui
1194 3557 1422 3612 debitor
1454 3558 1652 3612 decem
1690 3555 1942 3610 millium
2052 3561 2313 3612 nostram
2346 3562 2601 3612 mentem
2635 3556 2926 3612 sententia
2956 3556 3056 3612 Dei
3086 3557 3340 3613 flectitur
3366 3560 3541 3629 atque
3574 3574 3709 3614 mu-

282 3652 443 3707 143
474 3651 857 3715 talentorum,
889 3665 923 3703 a
953 3646 1191 3703 domino
1221 3663 1460 3718 rogans,
1496 3645 1727 3701 veniam
1762 3644 1944 3716 impe-
2050 3650 2227 3702 tatur.
2262 3645 2321 3701 Si
2354 3662 2530 3717 parva
2581 3645 2863 3701 fratribus
2909 3662 3025 3701 non
3078 3644 3458 3717 dimittimus,
3494 3663 3711 3720 magna

286 3744 571 3809 traverat;
617 3743 682 3795 ut
728 3738 855 3810 ipse
901 3752 1134 3810 quoque
1166 3735 1425 3791 dimittat
1475 3734 1771 3791 conservis
1821 3733 1945 3789 suis
2056 3736 2226 3791 nobis
2258 3752 2291 3790 a
2322 3741 2433 3791 Deo
2464 3752 2580 3790 non
2614 3735 3005 3792 dimittantur.
3038 3736 3109 3791 Et
3140 3734 3278 3809 quia
3304 3740 3500 3809 potest
3532 3753 3713 3794 unus-

289 3830 520 3887 minora
562 3828 964 3902 peccantibus.
1000 3826 1059 3882 Si
1102 3826 1258 3881 enim
1290 3824 1390 3881 ille
1418 3842 1517 3879 rex
1566 3829 1622 3880 et
1672 3824 1948 3879 dominus
2057 3825 2308 3898 quisque
2347 3824 2537 3880 dicere
2572 3842 2584 3880 :
2627 3823 2774 3880 nihil
2825 3826 2966 3881 abeo
3011 3829 3214 3882 contra
3242 3842 3398 3897 eum,
3433 3826 3558 3899 ipse
3607 3843 3709 3884 no-

290 3936 459 3977 servo
489 3919 735 3975 debitori
781 3918 981 3973 decem
1018 3915 1207 3972 millia
1238 3914 1594 3972 talentorum
1627 3918 1748 3970 tam
1783 3911 1950 3969 facile
2057 3915 2139 3969 vit
2172 3931 2185 3969 :
2222 3914 2396 3970 habet
2418 3915 2599 3970 Deum
2625 3914 2908 3987 judicem,
2942 3932 3057 3971 non
3092 3915 3237 3971 mihi
3268 3932 3421 3972 curas
3452 3922 3542 3972 est
3572 3915 3714 3989 quid

291 4009 539 4076 dimisit,
576 4012 799 4081 quanto
830 4006 1018 4079 magis
1063 4005 1214 4062 servi
1246 4005 1537 4061 conservis
1582 4004 1707 4059 suis
1738 4003 1954 4058 debent
2060 4004 2199 4059 velit
2246 4019 2435 4076 agere,
2468 4020 2574 4076 ego
2622 4003 2818 4076 ignovi
2869 4004 2953 4076 ei;
3006 4005 3316 4061 confirmat
3365 4006 3717 4063 sententiam

292 4099 526 4155 minora
555 4095 889 4153 dimittere?
918 4096 1081 4161 Quod
1129 4098 1193 4150 ut
1232 4093 1602 4150 manifestius
1635 4093 1758 4163 ﬁat,
1793 4092 1952 4146 dica-
2064 4109 2255 4160 suam,
2289 4097 2345 4147 et
2376 4109 2610 4148 omnem
2642 4091 3079 4149 simulationem
3112 4094 3263 4150 fictae
3302 4095 3464 4167 pacis
3494 4092 3718 4164 evertit,

294 4204 433 4244 mus
478 4187 587 4243 sub
631 4184 893 4258 exemplo
928 4203 940 4240 :
975 4185 1036 4240 Si
1083 4184 1216 4257 quis
1265 4189 1538 4239 nostrum
1592 4180 1958 4239 commiserit
2065 4181 2266 4237 dicens
2296 4197 2309 4237 :
2344 4181 2403 4235 Si
2430 4197 2540 4237 non
2572 4180 2894 4236 remiseritis
2923 4183 3303 4253 unusquisque
3330 4185 3502 4254 fratri
3527 4199 3625 4240 suo
3654 4186 3723 4241 de

295 4276 683 4343 adulterium,
714 4274 1122 4340 homicidium,
1157 4273 1555 4346 sacrilegium,
1590 4273 1817 4343 majora
1846 4269 1958 4325 cri-
2065 4272 2316 4326 cordibus
2344 4274 2559 4327 vestris.

299 4367 467 4424 mina
488 4365 687 4422 decem
711 4363 961 4420 millium
984 4362 1366 4431 talentorum,
1392 4362 1737 4434 rogantibus
1768 4358 1963 4415 dimit-
2143 4361 2301 4435 (Cap.
2338 4361 2475 4416 XIX.
2510 4392 2579 4403 -—-
2607 4361 2773 4418 Vers.
2809 4362 2950 4433 1-3.)
2992 4385 3020 4413 ‹‹
3064 4366 3130 4417 Et
3179 4362 3400 4419 factum
3455 4368 3545 4419 est
3590 4379 3727 4420 cum

303 4460 534 4523 tantur,
560 4453 610 4511 si
637 4459 693 4512 et
719 4453 830 4526 ipsi
857 4452 1163 4509 dimittant
1184 4450 1413 4507 minora
1434 4450 1834 4522 peccantibus.
1860 4448 1962 4503 Sin
2073 4456 2546 4507 consummasset
2592 4452 2765 4508 Jesus
2816 4469 3118 4509 sermones
3167 4452 3333 4522 istos,
3377 4453 3653 4526 migravit
3699 4470 3735 4511 ιι

304 4551 502 4603 autem
525 4546 597 4601 ob
622 4545 836 4600 factam
853 4541 1270 4599 contumeliam
1295 4540 1505 4596 simul'
1534 4538 1963 4612 implacabiles,
2078 4541 2345 4609 Galilaea;
2379 4545 2434 4596 et
2462 4541 2621 4596 venit
2662 4542 2722 4597 in
2757 4542 2903 4597 lines
2933 4542 3143 4598 Judseze
3174 4548 3339 4600 trans
3368 4544 3684 4601 Jordanem
3720 4562 3735 4602 :

306 4641 367 4694 et
418 4639 653 4709 propter
707 4650 975 4690 amarum
1032 4632 1279 4690 verbum
1328 4634 1595 4702 perpetes
1643 4628 1968 4684 habeamus
2076 4636 2133 4687 et
2156 4635 2370 4686 secuta
2393 4636 2534 4686 sunt
2564 4648 2697 4686 eum
2724 4634 2907 4687 turbae
2932 4632 3151 4701 multis,
3174 4638 3231 4689 et
3251 4635 3475 4690 curavit
3502 4651 3602 4691 eos
3632 4633 3736 4691 ibi.

306 4724 635 4782 discordias
669 4740 681 4779 :
716 4738 910 4779 nonne
955 4720 1126 4777 nobis
1154 4720 1421 4775 videmur
1470 4723 1622 4774 recte
1669 4716 1970 4790 redigendi
2003 4747 2048 4812 Π
2080 4721 2151 4776 Et
2179 4725 2554 4777 accesserunt
2584 4723 2654 4778 ad
2688 4737 2820 4777 eum
2854 4722 3126 4779 Pharisaei
3169 4728 3462 4781 tentantes
3492 4741 3650 4795 eum,
3683 4729 3745 4782 et

313 4816 375 4871 in
434 4830 745 4882 carcerem,
788 4816 846 4869 et
895 4813 1005 4868 sub
1063 4809 1327 4883 exemplo
1377 4809 1570 4882 operis
1622 4808 1805 4863 nostri
1863 4807 1972 4863 hoc
2004 4807 2038 4812 ”
2083 4810 2347 4866 dicentes
2380 4826 2395 4865 :
2426 4810 2483 4864 Si
2518 4810 2651 4866 licet
2692 4809 2919 4867 homini
2950 4812 3246 4869 dimittere
3277 4830 3517 4871 uxorem
3567 4831 3739 4872 suam

315 4920 507 4979 agere,
540 4909 606 4959 ut
639 4904 929 4975 majorum
963 4900 1133 4957 nobis
1164 4898 1511 4955 delictorum
1542 4898 1711 4954 venia
1742 4914 1857 4953 non
1894 4914 1976 4953 re—
2087 4916 2437 4973 quacunque
2466 4916 2535 4956 ex
2564 4898 2787 4957 causa?
2819 4923 2846 4951 ››
2878 4901 2959 4957 De
3000 4901 3235 4959 Galilzea
3262 4910 3502 4961 venerat
3533 4905 3605 4961 ad
3639 4904 3743 4961 Ju-

318 4992 590 5050 laxetur?

393 5082 579 5156 (Vers.
610 5083 820 5154 24-34.)
852 5072 978 5137 «'Et
1010 5097 1144 5137 cum
1177 5079 1451 5152 coepisset
1482 5078 1765 5135 rationem
1802 5094 1977 5151 pone-

320 5190 403 5245 re,
436 5171 669 5229 oblatus
711 5176 801 5229 est
829 5171 881 5228 ei
912 5188 1067 5227 unus
1097 5169 1195 5235 qui
1247 5169 1496 5225 debebat
1545 5170 1744 5224 decem
1795 5167 1983 5223 millia

320 5261 563 5319 talenta.
595 5261 739 5320 Cum
789 5265 986 5319 autem
1037 5278 1152 5318 non
1207 5258 1444 5315 haberet
1491 5258 1647 5314 unde
1694 5257 1981 5326 redderet,

2089 4990 2271 5045 daeam
2307 5007 2320 5045 :
2358 4990 2575 5047 idcirco
2619 4990 3048 5048 Pharisaeorum
3083 4993 3540 5068 Scribarumque
3570 4995 3745 5051 factio

2090 5080 2424 5153 interrogat
2470 5097 2604 5136 eum
2656 5098 2668 5137 :
2717 5085 2916 5137 utrum
2967 5081 3137 5139 liceat
3184 5083 3410 5140 homini
3453 5083 3748 5140 dimittere

2094 5186 2331 5226 uxorem
2390 5187 2559 5226 suam
2624 5170 2887 5243 qualibet
2936 5188 3135 5241 causa,
3187 5177 3253 5230 ut
3295 5172 3464 5246 quasi
3504 5176 3748 5228 cornuto

2096 5264 2331 5317 teneant
2362 5277 2498 5318 eum
2544 5259 2883 5335 syllogismo
2917 5281 2929 5319 :
2963 5267 3020 5319 et
3066 5263 3460 5336 quodcunque
3510 5277 3751 5334 respon-

400 5483 416 5518 ¹
445 5481 666 5555 Vitiosa
695 5484 818 5537 erat
831 5480 1038 5555 simul,
1072 5495 1187 5555 pr_o_
1209 5480 1401 5555 simus.
1430 5547 1440 5555 _
1776 5548 1785 5555 _
1846 5550 1860 5555 Δ
1905 5550 1916 5555 _
1947 5549 1958 5555 _
2100 5480 2335 5555 colitur;
2358 5480 2408 5537 si
2438 5484 2603 5555 extra
2633 5481 2943 5555 hominum
2975 5498 3187 5555 genus,
3212 5480 3345 5553 quis
3377 5477 3612 5555 ille_est,
3640 5479 3757 5555 nisi

398 5557 421 5589 ²
450 5554 616 5628 Haud
647 5558 798 5609 certe
830 5547 1314 5628 longius—ablusit
1348 5547 1993 5628 Origenhes,-qui_debi-
2104 5552 2394 5628 diabolus,
2428 5554 2529 5624 qui
2564 5558 2650 5609 tot
2690 5553 2959 5609 homines
2977 5547 3338 5628 perdiditia
3370 5547 3604 5628 quibus
3635 5554 3762 5628 ipse

327 5632 515 5683 torem
547 5627 747 5681 decem
781 5620 1036 5698 millium
1070 5620 1513 5698 talentorumiu
1546 5620 1624 5698 Si,
1657 5620 1869 5692 inquit,
1894 5622 1994 5698 in-
2107 5624 2323 5698 peccati
2347 5620 2581 5698 Anu—ator
2637 5620 3127 5698 susceptus-est?
3160 5646 3187 5673 ››
3238 5622 3364 5679 Non
3386 5620 3507 5680 ἐἰσ
3565 5620 3763 5684 aufem

326 5700 419 5755 ter
444 5697 714 5754 homines
737 5695 1096 5769 quaesiveris,
1120 5707 1417 5769 cumesse
1441 5693 1689 5769 forsitan
1719 5695 1996 5769 reperies,
2107 5693 2568 5769 stricteOrigcni
2619 5693 2875 5752 adhaeret
2908 5695 3316 5769 Hieronymus,
3352 5700 3418 5752 ut
3444 5703 3503 5754 et
3532 5699 3765 5755 devium

327 5771 627 5845 Hominem
656 5765 885 5841 ρεσὲαιί,
917 5768 1097 5838 ﬁlium
1136 5765 1498 5845 Ρενειίζξοζτίε,
1533 5768 1632 5845 qui
1671 5766 2001 5845 adversatur
2110 5769 2182 5827 ab
2212 5765 2609 5845 ecclesiastica
2632 5765 3448 5845 interpretatione'sequatur,
3473 5770 3617 5845 quin
3646 5771 3765 5830 imo

329 5846 381 5903 et
410 5836 704 5904 extollitnr
727 5836 897 5913 supra
917 5836 1088 5895 omne
1118 5836 1257 5910 quod
1290 5836 1501 5894 dicitur
1538 5836 1698 5914 Deus,
1730 5844 1831 5895 aut
1857 5836 1998 5917 quod
2110 5856 2227 5901 non
2257 5841 2536 5905 confutet.

678 5970 941 6036 Pyram.
986 5963 1206 6035 XXVI.
3413 5975 3451 6049 δ
