4182 6600
580 500 685 559 139

569 628 738 699 derit,
775 630 1025 703 captioni
1061 636 1275 705 pateat.
1313 632 1372 688 Si
1417 633 1648 699 dixerit,
1680 635 2057 690 dimittendas
2090 651 2215 689 esse
2246 636 2298 701 Α

570 734 780 775 uxores
812 719 1074 792 qualibet
1103 740 1169 777 ex
1200 738 1396 789 causa,
1426 727 1482 778 et
1511 724 1809 779 ducendas
1843 722 2007 789 alias,
2042 722 2216 795 pudi-

544 806 721 864 ‘citiaa
779 810 1121 880 praedicator
1150 810 1260 867 sibi
1316 812 1608 868 videbitur
1652 814 1861 868 docere
1905 811 2212 867 contraria.

571 896 631 954 Si
664 901 857 955 autem
888 900 1274 972 responderit,
1306 918 1421 956 non
1465 918 1697 957 omnem
1730 904 1801 957 ob
1853 919 2090 957 causam
2122 901 2215 955 de-

570 985 706 1043 bere
736 985 972 1057 dimitti,
998 989 1163 1061 quasi
1198 989 1484 1062 sacrilegii
1520 1007 1653 1046 reus
1696 992 2008 1055 tenebitur,
2032 997 2085 1045 et
2113 990 2212 1044 ad-

568 1084 770 1133 verSus
803 1077 1129 1135 doctrinam
1164 1079 1345 1151 Moysi
1378 1097 1442 1135 ac
1474 1097 1575 1152 per
1604 1082 1837 1153 Moysen
1875 1080 1993 1147 Dei,
2029 1082 2212 1135 facere

560 1165 947 1237 judicabitur.
973 1167 1155 1240 Igitur
1180 1170 1458 1225 Dominus
1487 1170 1570 1224 sic
1603 1168 2042 1240 responsionem
2070 1175 2212 1223 tem-

565 1258 747 1327 perat,
780 1259 845 1311 ut
889 1256 1216 1329 decipuiam
1266 1273 1463 1313 eorum
1520 1262 1798 1328 transeat,
1849 1259 2209 1330 Scripturam

564 1347 825 1402 sanctam
856 1347 1152 1403 adducens
1205 1346 1263 1401 in
1304 1347 1728 1415 testimonium,
1776 1353 1833 1403 et
1881 1348 2207 1403 naturalem

560 1428 769 1507 legem,
802 1434 1170 1507 primamque
1208 1434 1309 1491 Dei
1341 1437 1695 1491 sententiam
1729 1439 1997 1492 secundm
2029 1454 2206 1509 oppo-

561 1537 735 1592 nens;
767 1538 897 1595 quas
935 1541 1051 1581 non
1080 1523 1378 1581 voluntate
1408 1525 1534 1592 Dei,
1568 1526 1670 1580 sed
1714 1526 2082 1598 peccantium
2116 1524 2208 1582 né-

559 1610 828 1668 cessitate
854 1628 1135 1670 concessa
1164 1618 1272 1669 est.

629 1700 815 1772 (Vers.
851 1702 929 1774 4.)
953 1725 973 1751 ι
1008 1701 1115 1766 Qui
1147 1703 1504 1775 respondens
1536 1703 1618 1759 ait
1646 1703 1729 1757 eis
1760 1722 1771 1760 :
1803 1704 1927 1759 Non
1957 1704 2204 1777 legistis,

560 1789 720 1862 quia,
743 1790 847 1862 qui
875 1791 1010 1848 fecit
1029 1793 1101 1847 ab
1124 1790 1314 1861 initio,
1340 1793 1667 1850 masculum
1691 1799 1747 1849 ct
1770 1794 2042 1851 feminam
2078 1796 2209 1850 fecit

562 1879 701 1935 eos?
724 1902 751 1930 ››
775 1878 892 1936 Ηοο
921 1880 980 1937 in
1012 1882 1245 1938 exordio
1277 1883 1565 1938 Geneseos
1599 1882 1883 1955 scriptum
1934 1891 2022 1939 est
2052 1886 2202 1954 (Cap.

561 1970 743 2045 1,,27).
775 1968 1030 2025 Dicendo
1060 1973 1279 2040 autem,
1313 1971 1623 2027 masculum
1653 1974 1801 2029 I45
1836 1977 1883 2028 et
1917 1976 2204 2043 feminam,
2235 2013 2282 2078 Β

558 2057 814 2114 ostendit
841 2060 1099 2115 secunda
1126 2060 1363 2116 vitanda
1412 2062 1704 2133 conjugia.
1742 2062 1864 2119 Non
1910 2063 2066 2117 enim
2100 2063 2200 2128 ait,

557 2147 861 2203 masculum
918 2150 969 2202 et
1019 2150 1279 2220 feminas,
1334 2151 1486 2221 quod
1518 2167 1586 2205 ex
1639 2151 1897 2221 priorum
1961 2153 2202 2222 repudio

555 2236 921 2307 quaerebatur
953 2253 965 2292 :
997 2238 1098 2293 sed
1129 2239 1438 2294 masculum
1465 2243 1516 2295 et
1562 2240 1851 2313 feminam.
1888 2244 1991 2295 ut1
2028 2241 2201 2295 unius

555 2324 823 2398 conjugis
851 2326 1145 2382 consortia
1169 2332 1559 2384 necterentur.
1974 2396 1981 2405 '

627 2413 811 2486 (Vers.
841 2414 900 2482 5,
929 2415 1009 2482 6.)
1034 2435 1063 2465 (ι
1111 2415 1178 2470 Et
1223 2415 1368 2472 dixit
1417 2431 1431 2473 :
1483 2420 1722 2489 Propter
1781 2417 1887 2473 hoc
1947 2418 2202 2473 dimittet

555 2502 730 2559 homo
759 2507 985 2576 patrem
1016 2508 1073 2561 et
1102 2510 1372 2573 matrem,
1404 2509 1459 2560 et
1489 2506 1806 2561 adhaerebit
1839 2507 2001 2562 uxori
2032 2525 2148 2562 sua:
2184 2526 2196 2565 :

553 2595 611 2649 et
637 2597 810 2649 erunt
839 2593 954 2649 duo
995 2594 1052 2649 in
1103 2610 1274 2650 carne
1306 2611 1445 2651 una.
1482 2598 1677 2666 itaque
1717 2597 1843 2667 jam
1899 2613 2012 2651 non
2062 2600 2201 2651 sunt

553 2681 689 2750 duo,
721 2682 822 2739 sed
853 2699 972 2739 una
1000 2700 1155 2739 caro.
1181 2706 1208 2733 ››
1231 2683 1510 2739 Similiter
1539 2685 1638 2751 ait,
1672 2685 1989 2741 adhmrebit
2037 2686 2198 2741 uxori

554 2785 696 2842 suae,
745 2788 863 2829 non
914 2773 1213 2829 uxoribus.
1253 2773 1319 2828 Et
1363 2780 1526 2829 erant
1577 2772 1681 2828 duo
1728 2776 1788 2828 in
1832 2791 2009 2829 carne
2054 2792 2193 2830 una.

548 2861 860 2920 Praamium
915 2861 1277 2935 nuptiarum,
1337 2878 1367 2918 e
1424 2862 1655 2917 duabus
1716 2879 1892 2918 unam
1962 2881 2195 2919 carnem

522 2952 695 3008 'fieri.
713 2952 966 3008 Castitas
983 2953 1188 3022 juncta
1209 2951 1464 3023 spiritui,
1486 2968 1640 3007 unus
1660 2952 1909 3007 efficitur
1931 2953 2191 3023 spiritus.

552 3063 573 3091 ι
610 3041 772 3105 Quod
803 3056 940 3112 ergo
975 3040 1127 3096 Deus
1156 3038 1476 3111 conjunxit,
1508 3039 1685 3095 homo
1725 3057 1838 3095 non
1890 3047 2136 3113 separet.
2166 3065 2192 3091 υ

524 3122 700 3185 Ἠευε
731 3128 1051 3200 conjunxit,
1086 3144 1266 3185 unam
1298 3128 1559 3184 faciendo
1609 3142 1844 3183 carnem
1890 3129 1997 3184 viri
2028 3136 2083 3185 et
2118 3133 2193 3187 fe-

546 3218 719 3274 minae
754 3235 766 3274 :
799 3218 950 3274 hanc
978 3217 1154 3273 homo
1186 3234 1300 3272 non
1344 3222 1533 3289 potest
1562 3234 1852 3289 separare,
1888 3219 1997 3274 nisi
2034 3220 2194 3275 forsi-

545 3310 646 3364 tan
676 3307 837 3364 solus
865 3306 1037 3364 Deus.
1072 3305 1255 3362 Homo
1285 3310 1537 3378 separat,
1572 3308 1804 3379 quando
1838 3314 2073 3380 propter
2093 3311 2192 3365 de-

1813 508 1875 562 5.
1924 504 2234 563 EUSI‘JIHI
2292 502 2735 559 llll'litthYMl

3868 500 3992 560 140

2402 633 2583 701 Wars.
2617 634 2695 701 Ω.)
2731 654 2757 679 ‹‹
2793 630 2928 685 Dico
2983 634 3176 685 autem
3225 630 3409 695 vobis,
3458 631 3598 701 quia
3641 632 3988 704 quicunque

2326 720 2615 776 dimiserit
2648 737 2880 774 uxorem
2916 736 3103 787 suam,
3138 720 3249 773 nisi
3302 720 3373 774 ob
3423 720 3891 787 fornicationem,
3924 728 3988 778 et

2327 810 2497 865 aliam
2548 809 2793 877 duxerit,
2830 809 3171 863 moechatur.
3202 809 3268 862 Et
3316 808 3416 878 qui
3447 810 3752 865 dimissam
3797 812 3982 866 duxe-

2327 901 2423 966 rit,
2474 899 2818 954 moechatur.
2860 922 2879 949 ι
2930 898 3063 953 Sola
3113 898 3417 953 fornicatio
3471 902 3559 953 est
3599 915 3727 970 qua:
3777 902 3982 957 uxoris

2324 990 2515 1043 vincat
2563 990 2830 1042 affectum
2867 1006 2879 1042 :
2916 988 3031 1041 imo
3067 1004 3199 1041 cum
3262 986 3360 1041 illa
3417 1004 3596 1042 unam
3646 1005 3881 1044 carnem
3917 989 3977 1046 in

2324 1078 2497 1131 aliam
2532 1076 2887 1141 diviserit,et
2912 1094 2971 1131 se
3007 1076 3389 1131 fornicatione
3435 1078 3788 1148 separaverit
3820 1077 3979 1134 140

2322 1182 2353 1217 a
2386 1166 2613 1236 marito,
2650 1183 2764 1220 non
2796 1166 2962 1219 debet
2998 1165 3175 1219 teneri
3214 1183 3225 1219 :
3262 1181 3332 1220 ne
3376 1165 3563 1220 virum
3597 1182 3832 1238 quoque
3862 1167 3977 1223 sub

2322 1254 2631 1309 maledicto
2666 1255 2855 1319 faciat,
2896 1254 3119 1308 dicente
3153 1254 3455 1325 Scriptura
3485 1271 3497 1309 :
3534 1256 3636 1322 Qui
3663 1257 3979 1311 adulteram

2320 1347 2482 1411 tenet,
2532 1344 2733 1398 stultus
2792 1347 2843 1398 el
2902 1346 3105 1414 impius
3163 1346 3241 1398 est
3274 1344 3457 1413 (Prov.
3491 1362 3649 1414 xvm,
3680 1346 3793 1416 22).
3832 1344 3978 1401 Ubi-

2320 1450 2551 1504 cunque
2594 1438 2681 1488 est
2732 1432 2913 1504 igitur
2956 1433 3282 1497 fornicatio,
3314 1440 3371 1488 et
3417 1434 3819 1490 fornicationis
3872 1451 3978 1491 su-

2321 1523 2523 1594 spicio,
2558 1522 2735 1577 libere
2776 1539 2921 1577 uxor
2964 1522 3299 1577 dimittitur.
3336 1522 3403 1576 Et
3433 1521 3569 1593 quia
3619 1527 3845 1594 poterat
3875 1539 3971 1578 ac-

2320 1612 2529 1677 cidere,
2564 1618 2625 1665 ut
2656 1611 2867 1681 aliquis
2898 1610 3254 1665 calumniam
3305 1610 3518 1666 faceret
3565 1611 3885 1679 innocenti,
3918 1617 3976 1669 et

2320 1702 2390 1755 ob
2434 1702 2751 1755 secundam
2806 1700 3074 1772 cepulam
3125 1700 3487 1770 nuptiarum,
3521 1700 3696 1756 veteri
3745 1701 3975 1758 crimen

2319 1790 2689 1861 impingeret,
2723 1790 2804 1844 sic
2838 1789 3089 1862 priorem
3114 1789 3407 1844 dimittere
3432 1791 3678 1861 jubetur
3706 1808 3974 1861 uxorem,

2320 1884 2380 1932 ut
2438 1880 2778 1945 secundum,
2832 1879 3021 1950 prima
3065 1878 3318 1943 vivente,
3367 1896 3480 1933 non
3534 1879 3758 1934 habeat.
3804 1882 3974 1945 Quod

2318 1969 2469 2021 enim
2506 1969 2665 2037 dicit,
2698 1967 2809 2021 tale
2840 1972 2927 2022 est
2961 1984 2972 2021 :
3011 1966 3068 2021 Si
3102 1984 3214 2021 non
3247 1973 3480 2039 prOpter
3508 1966 3838 2034 libidinem,
3865 1970 3976 2025 sed

2316 2063 2548 2129 propter
2578 2057 2854 2127 injuriam
2889 2057 3138 2111 dimittis
3170 2073 3445 2111 uxorem:
3482 2074 3663 2129 quare
3692 2065 3978 2130 expertus

2315 2146 2573 2200 infelices
2602 2147 2821 2217 priores
2874 2146 3127 2216 nuptias,
3162 2162 3444 2200 novarum
3478 2151 3532 2200 te
3562 2146 3837 2203 immittis
3867 2164 3977 2219 pe-

2314 2235 2545 2289 riculo?
2598 2236 2830 2290 Necnon
2891 2235 3031 2305 quia
3095 2240 3320 2306 poterat
3376 2236 3622 2303 evenire,
3681 2238 3746 2291 ut
3793 2237 3974 2308 juxta

2313 2326 2578 2379 eamdem
2610 2325 2794 2394 legem
2847 2343 2990 2379 uxor
3038 2341 3264 2395 quoque
3316 2324 3523 2379 marito
3576 2325 3740 2380 daret
3788 2343 3976 2398 repu-

2313 2414 2499 2480 dium,
2533 2415 2734 2468 eadem
2769 2414 2993 2469 cautela
3026 2412 3374 2486 prmcipitur,
3410 2430 3480 2468 ne
3512 2415 3836 2470 secundum
3866 2432 3972 2471 ac-

2312 2503 2490 2574 cipiat
2521 2504 2731 2559 virum.
2768 2505 2831 2557 Et
2860 2505 2998 2575 quia
3038 2506 3328 2569 meretrix,
3361 2508 3418 2558 et
3448 2521 3574 2576 qum
3624 2503 3803 2560 semel
3839 2504 3973 2562 fue-

2313 2597 2401 2646 rat
2458 2593 2745 2658 adultcra,
2792 2594 3171 2665 opprobrium
3234 2611 3348 2648 non
3404 2593 3665 2660 timebat,
3700 2594 3967 2664 secundo

2310 2679 2643 2750 praecipitur
2670 2681 2791 2735 viro
2814 2682 2853 2751 ⁸,
2888 2680 3043 2752 quod
3079 2680 3127 2735 si
3157 2679 3332 2735 talem
3367 2681 3618 2753 duxerit,
3654 2683 3766 2738 sub
3798 2682 3973 2738 adul-

2310 2769 2435 2823 terii
2471 2770 2546 2823 sit
2576 2769 2839 2825 crimine.

2380 2858 2561 2929 (Vers.
2598 2859 2709 2929 10.)
2737 2884 2761 2907 ‹‹
2802 2859 3010 2914 Dicunt
3048 2860 3096 2914 ei
3146 2859 3421 2932 discipuli
3456 2861 3583 2931 ejus
3620 2877 3632 2918 :
3669 2862 3729 2917 Si
3764 2863 3845 2918 ita
3875 2868 3973 2919 est

2307 2964 2485 3002 causa
2534 2948 2756 3003 homini
2806 2966 2938 3004 cum
2989 2965 3185 3017 uxore,
3216 2966 3333 3005 non
3373 2951 3604 3022 expedit
3653 2951 3897 3008 nubere.
3936 2977 3967 3001 ››

2306 3036 2487 3092 Grave
2520 3038 2745 3109 pondus
2779 3056 3026 3093 uxorum
3058 3044 3164 3103 est,
3200 3038 3247 3094 si
3278 3045 3516 3111 excepta
3559 3057 3738 3096 causa
3778 3042 3967 3097 forni-

2305 3127 2569 3194 cationis,
2605 3144 2703 3181 eas
2731 3127 3023 3181 dimittere
3073 3145 3188 3181 non
3235 3126 3387 3182 licet.
3422 3128 3569 3191 Quid
3602 3130 3757 3184 enim
3790 3131 3839 3186 si
3872 3136 3963 3187 te-

2305 3215 2565 3270 mulenta
2607 3217 2798 3282 fuerit,
2832 3218 2879 3271 si
2929 3217 3229 3283 iracunda,
3264 3217 3311 3271 si
3365 3216 3537 3273 malis
3586 3218 3875 3289 moribus,
3908 3222 3967 3277 si

2303 3304 2624 3373 luxuriosa,
2655 3306 2701 3361 si
2734 3306 2961 3377 gulosa,
2995 3308 3043 3361 si
3076 3323 3244 3378 vaga,
3278 3306 3327 3361 si
3351 3307 3666 3379 jurgatrix,
3700 3308 3748 3364 si
3776 3309 3967 3366 male-

548 3397 828 3454 siderium
861 3394 1128 3454 secundm
1177 3395 1394 3465 uxoris,
1427 3396 1677 3468 primam
1723 3396 1983 3452 dimittit.
2040 3399 2192 3454 Deus
2225 3386 2267 3452 C
2306 3393 2455 3461 dica,
2488 3396 2738 3449 tenenda
2769 3394 2899 3449 erit
2924 3395 3303 3450 istiusmodi?
3335 3394 3624 3452 Volumus
3677 3397 3965 3456 nolumus

546 3490 798 3561 separat,
832 3485 933 3558 qui
979 3489 1035 3541 et
1065 3485 1464 3557 coniunxerat,
1500 3486 1736 3557 quando
1787 3503 1854 3540 ex
1902 3503 2190 3543 consensu

546 3576 786 3651 propter
832 3574 1169 3631 servitutem
1220 3575 1318 3629 Dei
1349 3575 1438 3646 (eo
1470 3575 1624 3647 quod
1676 3580 1909 3647 tempus
1941 3576 1998 3631 in
2033 3584 2191 3632 arcto

550 3666 658 3739 sit)
715 3666 799 3721 sic
853 3664 1141 3721 habemus
1197 3680 1427 3735 uxores,
1486 3666 1655 3736 quasi
1732 3682 1848 3720 non
1908 3667 2191 3723 habentes

545 3754 591 3825 (ι
623 3754 744 3811 Cor.
774 3770 874 3823 vn,
906 3754 1017 3825 29).

618 3840 807 3916 (Vers.
832 3843 912 3910 7.)
933 3864 962 3893 ‹‹
986 3842 1197 3898 Dicunt
1216 3840 1299 3896 illi
1326 3860 1338 3897 :
1364 3841 1524 3906 Quod
1547 3859 1681 3915 ergo
1705 3844 1930 3915 Moyses
1954 3846 2191 3900 manda-

543 3932 626 3989 vit
653 3932 781 3989 dari
811 3930 1073 3989 libellum
1118 3929 1365 4005 repudii,
1398 3935 1455 3986 et
1496 3931 1826 3987 dimittere?
1851 3954 1879 3981 »
1903 3934 2189 4005 Aperiunt

541 4022 898 4080 calumniam
948 4038 1123 4095 quam
1173 4026 1536 4095 paraverant.
1589 4023 1653 4076 Et
1703 4026 1854 4077 certe
1904 4024 2186 4079 Dominus

541 4129 658 4168 non
690 4110 985 4186 propriam
1036 4109 1383 4168 sententiam
1437 4110 1779 4184 protulerat,
1823 4113 1922 4168 sed
1974 4114 2183 4168 veteris

539 4200 792 4259 historiae
823 4204 880 4257 et
911 4200 1321 4257 mandatorum
1355 4200 1454 4255 Dei
1488 4201 1674 4255 fuerat
1705 4201 2059 4255 recordatus.

606 4291 791 4365 (Vers.
815 4292 935 4364 8.)«
961 4292 1055 4345 Ait
1076 4289 1191 4346 illis
1216 4307 1229 4345 :
1254 4289 1535 4360 quaniam
1561 4290 1781 4360 Moyses
1808 4290 1877 4343 ad
1901 4288 2180 4345 duritiam

533 4381 728 4437 cordis
757 4379 936 4435 vestri
979 4379 1245 4451 permisit
1288 4377 1451 4433 vobis
1496 4377 1787 4433 dimittere
1834 4395 2041 4433 uxores
2088 4396 2178 4435 ve-

536 4472 690 4525 stras
726 4486 738 4524 :
775 4467 847 4524 ab
877 4467 1043 4523 initio
1075 4471 1268 4523 autem
1317 4482 1435 4522 non
1480 4466 1587 4521 fuit
1636 4466 1739 4522 sic.
1764 4488 1791 4516 ››
1827 4468 1988 4532 Quod
2039 4468 2181 4523 dicit

532 4555 871 4614 istiusmodi
905 4560 1028 4611 est:
1053 4554 1330 4628 Nunquid
1363 4559 1554 4626 potest
1581 4557 1727 4611 Deus
1758 4557 1867 4610 sibi
1892 4574 2018 4612 esse
2048 4574 2179 4612 con-

530 4644 769 4715 trarius,
803 4648 866 4700 ut
895 4644 1054 4700 aliud
1087 4649 1220 4701 ante
1243 4644 1510 4715 jusserit,
1538 4648 1595 4700 et
1627 4646 1974 4702 sententiam
2007 4664 2173 4702 suam

530 4751 678 4810 novo
722 4734 953 4805 frangat
1010 4733 1295 4807 imperio?
1326 4734 1449 4789 Non
1500 4734 1578 4790 ita
1626 4737 1992 4791 sentiendum
2039 4742 2126 4791 est
2161 4753 2173 4791 :
2206 4761 2253 4825 Β

530 4823 635 4879 sed
665 4826 888 4895 Moyses
908 4838 1042 4878 cum
1062 4823 1302 4890 videret,
1327 4828 1561 4895 propter
1582 4825 1937 4880 desiderium
1972 4843 2176 4881 secun-

528 4912 737 4968 darum
778 4913 1119 4985 conjugum,
1152 4929 1277 4986 quaa
1324 4912 1413 4968 vel
1463 4913 1723 4981 ditiores,
1756 4913 1841 4969 vel
1882 4915 2171 4986 juniores,

526 4999 613 5059 vel
644 5001 1006 5075 pulchriores
1038 5008 1255 5069 essent,
1287 5002 1506 5075 primas
1538 5020 1745 5059 uxores
1773 5002 2039 5075 interﬁci,
2073 5010 2175 5059 aut

525 5091 741 5149 malam
801 5091 978 5147 vitam
1036 5093 1270 5161 ducere,
1327 5093 1534 5148 maluit
1593 5092 1896 5165 indulgere
1951 5094 2169 5149 discor-

520 5182 704 5248 diam,
737 5198 913 5255 quam
964 5182 1098 5237 odia
1127 5186 1184 5238 et
1226 5181 1541 5239 homicidia
1592 5198 1957 5254 perseverare
1987 5184 2165 5255 (Dcul.

515 5288 669 5340 xxw,
726 5274 801 5340 ι).
852 5269 1157 5342 Simulque
1214 5270 1519 5327 considera
1576 5271 1729 5343 quod
1783 5288 1896 5326 non
1957 5272 2102 5326 dixit
2152 5289 2164 5327 :

514 5363 747 5433 Propter
773 5359 1042 5416 duritiam
1088 5360 1264 5416 cordis
1311 5362 1481 5415 vestri
1524 5362 1779 5431 permisit
1810 5361 1958 5416 vobis
2006 5362 2164 5427 Deus,

512 5449 605 5505 sed
634 5454 850 5523 Moyses
880 5470 899 5506 :
931 5454 995 5506 ut
1014 5450 1186 5522 juxta
1212 5448 1555 5522 Apostolum
1586 5451 1634 5518 (I
1666 5451 1789 5504 Cor.
1820 5466 1917 5519 v.11,
1949 5450 2003 5515 6)
2035 5466 2166 5505 con-

514 5536 711 5594 silium
744 5541 820 5595 sit
849 5538 1129 5609 hominis,
1161 5556 1275 5596 non
1309 5538 1620 5611 imperium
1655 5538 1774 5593 Dei.

585 5774 598 5809 ¹
634 5771 741 5828 Ms.
774 5773 993 5851 _cod.__S.
1028 5774 1297 5851 Remigii,
1326 5783 1384 5831 ut
1416 5775 1586 5830 unius
1613 5772 1857 5847 conjugii
1885 5778 2152 5834 mnsortio

506 5848 866 5904 necterentur.
901 5844 1086 5905 MART.
1198 5844 1223 5851 ’
1285 5844 1291 5849 ⁷
1705 5844 1717 5891 ﬁ
1780 5844 1790 5846 ‘
2056 5873 2064 5878 .

2304 3483 2408 3553 [Αἰ.
2445 3483 2699 3539 nolimus
2751 3484 3041 3554 velimus],
3077 3485 3425 3539 sustinenda
3457 3490 3565 3541 est.
3599 3487 3743 3542 Cum
3798 3488 3963 3544 enim

2300 3589 2566 3629 essemus
2614 3573 2803 3638 liberi,
2835 3573 3163 3628 voluntarie
3209 3591 3314 3629 nos
3360 3575 3725 3646 subjecimus
3773 3577 3961 3633 servi-

2302 3662 2431 3717 tuti.
2469 3662 2744 3717 Vidcntes
2775 3680 2909 3735 ergo
2942 3661 3187 3734 apostoli
3226 3680 3398 3735 grave
3432 3680 3679 3720 uxorum
3712 3666 3955 3737 jugum,

2301 3752 2602 3822 proferunt
2632 3758 2857 3807 motum
2908 3752 3087 3807 animi
3134 3752 3244 3819 sui,
3280 3758 3334 3807 et
3366 3753 3567 3808 dicunt
3602 3770 3613 3809 :
3650 3754 3709 3808 Si
3741 3757 3826 3810 ita
3873 3760 3960 3812 est

2298 3855 2463 3894 causa
2492 3840 2704 3895 homini
2733 3858 2852 3896 cum
2887 3838 3075 3910 uxore,
3108 3860 3217 3897 non
3246 3843 3470 3912 expedit
3498 3844 3733 3901 nubere.

2370 3929 2554 3999 (Vers.
2592 3931 2702 4001 11.)
2729 3953 2755 3979 ‹‹
2786 3932 2890 3994 Qui
2934 3932 3078 3986 dixit
3110 3931 3226 3987 illis
3259 3948 3271 3986 :
3305 3932 3428 3987 Non
3470 3949 3675 3988 omnes
3707 3933 3953 4006 capiunt

2295 4019 2537 4073 verbum
2570 4021 2746 4087 istud,
2772 4021 2869 4075 sed
2907 4021 3122 4092 quibus
3155 4022 3359 4077 datum
3389 4026 3495 4076 est.
3524 4044 3550 4070 »
3573 4021 3751 4078 Nemo
3784 4030 3953 4096 putet

2296 4107 2405 4161 sub
2438 4107 2545 4162 hoc
2576 4111 2767 4176 verbo,
2800 4109 2883 4164 vel
2921 4114 3122 4181 latum,
3156 4109 3243 4166 vel
3276 4112 3569 4165 fortunam
3602 4112 3897 4169 introduci
3935 4130 3950 4172 :

2295 4197 2446 4267 quod
2474 4197 2531 4251 hi
2564 4203 2703 4253 sunt
2727 4199 2999 4269 virgines,
3022 4200 3238 4270 quibus
3271 4216 3304 4254 a
3334 4200 3447 4255 Deo
3482 4201 3683 4256 datum
3720 4201 3817 4269 sit,
3842 4208 3948 4259 aut

2294 4287 2446 4356 quod
2482 4286 2719 4358 quidam
2753 4289 2823 4341 ad
2857 4287 2965 4343 hoc
3004 4306 3176 4344 casus
3208 4289 3535 4357 adduxerit,
3568 4290 3669 4345 sed
3719 4289 3812 4346 his
3841 4291 3949 4348 da-

2292 4378 2417 4428 tum
2449 4381 2535 4430 est
2565 4376 2663 4448 qui
2717 4378 3026 4449 petierunt,
3060 4377 3159 4450 qui
3192 4376 3516 4449 voluerunt,
3551 4378 3650 4450 qui
3688 4384 3752 4435 ut
3792 4380 3948 4436 acci-

2292 4470 2514 4534 perent,
2546 4464 2971 4523 laboraverunt.
3005 4466 3175 4521 Omni
3225 4466 3381 4521 enim
3432 4468 3647 4539 petenti
3681 4467 3944 4533 dabitur,

2288 4557 2343 4607 et
2376 4570 2640 4625 quaerens
2690 4555 2965 4622 inveniet,
2997 4560 3052 4610 et
3084 4554 3340 4627 pulsanti
3392 4555 3687 4628 aperietur
3716 4556 3947 4630 (Matth.

2286 4660 2386 4708 v11,
2418 4644 2484 4710 8;
2520 4645 2645 4701 Luc.
2680 4662 2758 4714 x1,
2794 4646 2901 4715 10).

2356 4733 2540 4803 (Vers.
2578 4735 2686 4805 12.)
2711 4757 2736 4783 ‹‹
2771 4736 2917 4789 Sunt
2964 4735 3120 4790 enim
3166 4735 3443 4801 eunuchi,
3476 4735 3577 4808 qui
3607 4736 3676 4791 de
3726 4738 3944 4795 matris

2284 4826 2446 4877 utero
2477 4823 2560 4878 sic
2592 4824 2710 4878 nati
2744 4829 2913 4879 sunt:
2940 4829 2995 4880 et
3024 4830 3161 4879 sunt
3192 4824 3467 4893 eunuchi,
3497 4825 3597 4896 qui
3630 4825 3763 4881 facti
3795 4834 3945 4884 sunt

2282 4912 2354 4966 ab
2386 4912 2723 4969 hominibus
2751 4932 2763 4969 :
2790 4919 2847 4969 et
2878 4919 3017 4969 sunt
3047 4914 3320 4981 eunuchi,
3343 4913 3443 4986 qui
3474 4915 3698 4987 seipsos
3719 4922 3945 4974 castra-

2280 5008 2736 5074 veruntproptcr
2758 5020 3002 5077 regnum
3026 5004 3323 5059 cmlorum.
3350 5003 3456 5070 Qui
3482 5008 3673 5077 potest
3701 5021 3937 5076 capere.

2280 5090 2535 5162 capiat.»
2563 5092 2795 5165 Triplex
2846 5110 3031 5165 genus
3079 5096 3167 5147 est
3206 5092 3610 5148 cunuchorum
3639 5110 3651 5148 :
3677 5093 3939 5152 duorum

2278 5180 2696 5248 carnalium,et
2713 5183 2866 5237 tertii
2894 5182 3373 5254 spiritualis.Alii
3407 5186 3546 5238 sunt
3578 5182 3676 5255 qui
3709 5184 3780 5238 de
3806 5200 3937 5239 mo.-

2276 5270 2380 5325 tris
2414 5274 2574 5325 utero
2602 5272 2685 5326 sic
2715 5276 3058 5328 nascuntur.
3096 5273 3237 5327 I41
3278 5270 3389 5326 Alii
3441 5288 3589 5343 quos
3620 5271 3705 5327 vel
3740 5273 3937 5344 capti-

2272 5359 2419 5415 vitas
2451 5360 2608 5429 facit,
2634 5360 2721 5415 vel
2770 5360 2986 5416 delicia:
3037 5358 3415 5416 matronales.
3449 5360 3627 5416 Tertii
3655 5366 3794 5416 sunt
3827 5362 3935 5434 qui

2272 5449 2496 5521 seipsos
2544 5455 2945 5505 castraverunt
3002 5456 3237 5522 propter
3294 5466 3542 5522 regnum
3601 5449 3930 5523 ccelorum;

2269 5544 2325 5593 et
2355 5540 2453 5610 qui
2485 5556 2619 5593 cum
2651 5539 2879 5611 possint
2908 5555 3035 5595 esse
3066 5539 3195 5610 viri,
3229 5544 3462 5612 propter
3490 5538 3789 5596 Christum
3819 5555 3935 5597 eu-

2334 5776 2354 5811 ²
2387 5777 2448 5834 In
2483 5794 2596 5833 uno
2631 5776 2908 5855 Palatino,
2941 5776 3176 5836 secundo
3208 5794 3319 5839 non
3360 5775 3568 5835 nubere
3593 5778 3929 5855 praecipitur

2259 5852 2398 5919 viro,
2442 5854 2729 5925 corrupte.
