4182 6638
263 574 364 633 Ml

755 566 1268 629 COMMENTAR.
1319 568 1399 628 IN
1445 562 1959 629 EVANGELIUM
2007 560 2394 623 ΜΑΤΤΗᾸΞΙ
2438 564 2586 623 LIB.
2634 561 2740 622 IlI.
2790 561 2961 622 CAP.
3009 563 3174 624 XIX.

3556 570 3673 629 142

259 702 434 759 nuchi
468 703 637 758 fiunt.
666 700 800 757 Istis
826 698 1189 772 promittitur
1213 700 1518 771 praemium
1550 719 1562 767 ;
1596 697 1908 771 superiori-
1936 697 1991 763 Α
2018 696 2133 751 suis
2163 694 2341 767 (Joan.
2376 712 2431 764 x,
2502 694 2574 766 1).
2630 694 2697 749 Et
2726 693 2786 749 in
2819 693 3106 768 Propheta
3151 697 3325 765 (Psat.
3357 714 3524 772 CXLII,
3561 701 3674 773 10).

263 794 370 849 bus
402 795 598 847 autem
629 791 846 862 quibus
877 788 1239 860 castimonia:
1287 790 1630 856 necessitas,
1663 806 1775 845 non
1810 804 1907 843 vo-

94 875 191 968 \
262 882 459 938 luntas
477 879 749 949 est,nihil
770 879 1012 935 omnino
1037 879 1300 936 debetur.
1320 884 1640 935 Possumus
1663 883 1714 934 et
1743 877 1912 934 aliter

265 971 469 1027 dicere.
522 968 817 1025 Eunuchi‘
845 974 984 1025 sunt
1030 986 1100 1024 ex
1142 968 1352 1025 matris
1394 974 1578 1037 utero,
1612 968 1710 1041 qui
1746 968 1906 1040 frigi-

264 1060 443 1116 dioris
478 1063 696 1115 naturae
728 1063 867 1114 sunt
900 1062 940 1125 ³,
974 1075 1079 1114 nec
1110 1057 1416 1114 libidinem
1449 1062 1811 1131 appetentes.
1847 1055 1913 1111 Et

248 1148 381 1221 alii,
414 1148 514 1221 qui
546 1149 618 1204 ab
648 1148 989 1205 hominibus
1025 1150 1175 1203 ﬁunt
1208 1166 1220 1204 :
1266 1165 1414 1219 quos
1447 1153 1547 1203 aut
1576 1145 1909 1219 philosophi

263 1232 502 1306 faciunt,
536 1242 636 1294 aut
667 1242 902 1310 propter
932 1236 1224 1293 idolorum
1268 1237 1494 1293 cultum
1529 1235 1913 1293 emolliuntur

259 1330 317 1385 in
350 1328 637 1385 feminas:
671 1326 757 1383 vel
793 1327 1169 1400 persuasione
1203 1327 1471 1382 haeretica
1502 1325 1787 1382 simulant
1814 1342 1909 1380 ca-

262 1420 542 1483 stitatem,
578 1422 644 1472 ut
674 1416 1037 1472 mentiantur
1074 1413 1377 1488 religionis
1419 1417 1747 1471 veritatem.
1798 1415 1909 1470 Sed

264 1506 462 1563 nullus
484 1522 686 1561 eorum
718 1505 1098 1577 consequitur
1128 1521 1307 1576 regna
1333 1504 1634 1571 caelorum,
1665 1502 1772 1558 nisi
1810 1503 1910 1574 qui

261 1615 322 1653 se
352 1596 693 1653 castraverit
726 1599 963 1666 propter
1005 1594 1324 1649 Christum.
1378 1594 1539 1650 Unde
1589 1598 1645 1648 et
1694 1592 1908 1647 infert:

264 1686 368 1754 Qui
396 1691 568 1754 potest
596 1699 809 1756 capere,
841 1684 1063 1754 capiat;
1113 1687 1175 1735 ut
1206 1682 1614 1754 unusquisque
1645 1681 1909 1737 conside-

260 1779 349 1831 ret
377 1774 531 1829 vires
560 1789 721 1840 suas,
758 1776 954 1826 utrum
987 1772 1174 1843 possit
1201 1770 1508 1843 virginalis
1537 1776 1594 1825 et
1619 1770 1914 1842 pudicitiae

257 1862 504 1936 implere
535 1866 842 1935 praecepta.
875 1866 981 1916 Per
1009 1876 1071 1916 se
1103 1860 1258 1915 enim
1282 1861 1522 1916 castitas
1554 1859 1773 1915 blanda
1803 1862 1912 1928 est,

250 1957 317 2009 et
340 1950 667 2025 quemlibet
687 1951 758 2006 ad
787 1966 849 2006 se
871 1949 1153 2005 alliciens.
1179 1950 1290 2005 Sed
1314 1948 1750 2005 considerandae
1778 1952 1917 2004 sunt

256 2044 435 2105 vires,
467 2045 533 2096 ut
562 2039 664 2113 qui
695 2044 884 2112 potest
914 2057 1138 2112 capere,
1173 2040 1386 2112 capiat.
1416 2040 1592 2103 Quasi
1624 2039 1915 2094 hortantis

256 2148 368 2188 vox
399 2130 637 2186 Domini
667 2134 775 2199 est,
807 2134 864 2184 et
896 2129 1112 2184 milites
1142 2145 1282 2185 suos
1313 2130 1384 2183 ad
1428 2128 1720 2200 pudicitia:
1764 2145 1909 2201 prte—

258 2220 449 2276 mium
500 2217 866 2274 concitantis.
920 2218 1027 2285 Qui
1066 2221 1240 2288 potest
1288 2234 1482 2289 capere
1526 2220 1757 2289 capiat:
1812 2218 1911 2290 qui

257 2314 457 2381 potest
485 2320 766 2380 pugnare,
801 2313 1040 2379 pugnet,
1075 2312 1312 2379 superet
1342 2324 1409 2363 ac
1440 2307 1785 2379 triumphet.

328 2400 523 2471 (Vere.
558 2398 644 2467 13,
680 2397 792 2468 14.)
846 2417 875 2446 ιι
909 2396 1074 2452 Tunc
1104 2395 1284 2452 oblati
1315 2400 1456 2451 sunt
1486 2396 1537 2451 ei
1569 2396 1821 2468 parvuli,
1850 2400 1917 2451 ut

255 2505 476 2545 manus
507 2486 594 2543 eis
637 2486 966 2558 imponeret
1007 2491 1064 2541 et
1114 2491 1324 2541 oraret.
1381 2486 1664 2559 Discipuli
1716 2492 1914 2542 autem

250 2576 643 2649 increpabant
668 2591 788 2631 eos.
814 2574 989 2630 Jesus
1009 2591 1143 2630 vero
1172 2574 1256 2630 ait
1286 2575 1389 2631 eis.
1418 2596 1445 2623 »
1479 2575 1605 2631 Non
1637 2592 1752 2646 quo
1787 2574 1913 2631 nol-

224 2666 381 2723 'lent
411 2666 502 2721 eis
532 2662 848 2721 Salvatoris
880 2668 936 2720 et
968 2681 1145 2719 manu
1177 2670 1233 2719 et
1287 2680 1425 2719 voce
1456 2663 1717 2720 benedici
1746 2683 1758 2730 ;
1812 2664 1914 2720 sed

248 2772 369 2829 quo
394 2754 652 2810 necdum
677 2753 960 2809 habentes
981 2752 1389 2824 plenissimam
1412 2753 1611 2819 ﬁdem,
1640 2756 1918 2824 putarent

242 2862 388 2902 eum
412 2846 477 2900 in
501 2843 951 2899 similitudinem
973 2841 1282 2898 hominum
1304 2842 1675 2898 offerentium
1704 2842 1917 2913 impor-

248 2935 517 2992 tunitate
547 2931 779 2989 lassari.

321 3024 524 3098 (Vers.
556 3023 668 3089 15.)
699 3045 726 3071 ‹‹
762 3021 949 3077 Sinite
980 3020 1275 3094 parvulos,
1308 3026 1365 3077 et
1398 3020 1577 3077 nolite
1609 3020 1919 3093 prohibere

246 3131 353 3172 eos
387 3113 465 3169 ad
501 3129 594 3168 me
623 3110 855 3177 venire;
902 3110 1110 3166 talium
1141 3115 1229 3166 est
1261 3110 1418 3167 enim
1462 3126 1711 3183 regnum
1745 3111 1914 3166 coelo-

246 3220 417 3260 rum.
451 3202 526 3257 Et
554 3216 689 3257 cum
722 3200 1105 3272 imposuisset
1134 3199 1219 3255 eis
1259 3216 1491 3269 manus,
1525 3200 1670 3255 abiit
1701 3200 1855 3255 inde.
1888 3222 1918 3250 ››

244 3293 678 3366 Signiﬁcanter
709 3290 874 3358 dixit,
905 3288 1134 3357 talium,
1168 3304 1283 3345 non
1315 3291 1546 3344 istorum
1570 3306 1589 3343 :
1622 3294 1686 3344 ut
1716 3295 1919 3345 osten-

244 3384 426 3440 deret
460 3398 582 3437 non
613 3383 843 3436 aetatem
874 3395 1138 3451 regnare,
1173 3379 1274 3434 sed
1306 3396 1536 3447 mores;
1587 3384 1644 3434 et
1685 3379 1779 3434 his
1818 3380 1918 3451 qui

2020 785 2305 857 Spiritum
2339 785 2557 840 bonum
2592 788 2930 857 terramque
2961 784 3196 842 bonam.
3245 786 3429 860 Igitur
3457 794 3513 844 et
3543 788 3673 845 Sal-

2017 880 2184 930 vator
2213 890 2327 929 non
2360 874 2638 929 bonitatis
2670 874 3080 930 testimonium
3111 876 3325 932 renuit.
3376 877 3486 933 Sed
3539 894 3672 935 ma-

2020 964 2189 1036 gistri
2220 963 2443 1034 absque
2468 961 2584 1019 Deo
2616 961 2861 1020 exclusit
2890 981 3170 1021 errorem.

2093 1054 2278 1125 (Vers.
2318 1054 2403 1108 18.
2441 1054 2550 1126 19.)
2598 1073 2619 1102 α
2655 1055 2711 1109 Si
2748 1058 2941 1110 autem
2971 1055 3057 1110 vis
3089 1055 3160 1112 ad
3193 1055 3372 1111 vitam
3418 1055 3669 1131 ingredi,

2023 1161 2188 1200 serva
2216 1144 2514 1199 mandata.
2548 1143 2698 1199 Dicit
2726 1143 2811 1199 illi
2847 1161 2859 1201 :
2912 1144 3094 1209 Quae?
3140 1145 3315 1202 Jesus
3354 1149 3552 1203 autem
3580 1147 3670 1202 di-

2019 1234 2139 1289 xit:
2174 1232 2299 1289 Non
2326 1232 2711 1289 homicidium
2742 1234 2940 1291 facies.
2974 1234 3099 1291 Non
3131 1234 3509 1293 adulterabis.
3544 1236 3671 1293 Non

2021 1322 2196 1378 facies
2226 1323 2468 1378 furtum.
2502 1322 2627 1378 Non
2660 1323 2874 1379 falsum
2904 1324 3309 1382 testimonium
3343 1326 3521 1382 dices.
3556 1325 3670 1382 Ho-

2024 1429 2167 1468 nora
2197 1416 2419 1483 patrem
2452 1416 2619 1468 tuum
2664 1416 2720 1468 et
2764 1418 3012 1469 matrem
3049 1430 3061 1469 :
3112 1418 3169 1469 et
3215 1414 3425 1487 diliges
3473 1415 3668 1487 proxi-

2024 1517 2186 1555 mum
2219 1505 2390 1556 tuum
2423 1500 2577 1557 sicut
2605 1500 2883 1573 teipsum.
2922 1525 2949 1552 »
2999 1502 3440 1560 Adolescentem
3487 1494 3673 1562 istum

2022 1593 2373 1645 tentatorem
2404 1606 2554 1661 esse,
2589 1595 2645 1646 et
2673 1606 2741 1646 ex
2773 1607 2838 1646 eo
2872 1592 3116 1662 probare
3149 1608 3486 1665 possumus,
3516 1593 3672 1666 quod

2024 1679 2254 1735 dicente
2301 1679 2414 1735 sibi
2446 1680 2714 1748 Domino,
2749 1682 2808 1736 Si
2851 1683 2931 1736 vis
2971 1681 3039 1736 ad
3078 1684 3250 1737 vitam
3280 1680 3520 1753 ingredi,
3549 1699 3671 1739 ser-

2025 1784 2090 1824 va
2118 1769 2406 1838 mandata,
2440 1786 2678 1825 rursum
2734 1770 3137 1827 fraudulenter
3181 1774 3502 1845 interrogat
3547 1789 3675 1844 quis

2026 1858 2147 1914 sint
2176 1859 2279 1914 illa
2309 1860 2585 1915 mandata
2619 1877 2632 1915 :
2682 1860 2852 1931 quasi
2882 1865 2984 1916 aut
3014 1877 3128 1916 non
3160 1860 3287 1933 ipse
3318 1861 3541 1935 legerit,
3574 1866 3676 1918 aut

2025 1949 2312 2004 Dominus
2346 1949 2530 2021 possit
2559 1949 2675 2005 Deo
2696 1950 2906 2022 jubere
2937 1950 3249 2007 contraria.

2098 2038 2285 2109 (Vere.
2318 2039 2434 2110 20.)
2480 2061 2509 2088 ‹‹
2541 2038 2691 2095 Dicit
2737 2038 2821 2094 illi
2868 2040 3256 2097 adolescens:
3305 2039 3515 2097 Omnia
3554 2040 3674 2097 haec

2024 2127 2309 2183 custodivi
2369 2145 2405 2183 ει
2452 2128 2763 2197 juventute
2812 2144 2943 2184 mea
2967 2130 3014 2198 ²,
3074 2128 3216 2202 quid
3276 2130 3470 2186 adhuc
3526 2128 3675 2187 mihi

2024 2216 2231 2273 deest?
2279 2220 2375 2272 Ait
2420 2217 2507 2271 illi
2556 2218 2752 2274 Jesus.
2799 2240 2820 2269 ρ
2874 2218 3157 2275 Mentitur
3203 2218 3561 2278 adolescens.
3613 2220 3673 2278 Si

2024 2306 2181 2362 enim
2231 2306 2340 2361 hoc
2384 2307 2542 2378 quod
2575 2308 2830 2378 positum
2864 2313 2953 2363 est
2980 2308 3040 2363 in
3072 2309 3367 2365 mandatis
3403 2326 3415 2364 :
3468 2311 3676 2381 Diliges

2020 2398 2342 2468 prowimum
2396 2400 2550 2452 tuum
2600 2397 2742 2452 sicut
2787 2399 3043 2469 teipsum,
3086 2414 3258 2471 opere
3306 2397 3676 2471 complesset,

2024 2487 2320 2556 quomodo
2366 2489 2567 2558 postea
2613 2485 2860 2543 audiens
2892 2504 2905 2543 :
2964 2487 3117 2557 Vade,
3150 2492 3200 2543 et
3234 2488 3398 2544 vende
3426 2504 3551 2560 quae
3578 2490 3676 2544 ha-

2027 2575 2136 2639 bes,
2166 2583 2217 2630 et
2243 2575 2315 2629 da
2342 2578 2699 2647 pauperibus,
2731 2576 2917 2633 tristis
2958 2578 3220 2649 recessit,
3253 2578 3393 2651 quia
3422 2577 3678 2635 habebat

2027 2664 2431 2735 possessiones
2461 2665 2682 2722 multas
2707 2670 2730 2722 Ρ
3046 2674 3051 2677 “

2098 2753 2283 2824 (Vers.
2316 2756 2431 2826 21.)
2486 2777 2505 2805 ε
2541 2755 2603 2810 Si
2632 2755 2720 2812 vis
2751 2755 3042 2828 perfectus
3093 2772 3243 2824 esse,
3285 2758 3451 2825 vade,
3492 2757 3677 2813 vende

2028 2858 2158 2913 qum
2206 2842 2409 2910 habes,
2451 2848 2508 2899 et
2549 2847 2624 2899 da
2666 2846 3044 2917 pauperibus,
3077 2849 3136 2901 et
3162 2844 3408 2903 habebis
3436 2847 3676 2902 thesau-

2028 2949 2159 2987 rum
2190 2932 2252 2987 in
2284 2933 2447 3002 coelo,
2480 2937 2537 2989 et
2566 2935 2719 2999 veni,
2755 2950 2998 3007 sequere
3039 2951 3150 2991 me.
3188 2958 3216 2985 »
3271 2936 3337 2991 In
3382 2939 3674 3009 potestate

2029 3025 2230 3076 nostra
2268 3026 2386 3087 est,
2434 3026 2635 3077 utrum
2683 3021 2932 3079 velimus
2973 3040 3101 3079 esse
3145 3023 3404 3096 perfecti.
3455 3023 3676 3079 Tamen

2029 3110 2365 3182 quicunque
2415 3112 2708 3183 perfectus
2756 3128 2886 3168 esse
2930 3111 3197 3182 voluerit,
3233 3113 3405 3169 debet
3432 3113 3680 3170 vendere

2032 3217 2158 3272 quae
2194 3199 2368 3255 habet
2400 3218 2414 3256 :
2465 3204 2523 3259 et
2564 3218 2680 3256 non
2724 3219 2792 3258 ex
2831 3207 2995 3275 parte
3032 3203 3300 3272 vendere,
3336 3202 3489 3259 sicut
3517 3207 3680 3258 Ana-

2031 3289 2159 3345 nias
2210 3289 2345 3345 fecit
2390 3294 2448 3345 et
2496 3289 2785 3363 Sapphira
2832 3292 2967 3365 (Aet.
3015 3310 3071 3363 ν,
3119 3293 3287 3364 1-10),
3340 3290 3441 3349 sed
3494 3296 3681 3347 totum

2030 3381 2276 3435 vendere
2311 3396 2325 3434 :
2375 3384 2434 3435 et
2463 3397 2597 3436 cum
2629 3380 2972 3446 vendiderit,
3005 3398 3178 3438 omne
3224 3381 3363 3437 dare
3404 3380 3684 3453 pauperi-

246 3472 529 3529 similem
578 3469 863 3525 haberent
910 3466 1303 3522 innocentiam
1354 3472 1412 3523 et
1455 3468 1918 3540 simplicitatem,
1951 3462 1993 3529 C
2034 3470 2165 3536 bus,
2216 3473 2272 3524 et
2322 3468 2406 3524 sic
2454 3468 2566 3524 sibi
2622 3486 2948 3541 praeparare
2993 3469 3339 3526 thesaurum
3388 3470 3449 3524 in
3498 3485 3681 3542 regno

243 3560 577 3635 praemium
610 3556 957 3629 repromitti.
990 3555 1264 3628 Apostolo
1297 3572 1530 3628 quoque
1561 3558 1620 3611 in
1652 3558 1919 3613 eamdem

243 3648 620 3709 sententiam
653 3650 1008 3719 congruente
1040 3663 1053 3701 :
1100 3646 1334 3711 Fratres,
1378 3646 1555 3701 nolite
1581 3648 1747 3717 pueri
1775 3647 1923 3719 efﬁci

241 3742 532 3807 sensibus,
583 3736 677 3794 sed
725 3736 949 3791 malitia
992 3735 1217 3807 parvuli
1267 3738 1428 3791 estote
1460 3752 1478 3788 :
1526 3752 1689 3792 sensu
1741 3745 1923 3792 autem

241 3837 308 3888 ut
338 3830 592 3904 perfecti
618 3828 747 3883 sitis
777 3825 825 3898 (ι
861 3825 982 3880 Cor.
1017 3842 1145 3910 xxv,
1165 3826 1278 3897 20).

320 3920 527 3991 (Vers.
559 3917 671 3988 16.)
704 3939 732 3968 «
769 3917 837 3971 Et
868 3931 999 3971 ecce
1030 3932 1185 3971 unus
1216 3916 1498 3971 accedens
1530 3916 1613 3971 ait
1643 3916 1727 3971 illi
1755 3932 1767 3969 :
1803 3917 1922 3972 Ma-

240 4011 447 4084 gister
499 4008 674 4073 bene,
725 4004 867 4077 quid
919 4004 1054 4060 boni
1102 4002 1332 4071 faciam,
1366 4008 1430 4060 ut
1462 4004 1709 4060 habeam
1741 4005 1923 4061 vitam

241 4096 598 4155 aeternam?
639 4095 746 4161 Qui
777 4093 917 4151 dicit
947 4092 1018 4150 ei.
1054 4116 1080 4142 ››
1132 4094 1246 4149 Iste
1276 4093 1375 4165 qui
1410 4094 1561 4151 148
1606 4095 1927 4168 interrogat

240 4187 568 4263 quomodo
618 4185 797 4241 vitam
847 4188 1243 4255 consequatur
1291 4187 1594 4253 aeternam,
1628 4188 1684 4240 et
1730 4184 1923 4241 adole-

240 4295 460 4347 scene,
490 4279 552 4331 et
578 4273 739 4330 dives
767 4278 856 4329 est
888 4273 995 4344 [AL
1029 4272 1194 4343 erat],
1227 4276 1284 4327 et
1313 4273 1605 4344 superbus
1630 4291 1643 4341 ;
1677 4278 1734 4329 et
1755 4274 1928 4346 juxta

238 4369 452 4426 alium
510 4361 949 4436 evangelistam,
984 4377 1100 4417 non
1144 4365 1275 4416 voto
1325 4361 1629 4434 discentis,
1662 4364 1765 4419 sed
1796 4369 1928 4419 ten-

242 4457 444 4513 tantis
478 4453 809 4528 interrogat
839 4451 988 4523 (Luc.
1021 4467 1186 4518 xvm,
1220 4450 1327 4521 18).

318 4546 534 4619 (Vere.
569 4542 683 4613 17.)
716 4540 916 4606 «Quid
951 4557 1042 4596 me
1072 4540 1398 4612 interrogas
1431 4539 1501 4594 de
1532 4540 1734 4597 bono?
1767 4541 1929 4598 Unus

228 4642 338 4694 est
370 4637 585 4692 bonus
617 4632 792 4688 Deus.
829 4652 851 4682 ι
897 4630 1043 4696 Quia
1073 4630 1178 4701 [AL
1213 4629 1342 4699 Qui}
1379 4630 1729 4701 magistrum
1760 4647 1927 4687 voca-

234 4730 417 4783 verat
456 4725 707 4789 bonum,
738 4725 795 4776 et
825 4737 940 4780 non
964 4720 1171 4787 Deum,
1203 4719 1287 4774 vel
1320 4718 1421 4774 Dei
1454 4718 1668 4774 Filium
1700 4721 1926 4777 confes-

237 4833 353 4873 sus
391 4817 557 4883 erat,
591 4810 764 4868 discit
795 4808 1064 4883 quamvis
1098 4813 1366 4865 sanctum
1417 4808 1719 4864 hominem
1768 4826 1926 4866 com-
1956 4840 2010 4905 ,Β

238 4905 581 4979 paratione
613 4900 715 4956 Dei
760 4917 874 4956 non
917 4915 1046 4956 esse
1088 4898 1330 4967 bonum,
1380 4898 1452 4954 de
1499 4915 1615 4970 quo
1665 4899 1928 4956 dicitur:

240 4991 639 5064 Conﬁtemini
668 4990 918 5058 Domino,
952 4990 1213 5062 quoniam
1242 4988 1412 5043 bonus
1449 4988 1619 5061 (Psal.
1654 5007 1821 5058 cxvn,
1858 4990 1931 5062 1).

238 5084 331 5143 Ne
367 5081 526 5157 quis
561 5084 757 5135 autem
792 5083 958 5152 putet
987 5079 1047 5133 in
1079 5093 1145 5134 eo
1176 5078 1326 5149 quod
1362 5079 1552 5134 bonus
1584 5079 1739 5135 Deus
1792 5079 1934 5136 dici-

238 5178 369 5242 tur,
408 5166 659 5229 excludi
691 5186 725 5225 a
754 5169 1013 5224 bonitate
1046 5167 1254 5224 Filium
1288 5167 1409 5238 Dei,
1442 5167 1697 5241 legimus
1728 5169 1787 5225 in
1822 5169 1936 5226 alio

501 5260 708 5315 Pastor
755 5257 923 5315 bonus
959 5259 1114 5331 ponit
1151 5258 1406 5314 animum
1434 5274 1593 5313 suam
1616 5275 1718 5330 pro
1750 5259 1939 5315 ovibus
2047 5261 2358 5333 Evangelia
2388 5260 2696 5317 Matthieus
2725 5262 2789 5315 et
2811 5259 3107 5329 Zacheaus,
3134 5257 3355 5315 divitiis
3381 5252 3698 5324 derelictis,

238 5260 381 5321 loco
423 5279 440 5318 :

322 5500 340 5533 ι
372 5491 675 5569 Origenis
706 5491 947 5569 hacest
975 5492 1305 5569 expositio:
1352 5516 1379 5544 «
1411 5494 1675 5551 Eunuchi
1724 5496 1944 5569 tropice

243 5571 283 5626 ii
311 5568 445 5641 dici
473 5566 851 5641 que_unt,qui
878 5566 1245 5641 fregidisunt
1266 5566 1323 5621 in
1344 5582 1611 5641 venerem
1636 5572 1688 5623 et
1711 5566 1942 5641 segnes,

241 5650 304 5700 et
338 5640 461 5715 qui!
493 5637 659 5715 se_in
696 5654 969 5715 venereae
1000 5638 1277 5715 libidines
1307 5643 1361 5692 et
1392 5637 1807 5715 obscenitates:
1841 5637 1943 5697 iisé

243 5706 374 5788 que
408 5706 802 5788 similianon
846 5710 1239 5788 eifundu_nt_._»
1293 5716 1355 5764 Et
1399 5727 1580 5788 mox:
1635 5736 1661 5762 ‹‹
1697 5714 1943 5788 Quidam

240 5781 412 5863 vero
453 5781 987 5863 adhortationibus
1033 5782 1103 5863 ad
1150 5782 1230 5863 id,
1276 5784 1634 5863 monitisque
1683 5786 1944 5863 adducti,

242 5854 712 5919 abstinentiam
768 5870 804 5908 a
844 5855 1125 5923 venereis,
1166 5858 1224 5909 et
1263 5854 1423 5909 omni
1453 5854 1607 5911 circa
1640 5854 1951 5914 muliebria

1781 5947 1947 5988 1⁵000·

244 5947 388 5990 loco.
422 5947 693 5986 lasclvw.
721 5947 987 5982 exercent
1016 5947 1028 5981 ;
1064 5947 1177 5980 non
1210 5947 1403 5982 tamen
1437 5947 1701 5999 qusuem
1739 5947 1947 6003 propo-

227 6005 353 6068 siti
388 6005 459 6065 et
484 5997 712 6075 studii,
744 6004 802 6057 et
830 5997 1004 6056 laude
1033 5996 1216 6072 digni,
1249 6002 1313 6055 ut
1341 5998 1424 6056 ita
1454 6001 1669 6074 dicam,
1704 6003 1949 6061 atfectus

244 5934 388 5990 loca
421 5925 693 5999 lascivia
721 5931 987 5999 exercent
1016 5942 1028 5981 :
1054 5942 1190 5999 non
1210 5930 1403 5999 tamen
1437 5928 1701 5999 ejusdem

2031 3557 2334 3614 ccelorum.
2389 3558 2541 3613 149
2573 3558 2644 3613 Et
2673 3558 2782 3614 hoc
2814 3559 2885 3614 ad
2920 3557 3335 3631 perfectionem
3366 3574 3482 3614 non
3514 3557 3681 3613 sum-

2030 3648 2110 3705 cit
2132 3648 2173 3716 3,
2209 3649 2321 3704 nisi
2373 3651 2503 3720 post
2534 3652 2898 3720 contemptus
2931 3646 3161 3704 divitias
3192 3647 3684 3705 Salvatorem'se-

2031 3742 2267 3810 quatur,
2300 3738 2356 3792 id
2389 3743 2497 3804 est,
2531 3737 2750 3794 relictis
2783 3737 2977 3806 malis,
3022 3737 3194 3794 faciat
3222 3738 3399 3794 bona.
3430 3736 3683 3794 Facilius

2031 3828 2186 3883 enim
2220 3827 2491 3885 sacculus
2535 3827 2932 3883 contemnitur
2981 3844 3157 3900 quam
3187 3826 3478 3900 voluptas.
3512 3814 3683 3883 Multi

2032 3916 2265 3973 divitias
2324 3916 2741 3989 relinquentes,
2787 3917 3103 3973 Dominum
3154 3935 3270 3974 non
3326 3921 3676 3990 sequuntur.

2034 4006 2312 4079 Sequitur
2358 4012 2555 4062 autem
2601 4006 2938 4075 Dominum,
2988 4007 3088 4079 qui
3119 4006 3379 4064 imitator
3408 4008 3537 4079 ejus
3567 4012 3677 4075 est,

2033 4100 2091 4153 et
2121 4074 2222 4169 per
2236 4074 2495 4168 ’vestigia
2524 4095 2683 4150 illius
2715 4074 3022 4169 graditur:
3050 4097 3155 4163 Qui
3195 4097 3345 4152 enim
3374 4074 3507 4153 dicit
3534 4112 3590 4151 se
3623 4096 3683 4150 in

2035 4185 2247 4243 Christo
2276 4184 2515 4255 credere,
2547 4184 2700 4240 debet
2725 4183 2985 4255 quomodo
3016 4185 3115 4241 itte
3144 4184 3468 4253 ambulavit,
3491 4192 3542 4241 et
3572 4185 3686 4257 ipse

2035 4277 2319 4331 ambulare
2348 4276 2396 4346 (Ι
2425 4275 2582 4330 Joan.
2620 4290 2679 4340 ιι,
2712 4273 2791 4343 6.)

2109 4363 2295 4436 (Vers.
2347 4362 2462 4433 2'3.)
2517 4386 2545 4414 «
2592 4363 2751 4418 Abiit
2798 4363 3006 4432 tristis,
3064 4367 3187 4419 erat
3243 4362 3401 4418 enim
3463 4360 3687 4419 habens

2039 4453 2258 4511 multas
2290 4454 2710 4527 possessiones.
2746 4477 2773 4503 »
2821 4452 2950 4509 Hmc
2980 4457 3068 4509 est
3096 4451 3338 4509 tristitia
3367 4469 3494 4526 qua:
3526 4451 3690 4507 ducit

2039 4546 2111 4601 ad
2145 4548 2412 4600 mortem.
2460 4544 2763 4615 Causaque
2793 4542 3043 4600 tristitie:
3075 4543 3360 4613 redditur,
3394 4542 3550 4616 quod
3584 4542 3688 4599 ha-

2038 4634 2231 4690 buerit
2277 4633 2496 4689 multas
2544 4634 2967 4705 possessiones,
3002 4632 3059 4688 id
3110 4637 3221 4702 est,
3253 4632 3454 4706 spinas
3494 4636 3552 4689 et
3578 4632 3689 4687 tri-

2039 4721 2231 4792 bulos,
2265 4738 2395 4795 quae
2425 4727 2746 4779 sementem
2792 4722 3151 4778 Dominicam
3184 4722 3616 4779 suﬂ‘ocaverint.

2113 4811 2298 4885 (Vere.
2330 4812 2445 4884 23.)
2493 4834 2519 4861 ‹‹
2551 4811 2723 4868 Jesus
2755 4815 2947 4867 autem
2983 4811 3128 4867 dixit
3158 4810 3464 4885 discipulis
3519 4810 3644 4867 suis
3677 4828 3690 4866 :

2041 4905 2224 4958 Amen
2268 4902 2397 4959 dico
2441 4901 2627 4969 vobis,
2661 4900 2798 4971 quia
2845 4901 3007 4958 dives
3054 4899 3294 4957 difficile
3343 4901 3588 4957 intrabit
3635 4900 3695 4957 in

2045 5009 2223 5065 regno
2273 4991 2575 5048 caelorum.
2609 5013 2638 5040 ››
2689 4991 2756 5047 Et
2803 4992 3098 5063 quomodo
3144 4990 3459 5059 Abraham,
3512 4991 3695 5060 Isaac,

2047 5087 2103 5138 et
2149 5082 2328 5139 Jacob
2378 5082 2585 5137 divites
2635 5081 2936 5137 intrarunt
2989 5081 3049 5136 in
3105 5097 3352 5155 regnum
3411 5078 3691 5137 caelorum

2048 5173 2203 5247 (Gen.
2251 5189 2379 5239 xm,
2432 5173 2505 5239 2;
2562 5187 2715 5239 xxv1,
2778 5170 2865 5238 13,
2925 5171 2991 5224 14
3045 5173 3104 5225 et
3149 5186 3339 5241 xxxvx,
3388 5168 3467 5241 9),
3524 5171 3580 5222 et
3637 5166 3698 5221 in

2057 5496 2414 5571 suscipiendi
2449 5501 2651 5572 auctor
2676 5496 2752 5572 iis
2801 5496 2911 5572 fuit
2947 5494 3055 5572 Dei.
3078 5493 3341 5572 verbum,
3373 5489 3475 5572 sed
3508 5488 3706 5572 homi-

2054 5562 2373 5645 numfsive
2405 5570 2506 5642 qui
2526 5570 2690 5645 apud
2724 5568 2973 5645 gentiles
3004 5562 3384 5645 philospphiaa
3414 5564 3704 5645 incubue-

2056 5649 2213 5709 runt,
2247 5643 2366 5699 sive
2411 5636 2828 5714 prohibentium
2866 5636 3092 5707 nubere,
3143 5638 3420 5691 abstinere
3467 5652 3498 5691 a
3545 5636 3706 5707 cibis,

2056 5716 2462 5771 haereticorum
2504 5730 2824 5770 sermones.
2864 5733 2884 5760 ι

2126 5790 2148 5822 ³
2183 5788 2369 5843 Verba
2398 5788 2747 5858 ujuventute
2772 5778 3006 5851 mea,_in
3036 5779 3302 5850 ,Palatin.
3348 5779 3710 5853 codd.;desi-

2057 5859 2238 5915 deran
2248 5864 2365 5915 tur.

2129 5931 2151 5965 ⁸
2180 5931 2305 5987 Duo
2364 5928 2611 5985 Palatini
2671 5942 2839 5994 mss.,
2888 5924 2995 5982 Nec
3050 5926 3171 5997 hoc:
3203 5926 3273 5982 ad
3316 5925 3714 5997 perfectionem

2055 6003 2268 6079 sufﬁcit
2286 6021 2311 6073 ί
2338 6016 2592 6077 moxque
2627 6013 2852 6065 omnes.
2887 5999 3159 6073 uoluntas,
3194 5998 3603 6075 pro.votuptat.
