4182 6588
503 509 618 568 H3

1744 506 1804 562 S.
1857 504 2160 565 EUSEBII
2208 503 2657 565 HlEItONYMl

3791 500 3911 558 144

497 637 729 697 Domini
778 637 1113 696 testimonio
1173 636 1616 710 praedicantur?
1674 637 1890 708 (Matth.
1954 655 2028 706 ix,
2088 637 2482 709 9,Aquibus
2552 636 2760 692 divites
2825 636 3262 704 comparantur,
3329 648 3461 686 cum
3529 629 3913 702 deposuerint

499 729 604 797 10;
657 729 783 784 Luc.
834 727 1077 825 καλε).
1141 726 1250 782 Sed
1310 725 1801 825 considerandum
1838 726 2019 825 ‘quod
2077 743 2144 781 eo

499 821 763 891 tempore
813 814 945 889 quo'
975 815 1356 881 intraverunt,
1391 814 1602 869 divites
1647 830 1776 869 esse
1821 815 2139 870 desierunt.

501 905 731 962 Tandiu
785 921 921 979 ergo
974 921 1091 960 non
1132 905 1457 970 intrabunt,
1489 903 1749 975 quandiu
1783 903 1988 957 divites
2024 905 2144 958 fue-

500 994 640 1051 rint.
674 998 742 1051 Et
769 998 966 1051 tamen
997 993 1137 1066 quia
1175 991 1486 1049 difficulter
1515 993 1727 1047 divitiae
1759 999 2142 1048 contemnun-

499 1086 617 1154 tur,
649 1100 766 1140 non
797 1083 945 1139 dixit
975 1101 988 1138 :
1047 1081 1414 1154 Impossibile
1462 1085 1553 1138 est
1598 1081 1804 1137 divites
1834 1081 2051 1137 intrare
2086 1083 2142 1137 in

501 1188 748 1247 regnum
780 1172 1078 1244 scelerum,
1111 1172 1210 1228 sed
1243 1170 1500 1228 difﬁcile.
1558 1170 1664 1227 Ubi
1697 1170 1936 1226 difﬁcile
1977 1171 2143 1244 poni-

502 1265 620 1330 tur,
666 1278 780 1319 non
828 1259 1269 1334 impossibilitas
1318 1261 1732 1333 praetenditur;
1784 1260 1884 1315 sed
1936 1256 2144 1316 raritas

505 1351 958 1408 demonstratur.

568 1438 754 1511 (Vera.
787 1440 1004 1508 24-26.)
1056 1462 1077 1490 ι
1114 1439 1180 1496 Et
1209 1438 1422 1495 iterum
1455 1439 1583 1494 dico
1626 1438 1793 1494 vobis
1825 1457 1838 1494 :
1895 1437 2144 1494 Facilius

496 1531 588 1584 est
643 1527 934 1585 camelum
993 1544 1098 1601 per
1143 1529 1404 1583 foramen
1453 1544 1594 1584 acus
1642 1528 1914 1593 transire,
1966 1544 2143 1600 quam

492 1615 734 1674 divitem
782 1615 1004 1674 intrare
1032 1615 1094 1671 in
1125 1632 1370 1688 regnum
1400 1615 1703 1672 caelorum.
1759 1615 1990 1672 Auditis
2037 1634 2146 1671 auo

493 1709 615 1762 tem
665 1705 783 1777 his,
833 1704 1110 1778 discipuli
1165 1705 1534 1761 mirabantur
1589 1705 1778 1775 valde,
1831 1706 2139 1761 dicentes:

496 1793 640 1861 Quis
680 1809 819 1868 ergo
862 1793 1075 1868 poterit
1120 1793 1318 1851 salvus
1369 1794 1548 1850 esse?
1595 1794 1898 1866 Aspiciens
1947 1800 2142 1850 autem

495 1882 692 1952 Jesus,
725 1883 872 1938 dixit
911 1881 1030 1938 illis
1063 1901 1076 1939 :
1128 1883 1297 1955 Apud
1339 1882 1607 1939 homines
1639 1883 1748 1940 hoc
1779 1883 2143 1956 impossibile

495 1976 608 2042 est,
629 1973 784 2045 apud
801 1971 987 2029 Deum
1013 1975 1208 2029 autem
1224 1973 1378 2030 150
1391 1972 1588 2028 omnia
1609 1973 1915 2044 possibilia
1932 1979 2089 2029 sunt.
2113 1997 2139 2021 υ

499 2061 618 2118 Hoc
665 2061 820 2117 dicto
865 2061 1195 2118 ostenditur
1241 2078 1357 2117 non
1404 2061 1638 2117 difﬁcile
1668 2079 1797 2118 esse
1824 2065 1862 2132 ί,
1898 2064 1999 2118 sed
2032 2064 2138 2118 im-

496 2145 797 2220 possibile.
831 2147 890 2204 Si
943 2147 1102 2204 enim
1150 2149 1442 2221 quomodo
1486 2148 1748 2205 camelus
1792 2167 1907 2206 non
1953 2155 2144 2223 potest

497 2237 716 2293 intrare
753 2253 858 2310 per
895 2237 1156 2294 foramen
1205 2253 1368 2303 acus,
1411 2237 1496 2294 sic
1546 2237 1707 2294 dives
1757 2239 1974 2294 intrare
2027 2257 2138 2294 non

496 2331 692 2400 potest
735 2327 796 2383 in
841 2343 1023 2400 regna
1066 2325 1365 2398 cmlorum,
1399 2326 1599 2383 nullus
1647 2328 1892 2384 divitum
1944 2329 2142 2385 salvus

496 2415 628 2472 erit.
662 2416 773 2473 Sed
805 2415 856 2472 ei
885 2415 1156 2490 legamus
1185 2415 1419 2487 Isaiam,
1460 2418 1752 2488 quomodo
1783 2418 1987 2473 cameli
2020 2419 2138 2474 Ma-

495 2505 634 2562 dian
665 2510 722 2562 et
750 2505 914 2578 Epha
943 2505 1178 2562 veniant
1203 2505 1529 2562 Jerusalem
1573 2523 1706 2561 cum
1747 2507 1917 2562 donis
1965 2513 2140 2578 atque

495 2594 840 2652 muneribus
887 2597 1014 2667 (Isa.
1049 2612 1137 2668 1.x,
1169 2597 1267 2665 6):
1311 2600 1368 2652 et
1398 2595 1497 2668 qui
1538 2597 1702 2668 prius
1745 2597 1903 2651 curvi
1953 2602 2140 2666 erant,

497 2689 556 2743 et
582 2684 856 2742 vitiorum
887 2685 1170 2759 pravitate
1199 2685 1455 2752 distorti,
1489 2686 1894 2758 ingrediantur
1942 2692 2140 2758 portas

491 2773 843 2844 Jerusalem,
901 2773 1231 2830 videbimus
1285 2775 1579 2845 quomodo
1636 2780 1692 2829 et
1753 2775 1845 2830 isti
1907 2776 2138 2847 cameli,

565 2901 582 2934 ¹
619 2900 828 2957 Parum
882 2897 1090 2970 abfuit,
1145 2898 1286 2970 quin
1337 2898 1604 2954 codicum
1666 2904 2000 2954 nostrorum
2057 2899 2138 2954 1e-

493 2971 769 3038 ctionem,
795 2987 972 3042 quam
1003 2976 1061 3026 et
1087 2970 1328 3026 inferior
1357 2975 1661 3042 contextus
1691 2987 1949 3026 asserere
1980 2971 2138 3026 visus

495 3041 962 3114 utcunque’est,
1001 3042 1428 3114 praeferremus,
1471 3041 1773 3096 ostenditur
1802 3059 1909 3097 non
1942 3046 2139 3114 impos-

495 3113 663 3171 sibile
691 3110 826 3180 esse,
871 3111 963 3169 sed
1002 3110 1264 3184 aifﬁeile.
1313 3112 1524 3167 Notum
1561 3129 1693 3168 vero
1726 3113 1872 3168 illud
1903 3110 2139 3184 est,'ca-

498 3185 742 3252 malum,
777 3199 952 3255 quem
1002 3183 1096 3239 hic
1137 3183 1543 3254 Hieronymus,
1578 3185 1919 3240 vetustiores
1950 3183 2011 3240 se
2044 3186 2143 3240 Pa-

495 3263 616 3329 tres
669 3261 929 3329 secutus,
977 3255 1259 3329 pecudem
1313 3255 1604 3327 intelligit,
1656 3256 1982 3329 plerosque,
2019 3275 2139 3312 ma-

501 3327 657 3385 xime
686 3327 1055 3399 recentiores,
1089 3328 1304 3399 funem,
1334 3329 1635 3399 nauticum
1661 3327 2017 3399 'grossiorem
2053 3330 2138 3384 in-

501 3399 829 3473 terpretari.
863 3398 1244 3473 Observatum
1293 3398 1350 3452 id
1397 3397 1824 3473 Theophy‘lacto
1877 3400 1934 3473 in
1990 3401 2143 3455 hunc
2175 3399 2217 3465 C

499 3469 753 3528 Matthaii
779 3469 971 3526 locum
999 3487 1011 3526 :
1051 3491 1073 3521 ι
1103 3471 1348 3536 Quidam
1373 3469 1660 3526 camelum
1685 3489 1798 3528 non
1823 3472 2038 3527 animal
2061 3473 2143 3527 di-

498 3548 659 3613 cunt,
693 3543 793 3600 sed
826 3559 1093 3598 crassum
1141 3543 1362 3608 funem,
1407 3559 1520 3614 quo
1547 3549 1806 3614 utuntur
1849 3551 2035 3598 nautae
2069 3545 2142 3600 ad

499 3614 890 3688 projiciendas
919 3615 1226 3670 anchoras.
1261 3634 1288 3663 »
1322 3613 1512 3685 Atque
1543 3613 1736 3686 ipsum
1770 3617 2007 3687 quidem
2039 3634 2140 3672 no-

501 3687 650 3775 men
675 3687 802 3775 57:1
847 3719 963 3773 quo
1005 3701 1174 3775 facile
1212 3719 1357 3757 usus
1387 3708 1476 3775 est
1504 3701 1793 3769 Christus,
1826 3710 2142 3775 utrumque

502 3773 798 3847 signiﬁcat
839 3772 1152 3847 camelum,
1184 3774 1488 3847 etgrande
1537 3775 1848 3847 gibbosum
1899 3772 2137 3847 animal,

499 3844 932 3916 et'crassiorem
966 3845 1208 3916 funem:
1242 3845 1523 3916 docetque
1551 3844 1950 3916 Aristophanis
1977 3848 2144 3902 scho-

496 3915 721 3990 liastes,
751 3920 943 3972 Greece
993 3915 1270 3990 appellari
1313 3912 1548 3987 κᾶμὶλον
1581 3915 1642 3968 τὸ
1673 3912 1822 3990 παχὺ
1855 3917 2097 3990 σχοινίον
2126 3943 2141 3985 ς

500 3988 752 4061 denique
805 3987 1145 4061 exueadein,
1195 3992 1259 4042 ut
1306 3990 1554 4054 videtur,
1591 3987 1854 4061 Syriaca
1889 3987 2138 4061 origine,

499 4064 558 4117 et
608 4059 801 4116 Italico
851 4059 1067 4116 dicitur
1115 4059 1366 4116 Gomena.
1421 4059 1676 4126 Accedit,
1708 4060 1862 4131 quod
1907 4059 2036 4131 ipsa
2065 4061 2142 4114 vi-

500 4133 705 4188 deatur
749 4131 1114 4204 comparatio,
1153 4131 1426 4204 instituta
1472 4147 1606 4204 cum
1651 4131 1722 4186 iis
1754 4149 1878 4202 qua:
1912 4149 2015 4187 acu
2049 4133 2139 4187 in-

497 4209 774 4275 suuntur,
805 4203 949 4276 puta
998 4203 1274 4276 funiculis
1325 4203 1690 4276 tenuioribus
1741 4210 1800 4258 et
1852 4203 1988 4276 ﬁlis,
2023 4221 2136 4258 non

497 4292 630 4332 cum
683 4273 949 4332 ab’normi
991 4275 1199 4344 bestia,
1235 4291 1362 4347 qua:
1393 4273 1623 4328 nullum
1658 4276 1835 4330 ferme
1866 4275 1936 4329 ad
1969 4291 2135 4330 acum

493 4347 1272 4476 reipsgiiitsrtigfbf’btatinus
1323 4433 1458 4484 ms.,
1519 4416 1732 4472 Auditis
1787 4422 1969 4472 autem
2027 4419 2134 4485 his,

494 4491 757 4564 discipuli
792 4491 1190 4564 mirabantur:
1223 4489 1404 4558 valde,
1462 4489 1696 4564 dicentes
1743 4506 1761 4542 :
1821 4491 1954 4556 Quis
2005 4507 2135 4561 ergo

489 4561 695 4635 poterit
721 4561 907 4617 salvus
935 4565 1088 4635 esse}
1132 4561 1428 4635 Clementia
1479 4561 1820 4635 severitatem
1850 4565 2137 4635 sententia:

496 4631 840 4705 temperavit,
889 4643 996 4688 etc.
1049 4633 1174 4688 Duo
1221 4631 1319 4686 alii
1377 4637 1509 4703 post
1555 4633 1746 4698 verba,
1778 4633 1960 4686 salvas
2003 4636 2136 4701 ﬁet?

495 4705 580 4760 ita
607 4705 950 4761 continuant
981 4721 994 4760 :
1045 4705 1325 4773 Aspiciens
1367 4712 1551 4758 autem
1578 4707 1741 4759 Jesus
1777 4706 2134 4773 cogitationes

495 4722 580 4760 ιῑα
607 4722 950 4761 continuant
981 4722 994 4760 2
1045 4722 1111 4758 A5

493 4791 687 4832 eorum
717 4776 872 4832 dixit
904 4795 922 4831 :
971 4722 1148 4848 Aput],

492 4853 672 4908 Deum
706 4856 889 4903 autem
927 4850 1117 4904 omnia
1159 4847 1446 4919 possibilia
1491 4855 1638 4900 sunt.
1695 4847 1989 4902 Clementia
2024 4847 2133 4904 sua

491 4921 847 4989 severitatem,
896 4923 1004 4975 etc.
1057 4919 1404 4990 Utrumque,
1441 4922 1505 4973 ut
1533 4919 1779 4990 videtur,
1811 4935 1879 4974 ex
1907 4920 2130 4991 glossa-

492 4992 646 5064 toris
675 4991 927 5064 ingenio.

562 5065 585 5098 ³
612 5062 894 5120 Erasmus
941 5062 1082 5136 legit
1128 5063 1401 5128 Socrates,
1454 5078 1554 5134 pro
1609 5062 1814 5136 Crates.
1846 5063 2132 5118 Eumdem

491 5151 749 5193 errorem
798 5135 983 5207 reperi
1006 5135 1087 5190 ’in
1133 5136 1408 5191 omnibus
1455 5151 1598 5207 mss.
1633 5135 1932 5207 codicibus
1984 5151 2132 5205 quos

490 5207 624 5282 legi,
658 5206 904 5282 numero
948 5207 1410 5282 quatuordecim:
1461 5206 1541 5282 De
1589 5221 1704 5278 quo
1754 5206 2130 5282 antiquorum

490 5278 912 5353 exscriptorum
967 5278 1166 5353 errore
1217 5279 1342 5353 haec
1393 5278 1680 5353 habemus
1737 5279 2062 5353 observata
2099 5294 2134 5332 a

490 5348 750 5408 Mariano
779 5351 1080 5407 Victorio:
1129 5350 1578 5406 Emendavimus
1627 5348 1822 5404 Crates
1875 5366 1980 5421 pro
2031 5349 2130 5404 So-

489 5430 698 5492 crates,
758 5424 1164 5478 Brixianorum
1222 5423 1484 5476 codicum
1546 5423 1792 5476 monitu.
1862 5429 1910 5474 A
1977 5426 2130 5492 crate

487 5491 817 5564 enim,lnon
864 5511 900 5550 a
939 5495 1192 5563 Socrate,
1226 5494 1324 5564 qui
1358 5510 1460 5547 nec
1489 5493 1650 5548 dives
1684 5493 1864 5546 fuisse
1895 5491 2127 5560 legitur,

487 5563 565 5637 id_
599 5565 818 5637 factum
867 5565 1148 5637 proditur.
1202 5563 1372 5620 Error
1420 5569 1611 5629 natus,
1646 5565 1799 5635 quod
1846 5567 2034 5616 notior
2063 5579 2130 5616 ac

486 5634 767 5708 celebrior
811 5634 965 5692 esset
1011 5638 1270 5694 Socrates
1318 5653 1493 5708 quam
1541 5634 1776 5708 Crates,
1814 5639 1870 5708 et
1897 5651 2125 5708 nomen

486 5707 565 5764 sit
590 5707 708 5763 fere
738 5708 914 5764 idem.
947 5705 1431 5774 Hieronymus'do
1463 5709 1629 5763 Crete
1661 5707 1862 5760 multis
1895 5705 1952 5758 in
1985 5705 2126 5759 locis

483 5780 594 5857 hoc
633 5779 860 5857 asserit.
916 5767 1384 5857 Ad_PaE‘:lin_um,
1417 5778 1902 5857 de_institutione_
1926 5793 2126 5857 mona-

482 5855 576 5913 chi
610 5867 624 5907 :
674 5852 932 5908 «Crates
978 5853 1072 5909 ille
1121 5853 1457 5919 Thebanus,
1495 5851 1666 5906 homo
1709 5849 2004 5919 quondam
2040 5848 2125 5902 di-

481 5927 768 5995 tissimus,
801 5940 932 5984 cum
966 5926 1037 5984 ad
1070 5923 1608 6002 philosophandum
1639 5923 1892 5982 Athenas
1922 5935 2124 5994 perge-

2257 743 2490 798 gravem
2546 727 2834 780 sarcinam
2886 727 3278 794 peccatorum,
3310 727 3367 775 et
3415 720 3595 775 totius
3643 719 3909 792 corporis

2257 817 2626 887 pravitatem,
2659 815 2876 868 intrare
2917 812 3144 883 possint
3174 827 3275 882 per
3306 816 3619 881 angustam
3652 816 3908 881 portam,

2254 910 2310 958 et
2357 912 2575 960 arctam
2627 905 2800 968 viam,
2835 920 2959 974 quae
2991 902 3152 955 ducit
3183 901 3252 955 ad
3285 901 3463 954 vitam
3522 900 3752 968 (Matth.
3803 916 3907 971 vn,

2257 995 2369 1060 ti).
2433 993 2934 1063 Interrogantibus
2981 996 3177 1045 autem
3232 987 3560 1060 discipulis,
3613 994 3670 1043 et
3717 987 3908 1043 admi-

2254 1083 2520 1137 rantibus
2555 1082 2954 1138 austeritatem
2990 1079 3126 1133 dicti
3149 1080 3190 1148 ²,
3243 1079 3374 1146 Quis
3405 1094 3529 1148 ergo
3559 1077 3744 1132 salvus
3773 1077 3912 1147 ﬁet?

2254 1171 2561 1228 clementia
2615 1189 2721 1228 sua
2767 1169 3132 1225 severitatem
3181 1167 3480 1222 sententia;
3540 1166 3909 1238 temperavit,

2254 1261 2453 1316 dicens
2509 1278 2522 1316 :
2592 1263 2728 1329 Quae
2794 1259 2938 1330 apud
3005 1259 3250 1312 homines
3314 1256 3702 1328 impossibilia,
3760 1256 3910 1328 apud

2259 1353 2435 1404 Deum
2477 1350 2764 1420 possibilia
2795 1353 2943 1402 sunt.

2327 1438 2513 1508 (Vera.
2545 1438 2661 1508 27.)
2696 1461 2724 1488 «
2758 1439 2921 1492 Tunc
2956 1435 3314 1507 respondens
3347 1435 3570 1500 Petrus,
3602 1435 3749 1490 dixit
3798 1436 3849 1491 ei
3889 1454 3904 1492 :

2255 1527 2396 1582 Ecce
2444 1544 2548 1581 nos
2600 1526 2948 1598 reliquimus
2991 1524 3207 1588 omnia,
3243 1530 3297 1579 et
3328 1525 3511 1580 secuti
3544 1541 3752 1580 sumus
3797 1529 3856 1580 te
3892 1542 3906 1582 :

2253 1616 2394 1687 quid
2429 1631 2563 1687 ergo
2603 1617 2713 1672 erit
2757 1616 2972 1672 nobis?
3006 1638 3033 1664 ι)
3088 1615 3339 1670 Grandis
3387 1613 3649 1669 ﬁducia:
3697 1617 3912 1670 Petrus

2253 1705 2507 1774 piscator
2545 1709 2686 1775 erat,
2724 1705 2885 1760 dives
2932 1721 3045 1758 non
3078 1703 3286 1768 fuerat,
3318 1703 3481 1758 cibos
3514 1719 3691 1758 manu
3724 1709 3782 1758 et
3811 1720 3908 1759 ar-

2255 1799 2307 1848 te
2338 1794 2680 1864 quaerebat:
2730 1799 2787 1849 et
2831 1799 3025 1848 tamen
3081 1791 3343 1864 loquitur
3393 1793 3770 1860 confidenter,
3805 1793 3908 1848 Re-

2253 1885 2516 1953 liquimus
2545 1886 2752 1938 omnia.
2796 1883 2864 1937 Et
2900 1883 3038 1954 quia
3069 1899 3182 1936 non
3214 1882 3432 1937 sufﬁcit
3462 1887 3694 1937 tantum
3725 1880 3909 1938 relin-

2253 1989 2449 2043 quere,
2475 1973 2672 2043 jungit
2702 1973 2854 2044 quod
2887 1972 3204 2043 perfectum
3240 1976 3330 2026 est
3363 1988 3376 2026 :
3423 1975 3489 2026 Et
3516 1973 3690 2027 secuti
3717 1987 3912 2027 sumus

2251 2071 2320 2117 te.
2373 2062 2639 2117 Fecimus
2670 2062 2827 2133 quod
2859 2061 3116 2132 jussisti,
3151 2059 3291 2132 quid
3324 2060 3502 2132 igitur
3534 2061 3704 2117 nobis
3733 2061 3909 2118 dabis

2251 2150 2523 2223 praemii?

2323 2241 2505 2310 (Vers.
2570 2241 2682 2310 28.)
2743 2261 2770 2288 «
2815 2239 2988 2295 Jesus
3043 2243 3238 2294 autem
3299 2239 3444 2294 dixit
3504 2239 3664 2297 illis:
3717 2243 3906 2297 Amen

2249 2329 2379 2384 dico
2429 2329 2614 2393 vobis,
2648 2329 2805 2400 quod
2850 2346 2952 2383 vos
2986 2329 3083 2400 qui
3118 2328 3301 2383 secuti
3334 2329 3473 2384 estis
3506 2346 3617 2400 me,
3649 2329 3708 2386 in
3742 2347 3908 2402 rege-

2251 2417 2569 2488 neratione,
2603 2435 2737 2472 cum
2771 2418 2987 2472 sederit
3021 2417 3201 2472 Filius
3235 2417 3492 2473 hominis
3523 2418 3581 2472 in
3612 2419 3750 2474 sede
3781 2436 3912 2475 ma-

2241 2507 2476 2577 jestatis
2507 2525 2645 2577 suae,
2681 2507 2958 2562 sedebitis
2998 2512 3055 2562 et
3093 2523 3194 2560 vos
3243 2524 3421 2578 super
3468 2509 3638 2563 sedes
3683 2508 3910 2564 duode-

2249 2597 2737 2666 cim,judicantes
2760 2597 3067 2651 duodecim
3092 2597 3281 2650 tribus
3307 2596 3501 2652 Israel.
3521 2619 3547 2646 »
3570 2597 3694 2652 Non
3716 2597 3907 2654 dixit:

2252 2686 2352 2758 qui
2380 2685 2706 2756 reliquistis
2730 2685 3063 2751 omnia,hoc
3085 2686 3239 2740 enim
3262 2690 3318 2739 et
3340 2691 3534 2740 Crates
3555 2685 3576 2719 ³
3606 2685 3739 2742 fecit
3768 2685 3913 2758 phi-

2249 2774 2550 2846 losophus,
2580 2779 2635 2830 et
2659 2773 2826 2830 multi
2851 2774 2946 2829 alii
2971 2774 3207 2829 divitias
3229 2779 3743 2846 contempserunt;
3773 2776 3907 2842 sed,

2250 2921 2356 2990 ret,
2390 2934 2668 2988 magnum
2704 2918 2829 2973 auri
2862 2918 3096 2990 pondus
3123 2918 3335 2986 abjecit
3363 2935 3377 2985 ;
3432 2931 3537 2972 nec
3581 2918 3810 2990 putavit
3841 2937 3911 2976 se

2249 2989 2426 3044 simul
2451 3007 2618 3060 posse
2646 2995 2702 3043 et
2726 2991 2970 3044 virtutes
2993 2996 3048 3044 et
3071 2989 3302 3044 divitias
3328 2989 3645 3060 possidere.
3672 3011 3700 3038 »
3731 2992 3904 3056 ltem,

2249 3061 2319 3114 ad
2372 3061 2834 3124 Pammachium,
2883 3061 2948 3114 de
2994 3063 3155 3115 ()ln'lu
3188 3063 3446 3117 Paulinae
3485 3063 3713 3117 uxoris:
3767 3087 3794 3112 «
3833 3065 3907 3119 Et.

2250 3139 2443 3187 tamen
2485 3150 2597 3187 non
2647 3139 2734 3187 est
2767 3133 2912 3187 satis
2944 3133 3193 3204 perfecto
3225 3140 3279 3186 et
3309 3139 3716 3189 consummato
3750 3135 3896 3204 viro,

2250 3221 2387 3274 opes
2418 3211 2809 3270 contemnere,
2847 3205 3155 3275 pecuniam
3187 3204 3495 3276 dissipare,
3529 3211 3587 3259 et
3617 3207 3902 3276 projicere

2251 3277 2403 3345 quod
2426 3277 2481 3330 in
2508 3284 2886 3330 monumento
2909 3281 2965 3330 et
2989 3277 3148 3346 perdi
3168 3282 3222 3330 et
3244 3275 3486 3330 inveniri
3510 3275 3904 3347 potest.iFecit

2258 3347 2363 3419 hoc
2397 3353 2606 3419 Crates
2653 3348 2984 3407 Thebanus.
3029 3348 3164 3419 fecit
3213 3347 3604 3419 Antisthenes,
3638 3350 3907 3407 fecerunt

2254 3418 2516 3546 plurimi,
2567 3420 2721 3490 quod
2773 3417 3180 3473 vitiosissimos
3240 3418 3508 3490 legimus.
3547 3417 3596 3469 »⁷
3634 3420 3774 3476 Item
3823 3423 3903 3478 ad

2305 3491 2588 3545 ucinum:
2650 3492 2925 3545 «Aurum
2983 3491 3270 3546 deponere
3329 3491 3731 3546 incinientium
3783 3500 3901 3546 est.

2305 3491 2588 3545 ucinum:
2650 3492 2925 3545 «Aurum
2983 3491 3270 3560 deponere
3329 3491 3731 3561 incipientium
3783 3500 3901 3559 est,

2253 3579 2367 3616 non
2404 3563 2811 3633 perfectorum.
2842 3561 2998 3616 Fecit
3028 3561 3134 3616 hoc
3166 3563 3364 3616 Crates
3394 3563 3725 3629 Thebanus,
3761 3563 3901 3620 fecit

2251 3633 2649 3688 Antisthenes.
2685 3657 2712 3682 υ
2765 3634 2905 3688 Item
2942 3633 3087 3687 libro
3119 3635 3376 3688 secundo
3417 3644 3613 3689 contra
3651 3636 3899 3691 Iovinia-

2251 3722 2387 3758 num
2417 3725 2436 3758 :
2487 3727 2513 3753 ‹‹
2551 3705 2616 3758 Et
2645 3706 2844 3758 Crates
2877 3704 2971 3758 ille
2999 3705 3313 3759 Thebanus
3353 3705 3610 3776 projecto
3643 3706 3702 3761 in
3735 3723 3902 3763 mare

2255 3793 2367 3849 non
2419 3776 2763 3849 parvoﬂauri
2813 3777 3114 3849 pondere:
3165 3777 3352 3840 Abite,
3401 3776 3611 3848 inquit,
3655 3794 3900 3849 pessum

2254 3848 2415 3900 mala:
2448 3847 2817 3920 cupiditates.
2871 3848 2984 3918 Ego
3028 3865 3128 3902 vos
3161 3864 3443 3919 mergam,
3477 3847 3546 3903 ne
3578 3847 3703 3920 ipse
3735 3865 3899 3906 mer-

2251 3934 2356 3988 gar
2385 3919 2683 3992 aqvobis.)
2744 3919 2928 3974 MART.
2981 3950 3045 3992 ὴ
3099 3920 3310 3974 Mirum
3352 3920 3458 3974 hoc
3489 3919 3660 3992 plane
3688 3929 3800 3992 est,
3835 3923 3897 3978 in

2253 3989 2470 4063 nostris
2493 3989 2766 4044 omnibus
2793 4008 2933 4045 mss.
2963 3990 3212 4062 aliisque
3243 3989 3682 4062 quatuordecim
3717 3989 3900 4063 penes

2252 4061 2671 4133 Martianmum,
2698 4063 2821 4133 pari
2854 4061 3284 4132 depravaiionis
3316 4079 3626 4129 consensu,
3650 4061 3899 4121 Socrates

2249 4131 2342 4206 hic
2390 4133 2498 4203 legi
2550 4150 2653 4206 pro
2699 4131 2902 4206 Crates.
2932 4131 3026 4187 ’Et
3077 4133 3367 4189 Victorius
3420 4135 3657 4206 quidem
3704 4136 3785 4192 ita
3833 4154 3900 4193 se

2248 4204 2328 4258 ait
2357 4204 2702 4259 emendasse
2751 4205 3153 4260 Brixianorum
3203 4204 3470 4261 codicum
3517 4206 3763 4276 monitu,
3797 4209 3895 4264 cui

2249 4277 2572 4330 asserenda:
2604 4276 2920 4350 verissima:
2972 4277 3202 4331 lectioni
3238 4279 3421 4350 multa
3452 4278 3788 4350 Hieronymi
3821 4280 3896 4336 de

2247 4351 2468 4420 Cratete
2511 4347 2844 4420 testimonia
2893 4348 3004 4402 huc
3054 4348 3332 4419 congerit.
3369 4347 3792 4420 Ejusmodi—est
3819 4350 3894 4406 il-

2246 4418 2344 4493 lud
2375 4419 2542 4490 epist.
2566 4420 2662 4493 58,
2687 4419 2756 4472 ad
2778 4421 3074 4493 Paulinum
3100 4437 3118 4473 .·
3154 4418 3524 4493 (Crates-ille
3553 4421 3896 4493 Thebanus,

2247 4489 2424 4574 homo
2451 4491 2767 4574 quondam
2815 4492 3164 4574 ditissimus,
3197 4508 3329 4547 cum
3363 4493 3435 4546 ad
3469 4489 3892 4574 philosophani

2245 4563 2385 4636 dum
2437 4563 2688 4636 Athenas
2737 4568 3331 4636 pergeret,gmagnump
3367 4563 3492 4619 auri
3524 4563 3756 4636 pondus
3786 4565 3893 4621 ab-

2235 4633 2408 4706 jecit.
2436 4655 2462 4706 )3
2517 4634 2648 4696 Qua:
2701 4633 2915 4706 repetit
2950 4634 3121 4706 epist.
3153 4637 3224 4688 66
3255 4635 3331 4690 ad
3361 4633 3800 4706 Pammachium,
3835 4642 3898 4694 et

2242 4705 2302 4758 7t
2341 4704 2410 4758 ad
2441 4705 2749 4758 Lai-inium.
2784 4704 3037 4776 Denique
3067 4710 3123 4760 et
3154 4706 3254 4761 lib.
3281 4712 3472 4762 contra
3496 4704 3888 4766 Ιουίηίαηζιιε

1147 4776 1523 4852 homineshoc
1562 4776 1955 4852 impossibile;
1982 4777 2138 4848 apud
2165 4775 2210 4839 D
2245 4798 2271 4824 «
2296 4776 2496 4852 Crates
2529 4778 2622 4852 ille
2647 4775 3260 4852 Theb_a_nus,.projrecto
3294 4779 3349 4833 in
3375 4795 3534 4834 mare
3563 4795 3679 4852 non
3711 4795 3894 4852 parvo

2245 4848 2370 4922 auri
2407 4849 2658 4917 pondere
2691 4863 2703 4902 :
2755 4849 2944 4914 Abite,
2977 4848 3187 4920 inquit,
3224 4867 3458 4920 pessum
3505 4851 3671 4906 malae
3711 4848 3891 4922 'cupi-

2244 4919 2454 4994 ditates
2475 4936 2504 4994 ;_
2521 4936 2626 4994 ego
2647 4919 3148 4994 vosmergannne
3167 4919 3303 4994 ipse
3325 4938 3556 4994 mergar
3579 4939 3614 4978 a
3643 4919 3832 4979 vobis.
3861 4945 3891 4973 ιι

2245 4991 2457 5044 Verum
2494 4991 2626 5045 huic
2657 4991 3016 5046 stabilienda:
3051 4991 3278 5047 lectiOni
3306 4991 3508 5049 contra
3534 5010 3678 5049 mss.
3708 4995 3893 5052 ﬁdem

2243 5062 2388 5116 nihil
2442 5062 2634 5137 potius
2685 5063 2761 5117 sit
2810 5063 3086 5137 historica
3115 5065 3378 5137 veritate,
3412 5069 3468 5120 et
3495 5065 3785 5137 Origenis,
3819 5083 3895 5122 ex

2243 5149 2356 5203 quo
2379 5139 2560 5208 totam
2583 5133 3119 5208 interpretationem
3145 5136 3531 5208 Hieronymus
3553 5133 3888 5208 descripsit,

2241 5205 2638 5276 sententiam,
2667 5206 2733 5258 Et
2775 5222 2906 5260 vero
2950 5208 3020 5260 de
3064 5207 3306 5274 Cratete,
3342 5205 3457 5263 non
3489 5205 3893 5276 Socrate,_hoo

2242 5277 2479 5351 tradunt
2521 5275 2928 5351 Philostratus,
2981 5279 3075 5332 lib.
3103 5297 3152 5351 71,
3185 5296 3311 5350 cap.
3347 5281 3433 5341 10,
3467 5279 3532 5335 de
3569 5281 3670 5336 Vit.
3704 5275 3890 5351 Apol.,

2240 5350 2524 5424 pingenes
2577 5349 2769 5424 Laert._
2816 5349 2915 5404 lib.
2965 5367 3040 5412 vi,
3099 5349 3614 5424 Plutarchus-napi
3659 5349 3758 5404 τοῦ
3803 5351 3886 5422 μή

2240 5415 2588 5494 δανέξζεσῦαιι,
2641 5426 2698 5474 et
2739 5421 2976 5494 demum
3011 5423 3242 5486 Suitlas,
3276 5423 3376 5494 qui
3411 5415 3586 5478 aliam
3621 5415 3891 5479 contem;

2239 5493 2563 5546 nendarum
2596 5507 2776 5562 opum
2831 5493 3112 5547 rationem
3153 5493 3410 5550 tenuisse
3441 5496 3728 5550 Cratetem
3761 5499 3890 5550 tre.-

2238 5563 2324 5638 dit
2356 5579 2367 5615 :
2422 5585 2449 5638 ετ
2483 5563 2626 5616 Cum
2660 5563 2813 5617 enim
2851 5565 3172 5638 ipsepgros
3203 5565 3456 5621 incultos
3505 5565 3890 5638 deseruisset,

2237 5634 2390 5687 edito
2422 5633 2544 5687 loco
2577 5633 2915 5699 conscenso,
2957 5636 3102 5689 dixit
3136 5653 3149 5690 :
3201 5639 3487 5692 Cratetem
3538 5633 3892 5695 Thebanuni

2236 5705 2433 5758 Crates
2495 5705 2762 5760 libertate
2808 5708 3004 5760 donat.
3043 5729 3068 5754 υ
3129 5709 3404 5776 Origenis
3441 5726 3595 5774 vero,
3646 5710 3765 5772 cui,
3819 5715 3893 5766 ut

2235 5776 2515 5852 diximus,
2552 5777 2930 5852 Hieronymus
2962 5779 3159 5852 stricte
3190 5782 3464 5846 adharet,
3495 5779 3788 5852 ejusmodi
3822 5781 3890 5839 in

2235 5846 2391 5924 hunc
2439 5849 2631 5924 lo_cum
2681 5846 2999 5924 ex'ilguetii
3059 5846 3542 5924 interpretatione
3589 5852 3892 5924 sententia

2234 5922 2323 5977 est
2355 5937 2368 5980 :
2419 5941 2447 5974 ‹‹
2479 5919 2765 5982 Gratetem
2796 5921 3144 6002 Thebanam
3176 5919 3392 5997 ferunt,
3427 5939 3562 5987 cum
3592 5923 3890 5994 libertatis
