4182 6570
313 420 433 484 145

834 419 1353 484 conuersus.
1401 419 1481 482 1N
1524 419 2042 484 EVANGELIUM
2088 420 2470 484 ΜΑΤΤΗΕΙ
2516 420 2665 483 LIB.
2708 370 2817 483 In.
2862 420 3035 483 CAP.
3082 418 3214 483 xx.

3622 416 3741 485 “6

315 553 419 629 qui
452 552 636 612 secuti
669 553 810 611 estis
840 570 933 611 me
967 572 980 611 :
1013 555 1160 613 151
1212 555 1366 628 quod
1398 555 1630 629 preprie
1679 555 1973 629 apostolo-
2003 558 2056 625 Α
2086 573 2198 613 nus
2250 557 2429 614 vineae
2487 556 2849 630 procuratori
2908 574 3015 616 suo
3061 576 3075 617 :
3124 555 3284 618 Voca
3331 556 3647 635 operarios,
3682 561 3742 618 et

314 661 449 700 rum
477 650 566 701 est
597 648 770 717 atque
801 645 1188 700 credentium.
1238 647 1294 700 ln
1345 647 1803 719 regeneratione,
1838 663 1973 701 cum

315 736 541 794 sederit
598 734 781 791 Filius
839 734 1097 791 hominis
1147 734 1208 790 in
1267 736 1404 791 sede
1466 737 1787 807 majestatis
1831 753 1972 806 suae,

316 826 554 899 quando
580 841 648 881 ex
680 825 928 880 mortuis
972 825 1045 881 de
1094 825 1467 897 corruptione
1499 826 1512 860 ¹
1547 830 1855 895 resurgant
1882 825 1972 881 in-

316 915 600 988 corrupti.
658 914 937 970 sedebitis
977 918 1034 969 et
1077 932 1179 970 vos
1226 914 1286 969 in
1338 914 1501 970 soliis
1545 916 1969 986 judicantium,

316 1005 778 1062 condemnantes
808 1004 1121 1060 duodecim
1152 1004 1343 1060 tribus
1374 1003 1550 1060 Israel
1587 1024 1599 1061 :
1635 1005 1775 1077 quia
1808 1006 1974 1061 vobis

314 1094 713 1159 credentibus,
747 1093 831 1149 illi
862 1095 1098 1151 credere
1128 1094 1462 1150 noluerunt.

384 1184 568 1258 (Vers.
600 1185 691 1253 ‘29,
725 1185 839 1256 30.)
863 1206 891 1233 ‹‹
917 1185 985 1239 Et
1013 1184 1208 1240 omnis
1240 1187 1341 1256 qui
1373 1184 1673 1256 reliquerit
1703 1186 1967 1253 domum,

309 1275 399 1331 vel
448 1274 677 1342 fratres,
714 1278 821 1347 aut
865 1290 1115 1342 sorores,
1151 1279 1252 1330 aut
1283 1278 1529 1347 patrem,
1564 1278 1664 1330 aut
1695 1279 1968 1341 matrem,

308 1368 412 1423 aut
442 1380 701 1435 uxorem,
736 1334 839 1420 aut
871 1364 1042 1431 ﬁlios,
1103 1368 1207 1419 aut
1256 1381 1426 1437 agros
1477 1369 1714 1436 propter
1756 1380 1969 1419 nomen

308 1471 530 1520 meum,
590 1452 933 1525 centuplum
1004 1453 1269 1527 accipiet,
1324 1459 1379 1509 et
1443 1454 1623 1509 vitam
1684 1457 1962 1509 aeternam

307 1543 654 1619 possidebit.
709 1541 877 1598 Multi
934 1547 1129 1598 autem
1187 1546 1359 1597 erunt
1416 1542 1586 1613 primi
1638 1541 1965 1611 novissimi,

310 1638 368 1691 et
397 1632 700 1689 novissimi
734 1632 931 1705 primi.
968 1654 995 1681 »
1029 1632 1217 1688 Locus
1250 1632 1360 1687 iste
1390 1648 1522 1687 cum
1559 1630 1659 1705 illa
1680 1633 1968 1687 sententia

311 1723 600 1796 congruit,
631 1721 692 1777 in
725 1738 841 1794 qua
873 1721 1139 1778 Salvator
1184 1721 1448 1793 loquitur
1481 1739 1493 1777 :
1526 1725 1649 1777 Non
1694 1724 1821 1777 veni
1862 1740 1965 1793 pa-

310 1828 429 1871 cem
476 1815 714 1878 mittere,
744 1812 837 1867 sed
866 1812 1141 1886 gladium.
1197 1812 1327 1866 Veni
1371 1813 1520 1866 enim
1564 1827 1824 1880 separare
1871 1813 1964 1867 ho-

2086 648 2262 704 redde
2329 647 2442 703 illis
2512 649 2863 718 mercedem,
2938 648 3227 722 incipiens
3292 667 3327 706 a
3392 650 3735 708 novissimis

2084 753 2273 810 usque
2305 739 2376 793 ad
2422 738 2664 810 primos.
2714 741 2857 794 Cum
2904 739 3202 796 venissent
3246 756 3384 813 ergo
3433 741 3531 813 qui
3581 740 3738 797 circa

2084 829 2458 884 undecimam
2503 827 2709 884 horam
2752 834 3050 899 venerant,
3082 832 3432 903 acceperunt
3469 828 3753 909 singulos“

2083 917 2374 973 denarios.
2408 918 2720 974 Venientes
2754 921 2950 975 autem
2982 922 3039 975 et
3068 919 3266 992 primi,
3299 919 3561 975 arbitrati
3594 923 3738 976 sunt

2084 1009 2238 1081 quod
2273 1008 2406 1081 plus
2435 1011 2632 1064 essent
2661 1008 2956 1080 accepturi
2988 1025 3002 1064 :
3039 1012 3387 1081 acceperunt
3433 1013 3630 1066 autem
3678 1014 3738 1067 et

2083 1099 2196 1170 ipsi
2245 1097 2512 1170 singulos
2560 1098 2851 1154 denarios.
2886 1100 2955 1154 Et
2983 1098 3356 1172 accipientes,
3398 1115 3732 1156 murmura-

2082 1189 2225 1243 bant
2253 1189 2534 1243 adversus
2564 1186 3072 1260 patremfamilias,
3106 1187 3365 1245 dicentes
3399 1207 3411 1245 :
3444 1187 3515 1243 Hi
3545 1189 3738 1246 novis-

2083 1276 2216 1331 simi
2268 1293 2385 1331 una
2431 1276 2575 1332 hora
2623 1276 2907 1344 fecerunt,
2958 1279 3015 1332 et
3065 1293 3235 1349 pares
3278 1276 3411 1334 illos
3441 1276 3612 1334 nobis
3643 1281 3733 1335 fe-

2082 1365 2234 1432 cisti,
2269 1366 2365 1438 qui
2399 1365 2763 1437 portavimus
2794 1366 3026 1437 pondus
3055 1366 3169 1422 diei
3201 1370 3258 1422 et
3285 1367 3504 1424 aestus?
3531 1369 3605 1424 At
3632 1367 3731 1425 ille

2080 1454 2439 1526 respondens
2487 1455 2589 1510 uni
2639 1471 2866 1519 eorum,
2893 1454 3058 1512 dixit.
3094 1478 3122 1505 ››
3158 1456 3435 1514 Parabola
3477 1457 3610 1529 ista,
3641 1457 3732 1515 vel

2079 1542 2404 1599 similitudo
2449 1543 2611 1615 regni
2645 1542 2949 1610 ccnlorum,
2998 1559 3067 1601 ex
3108 1545 3202 1601 his
3247 1562 3375 1618 quas
3424 1546 3730 1619 pramissa

2078 1637 2238 1699 sunt,
2270 1632 2638 1707 intelligitur.
2673 1634 2968 1706 Scriptum
3019 1638 3108 1690 est
3154 1634 3310 1690 enim
3362 1639 3495 1692 ante
3537 1651 3667 1692 eam
3713 1653 3727 1692 :

2078 1725 2248 1779 Multi
2304 1728 2467 1780 erant
2523 1725 2697 1795 primi
2750 1724 3064 1789 novissimi,
3109 1728 3161 1780 et
3218 1727 3503 1781 novissimi
3553 1727 3732 1797 primi

2074 1813 2284 1882 (Matth.
2331 1830 2447 1881 χιχ,
2494 1813 2605 1885 30).
2654 1812 2778 1869 Non
2829 1813 3080 1886 tempori
3124 1812 3420 1870 deferente
3456 1813 3726 1882 Domino,

311 1905 514 1959 minem
557 1919 591 1957 α
634 1905 793 1974 patre
837 1917 954 1971 suo,
1009 1903 1060 1956 et
1105 1908 1336 1956 matrem
1366 1918 1400 1955 a
1430 1901 1571 1970 ﬁlia,
1604 1905 1654 1956 et
1699 1917 1905 1956 nurum
1933 1918 1967 1955 α
2003 1936 2044 2001 Β
2078 1905 2178 1959 sed
2230 1902 2364 1958 fidei
2394 1904 2434 1958 ³.
2469 1902 2733 1974 Dicitque
2783 1901 3267 1975 patremfamilias
3314 1903 3505 1976 primo
3556 1920 3730 1960 mane

308 2010 475 2050 socru
505 2010 522 2046 :
553 1999 604 2048 et
632 1992 851 2047 inimici
879 1990 1116 2046 hominis
1166 1990 1452 2045 domestici
1498 2006 1614 2062 ejus
1661 1990 1871 2061 (Matth.
1907 2008 1963 2055 Χ,

309 2083 525 2150 34-36).
563 2080 670 2148 Qui
700 2096 837 2152 ergo
892 2083 1133 2152 propter
1178 2079 1355 2135 fidem
1404 2078 1639 2146 Christi,
1672 2084 1729 2135 et
1759 2081 1964 2152 prmdi-

307 2172 597 2227 cationem
628 2168 945 2241 Evangelii,
982 2185 1186 2224 omnes
1216 2168 1458 2224 affectus
1479 2169 1965 2241 contempserint,

306 2264 486 2333 atque
543 2259 774 2315 divitias
826 2265 882 2314 et
930 2257 1128 2314 saeculi
1180 2257 1512 2329 voluptates
1564 2277 1581 2312 :
1632 2258 1729 2314 isti
1761 2263 1965 2314 centu-

300 2349 467 2423 plum
500 2348 801 2421 recipient,
829 2352 887 2404 et
916 2348 1098 2403 vitam
1127 2351 1405 2403 aeternam
1442 2347 1853 2420 possidebunt.
1890 2352 1968 2403 Ex

304 2437 611 2496 occasione
660 2437 842 2509 hujus
899 2436 1225 2505 sententiae,
1289 2436 1534 2508 quidam
1583 2436 1969 2492 introducunt

311 2527 474 2585 mille
532 2544 718 2584 annos
767 2530 901 2600 post
954 2526 1467 2593 resurrectionem,
1516 2525 1776 2581 dicentes
1825 2530 1966 2581 tunc

309 2618 483 2675 nobis
513 2615 853 2689 centuplum
887 2616 1153 2671 omnium
1187 2631 1381 2671 rerum
1428 2632 1576 2687 quas
1606 2614 1964 2687 dimisimus,

307 2712 367 2765 et
414 2707 605 2762 vitam’
643 2709 919 2761 aeternam
968 2720 1097 2760 esse
1145 2705 1504 2760 reddendam
1542 2721 1554 2759 :
1591 2721 1706 2759 non
1757 2704 1972 2760 intelli-

310 2800 514 2870 gentes
565 2795 721 2867 quod
775 2795 824 2850 si
876 2794 934 2849 in
984 2794 1209 2850 caeteris
1253 2794 1431 2866 digna
1459 2794 1536 2849 sit
1567 2793 1965 2867 repromissio,

311 2886 374 2942 in
411 2884 691 2941 uxoribus
721 2888 1002 2957 appareat
1032 2885 1367 2955 turpitudo;
1402 2888 1465 2939 ut
1495 2884 1592 2956 qui
1645 2901 1821 2939 unam
1865 2899 1968 2957 pro

312 2976 562 3032 Domino
593 2973 903 3042 dimiserit,
959 2977 1016 3029 et
1062 2977 1296 3029 centum
1355 2972 1596 3045 recipiat
1642 2972 1701 3027 in
1749 2973 1964 3029 futuro.

317 3065 540 3122 Sensus
572 3079 707 3137 ergo
754 3063 866 3119 iste
897 3066 987 3118 est
1038 3080 1050 3117 :
1097 3062 1205 3127 Qui
1253 3061 1513 3118 carnalia
1542 3078 1646 3134 pro
1677 3062 1970 3118 Salvatore

313 3153 626 3219 dimiserit,
654 3151 986 3225 spiritualia
1015 3151 1255 3225 recipiet
1303 3169 1317 3206 :
1367 3168 1494 3224 quae
1534 3153 1970 3225 comparatione

311 3248 373 3301 et
423 3243 628 3299 merito
658 3243 746 3297 sui
778 3241 861 3297 ita
892 3245 1085 3309 erunt,
1133 3242 1302 3313 quasi
1356 3241 1405 3297 si
1461 3258 1638 3314 parvo
1671 3243 1692 3276 ²
1723 3258 1967 3297 numero

2076 1993 2284 2059 exisse,
2318 1997 2383 2048 ut
2413 1992 2765 2049 conduceret
2807 1992 3104 2065 operarios
3147 1992 3207 2048 in
3254 1992 3484 2049 vineam
3534 2009 3726 2066 suam,

2076 2087 2133 2138 et
2174 2084 2426 2155 pretium
2475 2081 2669 2154 operis
2719 2081 3097 2139 constituisse
3144 2082 3474 2139 denarium.
3508 2082 3730 2140 Deinde

2077 2188 2380 2246 egressum
2412 2171 2567 2227 circa
2621 2171 2826 2227 horam
2856 2171 3114 2239 tertiam,
3145 2166 3361 2228 vidisse
3390 2170 3539 2228 alios
3567 2174 3728 2228 stan-

2075 2266 2165 2317 tes
2195 2262 2254 2316 in
2288 2260 2481 2333 platea
2502 2260 2719 2317 otiosos
2745 2277 2757 2315 :
2785 2264 2842 2316 et
2860 2259 2979 2315 illis
3001 2276 3369 2332 nequaquam
3394 2260 3726 2329 denarium,

2077 2351 2176 2407 sed
2210 2351 2364 2423 quod
2388 2351 2623 2423 justum
2657 2353 2745 2405 est
2775 2350 2955 2404 fuisse
2989 2347 3338 2421 pollicitum.
3372 2353 3539 2406 Sexta
3590 2365 3733 2422 quo-

2078 2458 2190 2514 que
2220 2440 2363 2496 hora
2392 2444 2449 2495 et
2477 2455 2632 2495 nona
2679 2438 2885 2496 fecisse
2929 2438 3218 2495 similiter.
3254 2439 3573 2496 Undecima
3622 2456 3733 2495 au-

2076 2535 2195 2587 tem
2249 2528 2543 2584 invenisse
2599 2528 2745 2585 alios
2802 2531 3046 2595 stantes,
3097 2528 3198 2601 qui
3253 2531 3377 2584 tota
3421 2527 3517 2585 die
3559 2527 3731 2585 otiosi

2079 2619 2332 2687 fuerant,
2380 2623 2437 2674 et
2485 2618 2720 2674 misisse
2766 2632 2865 2673 eos
2912 2618 2972 2672 in
3022 2616 3273 2674 vineam.
3333 2622 3476 2673 Cum
3531 2622 3728 2675 autem

2078 2726 2207 2766 sero
2260 2710 2480 2764 factum
2536 2712 2711 2775 esset,
2772 2706 3116 2779 praecepisse
3171 2707 3536 2780 procuratori
3597 2723 3727 2777 suo,

2077 2803 2144 2853 ut
2174 2815 2207 2853 a
2237 2797 2576 2853 novissimis
2604 2795 2885 2868 inciperet
2915 2796 3174 2863 reddere,
3207 2795 3318 2852 hoc
3346 2799 3455 2864 est,
3481 2796 3557 2854 ab
3589 2812 3727 2870 ope-

2083 2887 2254 2943 rariis
2311 2886 2465 2941 horae
2528 2885 2850 2941 undecimae
2907 2900 3097 2956 usque
3125 2885 3197 2941 ad
3227 2884 3526 2958 operarios
3571 2884 3728 2941 hora

2077 2976 2311 3049 primae;
2360 2990 2681 3047 omnesque
2737 2973 2955 3046 pariter
3007 2977 3211 3029 contra
3266 2972 3587 3031 novissima
3631 2973 3732 3030 in-

2076 3066 2235 3121 vidia
2280 3065 2621 3131 concitatos,
2678 3063 3046 3135 iniquitatem
3078 3061 3340 3135 arguisse
3370 3062 3730 3136 patrisfami-

2078 3153 2207 3209 lias.
2237 3154 2361 3209 Non
2396 3154 2551 3226 quod
2583 3152 2781 3208 minus
2810 3152 3139 3225 acceperint
3169 3168 3349 3226 quam
3380 3152 3578 3235 fuerat.
3600 3168 3736 3210 con-

2080 3244 2372 3308 stitutum,
2407 3244 2507 3299 sed
2540 3243 2696 3315 quod
2729 3241 2863 3315 plus
2894 3241 3156 3315 accipere
3184 3241 3477 3300 voluerint
3521 3241 3637 3310 his,
3668 3244 3731 3300 in

258 3388 271 3395 ,
310 3333 684 3389 centonarius
742 3347 1027 3386 numerus
1087 3335 1478 3403 comparetur.
1529 3330 1690 3387 Unde
1739 3331 1879 3386 dicit
1909 3336 1967 3387 et
1997 3319 2040 3382 C
2080 3351 2228 3407 quos
2280 3349 2343 3388 se
2393 3332 2702 3389 clementia
2730 3330 3105 3387 conductoris
3131 3332 3434 3388 effuderat.
3470 3330 3614 3388 Mihi
3642 3330 3728 3387 vi-

307 3420 644 3494 Apostolus,
695 3421 796 3492 qui
843 3436 1024 3475 unam
1068 3424 1300 3475 tantum
1355 3420 1619 3491 domum,
1675 3424 1732 3475 et
1789 3421 1965 3477 unius

308 3509 618 3586 provinciae
650 3525 860 3582 parvos
900 3525 1071 3581 agros
1101 3508 1409 3565 dimiserat
1437 3524 1451 3565 :
1490 3510 1656 3577 Quasi
1684 3508 1831 3565 nihil
1859 3511 1964 3565 ha-

309 3601 513 3669 bentes,
546 3608 600 3656 et
629 3601 819 3656 omnia
846 3598 1185 3668 possidentes
1214 3598 1287 3671 (II
1317 3598 1437 3654 Cor.
1469 3592 1692 3671 vr,‘10).
1908 3587 1925 3592 ’

377 3690 537 3763 (Cap.
571 3689 693 3746 XX.
730 3720 800 3728 —
824 3688 987 3744 Vere.
1025 3690 1049 3743 1
1081 3692 1270 3761 seqq.)
1304 3710 1331 3739 «
1359 3688 1562 3744 Simile
1593 3694 1682 3744 est
1712 3705 1959 3762 regnum

306 3778 586 3838 cmlerum
644 3776 870 3834 homini
928 3776 1362 3850 patrifamilias,
1423 3777 1525 3850 qui
1575 3778 1716 3834 exiit
1770 3779 1960 3851 primo

306 3885 481 3926 mane
511 3868 835 3925 conducere
865 3868 1164 3940 operarios
1195 3868 1255 3923 in
1286 3868 1517 3923 vineam
1568 3885 1761 3924 suam.
1813 3872 1959 3924 Con-

304 3959 573 4016 ventione
621 3963 816 4014 autem
868 3958 1021 4013 facta
1068 3973 1205 4013 cum
1260 3958 1544 4029 operariis
1602 3974 1671 4013 ex
1722 3959 1960 4014 denario

306 4048 739 4117 diurno,‘misit
787 4063 886 4103 eos
936 4048 996 4102 in
1044 4046 1277 4103 vineam
1326 4064 1516 4103 suam.
1569 4047 1638 4102 Et
1689 4064 1962 4120 egressus

214 4201 219 4206 ,
306 4138 465 4195 circa
518 4137 723 4194 horam
784 4136 1038 4204 tertiam,
1089 4135 1235 4191 vidit
1282 4135 1428 4192 alios
1477 4139 1701 4193 stantes
1731 4137 1795 4191 in
1837 4137 1959 4193 foro

306 4227 546 4295 otiosos,
579 4232 638 4283 et
668 4226 815 4282 dixit
841 4225 960 4281 illis
993 4242 1006 4280 :
1042 4227 1122 4281 Ite
1152 4229 1209 4281 et
1238 4242 1338 4281 vos
1367 4227 1425 4280 in
1466 4225 1693 4281 \ineam
1742 4243 1957 4295 meam,

304 4320 365 4373 et
395 4315 551 4388 quod
577 4316 809 4387 justum
842 4314 1017 4370 fuerit
1045 4314 1197 4370 dabo
1224 4313 1410 4369 vobis.
1446 4313 1535 4369 Illi
1566 4319 1761 4371 autem
1796 4315 1959 4370 abie-

300 4409 462 4462 runt.
514 4405 668 4463 152
719 4405 936 4461 Iterum
983 4408 1178 4459 autem
1229 4403 1369 4457 exiit
1426 4402 1581 4458 circa
1630 4408 1855 4459 sextam
1904 4409 1959 4460 et

298 4509 521 4551 nonam
552 4492 784 4561 horam,
811 4499 869 4549 et
900 4493 1034 4549 fecit
1064 4490 1355 4548 similiter.
1390 4490 1554 4547 Circa
1583 4492 1955 4548 undecimam

296 4599 439 4640 vero
490 4582 650 4652 exiit,
699 4587 756 4639 et
801 4583 1025 4639 invenit
1064 4581 1211 4638 alios
1259 4585 1506 4647 stantes,
1540 4585 1597 4637 et
1624 4581 1766 4636 dicit
1793 4581 1952 4637 illis:

300 4778 478 4818 nemo
508 4777 613 4817 nos
644 4760 945 4817 conduxit.
974 4759 1119 4817 Dicit
1148 4759 1264 4816 illis
1290 4776 1303 4815 :
1330 4764 1415 4815 Ite
1436 4763 1494 4814 et
1515 4774 1615 4815 vos
1636 4759 1697 4814 in
1727 4758 1957 4816 vineam

301 4867 517 4908 meam.
549 4851 694 4908 Cum
724 4866 855 4907 sero
886 4853 1085 4906 autem
1118 4850 1337 4905 factum
1370 4852 1546 4918 esset,
1589 4848 1731 4903 dicit
1768 4848 1957 4904 domi-

304 4994 739 5066 consequenda,
795 5010 973 5050 causa
1040 5008 1212 5066 parce
1260 4997 1317 5066 et
1373 4991 1679 5066 frugaliter
1730 4992 1956 5066 vivendi

304 5063 597 5125 rationem
664 5065 913 5132 iniisset,
969 5063 1213 5137 seseque
1277 5063 1511 5137 beatum
1550 5063 1795 5137 “Graecis
1861 5068 1961 5133 (ut

305 5139 546 5220 quidem
577 5135 1173 5220 animo_ﬁngebat)_et
1204 5135 1425 5192 nullius
1463 5135 1955 5220 indigentem-rei

348 5214 585 5267 restare
626 5209 819 5277 vellet,
869 5206 1181 5265 distractae
1226 5223 1452 5277 omnes,
1504 5223 1571 5262 ac
1602 5206 1957 5263 idivenditas

328 5281 638 5361 'acultates,
670 5254 1084 5361 Thebanorum
1116 5280 1330 5361 populo
1361 5254 1653 5361 erdgasse,
1674 5295 1843 5361 eum"
1874 5279 1955 5335 si-

302 5354 433 5414 mul
477 5353 535 5410 id
588 5349 961 5425 pradicasset
993 5371 1006 5409 :
1039 5349 1328 5409 Cratétem
1359 5349 1532 5407 hodie
1557 5350 1756 5407 Crates
1786 5349 1957 5406 liber-

302 5431 424 5480 tate
449 5425 647 5480 donat.
676 5446 706 5476 η

297 5431 424 5485 tate
449 5430 647 5481 donat.
676 5446 706 5476 η

377 5499 394 5533 ¹
448 5495 765 5566 Victorius,
814 5495 1046 5567 Quando
1103 5503 1156 5551 et
1207 5494 1415 5552 mortui
1469 5494 1535 5550 de
1587 5496 1952 5565 corruptione,

304 5574 494 5697 agdn
535 5640 768 5697 duobus
816 5638 1063 5697 Palatin.
1124 5640 1295 5708 Quasi
1334 5653 1526 5711 parvo,
1576 5642 1867 5710 expuncta
1907 5639 1957 5693 si

300 5711 722 5843 vog‘gilctorius
753 5762 787 5841 ἐ
839 5784 961 5844 Νοη
1002 5787 1242 5859 tempore
1272 5782 1554 5856 diﬂerente
1582 5783 1832 5850 Domino,
1866 5781 1957 5839 sed

2075 3424 2289 3479 dentur
2314 3422 2519 3494 primae
2551 3421 2707 3476 horae
2739 3436 2868 3476 esse
2915 3419 3168 3493 operarii
3198 3419 3458 3488 Samuel,
3485 3424 3544 3478 et
3568 3420 3728 3478 Jers-

2075 3513 2246 3579 mias,
2280 3516 2339 3566 et
2368 3509 2629 3582 Baptista
2657 3510 2935 3576 Joannes,
2971 3508 3071 3580 qui
3120 3512 3372 3580 possunt
3399 3525 3535 3567 eum
3566 3508 3730 3566 Psal-

2075 3601 2250 3658 mista
2278 3600 2469 3656 dicere
2497 3618 2514 3653 :
2546 3601 2628 3655 Ex
2655 3606 2812 3654 utero
2859 3599 3058 3654 matris
3100 3613 3241 3656 mea:
3292 3602 3438 3656 Deus
3483 3614 3639 3655 meus
3672 3615 3729 3656 es

2073 3702 2135 3748 tu
2163 3690 2364 3764 (Palat.
2396 3706 2514 3756 xxr,
2547 3689 2656 3761 11).
2690 3688 2897 3744 Tertiae
2929 3704 3063 3745 vero
3093 3687 3248 3744 bore
3275 3687 3526 3761 operarii
3564 3692 3725 3758 sunt,

2072 3782 2173 3855 qui
2204 3799 2235 3837 a
2264 3781 2568 3853 pubertate
2616 3778 2831 3835 servire
2880 3777 2998 3834 Deo
3051 3781 3370 3851 coeperunt.
3403 3779 3558 3837 158
3589 3778 3727 3836 Sex-

2070 3876 2142 3927 ta:
2192 3871 2370 3935 horae,
2421 3868 2521 3941 qui
2575 3873 2811 3924 matura
2864 3871 3030 3923 astate
3079 3871 3469 3940 susceperunt
3507 3868 3725 3942 jugum

2070 3960 2303 4016 Christi.
2341 3958 2538 4023 Nonae,
2585 3957 2686 4028 qui
2728 3957 2855 4029 jam
2907 3955 3237 4013 declinante
3267 3956 3375 4028 (Al.
3407 3956 3726 4030 declinant)

2071 4050 2143 4106 ad
2192 4047 2447 4115 senium.
2499 4046 2677 4101 Porro
2725 4045 3071 4112 undecimae,
3104 4044 3205 4118 qui
3253 4045 3464 4102 ultima
3520 4062 3721 4104 senec-

2068 4142 2192 4194 tute
2225 4153 2238 4192 :
2272 4140 2330 4192 et
2360 4139 2556 4191 tamen
2579 4150 2784 4189 omnes
2817 4133 3034 4206 pariter
3064 4134 3361 4206 accipiunt
3388 4135 3721 4207 premium,

2066 4225 2203 4283 licet
2232 4225 2500 4281 diversus
2530 4222 2697 4279 labor
2725 4222 2821 4278 sit.
2872 4222 3024 4277 Sunt
3070 4222 3173 4293 qui
3202 4222 3352 4278 hanc
3382 4222 3722 4294 parabolam

2069 4315 2240 4371 aliter
2306 4314 2653 4369 edisserant.
2724 4311 2925 4367 Prima
2991 4310 3135 4366 hora
3200 4309 3403 4365 volunt
3467 4310 3721 4368 missum

2067 4419 2197 4459 esse
2226 4402 2287 4458 in
2312 4402 2544 4458 vineam
2575 4401 2759 4456 Adam
2808 4403 2867 4456 et
2912 4397 3171 4472 reliquos
3217 4397 3580 4471 patriarchas
3627 4416 3722 4456 us-

2068 4509 2182 4565 que
2213 4492 2285 4547 ad
2316 4490 2467 4561 Noe;
2497 4491 2690 4558 tertia,
2723 4490 2921 4563 ipsum
2952 4487 3072 4547 Nec
3102 4505 3292 4562 usque
3319 4488 3393 4545 ad
3424 4487 3722 4547 Abraham

2067 4587 2124 4636 et
2158 4579 2666 4637 circumcisionem
2715 4580 2768 4636 ei
2816 4579 3050 4646 datam;
3104 4582 3287 4645 sexta,
3321 4577 3392 4635 ab
3424 4577 3723 4636 Abraham

192 4672 201 4677 ’
297 4672 451 4740 Quid
498 4672 593 4729 hic
646 4671 816 4728 statis
858 4676 983 4728 tota
1033 4672 1125 4727 die
1171 4669 1387 4727 otiosi?
1439 4670 1649 4726 Dicunt
1681 4670 1732 4726 ei
1768 4686 1780 4727 :
1813 4670 1960 4733 Quia
1990 4679 2036 4744 Β
2067 4686 2255 4742 usque
2302 4669 2374 4725 ad
2429 4668 2693 4741 Moysen,
2746 4668 2982 4741 quando
3030 4666 3123 4723 lex
3181 4668 3320 4724 data
3375 4672 3494 4737 est;
3544 4684 3719 4741 nona,

2068 4759 2263 4832 ipsum
2297 4760 2534 4831 Moysen
2565 4763 2623 4814 et
2652 4757 2996 4830 prophetas;
3048 4756 3381 4829 undecima,
3426 4756 3722 4831 apostolos

2067 4848 2430 4922 et-gentium
2481 4846 2790 4920 populum,
2838 4846 3058 4919 quibus
3115 4860 3322 4919 omnes
3370 4845 3636 4905 invident
3677 4847 3718 4902 ί.

2068 4991 2191 5063 ﬁde,
2215 4995 2324 5047 etc.

2136 5065 2159 5098 ‘
2184 5056 2487 5135 Imprimis
2518 5064 2714 5135 autem
2737 5057 3045 5135 Origenes,
3077 5073 3148 5114 ex
3194 5075 3311 5135 quo
3359 5062 3419 5116 et
3462 5056 3717 5116 Hilarius

2066 5129 2397 5208 desumpsit
2428 5151 2443 5190 :
2476 5157 2505 5183 ‹‹
2539 5132 2707 5198 Vide,
2732 5130 2925 5208 inquit
2948 5129 3065 5208 ille,
3097 5146 3173 5208 an
3204 5129 3463 5208 primum
3484 5143 3613 5208 esse
3629 5143 3722 5184 or-

2066 5198 2907 5285 dinem'dicere_quea_s,hqui
2965 5198 3531 5285 ablAda'rnousimul
3580 5215 3716 5282 cum

2066 5277 2270 5334 mundi
2304 5273 2683 5334 fabricatione
2708 5273 2947 5329 initium
2978 5273 3203 5329 habuit.
3236 5273 3388 5329 Exiit
3412 5273 3569 5343 enim
3601 5273 3717 5343 pri-

2065 5368 2161 5407 mo
2193 5366 2364 5406 mane
2394 5346 2834 5421 paterfamilias,
2867 5350 2943 5421 et,
2977 5351 3041 5421 ut
3063 5345 3145 5421 ita
3168 5344 3383 5411 dicam,
3422 5342 3715 5421 Adamum

2065 5426 2124 5477 et
2154 5424 2328 5479 Evam
2369 5412 2668 5487 chnduxit,
2719 5422 2785 5474 ut
2820 5412 3063 5490 pietatis
3091 5417 3322 5490 vineam
3364 5412 3714 5490 excolerent.

2065 5495 2399 5569 Secundum
2441 5496 2637 5569 autem
2686 5486 3129 5569 ordinem,_qu_i
3173 5504 3208 5542 a
3253 5486 3393 5568 Noe,
3444 5488 3504 5569 et
3547 5491 3717 5569 pacto

2064 5584 2201 5622 cum
2251 5583 2317 5622 eo
2366 5566 2579 5621 foedere
2631 5566 2921 5620 censetur.
2975 5558 3260 5628 Tertium,
3292 5558 3395 5628 qui
3426 5558 3499 5615 ad
3530 5558 3718 5617 Abra-

2064 5654 2229 5693 mum
2289 5638 2582 5710 pertinent
2639 5650 2770 5691 cum
2828 5648 2943 5758 (uno
3000 5627 3427 5701 comprehensa
3481 5646 3719 5717 quoque

2065 5727 2210 5758 esse-
2247 5726 2373 5758 num
2406 5710 2478 5758 ad
2510 5709 2709 5758 Patres
2740 5704 2811 5758 ad
2905 5716 3064 5757 osem
3096 5716 3285 5758 1180116
3318 5706 3604 5758 spectant.
3628 5720 3718 5758 ln-

2065 5727 2213 5784 esse,
2247 5704 2373 5784 quae
2406 5710 2480 5765 ad
2510 5709 2709 5784 Patres
2740 5704 2811 5784 ad
2844 5704 3064 5784 Mosem
3096 5716 3285 5784 usque
3318 5704 3718 5784 spectant,in-

2062 5777 2447 5855 telligcndum
2480 5784 2588 5840 est.
2621 5779 2905 5846 Quartum
2951 5777 3091 5831 item
3124 5777 3194 5833 ad
3225 5777 3443 5834 Mosem
3469 5780 3527 5835 et
3555 5793 3712 5851 quaa-
