4182 6580
455 400 569 462 M7

1691 402 1756 463 s.
1802 400 2114 465 ausasn
2160 365 2609 464 aiaaouvm

3747 399 3867 463 με

450 535 614 593 Unde
645 535 754 591 hoc
787 533 983 610 ipsum
1031 534 1371 609 intelligens
1417 544 1548 613 post
1595 540 1798 597 horam
1823 543 1949 613 jam
1989 558 2097 596 un-
2130 537 2183 604 Α
2215 536 2671 592 ministradetur
2690 534 3051 608 principibus
3073 534 3439 591 sacerdotum
3458 536 3515 590 et
3535 532 3867 590 Scribis:et

451 628 763 699 decimam,
796 644 931 685 cum
982 633 1136 684 esset
1195 647 1371 702 prope
1420 631 1561 688 solis
1607 649 1880 688 occasum
1926 637 1982 687 et
2023 634 2095 688 ad

452 736 777 791 vesperam,
824 719 1077 777 Joannes
1130 719 1494 791 Evangelista
1532 720 1791 792 loquitur
1838 738 1851 776 :
1905 723 2101 776 Filioli

451 812 582 879 mei,
632 810 932 866 novissima
977 808 1116 865 hora
1159 818 1239 866 est
1286 813 1333 881 (I
1374 813 1530 868 Joan.
1584 830 1647 876 11,
1681 813 1790 881 18).
1824 813 1893 867 Et
1922 810 2098 867 simul

463 899 786 971 considera,
821 899 976 971 quod
1006 899 1355 971 iujustitiam
1401 901 1887 972 patrisfamillias,
1921 917 2098 972 quam

456 990 516 1045 in
561 988 882 1045 undecimae
908 989 1067 1045 horae
1097 989 1377 1061 operariis
1423 1006 1627 1046 omnes
1676 991 1893 1061 pariter
1925 1007 2099 1046 accu-

458 1082 612 1149 sant,
652 1079 713 1134 in
766 1078 976 1151 seipsis
1029 1095 1143 1133 non
1196 1077 1550 1150 intelligunt.
1583 1081 1640 1135 Si
1674 1082 1832 1135 enim
1862 1080 2101 1151 iniquus

457 1173 547 1225 est
575 1166 1013 1239 paterfamilias,
1065 1184 1179 1222 non
1226 1168 1284 1222 in
1332 1186 1447 1223 uno
1497 1168 1734 1239 iniquus
1764 1173 1871 1234 est,
1904 1170 2004 1224 sed
2042 1169 2099 1222 in

464 1256 739 1312 omnibus
772 1274 784 1311 :
820 1257 954 1328 quia
986 1274 1096 1311 non
1132 1257 1216 1311 sic
1245 1256 1527 1312 laboravit
1558 1259 1737 1313 tertias
1783 1259 1935 1313 horse
1968 1273 2102 1328 ope-

461 1345 669 1410 rarius,
701 1346 993 1417 quomodo
1024 1345 1119 1401 ille
1149 1346 1248 1418 qui
1282 1363 1314 1400 a
1353 1347 1545 1419 prima
1575 1347 1718 1403 hora
1747 1352 1836 1403 est
1884 1347 2105 1402 missus

458 1434 518 1491 in
549 1434 796 1491 vineam.
829 1434 1105 1492 Similiter
1151 1439 1208 1491 et
1254 1440 1427 1492 sexta;
1463 1436 1617 1492 horae
1660 1436 1964 1507 cperarius
1995 1436 2106 1491 mi-

460 1541 572 1580 nus
612 1523 897 1580 laboravit
927 1525 1108 1581 tertiae
1154 1524 1311 1579 horae
1344 1525 1641 1596 operario;
1674 1530 1732 1580 et
1761 1542 1946 1589 nonae,
1979 1542 2107 1580 sex-

459 1614 529 1668 ιω
560 1612 712 1669 horas
743 1614 1028 1685 operario.
1064 1613 1271 1668 Omnis
1300 1614 1496 1685 itaque
1529 1618 1681 1669 retro
1709 1615 1930 1670 vocatio
1968 1630 2108 1686 gen-

463 1702 624 1760 tibus
652 1701 895 1768 invidet,
927 1702 1068 1757 etin
1103 1701 1393 1774 Evangelii
1426 1707 1732 1773 torquetur
1760 1704 1966 1776 gratia.
2000 1704 2110 1759 Un-

463 1790 535 1846 de
563 1794 620 1846 et
648 1790 913 1847 Salvator
959 1790 1316 1847 concludens
1363 1792 1699 1862 parabolam
1734 1809 1746 1848 :
1782 1796 1974 1862 Erunt,
2024 1793 2106 1848 in-

465 1878 617 1950 quit,
645 1880 819 1951 primi
844 1881 1151 1951 novissimi,
1184 1885 1235 1935 et
1262 1882 1549 1937 novissimi
1574 1884 1765 1952 primi.
1800 1884 1961 1947 Quod
2002 1883 2104 1938 Ju—
2141 1913 2187 1978 Β

468 1968 574 2025 daei
607 1969 677 2024 de
708 1968 895 2041 capite
922 1974 1227 2025 vertantur
1255 1969 1312 2024 in
1345 1971 1590 2026 caudam
1622 1990 1634 2026 :
1663 1977 1720 2026 et
1750 1989 1854 2027 nos
1877 1973 1947 2027 de
1978 1989 2115 2028 eau-

468 2056 544 2112 da
571 2060 871 2113 mutemur
899 2058 959 2113 in
990 2063 1166 2131 caput
1198 2060 1235 2114 ¹.

540 2145 726 2216 (Vere.
763 2147 873 2218 13.)
908 2170 936 2198 ‹‹
968 2146 1180 2218 Amice,
1234 2164 1349 2203 non
1402 2149 1549 2204 facio
1600 2149 1701 2204 tibi
1752 2150 2052 2221 injuriam.
2080 2172 2107 2200 »

469 2235 604 2307 Legi
634 2236 694 2290 in
724 2236 1033 2307 cujusdam
1062 2235 1211 2293 libro
1241 2238 1263 2272 ³
1294 2236 1547 2293 amicum
1580 2237 1759 2294 istum
1791 2239 1892 2310 qui
1925 2239 2110 2294 incre-

468 2329 641 2397 patur
671 2342 704 2382 a
735 2323 1178 2397 patrefamilias,
1205 2327 1407 2399 primae
1432 2326 1585 2383 horze
1608 2329 1959 2400 operarium,
1988 2345 2115 2399 pro-

468 2412 791 2485 toplastum
836 2412 1105 2487 intelligi,
1131 2420 1189 2470 et
1218 2431 1317 2470 eos
1346 2415 1445 2487 qui
1479 2415 1577 2471 illo
1616 2422 1877 2487 tempore
1924 2417 2113 2472 credi-

470 2502 701 2558 derunt.

543 2614 571 2644 ι(
602 2593 804 2650 Nonne
833 2608 903 2648 ex
932 2592 1169 2649 denario
1200 2594 1520 2650 convenisti
1561 2595 1831 2650 mecum?
1864 2617 1890 2643 ››
1922 2595 2114 2652 Dena-

470 2681 594 2740 rius
622 2684 871 2755 ﬁguram
899 2681 1053 2755 regis
1079 2682 1271 2738 habet.
1296 2683 1582 2755 Recepisti
1615 2700 1751 2756 ergo
1785 2686 2111 2740 mercedem

466 2786 643 2843 quam
675 2771 781 2831 tibi
808 2770 1218 2844 promiseram,
1269 2771 1377 2828 hoc
1431 2777 1539 2840 est,
1590 2772 1905 2844 imaginem
1936 2779 1993 2829 et
2032 2774 2114 2829 si-

440 2860 862 2917 .militudinem
893 2862 1049 2918 154
1080 2876 1270 2916 meam
1325 2879 1337 2913 :
1391 2861 1527 2933 quid
1565 2862 1779 2934 quaeris
1825 2862 2112 2933 amplius;

466 2953 527 3007 et
554 2965 671 3005 non
701 2954 823 3005 tam
867 2949 995 3021 ipse
1050 2948 1182 3021 plus
1232 2950 1493 3022 accipere
1542 2968 1721 3024 quam
1754 2950 1933 3007 alium
1966 2952 2111 3007 nihil

469 3038 730 3109 accipere
757 3037 1078 3103 desideras,
1101 3037 1272 3109 quasi
1295 3038 1535 3094 alterius
1566 3040 1856 3095 consortio
1889 3040 2115 3096 minua-

466 3129 568 3182 tur
596 3125 818 3197 prsamii
857 3125 1174 3182 meritum?

539 3214 725 3281 (Vere.
760 3216 846 3283 14,
882 3215 991 3286 15.)
1027 3236 1054 3267 α
1082 3213 1240 3271 Tolle
1288 3216 1441 3287 quod
1491 3220 1657 3272 tuum
1710 3221 1817 3284 est,
1852 3222 1910 3272 et
1947 3216 2110 3274 vade.

2206 628 2685 682 condemnabunt
2704 643 2836 681 eum
2864 632 3069 691 morte,
3089 630 3144 681 et
3163 626 3395 681 tradent
3423 641 3557 680 eum
3582 624 3864 697 gentibus

2209 718 2279 771 ad
2316 716 2681 771 illudendum
2706 721 2761 771 et
2798 716 3232 787 ﬁagellandum,
3284 721 3340 769 et
3371 713 3859 785 cruciﬁgendum,

2208 811 2264 862 et
2295 807 2461 861 tertia
2492 808 2583 861 die
2616 812 2895 876 resurget.
2934 827 2959 854 ››
2987 806 3197 860 Crebro
3230 804 3338 860 hoc
3369 804 3562 874 ipsum
3597 802 3863 875 discipu-

2209 896 2284 952 lis
2314 896 2537 951 dixerat
2569 914 2582 951 :
2616 896 2715 950 sed
2748 896 2885 966 quia
2918 895 3119 950 multis
3169 894 3226 949 in
3274 894 3468 949 medio
3516 892 3858 965 disputatis,

2211 992 2436 1058 poterat
2480 987 2595 1042 labi
2644 988 2711 1041 de
2759 986 3039 1041 memoria
3096 986 3252 1056 quod
3302 984 3632 1048 audierant,
3666 985 3862 1039 iturus

2209 1076 2649 1148 Jerosolymam,
2708 1082 2765 1131 et
2822 1093 3021 1132 secum
3075 1076 3361 1130 ducturus
3422 1073 3737 1145 apostolos,
3786 1074 3860 1128 ad

2212 1167 2588 1221 tentationem
2639 1184 2738 1222 eos
2776 1171 2941 1236 parat
2974 1183 2986 1221 :
3022 1182 3091 1220 ne
3120 1182 3255 1221 cum
3286 1164 3506 1219 venerit
3533 1163 3863 1235 persecutio

2213 1260 2269 1310 et
2292 1256 2482 1310 crucis
2516 1255 2857 1326 ignominia,
2891 1255 3380 1309 scandalizentur.

2285 1345 2471 1415 (Vers.
2504 1346 2593 1410 2",
2625 1347 2742 1409 21.)
2778 1368 2805 1393 ‹‹
2859 1346 3023 1399 Tunc
3073 1344 3317 1398 accessit
3368 1344 3438 1398 ad
3483 1359 3617 1399 eum
3673 1346 3867 1399 mater

2216 1433 2469 1488 ﬁliorum
2500 1435 2755 1489 Zebedtei
2789 1451 2918 1488 cum
2946 1433 3083 1488 ﬁliis
3121 1434 3264 1498 suis,
3293 1437 3545 1488 adorans
3572 1444 3630 1488 et
3659 1438 3866 1503 petens

2218 1522 2436 1593 aliquid
2470 1523 2543 1578 ab
2578 1540 2664 1578 eo.
2699 1524 2803 1587 Qui
2839 1523 2986 1577 dixit
3015 1524 3063 1576 ei
3104 1540 3115 1578 :
3149 1522 3295 1586 Quid
3331 1521 3459 1576 vis?
3494 1522 3579 1575 Ait
3608 1520 3692 1575 illi
3719 1537 3731 1575 :
3758 1521 3867 1576 Dic

2219 1618 2284 1666 ut
2313 1613 2554 1667 sedeant
2575 1612 2631 1667 hi
2657 1614 2770 1667 duo
2793 1612 2895 1665 filii
2930 1611 3225 1675 mei,uuus
3256 1612 3326 1665 ad
3358 1611 3650 1666 dexteram
3674 1614 3865 1681 tuam,

2219 1707 2276 1756 et
2306 1719 2459 1757 unus
2481 1703 2552 1757 ad
2580 1702 2877 1757 sinistram
2906 1702 2959 1755 in
2990 1718 3165 1770 regno
3195 1707 3314 1755 tuo.
3340 1700 3502 1755 Unde
3523 1700 3864 1771 opinionem

2218 1792 2376 1861 regni
2413 1791 2587 1846 habet
2619 1796 2803 1846 mater
2829 1792 3082 1845 ﬁliorum
3105 1790 3383 1854 Zebedeei,
3408 1794 3470 1845 ut
3500 1806 3633 1845 cum
3665 1790 3865 1847 Domi-

2218 1896 2330 1935 nus
2361 1882 2569 1935 dixerit
2600 1899 2613 1935 :
2650 1883 2825 1935 Filius
2856 1882 3095 1935 hominis
3124 1881 3368 1935 tradetur
3394 1881 3743 1950 principibus
3772 1896 3867 1936 sa-

2221 1972 2498 2026 cerdotum
2541 1979 2594 2025 et
2632 1972 2867 2039 Scribis,
2912 1975 2963 2026 et
3013 1970 3449 2025 condemnabam
3496 1986 3622 2024 eum
3666 1975 3867 2039 morte,

2220 2064 2271 2114 et
2298 2061 2516 2114 tradent
2554 2062 2807 2128 gentibus
2854 2060 2927 2114 ad
2974 2059 3336 2125 illudenilum,
3367 2066 3419 2114 et
3440 2057 3867 2129 ﬂagellandum,

2220 2152 2270 2205 et
2317 2149 2775 2219 cruciﬁgendum:
2834 2155 2889 2204 et
2938 2148 3320 2220 ignominiam
3371 2148 3520 2205 I55
3575 2148 3870 2219 passionis

2224 2238 2568 2293 timentibus
2617 2238 2922 2309 discipulis
2979 2237 3417 2303 annuntiarent,
3465 2235 3565 2291 illa
3612 2236 3872 2308 postulet

2222 2326 2466 2397 gloriam
2502 2327 2958 2399 triumphantis?
2988 2327 3114 2395 hac,
3144 2331 3207 2381 ut
3237 2342 3384 2389 reor,
3409 2342 3478 2381 ex
3506 2341 3704 2392 causa,
3727 2326 3875 2397 quia

2226 2422 2355 2489 post
2386 2417 2583 2471 omnia
2610 2416 2835 2471 dixerat
2863 2416 3147 2471 Dominus
3174 2432 3188 2471 :
3220 2424 3271 2471 et
3301 2418 3463 2471 tertia
3484 2414 3575 2470 die
3593 2420 3870 2488 resurget,

2226 2507 2448 2577 putavit
2478 2523 2611 2561 eum
2646 2505 2857 2561 mulier
2887 2511 3019 2575 post
3050 2504 3530 2560 resurrectionem
3578 2502 3732 2559 illico
3783 2521 3873 2559 re-

2223 2601 2572 2667 gnaturum;
2604 2600 2660 2650 et
2692 2594 2799 2649 hoc
2828 2596 2985 2665 quod
3028 2595 3085 2649 in
3136 2594 3390 2649 secundo
3437 2594 3687 2649 adventu
3736 2609 3874 2663 pro-

2225 2683 2501 2747 mittitur,
2539 2684 2593 2738 in
2627 2684 2817 2754 primo
2860 2700 2987 2738 esse
3031 2682 3465 2753 complendum,
3497 2686 3555 2737 et
3595 2682 3875 2738 aviditate

2226 2768 2841 2843 feminea‘przesentia
2901 2773 3083 2844 cupit,
3147 2774 3457 2827 immemor
3512 2772 3871 2827 futurorum.

2224 2862 2387 2926 Quod
2422 2866 2614 2915 autem
2649 2861 2970 2933 interrogat
3022 2862 3323 2928 Dominus,
3355 2866 3433 2929 et,
3465 2860 3566 2916 illa
3614 2865 3869 2931 petente,

2224 2949 2524 3020 respondit
2556 2966 2568 3004 :
2602 2951 2750 3017 Quid
2779 2953 2897 3005 vis?
2926 2968 3040 3005 non
3066 2951 3226 3005 venit
3253 2950 3323 3006 de
3354 2948 3683 3022 ignorantia
3715 2966 3728 3004 :
3765 2949 3869 3005 sed

2223 3055 2291 3093 ex
2320 3039 2447 3107 ejus
2481 3056 2729 3110 persona
2778 3039 3013 3105 dicitur,
3044 3040 3141 3111 qui
3176 3038 3563 3111 ﬁagellandus
3591 3044 3649 3093 et
3675 3040 3869 3094 cruci-

2224 3128 2491 3197 ﬁgendus
2522 3132 2646 3183 erat
2678 3145 2689 3182 :
2724 3129 3014 3199 quomodo
3047 3132 3103 3183 et
3132 3128 3191 3183 in
3223 3128 3656 3186 Hemorrhousa
3688 3144 3701 3182 :
3737 3129 3873 3197 Quis

2223 3232 2310 3269 me
2356 3218 2531 3285 tetigit
2578 3218 2729 3287 (Luc.
2779 3234 2903 3285 vm,
2936 3218 3063 3283 11.3)?
3114 3218 3184 3272 Et
3233 3218 3303 3271 de
3355 3218 3569 3273 Lazaro
3602 3232 3616 3273 :
3651 3218 3751 3274 Ubi
3778 3234 3874 3288 po-

471 3302 616 3359 Volo
649 3308 842 3359 autem
875 3308 934 3359 et
962 3284 1099 3360 huic
1130 3284 1448 3363 novissimo
1478 3305 1615 3361 dare
1648 3306 1799 3361 sicut
1845 3311 1903 3361 et
1948 3307 2051 3362 tibi
2098 3284 2185 3362 :C
2219 3307 2408 3359 suistis
2438 3284 2764 3377 eumlloan.
2816 3284 2895 3369 x1,
2948 3308 3074 3376 3'1)?
3126 3307 3185 3361 In
3235 3306 3430 3361 Veteri
3478 3322 3711 3377 quoque
3757 3284 3870 3364 Το-
3932 3374 3946 3385 _

470 3396 573 3449 aut
601 3409 717 3448 non
747 3390 882 3449 licet
913 3392 1056 3448 mihi
1086 3394 1237 3465 quod
1270 3393 1419 3459 volo,
1452 3395 1681 3451 facere?
1712 3416 1740 3445 ››
1769 3395 2009 3451 Judzeus
2052 3395 2111 3450 in

470 3481 618 3553 Lege
647 3498 761 3536 non
795 3482 1003 3554 gratia,
1035 3482 1138 3537 sed
1170 3499 1339 3554 opere
1369 3482 1645 3539 salvetur.
1681 3484 1787 3550 Qui
1826 3484 1981 3540 enim
2032 3485 2112 3539 fe-

468 3570 612 3627 cerit
636 3586 786 3638 eam,
818 3570 968 3626 vivet
996 3571 1055 3626 in
1088 3586 1175 3627 ea.
1208 3571 1370 3627 Unde
1400 3570 1615 3628 dicitur
1643 3573 1714 3629 ad
1746 3590 1879 3630 eum
1918 3591 1931 3631 :

537 3659 724 3728 (Vere.
760 3660 870 3728 16.)
903 3682 930 3709 ‹‹
965 3666 1051 3713 An
1101 3659 1308 3717 oculus
1356 3664 1494 3716 tuus
1544 3678 1793 3732 nequam
1837 3667 1945 3729 est,
1973 3663 2113 3734 quia

467 3763 574 3820 ego
601 3748 792 3815 bonus
824 3747 993 3803 sum?
1025 3747 1119 3803 Sic
1150 3752 1320 3803 erunt
1351 3749 1652 3805 novissimi
1685 3749 1880 3822 primi,
1914 3756 1969 3806 et
1999 3753 2112 3824 pri~

470 3834 551 3891 mi
584 3834 908 3890 novissimi.
933 3834 1097 3889 Multi
1127 3834 1282 3891 enim
1334 3840 1472 3893 sunt
1516 3838 1735 3906 vocati,
1765 3840 1936 3910 pauci
1980 3856 2111 3895 vero

471 3922 660 3980 electi.
687 3945 715 3973 ι)
749 3922 1010 3995 Idipsum
1043 3928 1212 3979 sonat
1240 3928 1298 3979 et
1326 3924 1426 3980 illa
1457 3926 1623 3981 Lucae
1671 3928 1966 3999 parabole,
2012 3929 2111 3984 ubi

471 4013 661 4083 major
690 4011 847 4069 ﬁlius
878 4012 1088 4079 minori
1124 4013 1358 4079 invidet,
1392 4020 1447 4070 et
1478 4032 1592 4072 non
1626 4016 1748 4071 vult
1778 4033 1909 4073 eum
1933 4017 2111 4089 recipi

470 4100 871 4173 pcenitentem,
905 4106 962 4157 et
992 4107 1213 4175 patrem
1246 4108 1484 4161 accusat
1513 4106 1812 4176 injustitiae
1845 4108 1996 4174 (Luc.
2017 4125 2110 4175 xv,

469 4191 682 4262 28-30).
718 4192 783 4246 Et
814 4194 877 4248 ut
905 4191 1161 4247 sciamus
1192 4192 1346 4249 hunc
1378 4211 1507 4249 esse
1534 4212 1775 4250 sensum
1807 4212 1983 4264 quem
2022 4195 2110 4250 di-

467 4280 684 4349 ximus,
709 4279 913 4337 titulus
934 4280 1221 4353 parabolaa
1245 4282 1421 4352 hujus
1446 4282 1696 4353 ﬁnisque
1717 4282 2111 4339 consentiunt.

469 4370 559 4427 Sic
583 4378 765 4438 erunt,
798 4370 1009 4441 inquit,
1036 4371 1322 4426 novissimi
1345 4372 1538 4441 primi,
1583 4379 1632 4427 ot
1674 4373 1850 4443 primi
1878 4374 2113 4427 novissi-

468 4459 572 4512 mi.
601 4458 773 4513 Multi
800 4460 949 4513 enim
977 4461 1105 4513 sunt
1126 4460 1320 4523 vocati,
1347 4461 1518 4529 pauci
1548 4476 1669 4515 vero
1698 4461 1874 4516 electi.

540 4544 726 4616 (Vera.
754 4546 815 4600 17
839 4546 1019 4617 seq.)«
1046 4546 1111 4602 Et
1131 4548 1451 4602 ascendens
1472 4547 1646 4603 Jesus
1666 4547 2111 4620 Jerosolymam,

2225 3398 2513 3449 stamento
2547 3412 2559 3450 :
2596 3395 2786 3459 Adam,
2818 3395 2908 3450 ubz
2941 3412 2995 3450 es
3025 3396 3178 3463 (Gen.
3214 3413 3297 3462 111,
3328 3397 3423 3465 tl)?
3456 3396 3524 3451 Et
3569 3412 3583 3449 :
3634 3396 3871 3451 Descen-

2221 3482 2351 3537 dens
2398 3484 2587 3541 videbo
2633 3486 2685 3539 si
2724 3485 2892 3555 juxta
2936 3486 3226 3540 clamorem
3255 3486 3399 3555 3qui
3442 3486 3591 3539 venit
3633 3484 3710 3540 ad
3754 3500 3867 3551 me,

2217 3575 2507 3643 perﬁciant
2552 3592 2570 3627 :
2610 3576 2699 3627 sin
2726 3582 2912 3628 autem
2944 3590 3053 3629 non
3082 3581 3180 3640 est,
3212 3578 3271 3628 ut
3298 3575 3473 3629 sciam
3503 3573 3655 3641 (Gen.
3707 3588 3871 3640 xvm,

2221 3664 2332 3732 2’1).
2372 3661 2631 3716 Postulat
2662 3667 2857 3717 autem
2893 3668 3077 3717 mater
3110 3661 3363 3717 ﬁliorum
3395 3661 3651 3717 Zebedrei
3675 3678 3871 3718 errore

2223 3749 2493 3805 muliebri
2527 3755 2583 3803 et
2613 3749 2844 3820 pietatis
2871 3752 3104 3815 aliectu,
3137 3751 3400 3806 nesciens
3443 3749 3581 3820 quid
3627 3755 3869 3821 peteret.

2221 3839 2333 3893 Nec
2366 3838 2579 3893 mirum
2612 3838 2658 3893 si
2694 3838 2803 3893 ista
2832 3844 3113 3911 arguatur
3141 3839 3477 3911 imperitiae;
3506 3855 3639 3895 cum
3662 3840 3733 3894 de
3764 3839 3867 3896 Pe-

2224 3931 2311 3982 tro
2342 3927 2588 3992 dicatur,
2625 3928 2858 3998 quando
2905 3930 3017 3984 tria
3064 3928 3189 3984 vult
3232 3930 3418 3984 facere
3464 3928 3867 3995 tabernacula,

2220 4018 2464 4071 nesciens
2493 4017 2629 4087 quid
2656 4017 2859 4073 diceret
2889 4019 3076 4087 (Maro.
3110 4035 3184 4085 1x,
3216 4020 3293 4086 5).

2290 4106 2473 4173 (Vers.
2522 4108 2635 4175 22.)
2691 4132 2711 4159 ι
2766 4108 3142 4178 Respondens
3188 4113 3381 4164 autem
3433 4107 3627 4176 Jesus,
3658 4106 3808 4162 dixit
3850 4123 3864 4163 :

2223 4196 2469 4251 Nescitis
2499 4196 2637 4265 quid
2671 4197 2897 4267 petatis.
2928 4220 2955 4245 »
2982 4200 3162 4252 Mater
3192 4196 3467 4268 postulat,
3492 4201 3550 4253 et
3580 4195 3869 4253 Dominus

2223 4284 2526 4355 discipulis
2558 4284 2835 4356 loquitur,
2867 4285 3199 4357 intelligens
3230 4302 3429 4357 preces
3459 4286 3586 4357 ejus
3616 4302 3683 4341 ex
3714 4284 3870 4342 ﬁlio-
3898 4342 3899 4345 η

2223 4392 2350 4429 rum
2381 4374 2729 4430 descendere
2757 4374 3055 4431 voluntate
3081 4396 3107 4424 «
3132 4374 3378 4430 Potestis
3399 4376 3597 4431 bibere
3621 4374 3865 4433 calicem
3894 4438 3899 4443 ,

2223 4480 2398 4535 quem
2429 4478 2534 4535 ego
2568 4463 2858 4519 bibiturus
2891 4464 3064 4519 sum?
3096 4465 3304 4520 Dicunt
3333 4464 3384 4519 ei
3418 4481 3430 4519 :
3464 4468 3869 4525 Possumus.»

2268 4552 2473 4607 alicem
2507 4552 2562 4606 in
2595 4552 2908 4624 Scripturis
2950 4553 3162 4608 divinis
3209 4554 3541 4625 passionem
3590 4551 3868 4624 intelligi-

469 4633 794 4721 assumpsit
828 4633 1135 4699 duodecim
1168 4634 1486 4707 discipulos
1509 4653 1648 4692 suos
1674 4643 1918 4705 secreto,
1950 4643 2006 4693 et
2033 4640 2116 4694 ait
2145 4657 2191 4721 Β
2226 4658 2357 4695 mus
2386 4642 2429 4705 ‘,
2454 4641 2622 4711 juxta
2654 4640 2796 4695 illud
2824 4657 2836 4694 :
2866 4648 3051 4707 Pater,
3083 4643 3135 4697 si
3159 4642 3419 4712 possibile
3447 4650 3542 4707 est,
3568 4646 3813 4699 transeat
3834 4659 3871 4699 α

469 4720 588 4777 illis
623 4737 636 4774 :
670 4722 811 4777 Ecce
841 4721 1214 4780 ascendimus
1244 4723 1691 4796 Jerosolymam,
1724 4731 1782 4781 et
1812 4726 1989 4782 Filius
2012 4727 2113 4782 ho-

472 4843 703 4905 cunque
750 4828 1096 4905 in__/Egypto
1145 4835 1583 4905 peractasunt,
1615 4836 1671 4887 et
1700 4831 1857 4905 leges
1910 4833 1965 4887 in
2016 4833 2114 4888 de-

473 4904 628 4956 serto
676 4898 947 4956 conditas
970 4898 1111 4956 esse
1146 4898 1545 4957 referendum.
1580 4898 1949 4959 Postrémum
1981 4922 2114 4961 vero

474 4969 794 5027 undecimae
824 4970 1050 5027 circiter
1079 4973 1233 5029 horae
1264 4974 1529 5028 ordinem
1571 4975 1781 5032 Christi
1823 4978 1962 5031 Jesu
2009 4978 2115 5031 ad-

473 5043 1094 5118 ventum__s_igniﬁcare.
1132 5068 1159 5093 »
1190 5048 1537 5118 Quanquam
1584 5064 1687 5101 nec
1730 5049 2110 5118 superiorem,

473 5131 651 5202 quam
700 5114 1088 5202 hieronymus
1132 5114 1471 5188 prohat,’de
1520 5121 1627 5202 tota
1663 5114 1952 5202 imminui):
2001 5124 2117 5176 vita

474 5187 534 5243 in
560 5188 826 5260 parabole
852 5203 952 5258 per
979 5187 1121 5242 diem
1139 5187 1426 5261 ’empressa,
1452 5192 1797 5247 sententiam
1828 5192 2115 5248 Adaman-

465 5261 772 5386 tiusttacet
805 5277 817 5314 :
851 5275 1028 5329 quam
1061 5265 1116 5314 et
1141 5260 1402 5332 plerique
1431 5261 1779 5319 recentiores
1800 5263 2113 5336 amplexati

473 5348 583 5386 sun

473 5348 583 5387 sun

545 5405 561 5447 ε
594 5401 812 5479 iisdem
838 5419 984 5473 pene
1011 5401 1495 5479 verbisQrigenes
1524 5422 1577 5461 ;‹‹
1597 5406 1869 5479 Gentiles,
1900 5407 2112 5479 inquit,

473 5479 707 5546 propter
739 5474 911 5529 ﬁdem
944 5479 1118 5546 caput
1152 5474 1516 5537 efficiuntur;
1551 5482 1609 5531 at
1638 5474 1998 5533 incredulus-
2030 5482 2111 5534 ls-

472 5543 593 5598 rael
625 5550 860 5613 propter
883 5543 1349 5600 incredulitatem
1383 5548 1583 5603 cauda.
1618 5571 1645 5598 ››

542 5614 1079 5701 ξξναφὶιᾳιοιιξῇθηξε
1101 5617 1280 5701 tacito
1296 5619 1539 5701 nomine
1571 5620 1785 5701 librum
1820 5620 2112 5701 nptathsi-

474 5684 711 5762 quidem
762 5685 843 5739 ita
888 5684 1004 5762 ille
1032 5687 1489 5762 interpretatur:
1528 5713 1548 5737 α
1582 5694 1654 5745 At
1695 5684 2113 5762 paterfamilias

475 5754 575 5812 uni
607 5754 863 5823 illorum,
895 5757 1005 5830 ipsi
1031 5754 1271 5817 fortasse
1301 5764 1513 5819 Adamo
1545 5754 1733 5819 dixit}
1769 5765 1968 5830 Amice,
2002 5779 2113 5819 non

2070 5908 2105 5931 Α

2223 4748 2308 4785 me
2337 4731 2486 4785 ralia:
2514 4731 2612 4785 iste
2641 4730 2851 4801 (Matth.
2889 4747 3036 4796 xxv1,
3067 4731 3177 4802 39).
3213 4731 3279 4787 Et
3307 4730 3365 4787 in
3394 4730 3625 4788 Psalmo
3659 4746 3673 4787 :
3726 4731 3871 4799 Quid

2222 4839 2364 4906 facio
2395 4837 2496 4891 tibi
2518 4836 2805 4905 injuria-ni,
2839 4841 2948 4890 etc.
2982 4858 3009 4885 ››

2293 4910 2313 4941 ³
2347 4910 2703 4981 Interserunt
2735 4907 2917 4981 nostri
2951 4925 3091 4981 mss.
3123 4926 3305 4975 suum,
3341 4914 3397 4963 et
3426 4910 3484 4963 in
3515 4914 3708 4965 Graaco
3730 4910 3868 4981 qui-

2227 4980 2356 5033 dem
2390 4979 2517 5049 ipso
2547 4984 2702 5033 textu
2735 4979 2971 5033 additur
3001 4978 3195 5033 αὐτῶν.

2295 5053 2315 5085 ⁸
2345 5052 2609 5105 Totidem
2642 5058 2697 5105 et
2725 5052 3034 5123 Scriptura:
3083 5051 3209 5107 loca
3240 5050 3295 5105 in
3333 5051 3481 5106 hanc
3510 5052 3867 5109 sententiam

2224 5122 2425 5176 laudat
2463 5124 2762 5191 Origenes,
2794 5122 3085 5194 ct'iisdem
3139 5124 3253 5179 fere
3301 5123 3563 5194 loquitur
3606 5123 3798 5179 verbis
3851 5142 3864 5180 :

2228 5216 2252 5241 ‹‹
2287 5194 2377 5253 Ut.
2412 5196 2623 5267 inquit,
2659 5193 3004 5267 martyrium
3056 5194 3148 5267 his
3198 5193 3516 5266 signiﬁcari
3564 5196 3867 5267 probetur,

2226 5282 2335 5320 non
2370 5281 2435 5319 eo
2467 5265 2657 5339 solum
2689 5264 2823 5319 loco
2845 5271 3038 5339 utetur
3067 5264 3311 5339 aliquis.
3326 5268 3510 5333 Pater,
3532 5264 3583 5321 si
3607 5268 3872 5339 possibile

2222 5340 2320 5410 est,
2351 5338 2607 5410 trans/er
2635 5354 2669 5390 a
2696 5354 2784 5410 me
2810 5338 3032 5410 calicem
3054 5338 3268 5410 hunc...
3302 5338 3517 5410 Verum
3549 5337 3732 5395 et'illo
3764 5340 3869 5410 qui

2226 5409 2278 5461 in
2320 5407 2541 5481 psalmo
2574 5409 2891 5464 centesimo
2938 5409 3165 5464 decimo
3212 5409 3418 5479 quinto
3464 5415 3674 5465 exstat.
3726 5407 3872 5481 οὗθίά

2223 5480 2526 5534 retribuam
2561 5482 2791 5533 Domino
2816 5495 2916 5548 pro
2947 5481 3213 5541 omnibus,
3241 5496 3367 5551 quae
3404 5482 3657 5537 retribuit
3685 5484 3871 5536 mihi?

2224 5552 2751 5621 Calicemsalutarts
2777 5551 3067 5621 accipiam,
3090 5562 3141 5607 et
3170 5569 3367 5607 nomen
3398 5555 3617 5608 Domini
3644 5556 3866 5609 invoca-

2223 5622 2303 5693 bo.
2339 5620 2713 5693 Statimque:
2746 5620 2986 5677 Pretiosa
3018 5626 3076 5678 in
3105 5633 3391 5693 conspectu
3420 5626 3660 5693 Domini,
3689 5629 3799 5679 etc.
3834 5648 3865 5675 υ

2227 5692 2381 5766 lianc
2432 5692 2617 5766 ipsam
2673 5692 3207 5766 interpretationem
3234 5692 3537 5766 arripuere
3591 5697 3649 5751 S.
3699 5696 3865 5752 Hila-

2227 5763 2367 5833 rius,
2400 5769 2458 5818 et
2485 5765 2557 5817 ab
2588 5778 2653 5818 eo
2685 5762 2963 5835 plerique.
