4182 6576
176 408 291 473 M9

688 407 1206 473 COMMENTAR.
1248 409 1333 473 IN
1379 409 1813 474 EVANGELII

1942 407 2324 473 ΜΑΤἸἮιΕῐ
2368 410 2516 474 LIB.
2562 411 2670 475 ΙΙΙ.
2718 412 2894 476 CAP.
2940 412 3074 477 XX.

3378 372 3381 377 ’
3471 413 3589 503 uso

173 543 476 603 retribuam
501 545 740 601 Domino
766 560 866 615 pro
895 546 1147 602 omnibus
1175 562 1297 617 quae
1345 547 1605 602 retribuit
1633 546 1775 601 mihi
1803 551 1827 599 .9
1855 546 1907 611 Α
1940 547 2009 601 de
2038 546 2271 602 duobus
2304 546 2602 603 fratribus.
2641 568 2668 595 ››
2700 547 2908 604 Decem
2940 546 3191 620 apostoli
3250 564 3366 611 non
3422 549 3584 609 indi-

174 635 409 692 Calicem
428 634 704 691 salutaris
725 635 1015 707 accipiam,
1047 638 1096 691 et
1142 652 1339 691 nomen
1388 637 1609 691 Domi-ni
1670 638 1820 691 invo-

172 726 316 784 cabo.
352 726 530 792 (Psal.
582 742 707 795 cum,
766 725 851 793 t2,
908 725 1042 796 13);
1105 727 1421 798 statimque
1480 726 1655 781 infert
1688 726 1821 798 quis

174 816 280 873 iste
311 815 388 870 sit
416 813 567 869 calix
600 832 613 871 :
645 817 901 870 Pretiosa
948 816 1009 870 in
1065 821 1351 887 conspectu
1405 818 1628 872 Domini
1674 833 1820 872 mors

172 913 479 963 sanctorum
506 905 626 976 ejus
658 904 815 975 (Ibid.
854 905 959 976 15).

242 994 424 1067 (Vere.
457 994 573 1064 '22.)
610 1014 636 1045 α
668 993 764 1049 Ait
814 993 933 1049 illis
968 1012 980 1050 :
1016 994 1267 1051 Calicem
1326 995 1565 1068 quidem
1620 1013 1817 1052 meum

175 1083 379 1141 bibetis
409 1098 424 1139 :
459 1083 662 1139 sedere
687 1087 885 1139 autem
916 1084 988 1139 ad
1023 1085 1319 1141 dexteram
1364 1102 1557 1143 meam
1589 1091 1645 1142 et
1676 1085 1819 1141 sini-

175 1179 374 1239 stram,
406 1188 523 1228 non
555 1176 645 1228 est
670 1188 867 1229 meum
899 1173 1038 1230 dare
1066 1175 1251 1243 vobis,
1276 1176 1374 1230 sed
1410 1175 1624 1247 quibus
1658 1193 1819 1247 para-

173 1268 294 1320 tum
324 1266 414 1319 est
442 1279 476 1317 a
508 1262 678 1318 Patre
698 1279 846 1318 meo.
880 1285 907 1312 »
942 1264 1230 1328 Quaeritur
1264 1266 1557 1335 quomodo
1579 1265 1817 1321 calicem

174 1352 432 1426 martyrii
465 1351 572 1406 filii
600 1352 880 1419 Zebedaei,
913 1353 1169 1409 Jacobus
1199 1353 1454 1410 vidilicet
1484 1360 1540 1409 et
1566 1356 1817 1411 Joannes

172 1442 438 1512 biberint,
474 1459 609 1503 cum
641 1443 943 1515 Scriptura
984 1447 1180 1499 narret
1234 1445 1524 1500 Jacobum
1585 1449 1815 1500 tantum

171 1531 501 1607 apostolum
534 1532 609 1589 ab
637 1533 864 1588 Herode
902 1532 1090 1605 capite
1149 1537 1488 1589 truncatum
1544 1535 1679 1605 (τιεί.
1713 1553 1813 1590 xu.

170 1622 220 1696 2)
254 1648 268 1681 :
297 1626 554 1679 Joannes
585 1627 782 1678 autem
815 1622 1049 1693 propria
1091 1627 1277 1679 morte
1336 1623 1512 1679 vitam
1574 1624 1813 1679 finierit.

171 1712 275 1769 Sed
307 1712 356 1767 si
388 1711 654 1785 legamus
685 1711 1114 1769 ecclesiasticas
1157 1712 1454 1782 historias,
1489 1714 1546 1768 in
1599 1714 1818 1786 quibus

170 1802 316 1860 I56
349 1802 554 1867 fertur,
587 1802 743 1874 quod
773 1806 829 1857 et
859 1801 985 1873 ipse
1040 1806 1277 1873 propter
1338 1804 1690 1875 martyrium
1740 1804 1816 1858 sit

170 1891 386 1948 missus
407 1890 465 1945 in
489 1890 763 1946 ferventis
787 1890 895 1946 olei
918 1890 1227 1955 dolium,et
1250 1891 1383 1947 inde
1398 1893 1468 1948 ad
1496 1893 1815 1965 suscipien-
1847 1927 1892 1995 Β

170 1981 300 2037 dam
323 1996 601 2036 coronam
619 1980 832 2036 Christi
849 1979 1069 2036 athleta
1081 1981 1812 2055 processserit,statimque

169 2070 461 2143 relegatus
481 2070 538 2125 in
553 2070 696 2126 Path
707 2088 832 2126 mos
848 2069 1100 2125 iusulam
1118 2071 1551 2138 sit,videbimus
1566 2074 1812 2144 matyrio

170 2160 428 2217 animum
463 2177 579 2215 non
612 2158 890 2226 defuisse,
925 2165 981 2215 et
1009 2160 1228 2215 bibisse
1257 2162 1539 2216 Joannem
1572 2162 1811 2217 calicem

169 2248 569 2319 confessionis,
603 2265 778 2322 quem
813 2254 867 2303 et
900 2253 1018 2304 tres
1068 2249 1233 2321 pueri
1264 2249 1322 2305 in
1381 2251 1611 2306 camino
1660 2251 1811 2323 ignis

168 2339 438 2396 biberunt
466 2340 627 2410 (Dan.
660 2356 744 2406 ιιι,
774 2340 889 2407 20),
921 2338 1056 2395 licet
1084 2344 1423 2411 persecutor
1454 2357 1565 2395 non
1600 2341 1815 2397 fuderit

166 2428 532 2502 sanguinem.
566 2429 727 2493 Quod
774 2432 971 2484 autem
999 2428 1141 2483 dicit
1182 2445 1196 2483 :
1228 2428 1411 2485 sedere
1455 2430 1523 2485 ad
1553 2431 1814 2486 dextrum

164 2535 338 2575 meam
367 2521 421 2576 et
450 2520 753 2585 sinistram,
788 2534 894 2574 non
946 2524 1027 2573 est
1082 2535 1263 2574 meum
1318 2519 1458 2575 dare
1514 2522 1678 2591 vobis,
1713 2524 1814 2575 sed

164 2610 352 2680 quibus
380 2617 641 2681 paratum
668 2616 746 2664 est
776 2626 810 2664 (ι
848 2614 1010 2664 Patre
1038 2625 1175 2676 meo,
1222 2608 1305 2664 sic
1363 2608 1811 2681 intelligendum

164 2703 248 2755 est
275 2715 289 2753 :
324 2699 595 2771 Regnum
628 2697 906 2754 caelorum
933 2715 1048 2753 non
1074 2698 1500 2769 estdantis,sed
1524 2700 1811 2771 accipien-

163 2787 253 2845 tis.
277 2788 405 2845 Non
439 2792 527 2845 est
556 2788 715 2845 enim
738 2787 996 2860 acceptio
1031 2804 1415 2861 personarum
1440 2791 1593 2861 apud
1629 2794 1810 2845 Deum

166 2878 293 2946 (Act.
326 2895 383 2944 x,
418 2878 509 2949 34)
541 2896 553 2934 :
588 2878 687 2933 sed
722 2877 1063 2949 quicunque
1094 2877 1267 2934 talem
1301 2895 1362 2934 se
1403 2880 1713 2950 prmbuerit
1749 2884 1813 2934 ut

166 2984 336 3041 regno
368 2966 652 3023 caelorum
685 2968 899 3041 dignus
932 2968 1054 3035 fiat,
1090 2968 1183 3023 hic
1217 2968 1479 3040 accipiet,
1505 2970 1659 3040 quod
1697 2986 1810 3024 non

167 3072 450 3129 personae,
490 3056 590 3113 sed
625 3056 752 3111 vitae
781 3061 1055 3129 paratum
1080 3056 1260 3112 est.Si
1288 3056 1482 3128 itaque
1515 3056 1813 3113 talesestis

166 3145 258 3219 qui
290 3145 741 3218 consequamini
795 3163 1042 3219 regnum
1097 3146 1394 3219 ccelorum,
1444 3150 1598 3220 quod
1646 3154 1816 3204 Pater

166 3251 322 3291 meus
356 3235 869 3307 triumphantibus
900 3241 957 3292 et
982 3235 1298 3292 victoribus
1322 3238 1686 3311 praeparavit,
1712 3257 1811 3294 vos

1934 640 2193 709 gnantur
2225 636 2394 691 matri
2450 636 2702 692 filiorum
2734 637 3013 705 Zebedaei,
3075 655 3180 694 nec
3210 639 3282 695 ad
3315 638 3584 707 mulieris

1934 725 2241 781 audaciam
2274 726 2534 782 referunt
2566 726 2918 799 postulantis
2947 770 2959 796 ,
2994 728 3095 783 sed
3127 728 3198 783 ad
3230 726 3402 794 filios,
3426 730 3580 801 quod

1934 816 2270 889 ignorantes
2302 833 2638 872 mensuram
2672 834 2864 885 suam,
2897 817 3213 874 immodica
3259 816 3583 891 cupiditate

1932 910 2287 972 exarserant,
2324 906 2540 978 quibus
2596 909 2651 962 et
2698 906 2985 962 Dominus
3041 906 3308 964 dixerat:
3340 909 3582 965 Nescitis

1930 995 2061 1067 quid
2089 998 2313 1067 petatis.
2344 995 2819 1069 Subintelligitur
2849 999 3044 1053 autem
3083 997 3172 1053 vel
3219 1013 3289 1054 ex
3335 1014 3578 1070 respon-

1929 1085 2092 1141 sione
2116 1086 2342 1141 Domini
2356 1084 2465 1152 ,vel
2485 1102 2553 1141 ex
2574 1077 2975 1159 indignatione
2992 1086 3576 1161 apostolorum,quod

1928 1174 2031 1229 ﬁlii
2064 1180 2312 1231 matrem
2345 1175 2699 1233 immiserint
2721 1177 2792 1231 ad
2823 1176 3071 1249 grandia
3100 1177 3479 1251 postulanda.

2002 1264 2185 1335 (Vers.
2217 1266 2288 1320 ‘25
2328 1266 2513 1337 seqq.)
2547 1289 2574 1315 «
2633 1266 2807 1322 Jesus
2843 1271 3038 1323 autem
3088 1266 3313 1326 vocavit
3356 1282 3456 1324 eos
3503 1267 3577 1324 ad

1928 1371 2010 1420 se,
2046 1358 2102 1409 et
2131 1354 2211 1409 ait
2243 1371 2255 1410 :
2290 1354 2462 1411 Scitis
2495 1355 2633 1427 quia
2665 1355 2957 1429 principes
2981 1357 3245 1429 gentium
3266 1357 3577 1415 dominan-

1926 1448 2024 1498 tur
2056 1461 2256 1499 eorum
2292 1464 2305 1514 ;
2336 1450 2395 1499 et
2423 1445 2522 1517 qui
2557 1446 2810 1516 majores
2843 1450 3003 1517 sunt,
3038 1450 3386 1519 potestatem
3416 1463 3577 1506 exer-

1927 1539 2061 1589 cent
2091 1534 2148 1588 in
2177 1551 2294 1589 eos.
2330 1535 2454 1589 Non
2489 1535 2569 1590 ita
2598 1536 2707 1590 erit
2738 1535 2891 1591 inter
2918 1553 3019 1593 vos
3052 1553 3065 1591 :
3108 1535 3208 1593 sed
3242 1536 3579 1609 quicunque

1926 1622 2174 1679 voluerit
2204 1624 2356 1679 inter
2386 1642 2486 1680 vos
2518 1625 2707 1696 major
2736 1625 2883 1693 ﬁeri,
2917 1624 2995 1681 sit
3037 1630 3227 1687 vester
3282 1625 3575 1683 minister.

1927 1717 1992 1768 Et
2024 1713 2125 1785 qui
2156 1713 2406 1770 voluerit
2438 1714 2591 1769 inter
2619 1732 2721 1770 vos
2752 1714 2981 1785 primus
3012 1731 3161 1783 esse,
3222 1715 3332 1771 erit
3389 1719 3579 1773 vester

1926 1819 2188 1859 servus.»
2225 1802 2478 1859 Humilis
2509 1804 2792 1876 magister
2822 1808 2879 1860 et
2909 1803 3201 1872 mitis,nec
3234 1803 3577 1877 cupiditatis

1925 1892 2258 1949 immodicae
2289 1894 2437 1949 duos
2469 1894 2575 1966 [ΑΙ.
2605 1899 2763 1961 suos]
2798 1894 2994 1967 arguit
3050 1892 3436 1968 postulantes,
3469 1910 3575 1952 nec

1925 1982 2123 2037 decem
2157 1982 2414 2054 reliquos
2444 1982 2866 2055 indignationis
2922 1982 3197 2056 increpat
3239 1987 3296 2040 et
3346 1982 3570 2051 livoris,

1924 2072 2022 2126 sed
2056 2070 2171 2128 tale
2201 2072 2365 2143 ponit
2415 2073 2562 2129 157
2627 2070 2981 2146 exemplum,
3034 2088 3148 2145 quo
3192 2072 3397 2129 doceat
3437 2088 3573 2130 eum

1924 2162 2206 2233 majorem
2240 2178 2387 2228 esse,
2422 2161 2521 2233 qui
2554 2159 2747 2217 minor
2770 2161 2962 2233 fuerit,
2988 2165 3045 2217 et
3071 2161 3240 2218 illum
3264 2162 3571 2221 dominum

1923 2251 2067 2316 fieri,
2102 2251 2201 2322 qui
2234 2251 2499 2306 omnium
2532 2267 2733 2306 servus
2765 2250 3111 2307 sit.Frustra
3140 2249 3322 2325 igitur
3350 2254 3453 2307 aut
3485 2249 3572 2309 illi

1923 2338 2310 2395 immoderata
2333 2340 2704 2412 qumsierint:
2732 2343 2834 2395 aut
2859 2339 2956 2395 isti
2978 2338 3179 2396 dolent
3198 2355 3374 2413 super
3394 2341 3575 2413 majo-

1923 2446 2056 2484 rum
2089 2430 2378 2485 desiderio
2414 2446 2428 2486 :
2461 2445 2597 2484 cum
2618 2429 2689 2483 ad
2715 2428 3120 2485 summitatem
3151 2430 3433 2488 virtutum
3457 2447 3574 2487 non

1925 2519 2204 2590 potentia,
2230 2519 2330 2575 sed
2362 2518 2697 2575 humilitate
2724 2518 3016 2576 veniatur.
3040 2518 3304 2593 Denique
3334 2519 3424 2578 sui
3447 2536 3576 2593 pro-

1924 2608 2089 2679 ponit
2117 2607 2473 2680 exemplum,
2508 2612 2573 2663 ut
2602 2607 2651 2663 si
2686 2608 2839 2664 dicta
2886 2607 3397 2681 parvipenderent,
3437 2626 3571 2667 eru-

1924 2698 2227 2754 bescerent
2256 2698 2327 2753 ad
2351 2715 2550 2770 opera,
2581 2702 2638 2753 et
2669 2696 2811 2754 dicit
2844 2714 2856 2752 :

1995 2787 2177 2857 (Vers.
2210 2786 2324 2855 28.)
2360 2809 2387 2835 ‹‹
2421 2786 2586 2842 Sicut
2618 2785 2796 2843 Filius
2827 2785 3083 2844 hominis
3123 2804 3238 2844 non
3272 2788 3430 2845 venit
3460 2788 3576 2846 mi-

1923 2876 2181 2942 nistrari,
2211 2877 2311 2931 sed
2346 2876 2702 2931 ministrare.
2740 2897 2766 2924 ››
2798 2876 2966 2942 Nota,
2998 2877 3155 2948 quod
3194 2876 3398 2935 crebro
3421 2877 3572 2945 dixi:-

1925 2982 2079 3031 mus,
2112 2982 2246 3021 eum
2279 2964 2378 3037 qui
2410 2964 3020 3038 ministrat,appellari
3052 2964 3263 3021 Filium
3288 2964 3570 3023 hominis.

1999 3078 2026 3105 «
2057 3056 2127 3109 Et
2157 3056 2295 3110 dare
2320 3055 2578 3111 animam
2613 3071 2779 3110 suam
2802 3053 3265 3127 redemptionem
3297 3071 3402 3128 pro
3425 3053 3577 3113 mul-

1922 3145 2018 3200 tis.
2054 3167 2085 3195 n
2115 3146 2357 3211 Quando
2390 3145 2638 3200 formam
2673 3144 2821 3201 servi
2854 3144 3078 3217 accepit
3105 3145 3372 3218 (Philipp.
3396 3162 3461 3217 ιι,
3490 3146 3572 3218 7),

1924 3238 1989 3289 ut
2019 3252 2121 3307 pro
2155 3234 2375 3290 mundo
2409 3234 2758 3307 sanguinem
2792 3234 3081 3291 funderet.
3114 3234 3241 3292 Non
3273 3233 3419 3291 dixit
3447 3233 3573 3292 ani-

166 3340 388 3404 quoque
421 3304 909 3398 accipietisillud.
932 3304 1418 3399 AliideMoyseet
1440 3304 1563 3383 lilia
1586 3304 1809 3384 dictum
1842 3304 1885 3373 Ο
1927 3304 2083 3380 main
2117 3342 2287 3380 suam
2320 3304 2779 3401 redemptionem
2804 3324 2943 3380 dare
2976 3340 3080 3396 pro
3110 3325 3132 3359 ²
3161 3323 3571 3392 οωιιὶδυεβθίί

164 3412 358 3471 volunt
390 3432 403 3471 :
443 3430 593 3487 quos
623 3413 799 3486 paulo
823 3420 955 3470 ante
984 3414 1044 3469 in
1066 3419 1262 3471 monte
1293 3432 1425 3471 cum
1452 3433 1517 3471 eo
1543 3416 1809 3473 viderant

165 3500 469 3577 loquentes
500 3502 709 3571 (Matth.
761 3521 897 3571 xvu,
940 3505 994 3575 3)
1032 3530 1045 3571 ;
1078 3505 1179 3560 sed
1232 3504 1375 3560 mihi
1434 3523 1807 3579 nequaquam

164 3590 399 3651 videtur.
439 3593 577 3649 Ideo
610 3591 765 3648 enim
814 3594 1144 3648 sedentium
1193 3592 1253 3648 in
1304 3609 1481 3665 regno
1530 3595 1806 3652 caelorum

162 3683 439 3739 vocabula
475 3699 589 3738 non
610 3681 888 3737 dicuntur
921 3700 934 3752 ;
959 3698 1030 3739 ne
1052 3682 1258 3754 paucis
1276 3682 1806 3757 nominatis,caateri

162 3777 506 3843 putarentur
533 3771 772 3828 exclusi.

230 3861 416 3933 (Vers.
452 3862 569 3934 24.)
608 3881 632 3911 ε
663 3863 733 3919 Et
762 3862 1066 3920 audientes
1096 3864 1319 3929 decem,
1349 3862 1638 3937 indignati
1670 3870 1809 3922 sunt

231 3989 247 4023 ¹
278 3988 419 4044 Tres
452 3986 701 4043 Palatini
732 4004 900 4053 mss.,
932 4003 1031 4043 nec
1058 3989 1132 4044 ad
1158 3988 1457 4044 mulierem
1505 3990 1807 4045 audaciam

164 4059 402 4128 referunt
428 4060 719 4132 postulati,
753 4060 863 4126 sed,
914 4066 1002 4116 etc
1032 4103 1077 4132 ,_
1108 4062 1354 4117 fortasse
1410 4061 1645 4118 rectius.
1680 4062 1804 4118 Uno

161 4132 327 4203 verbo
356 4130 777 4203 postulationis,
810 4132 950 4187 Rab.
988 4130 1235 4203 abludit.

228 4202 248 4235 ²
277 4202 527 4276 Οᾶιιθεις
547 4203 657 4259 hoc
688 4203 1020 4276 Hieronymi
1052 4202 1174 4259 loco
1225 4202 1554 4259 subsidium
1589 4205 1806 4260 arcessi

163 4287 328 4343 posse
358 4274 661 4348 existimes
692 4274 1237 4348 Praades'tinantium
1274 4276 1499 4347 haeresi,
1525 4276 1623 4348 qui
1647 4277 1805 4332 Chri-

162 4348 451 4420 stumhpro
482 4346 783 4420 aliquibus
812 4348 1096 4402 duntaxat
1131 4346 1491 4411 hominibus,
1536 4346 1649 4404 non
1702 4366 1805 4420 pro

164 4417 431 4501 gmnibus
456 4417 830 4501 singulisque
861 4426 1108 4501 mortem
1146 4420 1362 4501 obiisse
1402 4417 1802 4501 pronuntiant.

162 4485 249 4563 Sic
279 4495 481 4563 autem
513 4485 822 4563 in'tellrigito
854 4490 1201 4563 catholicam
1235 4491 1308 4545 ab
1357 4485 1422 4547 eo
1455 4485 1634 4547 teneri
1670 4510 1804 4546 sen-

162 4560 424 4636 tentiam,
459 4566 527 4619 ut
555 4560 850 4636 Christum
883 4562 1040 4617 dicat
1088 4580 1192 4635 pro
1240 4562 1518 4636 omnibus
1568 4565 1805 4636 quidem

1920 3432 2022 3487 pro
2056 3414 2279 3478 multis,
2314 3414 2369 3469 id
2403 3418 2510 3479 est,
2544 3429 2648 3485 pro
2678 3413 2774 3469 his
2822 3412 2923 3485 qui
2966 3413 3201 3471 credere
3257 3412 3570 3473 voluerint.

1990 3505 2006 3576 (
2038 3504 2201 3559 Vers.
2238 3504 2302 3558 19
2334 3503 2523 3574 seqq.)
2559 3524 2588 3553 ‹‹
2620 3503 2688 3558 Et
2732 3502 3172 3575 egredientibus
3204 3500 3324 3557 illis
3365 3502 3441 3560 ab
3467 3502 3587 3571 Je-.

1920 3593 2099 3663 richo,
2134 3598 2333 3649 secuta
2360 3597 2449 3649 est
2496 3608 2630 3647 eum
2664 3591 2839 3648 turba
2896 3588 3104 3648 multa.
3155 3592 3226 3648 Et
3270 3607 3402 3649 ecce
3450 3591 3569 3648 duo

1917 3684 2047 3738 caeci
2082 3684 2351 3738 sedentes
2391 3698 2560 3739 secus
2609 3680 2787 3753 viam,
2840 3680 3157 3737 audierunt
3211 3679 3351 3754 quia
3395 3680 3574 3739 Jesus

1917 3774 2195 3830 transiret
2228 3790 2244 3842 ;
2275 3777 2333 3829 et
2363 3771 2786 3839 clamaverunt,
2820 3771 3081 3828 dicentes
3115 3789 3128 3828 :
3166 3771 3432 3844 Domine,
3465 3772 3574 3830 mi-

1917 3879 2109 3919 serere
2161 3861 2369 3928 nostri,
2402 3860 2484 3917 ﬁli
2517 3860 2716 3916 David.
2752 3861 2950 3918 Turba
2980 3865 3180 3918 autem
3226 3860 3572 3935 increpabat

1916 3987 2425 4061 propugnaculum
2456 3986 2933 4061 objici._Servatus
2965 3985 3166 4061 Lupus
3194 3984 3255 4042 in
3287 3985 3562 4061 Collatu-

1915 4050 2315 4118 iieo‘devtribus
2346 4050 2765 4126 Quaestionibus,
2798 4074 2932 4113 cum
2964 4050 3091 4127 ejus
3124 4057 3249 4115 haec
3276 4050 3452 4123 verba
3472 4074 3561 4121 re-

1916 4130 2471 4190 citasset.subinfert
2487 4145 2534 4182 ;‹‹
2556 4129 2907 4184 Cautissime
2927 4128 3129 4184 doctor
3140 4128 3560 4187 celeberrimus

1914 4204 2081 4273 vidit,
2115 4203 2185 4258 de
2225 4200 2738 4273 qualibuscunque
2786 4199 3060 4273 fidelibus
3112 4198 3561 4272 intelligendum

1918 4272 2323 4348 propterillud
2360 4290 2371 4329 :
2408 4274 2618 4327 Peribit
2647 4274 2705 4327 in
2735 4275 2832 4327 tua
2859 4272 3094 4348 scientia
3120 4274 3312 4348 frater,
3342 4275 3566 4348 propter

1917 4342 2078 4420 quem
2112 4347 2641 4420 Christusmortuus
2684 4351 2780 4420 est2
2809 4366 2847 4420 _»
2896 4342 3295 4420 Observatque
3342 4342 3561 4420 Bedam

1916 4413 2124 4476 iisdem
2141 4418 2297 4474 hisce
2313 4415 2643 4488 Hieronymi
2667 4414 2857 4471 verbis
2881 4431 3055 4470 usum
3071 4413 3131 4469 in
3148 4413 3565 4488 Explanatione

1916 4491 2091 4546 Marci
2125 4489 2225 4545 lib.
2260 4507 2333 4559 1v,
2368 4505 2493 4561 cap.
2532 4486 2617 4543 10.
2654 4488 2973 4561 Exaggerat
2999 4503 3153 4561 vero
3188 4486 3249 4541 in
3275 4486 3463 4561 epist.
3495 4486 3565 4542 ad

1920 4563 2177 4619 Carolum
2210 4557 2674 4628 Caluum'regem,
2709 4557 3033 4614 ubi—doceri
3061 4557 3207 4624 vult,
3238 4557 3345 4615 abs
3367 4557 3563 4615 Hiero-

162 4630 326 4756 glane
356 4633 703 4690 hominibus
736 4635 992 4690 animam
1027 4629 1194 4690 su'am
1220 4629 1683 4706 redemptionem
1715 4636 1808 4690 de~
1920 4652 2115 4707 nymo,
2151 4651 2221 4688 ea
2252 4634 2590 4703 expositione
2607 4633 2772 4703 juxta
2822 4631 2993 4686 tit/em
3044 4630 3373 4688 catholicam
3427 4629 3567 4686 solos

200 4703 311 4756 isse
342 4722 358 4756 :
393 4707 498 4756 sed
529 4723 595 4756 eo
628 4708 907 4756 beneficio
939 4706 1240 4756 sneciatim
1274 4709 1579 4756 credentes
1610 4708 1807 4756 dmne-
1842 4685 1887 4750 Π
1922 4707 2099 4756 ﬁdeles
2132 4721 2245 4756 esse
2276 4703 2674 4756 intellz’aendos.
2707 4704 2820 4756 sive
2845 4704 2904 4756 in
2931 4705 3111 4756 aratia
3154 4718 3566 4756 permansuros.

200 4685 321 4781 is;
342 4685 1807 4781 {easaginasaginam“;assesasses-
1842 4685 1887 4750 ι)
1919 4685 2245 4781 βάριεεῖ
2276 4685 2674 4781 inqut-genta,
2707 4704 2820 4758 sive
2845 4704 3111 4781 ingratis;
3142 4718 3566 4781 permatura,

163 4775 269 4851 reri
299 4776 579 4845 voluisse,
613 4795 858 4850 eamque
889 4775 1161 4851 salutem,
1195 4778 1643 4851 quamrreliquis
1676 4778 1809 4848 qui-

165 4843 521 4923 buseunque
541 4843 725 4907 morte
763 4843 875 4906 sua
927 4850 1171 4923 peperit,
1211 4843 1809 4923 praecipuo-quodam

166 4920 331 4993 modo
366 4919 641 4978 fidelibus
671 4927 891 4993 optare,
928 4919 1134 4993 'deque
1188 4919 1255 4977 ea
1302 4919 1421 4977 illis
1461 4919 1813 4978 conferenda

166 4988 488 5066 sollicitum,
515 5011 662 5050 esse.
687 4988 758 5050 Et
781 5010 852 5050 ne
868 4988 1313 5066 putes-benigna
1335 4994 1812 5066 interpretatione

166 5059 221 5138 S_.
254 5066 445 5138 Patris
478 5065 575 5122 hic
603 5069 779 5121 verba
808 5059 1133 5138 in'lapsum
1186 5059 1370 5138 prona
1420 5059 1626 5138 excipi,
1662 5067 1812 5122 scias

168 5130 234 5188 de
265 5135 584 5209 Scriptura;
614 5155 751 5194 eum
784 5130 1210 5195 consuetudine
1240 5137 1423 5209 loqui.
1449 5130 1576 5208 quas
1608 5130 1810 5194 eodem

168 5205 520 5279 eaplicandae
551 5215 690 5266 sunt
721 5211 915 5279 modo,
948 5214 1014 5265 ut
1060 5215 1148 5265 est
1199 5205 1340 5265 illud
1374 5205 1542 5265 Joan.
1580 5229 1661 5275 ιιι,
1702 5212 1763 5264 16
1796 5225 1808 5264 :

169 5275 252 5350 ξίέ
271 5279 415 5336 Deus
430 5280 631 5337 ditarit
643 5275 911 5338 mundum
922 5323 934 5347 ,
948 5286 1010 5337 ut
1031 5282 1235 5336 Filium
1252 5299 1454 5337 suuum
1467 5284 1817 5350 unigenitum

169 5346 316 5425 daret
350 5368 364 5408 :
394 5361 455 5409 ut
485 5356 663 5410 omnis
693 5356 790 5424 qui
817 5346 991 5409 credit
1022 5355 1081 5408 in
1109 5370 1256 5420 eum,
1280 5424 1285 5425 ί
1313 5370 1420 5409 non
1474 5346 1678 5425 pereat,
1710 5355 1817 5407 sed

172 5416 355 5492 habeat
384 5426 567 5481 vilam
588 5416 875 5483 aeternam.
911 5426 981 5481 Et
1006 5426 1127 5480 haec
1153 5416 1315 5481 Pauli
1348 5425 1368 5480 Ι
1399 5416 1551 5480 Tim.
1586 5416 1675 5492 ιν(
1704 5426 1763 5479 l0
1800 5442 1811 5480 :

175 5486 527 5569 Speravimus
558 5499 619 5553 in
651 5498 818 5554 Deum
848 5498 1169 5569 vivum,qui
1197 5505 1272 5552 est
1297 5486 1817 5553 Salvatorom'nium

173 5568 407 5625 maxime
434 5567 689 5638 ﬁdelium
714 5586 735 5631 ;
768 5586 898 5638 qua:
928 5567 1542 5638 sapientissimejuxta
1573 5569 1815 5625 catholi-

173 5586 407 5625 maxime
434 5586 735 5638 uacuum;
810 5586 898 5625 ua:
928 5586 990 5624 sa
1037 5586 1542 5637 lentissuneyuxta
1573 5586 1813 5625 camen-

173 5649 296 5713 ρῳ
327 5640 507 5698 ﬁdem
539 5646 743 5698 auctor
768 5586 921 5696 (libri
971 5586 1036 5697 (£2
1092 5643 1265 5697 Vocat.
1320 5641 1497 5709 Geut.,
1545 5659 1671 5713 cap.
1726 5642 1813 5711 31,

179 5705 384 5795 aliique
436 5713 656 5795 passim
689 5717 1031 5795 exponunt.
1084 5712 1371 5795 Alioquin.
1418 5705 1817 5795 videas;hu_nc

182 5777 731 5858 Hieronymilocum
767 5777 838 5842 ab
869 5784 1000 5858 aliis
1043 5777 1307 5841 certatim
1334 5784 1583 5858 laudari
1624 5784 1816 5858 Ecclef

179 5850 418 5914 siasticai
451 5856 588 5917 fidei
619 5857 1300 5933 scriptoribus,eumque
1332 5856 1816 5930 haereticis,quasi

1918 4773 2032 4835 sive
2060 4779 2129 4832 ab
2159 4793 2223 4830 ea
2253 4791 2350 4831 suo
2380 4778 2512 4830 vitio
2544 4790 2875 4831 recessuros.
2910 4773 3311 4833 biinime‘vero
3331 4773 3414 4830 ita
3432 4774 3567 4831 Hie-

1921 4865 2201 4928 ronymus
2232 4847 2453 4928 sentit;
2491 4844 2592 4928 qui
2639 4845 2938 4927 conceptis
2994 4845 3186 4928 verbis
3234 4845 3567 4928 profitetur,

1921 4916 2167 4978 formam
2204 4920 2349 4975 servi
2382 4916 2681 4990 Christum
2732 4916 3048 4990 accepisse,
3104 4922 3165 4973 ut
3210 4916 3311 4990 pro
3366 4916 3568 4975 mundo

1923 4991 2233 5062 (absolute)
2265 4992 2583 5061 sanguinem
2615 4985 2921 5063 funderet:
2956 4994 3013 5045 et
3037 4985 3303 5063 quod—ait
3322 5004 3567 5063 evange-

1922 5066 2078 5127 lista,
2110 5060 2244 5119 dare
2273 5067 2518 5118 muniam
2547 5060 2705 5116 suam
2754 5060 3181 5133 redemptionem
3220 5078 3317 5132 pro
3342 5060 3564 5125 multis,

1923 5138 1994 5193 ad
2030 5134 2345 5211 specialem
2374 5133 2739 5211 transfer-tiu
2783 5132 2981 5211 fideles
3042 5133 3384 5211 bonitatem,
3434 5146 3567 5211 qua.

1926 5215 1988 5264 ut
2021 5204 2266 5279 Prosper
2297 5208 2397 5273 ait,
2431 5206 2664 5279 ostendit
2692 5221 2806 5279 esse
2831 5209 3045 5277 partem
3064 5205 3290 5279 generis
3312 5204 3568 5279 humani,

1922 5298 2041 5354 qme
2064 5274 2257 5335 merito
2287 5277 2713 5354 [ideidivinitus
2745 5274 3038 5354 inspirata?
3065 5274 3164 5354 ad-
3180 5290 3459 5354 summam
3485 5274 3564 5354 at-

1924 5343 2025 5425 que
2053 5343 2332 5425 aeternam
2360 5350 2592 5425 salutem
2621 5343 2946 5425 specialibus
3000 5348 3272 5425 beneﬁciis
3318 5343 3576 5425 proveha-

1924 5417 2033 5480 tur.
2099 5424 2401 5493 Ingeniosa
2455 5417 2963 5493 Theop'bylactus,
3002 5417 3145 5493 illud
3218 5417 3572 5493 multisupro

1926 5482 2478 5570 omnibusrexplicat.
2521 5492 2584 5570 Οἱ
2619 5482 3015 5570 ’γᾶξο,]ηευίξ,
3076 5488 3290 5570 πᾴντες,
3340 5482 3571 5570 negligi.

1930 5575 2134 5654 omnes
2163 5558 2334 5654 enim,
2366 5565 2531 5620 multi
2575 5558 2725 5620 sunt:
2776 5565 2857 5654 Et.
2876 5558 3362 5654 Euthymiusi‘:
3382 5558 3578 5654 Multis

1929 5647 2123 5697 autem
2158 5639 2298 5695 dicit
2326 5654 2483 5693 nunc
2524 5655 2626 5708 pro
2685 5636 2955 5708 omnibus.
3008 5632 3364 5708 lfrequeuter
3414 5632 3576 5708 enim

1928 5714 2231 5783 Scriptura
2253 5711 2393 5783 dicit
2408 5704 2605 5764 multos
2630 5724 2732 5779 pro
2753 5704 3237 5783 omnibuthaque
3260 5721 3361 5783 pro
3383 5706 3578 5763 omni-

1930 5784 2039 5840 bus
2062 5777 2247 5840 tradit
2278 5782 2537 5837 animam
2570 5777 3100 5850 su‘am,omnesque
3115 5777 3364 5835 redemit
3384 5794 3581 5850 quan-

1930 5872 2108 5929 quam
2142 5854 2309 5913 multi
2341 5871 2450 5911 sua
2481 5853 2685 5924 sponte
2714 5847 2772 5904 in
2806 5847 3083 5909 servntute
3116 5847 3578 5911 remanserint.»
