4182 6570
531 435 640 502 ibi

1769 445 1834 507 s.
1877 440 2193 507 EUSEBII
2235 410 2683 504 ainaoNvMI

3820 433 3941 499 18!

521 590 622 632 eos
660 575 728 631 ut
756 577 1035 633 tacerent.
1067 574 1142 642 At,
1172 574 1254 633 illi
1286 575 1475 651 magis
1505 576 1859 649 clamabant,
1893 579 2178 635 dicentes:
2206 578 2260 645 Α
2291 579 2428 631 sunt
2462 591 2617 628 eum.
2652 570 2757 635 Qui
2793 575 2924 627 ante
2955 570 3014 626 in
3043 568 3275 627 Jericho
3309 567 3592 626 contracti
3634 568 3938 639 sedebant,

535 664 805 731 Domine,
840 665 1117 723 miserere
1151 668 1354 740 nostri,
1386 668 1468 723 fili
1502 669 1698 724 David.
1738 692 1765 718 ››
1805 668 1968 726 Multi
1999 671 2173 725 latro-

538 770 644 810 nes
674 758 837 810 erant
869 756 928 810 in
958 755 1209 827 Jericho,
1265 757 1365 829 qui
1416 757 1778 829 egredientes
1835 763 1889 813 et
1937 760 2175 814 descen-

541 844 745 899 dentes
778 844 847 900 de
875 844 1551 918 Jerusalem,interﬁcere
1586 850 1599 881 ¹
1634 852 1688 902 et
1717 848 2018 903 vulnerare
2048 865 2179 903 con-

532 937 885 989 sueverant:
935 934 1151 990 idcirco
1211 936 1494 992 Dominus
1551 936 1705 992 venit
1760 938 1988 994 Jericho
2043 956 2175 994 cum

532 1022 840 1095 discipulis
872 1024 1019 1089 suis,
1051 1029 1116 1080 ut
1145 1023 1351 1081 liberet
1401 1025 1756 1091 vulneratos,
1816 1032 1872 1082 et
1930 1027 2175 1083 multam

533 1113 769 1168 turbam
802 1128 1001 1168 secum
1032 1113 1247 1170 trahat.
1292 1114 1551 1185 Denique
1610 1121 1923 1186 postquam
1982 1116 2177 1187 egredi

528 1201 736 1257 volunt
768 1202 839 1258 ab
870 1202 1121 1271 Jericho,
1158 1208 1359 1258 secuta
1389 1211 1476 1259 est
1508 1221 1639 1259 eum
1674 1206 1844 1259 turba
1879 1205 2083 1260 multa.
2117 1205 2177 1259 Si

537 1291 875 1359 mansisset,
908 1292 1305 1364 Jerosolymis,
1348 1299 1405 1348 et
1437 1311 1739 1365 nunquam
1800 1295 1872 1349 ad
1933 1294 2183 1349 humilia

545 1381 959 1450 descendisset,
991 1382 1161 1435 turba
1193 1398 1381 1453 usque
1412 1382 1584 1438 hodie
1643 1384 1870 1437 sederet
1914 1383 1973 1438 in
2023 1390 2180 1438 tene-

535 1468 677 1539 bris,
709 1475 764 1523 et
794 1468 850 1524 in
884 1470 1095 1525 umbra
1125 1472 1355 1525 mortis.
1390 1473 1544 1528 I58
1594 1473 1705 1527 Sed
1764 1476 1822 1527 et
1878 1472 1993 1527 duo
2052 1472 2183 1527 caeci

534 1559 895 1628 erantjuxta
924 1558 1099 1613 viam.
1132 1560 1326 1614 Caecos
1359 1559 1613 1631 appellat
1652 1560 1751 1631 qui
1794 1562 2047 1616 necdum
2097 1561 2183 1615 di-

531 1660 659 1702 cere
715 1652 1024 1718 poterant:
1059 1649 1124 1702 Ιη
1182 1649 1394 1703 lumine
1452 1658 1539 1705 tuo
1598 1650 1914 1705 videbimus
2000 1651 2185 1705 lumen.

534 1735 715 1807 (Psal.
748 1752 913 1806 xxxv,
950 1736 1055 1807 10).
1088 1737 1269 1792 Secus
1298 1737 1472 1805 viam,
1508 1738 1646 1810 quia
1674 1739 2023 1794 videbantur
2052 1742 2187 1810 qui-

540 1824 674 1879 dem
707 1823 854 1897 legis
886 1824 1100 1881 habere
1131 1827 1419 1887 notitiam,
1447 1829 1543 1882 sed
1585 1829 1737 1883 viam
1772 1845 1897 1899 qua:
1922 1829 2188 1885 Christus

542 1912 1008 1985 est,ignorabant
1033 1932 1044 1969 :
1072 1932 1219 1987 quos
1243 1916 1503 1987 plerique
1528 1916 2191 1991 Pharismosintelligunt

540 2007 598 2057 et
624 2002 1096 2070 Sadducazos,alii
1119 2021 1253 2060 vero
1277 2010 1591 2077 utrumque
1617 2009 1921 2079 populum,
1948 2014 2001 2063 et
2031 2009 2191 2063 Vete-

541 2091 624 2147 ris
654 2091 1012 2148 Testamenti
1046 2098 1101 2149 et
1129 2094 1299 2162 Novi;
1330 2096 1484 2167 quod
1508 2096 1654 2151 alter
1676 2098 1952 2167 scriptam
1978 2098 2187 2170 legem,

542 2179 690 2236 alter
720 2180 1049 2238 naturalem
1079 2200 1353 2254 sequens,
1388 2186 1513 2241 sine
1541 2185 1769 2241 Christo
1801 2204 1985 2243 cmcus
2044 2193 2186 2243 erat.

542 2269 611 2325 Hi
642 2269 782 2342 quia
815 2286 917 2343 per
946 2288 1010 2327 se
1032 2271 1225 2328 videre
1252 2290 1367 2328 non
1402 2278 1691 2344 poterant,
1714 2276 2027 2331 audierunt
2050 2282 2190 2349 prae;
2216 2324 2221 2329 .

550 2358 721 2414 conia
748 2358 1084 2430 Salvatoris,
1116 2365 1172 2415 et
1200 2362 1450 2417 confessi
1480 2368 1617 2417 sunt
1648 2363 1833 2419 filium
1857 2365 2055 2420 David.
2085 2366 2187 2420 Sin

548 2451 747 2503 autem
779 2453 1027 2521 uterque
1055 2466 1241 2505 caecus
1271 2450 1521 2505 refertur
1550 2452 1617 2506 ad
1652 2452 1933 2524 populum
1967 2455 2189 2509 Judieo-

550 2552 705 2603 rum,
738 2537 847 2593 hoc
894 2539 1048 2610 quod
1087 2540 1358 2611 sequitur
1416 2542 1438 2574 ³
1492 2544 1815 2613 Inrrcpabat
1872 2559 1958 2598 eos
2013 2546 2192 2613 turba,

547 2642 727 2698 super
754 2626 1007 2682 ethnicis
1040 2627 1487 2701 intelligendum
1520 2635 1608 2684 est
1641 2647 1652 2683 :
1689 2647 1835 2702 quos
1882 2632 2193 2703 Apostolus

551 2719 751 2770 monet
781 2731 851 2770 ne
882 2715 1208 2787 glorientur
1238 2721 1294 2771 et
1325 2717 1667 2787 superbiant
1706 2723 1905 2773 contra
1938 2719 2191 2775 radicem

550 2820 718 2860 suam
755 2805 929 2875 (Rom.
965 2821 1043 2870 ιι,
1080 2805 1167 2876 18)
1201 2829 1215 2872 ;
1259 2806 1357 2861 sed
1392 2822 1526 2862 cum
1567 2806 1678 2878 ipsi
1710 2824 1902 2863 errore
1937 2809 2193 2878 priorum

549 2892 754 2949 inserti
787 2894 1003 2950 fuerint
1032 2911 1103 2950 ex
1132 2893 1380 2950 oleastro
1429 2896 1486 2951 in
1542 2896 1755 2951 bonam
1807 2896 2040 2963 olivam,
2091 2914 2196 2952 ne-

550 2996 848 3054 quaquam
879 2983 1130 3038 debeant
1174 2983 1432 3038 invidere
1467 2984 1725 3055 priorum
1784 2985 1981 3041 saluti.
2034 2988 2195 3041 Mise-

548 3087 671 3126 rere
699 3073 892 3136 nostri,
923 3072 1009 3142 ﬁli
1057 3071 1253 3127 David.
1290 3072 1671 3144 Increpantur
1698 3089 1731 3128 a
1778 3075 1986 3143 turbis,
2020 3079 2075 3129 et
2110 3075 2195 3129 ui-

552 3159 877 3215 hilominus
909 3177 1024 3215 non
1077 3165 1273 3217 tacent
1309 3178 1322 3216 :
1358 3161 1455 3217 sed
1501 3162 1762 3217 crebrius
1818 3163 2073 3235 idipsum
2109 3164 2197 3219 in-

552 3248 1298 3321 geminantutdesiderium
1316 3249 1550 3323 plenum
1566 3267 1708 3305 verae
1724 3250 1870 3306 lucis
1887 3254 2201 3308 ostendant

2220 1959 2266 2023 B

2286 672 2355 729 et,
2374 664 2627 719 clamare
2661 668 2888 717 tantum
2924 666 3224 730 noverant,
3258 665 3458 732 postea
3487 664 3816 732 sequuntur
3841 660 3941 717 Je-

2292 772 2448 818 sum,
2484 770 2595 807 non
2630 758 2745 805 tum
2778 752 3022 823 pedibus
3055 768 3231 823 quam
3259 750 3592 804 virtutibus.

2359 846 2518 914 (Cap.
2555 842 2696 896 ΧΧΙ.
2732 873 2798 881 —-
2834 845 2993 895 \‘ers.
3051 843 3073 895 1
3130 842 3317 911 seqq.)
3350 864 3374 887 ‹‹
3411 840 3479 895 Et
3535 856 3668 894 cum
3720 855 3939 912 appro-

2291 934 2635 1005 pinquasset
2666 930 3105 1001 Hierosolymis,
3138 934 3192 984 et
3237 928 3489 983 venisset
3536 927 3830 1001 Betphage
3860 930 3934 985 ad

2289 1026 2551 1076 montem
2584 1018 2809 1085 Oliveti,
2841 1023 2982 1073 tunc
3013 1019 3185 1073 Jcsus
3218 1017 3377 1071 misit
3407 1018 3555 1072 duos
3586 1016 3937 1088 discipulos,

2290 1110 2488 1164 dicens
2522 1109 2605 1163 eis
2642 1126 2654 1163 :
2691 1113 2769 1163 Ite
2801 1108 2857 1161 in
2895 1107 3196 1163 castellum
3231 1107 3382 1178 quod
3418 1111 3620 1161 contra
3650 1123 3751 1162 vos
3801 1111 3892 1161 est
3927 1124 3941 1163 :

2290 1203 2345 1255 et
2375 1198 2573 1252 statim
2610 1197 2914 1252 invenietis
2943 1199 3170 1251 asinam
3230 1196 3551 1268 alligatam,
3602 1200 3659 1252 et
3708 1195 3945 1268 pullum

2290 1305 2422 1344 cum
2457 1305 2561 1343 ea:
2598 1286 2802 1342 solvite
2834 1293 2888 1342 et
2919 1287 3187 1341 adducite
3222 1286 3387 1340 mihi.
3424 1287 3491 1340 Et
3521 1285 3568 1340 si
3601 1285 3735 1357 quis
3771 1285 3945 1340 vobis

2294 1378 2515 1450 aliquid
2546 1376 2778 1441 dixerit,
2814 1378 2992 1432 dicite
3030 1395 3041 1431 :
3077 1377 3224 1440 Quia
3249 1376 3534 1431 Dominus
3555 1375 3647 1429 his
3671 1393 3820 1447 opus
3851 1375 3955 1431 ha-

2293 1469 2391 1522 bet
2422 1486 2433 1521 :
2469 1472 2524 1522 et
2555 1468 2865 1521 confestim
2899 1468 3151 1521 dimittet
3203 1484 3321 1521 eos.
3362 1489 3387 1513 ›ι
3420 1466 3732 1536 Egreditur
3752 1467 3823 1521 de
3842 1466 3947 1522 Je-

2296 1558 2479 1623 richo,
2512 1557 2701 1611 turbis
2735 1557 2961 1611 eductis
2997 1556 3128 1611 inde
3173 1556 3655 1627 quamplurimis,
3687 1560 3743 1610 et
3770 1556 3944 1611 caecis

2296 1646 2523 1701 reddita
2542 1646 3245 1717 sanitate,appropinquat
3268 1644 3948 1717 Hierosolymis,magnis

2297 1735 2518 1790 ditatus
2552 1735 2846 1789 mercibus
2881 1752 2892 1789 :
2928 1736 3115 1789 salute
3164 1734 3525 1789 credentium
3570 1734 3814 1797 reddita,
3846 1734 3949 1790 in-

2298 1825 2455 1897 gredi
2490 1825 2647 1896 cupit
2682 1825 2882 1879 urbem
2917 1824 3094 1895 pacis,
3128 1830 3183 1877 et
3218 1823 3408 1877 locum
3454 1823 3696 1879 visionis
3730 1826 3852 1889 Dei,
3885 1828 3948 1879 et

2299 1931 2488 1969 arcem
2524 1912 2891 1983 speculatorii
2915 1913 2954 1964 ³.
2982 1916 3242 1983 Cumque
3275 1912 3771 1984 appropinquaret
3790 1912 3952 1968 Jero-

2298 2003 2559 2071 solymis,
2591 2008 2648 2057 et
2677 2003 2931 2058 Venisset
2964 2002 3300 2073 Bethphagc
3334 2002 3401 2056 ad
3427 2002 3647 2056 domum
3669 2001 3947 2058 maxilla-

2298 2094 2457 2162 rum(
2493 2092 2589 2164 qui
2626 2092 2991 2147 sacerdotum
3034 2091 3263 2146 viculus
3295 2097 3437 2158 erat,
3473 2096 3528 2146 et
3558 2091 3952 2147 confessionis

2301 2183 2568 2254 portabat
2600 2187 2799 2252 typum
2829 2199 2842 2245 ;
2878 2186 2931 2235 et
2959 2186 3081 2235 erat
3112 2182 3263 2235 situs
3295 2180 3351 2235 in
3385 2186 3582 2236 monte
3603 2180 3948 2246 Oliveti,ubi

2299 2270 2495 2325 lumen
2515 2271 2897 2333 scientize,ubi
2916 2269 3179 2324 laborum
3195 2275 3251 2325 et
3270 2269 3535 2325 dolorum
3560 2268 3959 2341 requies),mi-

2301 2360 2377 2414 sit
2409 2359 2557 2411 duos
2589 2357 2905 2429 discipulos
2930 2356 3427 2431 suos,tiau:pr,-::x6v
3457 2355 3545 2410 καὶ
3574 2356 3955 2430 ἐργαστικὸν⁸,

2304 2449 2356 2501 id
2391 2453 2479 2502 est
2509 2450 2795 2502 scientiam
2818 2457 2868 2503 et
2896 2463 3134 2519 Operam,
3160 2452 3223 2502 ut
3251 2446 3697 2517 ingrederentur
3741 2446 3958 2502 castel-

2299 2537 2444 2592 lum.
2482 2537 2753 2607 Dixitque
2780 2536 2865 2591 eis
2901 2553 2913 2590 :
2948 2538 3023 2591 Ite
3053 2539 3113 2590 in
3142 2535 3432 2591 castellum
3465 2536 3609 2607 quod
3638 2539 3837 2592 contra
3863 2551 3959 2591 vos

2301 2628 2622 2681 csf.Contra
2653 2625 2947 2697 apostolos
2971 2625 3125 2679 enim
3151 2627 3623 2697 erat,necjugum
3647 2624 3952 2681 doctrina-

2304 2733 2433 2770 rum
2468 2716 2695 2769 volebat
2749 2716 3026 2787 a:cipere.
3065 2718 3127 2769 Et
3158 2718 3362 2785 statim,
3394 2714 3605 2786 inquit,
3654 2716 3957 2771 invenietis

2303 2808 2517 2860 asinam
2554 2806 2855 2873 alligatam,
2889 2813 2939 2859 et
2957 2806 3167 2875 pullum
3192 2822 3313 2859 cum
3345 2821 3407 2859 ea
3439 2823 3457 2859 :
3486 2806 3678 2860 solvite
3697 2813 3747 2860 et
3770 2805 3962 2860 addu-

2304 2898 2408 2949 cite
2443 2895 2860 2964 mihi.Alligata
2892 2899 3013 2947 erat
3047 2897 3213 2949 asina
3247 2893 3453 2950 multis
3475 2893 3724 2949 vinculis
3750 2909 3960 2965 pecca-

2308 3001 2457 3038 rum.
2493 2983 2695 3038 Pullus
2719 3000 2947 3054 quoque
2972 2982 3221 3039 lascivus
3243 2987 3298 3037 et
3320 2985 3615 3038 frenorum
3637 2982 3959 3056 impatiens

2309 3075 2463 3129 160
2494 3090 2626 3127 cum
2663 3074 3195 3138 matre,secundum
3221 3072 3599 3145 Evangelium
3625 3072 3962 3146 Luca3(Cap.

2306 3168 2442 3231 xw),
2478 3162 2693 3217 multos
2723 3162 2974 3217 habebat
3022 3162 3316 3233 dominos,
3370 3179 3485 3218 non
3537 3163 3637 3218 uni
3688 3163 3870 3218 errori
3907 3168 3969 3217 et.

2309 3253 2566 3323 dogmati
2600 3252 2873 3306 subditus
2907 3268 2919 3306 :
2958 3255 3014 3306 et
3044 3258 3238 3307 tamen
3268 3251 3432 3307 multi
3466 3250 3688 3307 domini
3719 3250 3818 3323 qui
3842 3251 3964 3308 sibi

623 3339 806 3410 (Vers.
842 3339 931 3409 3'2,
964 3339 1080 3409 33.)
1112 3362 1137 3389 ‹‹
1175 3340 1239 3394 Et
1293 3340 1453 3395 stetit
1482 3340 1673 3406 Jesus,
1708 3345 1765 3395 et
1814 3341 2036 3397 vocavit
2074 3358 2194 3410 eos,
2226 3335 2271 3400 C
2312 3345 2652 3414 potestatem
2688 3340 2949 3395 illic-itam
2982 3339 3353 3395 vindicabant
3390 3342 3429 3411 ⁵,
3460 3340 3725 3396 videntes
3750 3356 3960 3398 verum

550 3433 607 3485 et
639 3428 720 3486 ait
752 3444 764 3484 :
798 3428 945 3493 Quid
979 3428 1158 3484 vultis
1194 3432 1258 3483 ut
1288 3428 1498 3484 faciam
1549 3429 1715 3486 vobis
1743 3430 1771 3485 ?
1800 3430 2012 3486 Dicunt
2070 3431 2155 3486 illi
2182 3450 2196 3487 :

548 3517 817 3585 Domine,
854 3521 919 3573 ut
948 3517 1288 3589 aperiantur
1319 3517 1469 3573 oculi
1505 3519 1715 3574 nostri.
1754 3542 1781 3567 ι»
1818 3520 1958 3575 Caeci
2012 3525 2198 3587 erant,

552 3612 668 3679 quo
698 3613 1006 3679 pergerent
1038 3608 1407 3678 ignorabant,
1448 3613 1505 3662 et
1553 3608 1718 3680 sequi
1769 3625 1881 3663 non
1933 3615 2202 3681 poterant

551 3694 929 3751 Salvatorem.
963 3695 1159 3750 Multa:
1192 3696 1365 3751 foveae
1397 3696 1455 3751 in
1488 3696 1741 3764 Jericho,
1778 3697 1974 3753 multa)
2028 3716 2201 3771 rupes

552 3788 610 3837 et
641 3787 936 3855 praerupta
968 3783 1025 3837 in
1062 3786 1419 3855 profundum
1469 3785 1768 3855 vergentia
1798 3803 1810 3841 :
1843 3785 2059 3843 idcirco
2090 3788 2198 3844 Do-

555 3869 753 3927 minus
784 3875 921 3937 stat,
953 3877 1013 3926 ut
1052 3871 1243 3927 venire
1272 3873 1500 3944 possint
1548 3878 1603 3928 et
1663 3873 1851 3929 vocari
1878 3876 2067 3945 jubet,
2130 3895 2200 3932 nc

552 3959 736 4015 turbae
752 3960 1130 4047 prohibeant;
1159 3967 1211 4017 ct
1240 3960 1559 4034 interrogat
1580 3964 1748 4035 quasi
1769 3965 2044 4036 ignorans
2058 3968 2197 4038 quid

549 4049 890 4115 velint,utet
920 4066 988 4105 ex
1021 4050 1693 4122 respousioneeiccorum
1721 4055 2198 4114 manil'esta152

549 4137 827 4195 debilitas
860 4144 1076 4211 pateat,
1107 4145 1163 4195 et
1192 4140 1376 4195 virtus
1410 4159 1476 4195 ex
1509 4141 1765 4198 remedio
1788 4150 2197 4215 cognoscatur.

618 4229 935 4300 (Vers.34.)
971 4254 996 4278 ‹‹
1035 4229 1309 4286 Misertus
1343 4237 1539 4286 autem
1579 4248 1779 4287 eorum
1806 4233 2204 4308 Jesus,tetigit

549 4317 749 4374 oculos
784 4336 987 4375 eorum
1014 4337 1026 4375 ε
1053 4325 1111 4374 et
1140 4320 1448 4375 confestim
1472 4320 1823 4392 viderunt,et
1854 4324 2035 4379 secuti
2063 4331 2204 4381 sunt

552 4423 707 4462 eum.
746 4430 767 4455 ι
807 4407 1020 4480 Tangit
1051 4408 1274 4477 oculos,
1308 4413 1365 4462 et
1396 4414 1630 4481 praestat
1662 4412 1867 4467 artifex
1910 4415 2066 4484 quod
2102 4432 2200 4470 na-

554 4499 689 4551 tura
719 4512 832 4550 non
859 4497 1116 4551 dederat.
1152 4500 1268 4551 Aut
1296 4502 1449 4553 certe
1481 4500 1632 4570 quod
1668 4500 1939 4558 debilitas
1990 4502 2205 4558 tulerat

555 4585 733 4641 donat
757 4585 1181 4642 misericordia.
1209 4586 1535 4659 Statimque
1580 4588 1870 4663 viderunt,
1932 4596 1988 4647 et
2017 4592 2203 4648 secuti

631 4781 825 4859 {Tres
855 4780 1039 4859 Palat.
1076 4798 1210 4846 ms.,
1242 4782 1632 4855 descendentes
1652 4785 1717 4843 de
1736 4788 2124 4859 Hierosolymis
2147 4790 2207 4843 in

557 4853 775 4908 Iericho
803 4855 1134 4922 inter/icere,
1167 4858 1273 4909 etc.

628 4926 651 4958 ²
681 4925 763 4979 lta
791 4923 1069 4999 Origenes
1103 4926 1379 4999 pridem:
1414 4949 1440 4975 «
1476 4926 1651 4997 Duos,
1687 4930 1889 4999 inquit,
1914 4946 2096 4986 caecos
2119 4929 2207 4985 di-

556 5012 761 5051 cemus
802 4995 1073 5051 Israelem
1107 4995 1181 5052 et
1233 4998 1471 5053 Judteos
1529 4995 1662 5054 ante
1719 4995 1930 5055 Christi
1993 5003 2207 5056 adven-

557 5076 755 5144 tum._..
791 5067 1061 5122 sedentes
1094 5084 1262 5123 secus
1293 5068 1468 5135 viam,
1503 5071 1682 5144 quod
1713 5071 1772 5144 in
1804 5072 1929 5144 lege
1979 5089 2043 5126 ac
2075 5090 2209 5144 pro-

562 5140 1295 5213 phetiscommorarentur
1327 5158 1339 5207 ;
1373 5140 1554 5195 caecos
1586 5141 1823 5211 quidem
1865 5140 2027 5213 quod
2076 5140 2211 5198 ante

566 5210 784 5287 Christi
806 5210 863 5287 in
888 5212 1148 5282 ipsorum
1174 5212 1402 5287 animas
1423 5210 1738 5287 adventum
1761 5210 1927 5269 veros
1948 5220 2003 5269 et
2028 5214 2214 5287 legiti-

564 5300 692 5339 mos
721 5282 781 5337 in
814 5281 939 5355 lege
970 5300 1035 5338 ac
1065 5284 1362 5355 prophetis
1396 5284 1849 5355 comprehensos
1872 5281 2215 5343 sensusvmi-

567 5356 725 5410 nime
756 5355 1145 5411 intuerentur.
1180 5378 1208 5405 »

638 5426 874 5482 8Plures
908 5442 1263 5501 mss.,arcem
1292 5426 1855 5501 speculatorisporro
1877 5428 2214 5501 Betliphage

579 5495 798 5559 domum
821 5500 1216 5571 maxillarum,
1248 5495 1324 5551 ex
1344 5497 1673 5571 Origenes.
1732 5502 1901 5571 Pater
1930 5495 2214 5571 interpre-

578 5571 782 5620 tatur:
818 5568 941 5637 ipse
972 5570 1127 5624 enim
1188 5585 1294 5621 suo
1345 5583 1521 5621 sensu
1580 5566 1680 5621 lib.
1714 5569 1777 5624 de
1830 5572 1985 5626 Nom.
2048 5566 2209 5629 Hebr.

584 5657 606 5683 ι
643 5637 1279 5709 Betphage,ait,domus
1308 5638 1426 5693 oris
1459 5637 1811 5705 vallium,vel
1844 5643 2053 5697 domus
2077 5646 2216 5698 buc-

578 5725 677 5773 cae,
712 5709 1059 5783 Syrumrest,
1096 5728 1206 5765 non
1245 5711 1569 5783 Hebraeum.
1597 5712 1840 5773 Quidam
1877 5720 2082 5783 putant
2111 5717 2211 5769 dn-

577 5796 739 5853 mum
776 5782 1143 5837 maxillarum
1180 5783 1424 5836 vocari.»
1460 5781 1598 5835 Vide
1623 5800 1749 5853 qua:
1784 5785 1839 5838 iu
1874 5781 1939 5839 eo
1965 5785 2109 5841 libro
2142 5788 2211 5842 ad

572 5851 723 5908 hanc
773 5869 969 5910 vocem
1020 5855 1398 5911 observamus
1435 5871 1448 5922 ;
1483 5851 1801 5926 Epistulam
1862 5875 2094 5929 quoque
2153 5860 2212 5915 in

2314 3430 2644 3495 Dominum,
2679 3434 2734 3484 et
2766 3446 2962 3485 servos
3002 3430 3130 3500 ejus
3179 3430 3432 3496 venisse,
3465 3429 3563 3501 qui
3618 3430 3691 3485 ad
3724 3429 3964 3486 solven-

2310 3520 2449 3574 dum
2481 3518 2646 3574 missi
2678 3520 2930 3585 fuerant,
2965 3536 3079 3574 non
3126 3518 3344 3574 audent
3386 3519 3675 3575 resistere.
3712 3520 3846 3584 Qum
3883 3519 3967 3575 sit

2311 3616 2503 3664 autem
2539 3611 2723 3677 asina,
2761 3614 2817 3663 et
2848 3607 3046 3680 pullus
3074 3608 3553 3671 asina),dicemus
3589 3608 3645 3663 in
3677 3608 3959 3665 subditis.

2380 3703 2573 3767 (Vcrs.
2614 3699 2661 3765 ’i,
2694 3697 2779 3765 5.)
2811 3722 2837 3745 ‹‹
2874 3698 2988 3752 Hoc
3020 3702 3213 3752 autem
3257 3698 3475 3752 factum
3528 3702 3636 3764 est,
3671 3702 3735 3751 ut
3764 3696 3962 3754 adim-

2311 3789 2565 3860 pleretur
2594 3788 2745 3858 quod
2766 3787 2986 3841 dictum
3012 3792 3100 3842 est
3131 3804 3232 3860 per
3274 3786 3638 3859 prophetam,
3662 3786 3958 3843 dicentem

2312 3878 2491 3934 Dicite
2526 3877 2653 3931 Ιῖιίω
2685 3877 2843 3943 Sion,
2879 3877 3019 3930 Ecce
3054 3893 3152 3931 rex
3183 3880 3319 3931 tuus
3350 3875 3509 3931 venit
3540 3875 3648 3930 tibi
3681 3890 3962 3933 mansue-

2310 3972 2426 4035 tus,
2460 3968 2669 4022 sedens
2703 3982 2880 4037 super
2911 3964 3136 4021 asinam
3170 3971 3227 4020 et
3271 3963 3494 4037 pullum
3528 3964 3716 4020 {ilium
3747 3964 3963 4037 subju-

2310 4057 2477 4131 galis.
2518 4079 2538 4105 ιι
2576 4056 2693 4111 Hoc
2743 4055 2800 4109 in
2855 4055 3140 4126 propheta
3196 4054 3473 4111 Zacharia
3530 4055 3816 4126 scriptum
3871 4060 3969 4111 est

2312 4147 2465 4218 (Cap.
2497 4163 2572 4216 Iv,
2606 4152 2742 4199 vers.
2776 4145 2831 4213 9)
2869 4161 2880 4197 :
2916 4143 2987 4197 de
3020 4160 3134 4215 quo
3166 4144 3420 4216 plenius,
3462 4143 3511 4198 si
3542 4143 3670 4198 vitae
3702 4143 3966 4216 spatium

2313 4234 2513 4297 fuerit,
2573 4234 2627 4287 in
2691 4248 2797 4287 suo
2866 4231 3092 4287 dicetur
3156 4232 3301 4288 loco.
3341 4232 3505 4288 Nunc
3552 4232 3966 4305 stringendum

2314 4323 2580 4389 breviter,
2614 4322 2768 4392 quod
2803 4322 3127 4377 secundum
3162 4322 3412 4377 litteram
3435 4323 3494 4376 in
3526 4339 3702 4394 parvo
3728 4322 3967 4379 itineris

2312 4411 2504 4485 spatio
2537 4428 2715 4482 super
2743 4417 3060 4482 utrumque
3084 4410 3301 4467 animal
3332 4412 3534 4467 sedere
3565 4429 3678 4467 non
3708 4410 3967 4484 quiverit

2313 4505 2431 4555 Aut
2462 4499 2616 4555 enim
2652 4500 2801 4554 sedit
2827 4499 3088 4567 asinie,et
3120 4497 3319 4571 pullus
3357 4500 3582 4571 absque
3610 4498 3967 4555 sessorefuit

2316 4595 2416 4645 aut
2444 4588 2492 4644 si
2523 4588 2704 4661 pullo,
2740 4589 2892 4660 quod
2929 4588 3116 4661 magis
3147 4588 3445 4662 competit,
3474 4606 3619 4645 usus
3650 4592 3739 4645 est
3769 4588 3843 4645 ad
3865 4604 3965 4645 ss-

2321 4792 2521 4842 nostra
2552 4785 2886 4840 recensione
2922 4784 3041 4850 108,
3076 4783 3177 4839 ubi
3224 4785 3493 4856 Betphage
3533 4783 3743 4840 villam
3780 4799 3966 4841 sacer-

2316 4858 2581 4912 dotalivm
2609 4858 2969 4911 maxillarum
2998 4862 3182 4911 vocat.
3218 4856 3360 4911 Rat).
3392 4856 3765 4927 speculatoris.

2389 4930 2409 4961 ‘
2456 4932 2611 4990 Quas
2660 4930 2731 4983 ab
2783 4930 3023 4983 Erasmo
3073 4934 3130 4982 et
3188 4925 3445 4982 Victorio
3489 4928 3769 4982 confictas
3816 4925 3967 4981 dicit

2319 5000 2691 5055 Martianzcus
2723 4996 2950 5055 Graecas
2982 5016 3169 5064 voces,
3224 4998 3562 5072 θεωρητικὴν
3609 4997 3696 5072 καὶ
3730 5014 3965 5072 πρακτ-ι-

2320 5072 2418 5137 κήν
2450 5072 2636 5143 Δηιηςίνὶ
2671 5089 2903 5143 quoque
2932 5073 3245 5142 praeterunt
3275 5068 3418 5125 mss.
3474 5087 3575 5143 pro
3627 5068 3964 5143 θεῳρὴτικὸν

2321 5163 2407 5195 ms
2446 5141 2777 5213 ipyn-owfav,
2813 5141 2964 5212 quos
3018 5158 3130 5196 non
3191 5141 3490 5211 improboi
3540 5145 3618 5195 Ex
3684 5141 3776 5195 his
3808 5157 3970 5197 unus

2327 5216 2625 5270 Palatinus
2672 5216 2887 5268 Latinis
2918 5213 3146 5277 litteris,
3188 5215 3538 5268 Tlieoreticen
3567 5217 3617 5267 et
3645 5214 3957 5270 Practicen.

2392 5289 2412 5320 ⁵
2447 5287 2606 5341 Unus
2640 5286 2883 5341 Palatin.
2918 5286 3111 5351 verba,
3140 5287 3235 5355 qui
3264 5288 3368 5340 sibi
3431 5288 3750 5356 potestatem
3780 5282 3971 5356 illici-

2323 5358 2824 5422 tamrimlicabant,
2860 5358 2971 5411 huc
3002 5354 3298 5426 transfert,
3351 5354 3478 5427 quae
3528 5354 3971 5427 tertio_abbino

2324 5447 2491 5484 versu
2522 5430 2722 5484 habes.
2754 5433 2881 5483 Mox
2914 5444 3014 5499 pro
3044 5428 3311 5493 subditus,
3348 5425 3650 5499 legebatur
3677 5425 3816 5482 olim
3835 5427 3967 5481 sub-

2322 5502 2477 5555 ditos.
2510 5502 2748 5563 Verum,
2780 5501 2859 5555 ait
2894 5498 3138 5568 Victor.,
3170 5498 3368 5569 pullus
3400 5498 3599 5562 asinae,
3655 5513 3772 5571 quo
3817 5514 3967 5571 gen-

2324 5574 2469 5628 tium
2507 5572 2758 5643 populus
2798 5571 3183 5643 significatur,
3234 5576 3540 5643 propterea
3588 5569 3965 5625 multos—ha-

2326 5646 2522 5697 buisse
2553 5642 2823 5697 dominos
2854 5642 3249 5712 dicitur,quod
3283 5642 3406 5712 ipse
3438 5659 3549 5696 non
3585 5657 3702 5695 uno
3725 5645 3963 5697 tantum

2324 5730 2535 5777 errore,
2571 5730 2799 5783 unoque
2825 5715 3093 5781 dogmate
3140 5719 3435 5767 teneretur
3492 5713 3779 5768 obnoxius
3811 5729 3825 5780 ;
3860 5713 3967 5769 sed

2327 5786 2526 5840 multis
2557 5787 2851 5839 erroribus
2899 5786 3389 5856 dogmatibusque
3443 5784 3720 5841 subditus
3770 5791 3969 5843 esset:

2325 5858 2543 5914 multos
2575 5857 2841 5915 dominos
2873 5856 3089 5914 multos
3112 5873 3322 5915 vocans
3354 5872 3599 5914 errores.
3736 5868 3741 5869 '
