4182 6640
370 448 494 521 153

890 462 1403 528 COMMENTAR.
1451 466 1532 530 IN
1575 460 2100 528 EVANGELIUM
2145 460 2525 531 MATTHEI
2566 468 2717 533 LIB.
2763 470 2868 535 Ill.
2913 470 3087 536 CAP.
3118 471 3274 536 XXI.

3669 472 3786 538 184

371 594 657 663 dendum,
682 595 848 654 asina
867 597 1043 653 ducta
1063 602 1153 656 est
1189 598 1392 657 libera.
1433 602 1583 675 Ergo
1623 619 1756 658 cum
1781 602 2024 658 historia
2053 597 2106 664 A
2136 616 2249 672 que
2279 613 2451 674 cpere
2482 609 2693 660 cuncta
2723 604 3016 675 fecissent,
3048 607 3206 662 vocis
3256 624 3487 681 quoque
3516 607 3788 666 tribuunt

372 685 466 742 vel
497 686 1031 758 impossibilitatem
1072 688 1304 755 habeat,
1335 692 1423 747 vel
1471 692 1919 765 turpitudinem,
1953 694 2023 749 ad

376 776 586 832 altiora
610 777 1069 833 transmittitur:
1123 784 1186 834 ut
1217 780 1383 835 asina
1424 779 1537 836 ista
1585 798 1711 853 quae
1744 782 2020 855 subjuga-

376 864 451 922 lis
482 866 593 921 fuit
616 866 654 933 ³,
688 871 745 922 et
776 868 1051 938 edomita,
1084 872 1142 923 et
1166 870 1375 941 jugum
1418 870 1565 942 legis
1615 875 1889 937 traxerat,
1923 872 2026 945 Sy-

294 946 333 995 ’ς
378 971 606 1029 nagoga
630 956 1020 1029 intelligatur;
1055 957 1251 1031 pullus
1283 959 1484 1028 asinaa,
1523 960 2023 1029 lascivusetliber,

372 1046 638 1119 gentium
672 1047 945 1119 populus,
979 1050 1195 1121 quibus
1244 1051 1460 1105 sederit
1503 1054 1697 1116 Jesus,
1729 1056 1786 1108 et
1826 1052 2025 1108 missis

374 1135 446 1192 ad
478 1152 577 1192 eos
607 1136 836 1193 duobus
867 1137 1176 1212 discipulis
1206 1142 1228 1175 ³
1270 1141 1415 1207 suis,
1469 1157 1585 1196 uno
1634 1141 1691 1197 in
1724 1141 2026 1197 circumci-

375 1225 622 1292 sionem,
658 1232 716 1281 at
745 1226 927 1284 altero
957 1229 1016 1283 in
1058 1234 1280 1302 gentes.

444 1316 631 1385 (Vere.
664 1318 721 1382 6,
753 1318 835 1389 7.)
868 1341 896 1369 ‹‹
930 1320 1147 1375 Euntes
1187 1325 1383 1376 autem
1434 1321 1731 1393 discipuli,
1767 1323 2025 1378 fecerunt

373 1405 529 1462 sicut
550 1408 825 1478 prmcepit
846 1406 963 1463 illis
988 1409 1182 1466 Jesus.
1214 1411 1280 1465 Et
1317 1411 1685 1467 adduxerunt
1719 1413 1944 1467 asinam
1969 1417 2026 1468 et

373 1494 604 1567 pullum
634 1500 690 1552 et
720 1497 1133 1569 imposuerunt
1164 1516 1343 1572 super
1371 1518 1469 1556 eos
1515 1501 1863 1557 vestimenta
1893 1519 2021 1566 sua,

330 1580 343 1583 ’
374 1588 433 1639 et
462 1601 596 1640 eum
627 1586 881 1658 desuper
909 1588 1110 1643 sedere
1167 1588 1448 1645 fecerunt.
1513 1612 1533 1638 υ
1575 1589 1773 1645 Pullus
1826 1590 1935 1646 iste
1966 1595 2023 1671 et

372 1675 557 1746 asina,
593 1675 810 1748 quibus
837 1678 1082 1750 apostoli
1110 1683 1381 1735 sternunt
1423 1681 1769 1736 vestimenta
1795 1698 1922 1747 sua,
1957 1686 2022 1737 ut

365 1765 540 1823 Jesus
589 1766 827 1823 mollius
877 1769 1096 1835 sedeat,
1153 1774 1286 1825 ante
1335 1772 1649 1826 adventum
1701 1771 2022 1827 Salvatoris

368 1856 511 1911 nudi
544 1860 731 1928 erant,
764 1856 1085 1928 multisque
1115 1858 1227 1914 sibi
1258 1858 1317 1914 in
1364 1874 1464 1915 eos
1494 1860 1862 1916 dominatum
1893 1860 2019 1915 vin-

2138 690 2543 748 testimonium
2610 711 2622 749 :
2680 698 2736 749 et
2778 697 3187 765 praecedentes
3242 702 3417 769 atque
3472 705 3785 770 sequentes

2136 795 2251 835 non
2298 781 2457 837 brevi
2506 787 2684 855 atque
2737 784 2931 840 silenti
2984 786 3349 841 confessione
3406 787 3447 853 ⁸,
3506 789 3606 842 sed
3666 790 3783 845 cla-

2136 886 2296 926 more
2341 871 2683 944 plenissimo
2735 880 3010 930 resonant
3063 893 3075 930 :
3131 876 3348 932 Osanna
3377 877 3542 945 5[ilio
3589 878 3782 945 David,

2135 960 2448 1017 benedictus
2476 965 2572 1035 qui
2602 966 2745 1019 venit
2776 966 2835 1020 in
2859 967 3080 1021 nomine
3114 968 3356 1021 Domini.
3391 966 3552 1030 Quod
3585 972 3782 1022 autem

2134 1050 2276 1106 dicit
2309 1067 2321 1106 :
2358 1053 2544 1110 Turba’
2573 1069 2697 1126 qum
2740 1056 3120 1127 praecedebant
3148 1060 3199 1110 et
3242 1073 3362 1125 qua
3392 1058 3779 1127 sequebantur,

2134 1143 2451 1213 utrumque
2481 1144 2737 1199 ostendit
2782 1144 3086 1217 populum,
3119 1150 3175 1200 et
3208 1146 3308 1217 qui
3357 1151 3488 1201 ante
3519 1146 3781 1219 Evange-

2132 1227 2299 1301 lium,
2332 1236 2388 1286 et
2417 1232 2517 1303 qui
2549 1238 2680 1304 post
2710 1234 3087 1305 Evangelium
3118 1234 3357 1291 Domino
3390 1236 3778 1303 crediderunt,

2132 1335 2392 1377 consona
2426 1322 2631 1378 Jesum
2680 1324 3067 1380 confessionis
3112 1341 3249 1380 voce
3280 1323 3518 1380 laudare
3552 1342 3563 1380 :
3597 1329 3653 1381 et
3684 1341 3778 1380 se-

2132 1411 2391 1466 cundum
2411 1412 2726 1483 superioris
2747 1413 3031 1485 parabolae
3050 1413 3382 1486 exemplum
3408 1415 3772 1470 diversarum

2133 1498 2411 1555 horarum
2442 1503 2760 1571 operarios,
2791 1515 2972 1557 unum
2999 1502 3127 1558 fidei
3162 1503 3423 1575 accipere
3450 1503 3776 1576 prmmium.

2133 1593 2310 1645 Porro
2339 1591 2491 1661 quod
2520 1591 2791 1662 sequitur
2823 1608 2835 1646 :
2873 1592 3113 1663 Osanna,
3148 1591 3262 1661 ﬁlio
3298 1592 3491 1659 David,
3526 1592 3667 1664 quid
3700 1591 3780 1647 si-

2131 1678 2387 1751 gnificet,
2445 1680 2597 1736 162
2646 1684 2703 1736 et
2740 1685 2873 1736 ante
2923 1698 3109 1736 annos
3166 1680 3454 1752 plurimos
3510 1681 3567 1736 in
3619 1681 3776 1736 brevi

2130 1766 2379 1840 epistola
2404 1770 2474 1823 ad
2500 1774 2815 1825 Damasum
2839 1771 2880 1835 ⁸,
2906 1774 3045 1825 tunc
3073 1770 3344 1824 Romanas
3368 1770 3533 1825 urbis
3555 1770 3782 1842 episco-

2130 1874 2293 1929 pum,
2326 1857 2543 1913 dixisse
2577 1858 2854 1927 memini;
2889 1864 2946 1913 et
2977 1874 3131 1913 nunc
3175 1858 3566 1930 perstringam
3601 1859 3784 1914 brevi-

370 1944 1342 2020 dicantibus,absqueoperimento
1375 1949 1681 2021 frigebant.
1701 1951 2018 2021 Postquam
2052 1975 2099 2040 Β
2127 1949 2232 2040 ter.
2270 1948 2328 2001 In
2363 1948 2680 2004 centesimo
2711 1948 2937 2040 decimo
2962 1946 3213 2040 septimo
3246 1947 3496 2040 psalmo,
3521 1946 3620 2019 qui
3656 1964 3779 2003 ma-

369 2051 505 2091 vero
527 2051 835 2107 suscepere
853 2034 1206 2110 apostolica's
1224 2042 1415 2094 vestes
1433 2039 1795 2111 pulchriores
1811 2039 2018 2105 etfecti,

373 2125 685 2180 Dominum
709 2125 964 2183 habuere
987 2144 1298 2183 sessorem.
1319 2128 1513 2184 Vestis
1534 2130 1555 2163 ³
1577 2133 1771 2185 autem
1797 2134 2023 2200 aposto-

373 2210 506 2279 lica,
530 2214 679 2269 161
709 2214 797 2270 vel
820 2215 1087 2271 doctrina
1105 2216 1413 2285 virtutum,
1432 2217 1519 2273 vel
1542 2218 1848 2274 edissertio
1870 2218 2020 2273 Scri-

370 2305 683 2374 pturarum
711 2302 956 2377 intelligi
986 2309 1199 2377 potest,
1224 2305 1343 2361 sive
1365 2306 1894 2363 ecclesiasticarum
1920 2308 2021 2363 do-

334 2388 339 2393 ’
371 2392 1211 2466 gmatumvarietateszquibus
1225 2395 1339 2450 nisi
1354 2396 2025 2452 animainstruetafuerit

372 2484 430 2536 et
452 2485 676 2546 ornata,
703 2498 992 2539 sessorem
1018 2483 1232 2540 habere
1252 2484 1567 2541 Dominum
1607 2503 1720 2541 non
1744 2492 2018 2542 meretur.

442 2570 625 2641 (Vers.
659 2572 737 2643 8.)
770 2595 798 2621 ‹‹
835 2572 1096 2628 Plurima
1125 2578 1322 2629 autem
1356 2574 1529 2630 turba
1570 2579 1900 2631 straverunt
1926 2592 2021 2631 ve-

370 2658 647 2716 stimenta
674 2677 783 2717 sua
812 2663 870 2716 in
904 2661 1017 2717 via.
1052 2683 1079 2712 »
1106 2662 1309 2719 Videte
1330 2662 1723 2719 differentiam
1750 2665 2023 2720 uniuscu-

360 2748 582 2821 jusque
610 2766 895 2823 personae.
920 2751 1179 2823 Apostoli
1201 2752 1551 2808 vestimenta
1580 2770 1688 2809 sua
1708 2770 1886 2826 super
1904 2755 2019 2809 asi-

371 2854 514 2893 num
538 2844 782 2911 ponunt,
807 2839 983 2896 turba
1015 2857 1143 2913 qua;
1180 2841 1351 2897 vilior
1386 2847 1496 2909 est,
1520 2842 1844 2899 substernit
1863 2844 2023 2916 pedi-

370 2928 483 2984 bus
513 2929 683 2997 asini,
722 2930 932 2986 necubi
990 2931 1245 2986 oﬂ'endat
1302 2931 1359 2986 in
1410 2930 1687 3004 lapidem,
1738 2950 1809 2989 ne
1840 2932 2023 2989 calcet

372 3016 626 3090 spinam,
661 3035 733 3073 ne
762 3016 996 3073 labatur
1022 3017 1082 3074 in
1130 3018 1375 3075 foveam.
1409 3041 1439 3069 ‹‹
1472 3020 1577 3076 Alii
1610 3026 1806 3077 autem
1840 3023 2020 3077 caede-

374 3105 518 3163 bant
547 3123 741 3163 ramos
773 3108 843 3163 de
881 3108 1211 3178 arboribus,
1273 3113 1330 3164 et
1385 3112 1723 3166 sternebant
1753 3111 1812 3165 in
1846 3112 1956 3167 via.
1992 3132 2020 3159 »

373 3195 457 3253 De
487 3196 794 3253 arboribus
823 3196 1142 3270 frugiferis,
1175 3198 1392 3269 quibus
1439 3215 1611 3255 mons
1653 3200 1854 3256 Oliveti
1888 3218 2020 3256 con-

371 3286 521 3342 situs
545 3291 655 3355 est,
705 3287 1003 3343 caedebant
1059 3303 1256 3344 ramos
1310 3290 1766 3361 sternebantque
1798 3290 1855 3345 in
1888 3291 2016 3347 via:

2131 2035 2338 2092 nifeste
2360 2037 2429 2090 de
2453 2038 2705 2093 adventu
2724 2036 3037 2094 Salvatoris
3060 2036 3312 2109 scriptus
3328 2042 3436 2108 est,
3456 2037 3607 2093 inter
3622 2042 3785 2093 cete-

2131 2142 2195 2180 ra
2217 2125 2325 2181 hoc
2347 2143 2578 2198 quoque
2594 2127 2846 2198 legimus
2863 2144 2874 2181 :
2892 2127 3152 2198 Lapidem
3173 2142 3336 2197 quem
3358 2126 3789 2199 reprobavemnt

2130 2215 2479 2285 aediﬁcantes,
2511 2217 2600 2271 hic
2626 2219 2804 2288 factus
2833 2226 2912 2273 est
2944 2218 3003 2272 in
3031 2219 3202 2287 caput
3228 2216 3445 2285 anguli.
3481 2217 3527 2273 Α⁴
3555 2217 3786 2273 Domino

2130 2307 2337 2375 factum
2386 2314 2465 2360 est
2513 2305 2657 2361 istud
2689 2304 2798 2376 [ΑΙ.
2834 2304 2909 2379 et]
2942 2306 3041 2360 hoc
3090 2311 3171 2360 est
3218 2305 3480 2360 mirabile
3527 2306 3586 2360 in
3615 2305 3789 2360 oculis

2129 2398 2356 2451 nostris.
2394 2400 2521 2451 Hsec
2548 2403 2629 2451 est
2679 2396 2797 2451 dies
2848 2412 3013 2466 quam
3057 2396 3189 2466 fecit
3219 2396 3499 2457 Dominus,
3534 2395 3783 2450 exsulte-

2128 2502 2273 2555 mus,
2306 2494 2360 2541 et
2388 2487 2641 2540 laetemur
2685 2486 2746 2540 in.
2774 2501 2839 2540 ea
2880 2485 3051 2555 (Psal.
3083 2501 3257 2549 cxvu,
3290 2486 3505 2555 22-21),
3540 2484 3781 2539 Statim-

2131 2592 2246 2647 que
2270 2575 2542 2646 jungitur
2575 2593 2587 2630 :
2620 2578 2667 2633 Ο
2694 2576 2943 2645 Domine,
2963 2575 3176 2630 salvum
3202 2591 3288 2630 me
3315 2578 3441 2646 fac:
3470 2590 3500 2630 ο
3530 2574 3781 2639 Domine,

2134 2664 2266 2719 bene
2286 2666 2303 2698 ⁷
2334 2680 2677 2736 prosperare.
2698 2664 3023 2720 Benedictus
3040 2665 3139 2735 qui
3168 2665 3318 2719 venit
3344 2664 3406 2718 in
3434 2663 3658 2718 nomine
3676 2663 3781 2717 Do-

2128 2756 2276 2809 mini
2304 2772 2322 2808 :
2356 2754 2746 2809 benediximus
2777 2754 2923 2808 vobis
2944 2752 3010 2807 de
3038 2754 3201 2808 domo
3234 2754 3469 2819 Domini,
3490 2755 3547 2807 et
3575 2742 4011 2863 caetera//"

2134 2842 2269 2863 IlllJ
2316 2844 2381 2863 ςιρ-
2438 2844 2527 2863 αηχ
2589 2847 2684 2863 n..-
2727 2858 2781 2863 -4
2826 2842 2971 2863 Δ...ᾼΔ
3023 2840 3275 2863 1.-ι.-Α--..
3304 2841 3356 2863 3..
3395 2840 3770 2863 n__a-_-_:__1_

2131 2842 2287 2913 (Ibid.
2316 2844 2407 2913 25,
2438 2844 2550 2915 26).
2588 2847 2690 2897 Pro
2723 2858 2788 2897 eo
2820 2842 2974 2914 quod
3023 2840 3276 2897 habetur
3304 2841 3363 2895 in
3395 2840 3778 2913 Septuaginta

2130 2932 2551 3005 lnterpretibus
2578 2950 2590 2999 ;
2624 2928 2668 2983 ὦ
2702 2928 2881 3005 Κύριε,
2917 2934 3085 2983 σῶσον
3117 2928 3206 2999 δὴ,
3234 2930 3292 2985 id
3324 2934 3432 2996 est,
3464 2948 3497 2984 ο
3526 2931 3774 2999 Domine,

2128 3023 2341 3077 salvum
2369 3024 2499 3092 fac;
2530 3022 2589 3077 in
2621 3021 2857 3077 Hebraeo
2887 3016 3139 3094 legimus
3164 3036 3185 3076 ξ
3219 3039 3373 3077 ΑΝΝΑ
3414 3037 3628 3076 ΑοοΝΑι
3660 3037 3777 3075 os:-

2128 3128 2281 3165 ANNA
2316 3111 2639 3183 (RJHY’WVH
2681 3120 2813 3172 rian
2853 3111 3013 3181 sua),
3066 3111 3221 3181 quod
3272 3109 3646 3165 manifestius
3697 3108 3781 3164 in-

2128 3204 2484 3272 terpretatus
2503 3204 2593 3255 est
2619 3198 3010 3272 Symmachus
3032 3199 3233 3255 dicens
3265 3216 3278 3255 :
3312 3200 3562 3270 Obsecro,
3596 3200 3781 3255 Domi-

2130 3306 2220 3357 ne,
2278 3291 2492 3345 salvum
2549 3291 2570 3324 ⁸
2617 3293 2728 3360 fac,
2784 3290 3019 3345 obsecro.
3072 3290 3252 3345 Nemo
3300 3305 3437 3362 ergo
3495 3292 3661 3361 putet
3716 3304 3786 3344 ex

374 3381 441 3432 ut
468 3353 649 3448 prava
665 3381 822 3432 recta
842 3376 1117 3444 facerent,
1140 3381 1197 3432 et
1216 3383 1514 3449 aequarent
1542 3353 2019 3453 inaequaliazquo
2051 3353 2095 3421 α
2133 3353 2365 3434 duobus
2396 3353 2626 3442 verbis,
2644 3380 2841 3435 Graeco
2870 3377 3140 3434 videlicet
3181 3383 3240 3433 et
3271 3353 3528 3447 Hebraeo,
3562 3394 3782 3435 sermo-

376 3466 596 3522 rectius
618 3469 788 3535 atque
806 3465 1073 3521 securius
1111 3466 1172 3521 in
1221 3468 1393 3523 corde
1441 3468 1823 3530 credentium.
1857 3469 2021 3525 Chri-

368 3560 497 3613 stus
529 3556 863 3611 daemonum
916 3558 1092 3626 atque
1151 3554 1445 3623 vitiorum,
1494 3557 1677 3613 victor
1704 3558 2018 3616 incederet.

440 3645 621 3716 (Vers.
654 3645 734 3715 9.)
764 3667 792 3693 ‹‹
828 3644 1031 3699 Turbae
1088 3649 1283 3701 autem
1342 3661 1467 3718 quae
1525 3648 1926 3718 praecedebant
1966 3656 2024 3707 et

369 3753 500 3809 quae
556 3734 976 3808 sequebantur,
1037 3733 1390 3802 clamabant,
1448 3736 1748 3793 dicentes:
1788 3740 2036 3803 Osanna,

368 3824 492 3881 filio
516 3824 694 3880 David
718 3841 731 3879 :
753 3823 1097 3881 benedictus
1118 3824 1220 3897 qui
1242 3824 1401 3880 venit
1421 3825 1479 3880 in
1507 3826 2020 3891 nomineDomini;

370 3930 597 3971 osanna
626 3914 686 3969 in
731 3912 995 3969 excelsis.
1030 3935 1057 3963 ι)
1088 3914 1235 3979 Quia
1265 3915 1579 3972 manifesta
1635 3922 1726 3972 est
1755 3918 2019 3989 historia,

371 4002 738 4075 spiritualem
762 4019 1085 4075 sequamur
1114 4004 1380 4059 ordinem
1433 4004 1780 4062 disserendi.
1816 4008 2021 4064 Turbae

372 4109 503 4166 quas
541 4107 789 4166 egressa
821 4094 1055 4149 fuerant
1104 4093 1177 4147 de
1231 4093 1487 4160 Jericho,
1527 4099 1586 4150 et
1640 4101 1851 4152 secutae
1884 4102 2024 4153 sunt

373 4180 730 4238 Salv'atorem
762 4197 829 4237 ac
857 4180 1180 4253 discipulos
1236 4184 1385 4254 ejus,
1446 4188 1759 4256 postquam
1793 4184 2019 4258 pullum

372 4269 550 4326 asina;
583 4269 842 4327 solutum
873 4269 1149 4325 viderunt
1192 4272 1315 4342 (qui
1372 4277 1507 4328 ante
1564 4272 1779 4347 ligatus
1811 4276 2021 4345 fuerat)

316 4349 322 4354 ’
372 4364 430 4417 et
461 4359 860 4432 apostolorum
910 4360 1174 4416 vestibus
1221 4366 1584 4429 exornatum,
1636 4366 1694 4418 et
1721 4364 2020 4421 sedentem

369 4465 549 4522 super
576 4465 713 4505 eum
746 4448 1064 4505 Dominum
1107 4449 1335 4514 Jesum,
1385 4458 1829 4523 supposuerunt
1855 4454 2022 4509 vesti-

370 4544 572 4596 menta
594 4555 723 4609 sua,
745 4543 803 4594 et
827 4540 1321 4596 straveruntviam
1342 4539 1523 4595 ramis
1537 4541 1835 4598 arborum.
1851 4543 2025 4598 Cum-

443 4663 721 4737 ‘Erudite
740 4662 1187 4737 bactranstulit
1208 4680 1277 4720 ex
1312 4665 1683 4733 Adamantio,
1708 4667 1878 4737 cujus
1899 4667 2021 4725 haec

2130 3485 2264 3524 nem
2296 3484 2424 3524 esse
2474 3468 2888 3538 compositum,
2923 3468 3023 3523 sed
3072 3471 3261 3522 totum
3293 3466 3641 3523 Hebraicum
3675 3482 3690 3519 :
3726 3470 3784 3521 et

2131 3557 2461 3629 significare
2492 3556 2650 3628 quod
2681 3556 2967 3611 adventus
2994 3554 3207 3611 Christi
3240 3554 3402 3610 salus
3445 3555 3649 3611 mundi
3681 3554 3780 3610 sit.

2132 3647 2295 3703 Unde
2325 3650 2382 3701 et
2428 3645 2696 3717 sequitur
2725 3660 2738 3701 :
2776 3644 3101 3701 Benedictus
3130 3646 3228 3715 qui
3274 3646 3423 3699 venit
3469 3646 3525 3698 in
3557 3645 3783 3699 nomine

2130 3737 2370 3792 Domini.
2404 3734 2701 3790 Salvatore
2750 3750 2984 3806 quoque
3032 3733 3088 3788 id
3124 3734 3318 3805 ipsum
3369 3733 3426 3787 in
3475 3732 3784 3805 Evangelio

2131 3826 2547 3897 comprobante
2576 3842 2587 3880 :
2619 3826 2738 3894 Ego
2759 3826 2882 3879 veni
2913 3826 2968 3878 in
2998 3825 3220 3879 nomine
3236 3823 3418 3878 Patris
3446 3825 3575 3889 mei,
3607 3832 3787 3879 etnon

2130 3932 2217 3971 me
2245 3916 2546 3986 recepistis.
2571 3914 2724 3970 Alius
2754 3915 2932 3968 veniet
2965 3916 3024 3967 in
3046 3914 3267 3969 nomine
3284 3922 3469 3979 suo,et
3499 3915 3788 3985 ‘recepietis

2130 4022 2255 4061 eum
2300 4006 2477 4075 (Joan.
2528 4022 2581 4073 v,
2618 4004 2726 4075 43).
2764 4004 2997 4060 Necnon
3031 4003 3186 4075 quod
3209 4003 3505 4075 jungitur,
3542 4001 3785 4070 Osanna,

2131 4094 2186 4149 id
2220 4099 2328 4158 est,
2357 4094 2509 4149 salus
2535 4095 2595 4148 in.
2624 4093 2874 4159 excelsis,
2906 4091 3213 4163 perspicue
3242 4092 3589 4163 ostenditur,
3622 4092 3781 4164 quod

2131 4184 2416 4238 adventus
2445 4180 2658 4235 Christi
2692 4196 2806 4233 non
2838 4184 3069 4235 tantum
3120 4179 3429 4235 hominum
3462 4180 3647 4248 salus,
3681 4180 3785 4235 sed

2130 4272 2313 4328 totius
2346 4270 2552 4326 mundi
2586 4270 2665 4323 sit
2698 4286 2710 4325 :
2744 4272 2973 4323 terrena
2995 4269 3256 4340 jungens
3304 4267 3639 4323 cmlestibus
3671 4283 3684 4324 :
3722 4269 3789 4325 Ut

2129 4377 2288 4418 omne
2333 4377 2475 4432 genu
2524 4361 2576 4415 ei
2625 4361 2876 4428 ﬂectatur
2914 4356 3023 4428 [ΑΙ.
3054 4359 3262 4427 ﬂectat]
3312 4357 3637 4426 caelestium,
3676 4359 3785 4412 ter-

2130 4453 2391 4507 restrium
2419 4458 2472 4505 et
2506 4451 2857 4523 infernarum
2887 4446 3153 4519 (Philipp.
3190 4464 3251 4513 ιι,
3293 4448 3396 4513 10).

2201 4540 2388 4611 (Vere.
2430 4540 2536 4609 10.)
2587 4558 2614 4587 «
2667 4538 2736 4591 Et
2785 4552 2920 4592 cum
2969 4536 3246 4593 intrasset
3300 4534 3785 4608 Hierosolymam,

2203 4666 2225 4699 ⁴
2253 4663 2529 4737 Origenes
2563 4663 2814 4736 pridem,
2849 4685 2877 4711 «
2909 4661 3034 4718 Non
3068 4661 3203 4737 alia,
3228 4663 3431 4737 inquit,
3456 4662 3787 4737 praeceden-

368 4736 549 4793 verba
575 4740 752 4793 sunt:
805 4757 835 4786 ‹‹
867 4736 1014 4792 Vide
1059 4736 1216 4791 enim
1274 4752 1470 4792 annon
1526 4727 2024 4797 haec'Servatoris
2054 4727 2102 4793 D
2136 4741 2245 4797 tes.
2276 4727 2390 4792 alia
2439 4727 2582 4790 vero.
2619 4727 3048 4805 subsequentes
3094 4727 3367 4790 dicebant
3392 4727 3425 4801 ;’
3456 4727 3575 4790 uno
3624 4734 3785 4790 enim

369 4806 640 4881 symbols
666 4809 787 4881 sint
814 4823 927 4881 per,
946 4807 1268 4881 discipulos
1290 4809 1566 4881 jumenta
1594 4825 1722 4876 sua,
1775 4809 2023 4869 vinculis

370 4879 723 4937 eisolventis
751 4879 863 4957 eos
878 4879 1166 4957 videlicet,
1219 4879 1321 4957 qui
1377 4885 1520 4957 tunc
1565 4884 1636 4937 de
1668 4881 1880 4955 populo
1912 4883 2021 4940 hoc

370 4968 607 5027 quoque
637 4953 985 5027 agentibus
1034 4951 1214 5027 fidem
1239 4951 1530 5027 professi,
1557 4951 1697 5010 sunt
1720 4951 2024 5027 {peccatis

369 5022 527 5101 enim
558 5022 798 5080 astricta
825 5029 973 5092 erat,
1004 5028 1062 5101 et
1120 5022 1357 5096 alligata
1411 5024 1653 5101 antiqua
1680 5022 2019 5101 Synagoga:

372 5095 649 5180 alligatus
675 5112 907 5180 quoque
936 5100 1062 5151 erat
1094 5095 1371 5177 upanum
1404 5113 1472 5152 ea
1495 5095 2023 5180 pullusépdpulua

371 5167 652 5224 nimirum
674 5167 706 5225 e
725 5167 1000 5241 gentibus
1022 5167 1340 5241 novissime
1376 5167 1687 5241 conflatus,
1711 5167 2021 5227 etut-rum-

370 5256 487 5310 que
506 5255 627 5311 qua
657 5240 747 5296 ad
780 5241 1088 5314 superbam
1135 5240 1598 5314 hierosolymam
1622 5257 1901 5314 ascensus
1922 5261 2020 5314 pa-

369 5317 456 5367 tet
474 5310 958 5387 cum‘accederet
979 5310 1362 5387 Sospitator‘a
1407 5310 1715 5387 discipulis
1736 5310 2024 5387 praecepta

370 5384 743 5459 tradentibus
764 5382 910 5459 solvi
933 5382 1137 5459 jussit,
1157 5382 1294 5459 dato
1316 5382 1389 5439 iis
1411 5399 1514 5456 per
1551 5382 1672 5441 haec
1691 5382 1870 5442 verba
1890 5382 2020 5459 Spi-

369 5456 487 5513 ritu
520 5459 760 5512 sancto:
796 5456 1038 5527 Accipite
1065 5456 1332 5527 Spiritum
1362 5464 1633 5527 sanctum,
1666 5461 1777 5513 etc.
1814 5479 1842 5507 ››

441 5529 463 5563 ²
487 5528 605 5611 ilco
627 5526 1079 5611 quoqueipst
1100 5526 1301 5611 hausit
1320 5543 1389 5583 ex
1435 5526 1710 5611 Origine,_
1727 5530 1841 5611 .qui
1864 5529 2018 5600 duos,

369 5600 468 5667 ait,
499 5599 797 5672 discipulos
822 5601 873 5672 si
902 5599 1277 5671 interpreteris
1322 5599 1643 5671 anagogice,
1676 5599 1821 5658 dices
1850 5599 2022 5656 unum

368 5672 587 5744 quidem
616 5670 734 5728 esse
760 5670 1009 5727 ordinem
1035 5670 1249 5744 eorum,
1291 5673 1398 5744 qui,
1428 5670 1747 5730 ministrant
1793 5675 2022 5729 circum-

367 5743 497 5799 Cisis
516 5762 538 5799 .·
591 5745 834 5801 alterum
860 5746 1069 5814 autem,
1102 5743 1202 5814 qui
1229 5743 1499 5811 gentibus.

441 5816 463 5850 ³
492 5814 892 5892 Confer-cadus
921 5812 1015 5870 hic
1063 5812 1297 5872 rursum
1347 5815 1644 5891 Origenes,
1680 5816 1737 5874 in
1768 5830 2022 5892 eumque

370 5886 565 5948 Huetii
596 5886 915 5947 adnotatio.

2133 4826 2232 4866 ore
2267 4808 2424 4863 haud
2459 4823 2630 4862 secus
2662 4824 2727 4862 ac
2757 4804 2998 4861 concors
3028 4811 3085 4861 et
3109 4822 3403 4862 consonus
3435 4805 3651 4862 chorus
3680 4804 3792 4861 cla-

2135 4881 2380 4936 mabant
2409 4895 2634 4946 omnes,
2659 4885 2715 4934 et
2744 4878 3068 4949 Servatoris
3088 4877 3516 4933 humanitatem
3550 4877 3645 4933 his
3664 4894 3788 4933 ver-

2131 4953 2225 5008 bis
2257 4951 2632 5008 celebrabant
2664 4968 2676 5005 :
2711 4950 2935 5005 Osanna
2964 4950 3080 5019 ﬁlio
3105 4949 3300 5014 David.
3332 4955 3439 5005 etc.
3473 4971 3500 4998 ι)

2202 5024 2223 5058 ⁵
2258 5022 2590 5079 Promiscue
2623 5023 2679 5079 in
2713 5039 2857 5077 mss.
2893 5020 3137 5076 Osianna
3169 5021 3401 5093 legitur,
3434 5026 3487 5078 et
3512 5019 3736 5093 Osanna
3765 5038 3785 5074 :

2132 5099 2252 5152 tres
2285 5101 2477 5150 autem
2513 5093 2780 5157 Palatini,
2815 5109 2938 5165 pro,
2972 5094 3070 5164 qui
3100 5090 3269 5159 venit,
3300 5093 3395 5149 hic
3417 5090 3781 5163 atqueinfra,

2132 5170 2230 5215 rmi
2262 5173 2518 5215 uenturus
2546 5172 2650 5215 est-
2684 5168 3015 5215 nrmferunt.

2132 5171 2230 5239 qui
2262 5173 2518 5223 venturus
2546 5172 2651 5233 est,
2684 5171 3015 5239 prmferunt.
3544 5232 3553 5242 '
3610 5231 3618 5241 .
3658 5231 3667 5242 ο

2202 5240 2221 5274 ⁸
2255 5239 2514 5295 Enistola
2561 5238 2619 5294 in
2669 5244 2869 5294 nostra
2916 5238 3252 5293 recensione
3280 5238 3351 5290 20
3380 5233 3489 5288 sub
3541 5236 3776 5288 Initium

2131 5310 2269 5367 anni
2301 5303 2405 5367 383
2435 5310 2595 5377 data,
2627 5326 2804 5382 quam
2840 5308 2951 5382 (his
3004 5309 3257 5365 recolere
3304 5321 3492 5382 operas
3524 5303 3779 5382 pretium

2132 5384 2229 5439 sit.
2251 5382 2460 5456 Confer
2489 5375 2732 5456 quoque
2754 5380 3086 5456 ()rigcaem,
3115 5397 3184 5436 ex
3231 5375 3367 5456 quo:
3399 5377 3611 5456 bopam
3643 5375 3782 5456 sub-

2132 5471 2290 5511 nexae
2334 5447 2770 5511 dissertationis
2822 5447 2893 5508 de
2944 5452 3163 5507 Osanna
3193 5447 3415 5522 partem
3466 5447 3526 5502 S.
3579 5447 3784 5505 doctor

2131 5527 2438 5632 expressit.

2252 5599 2461 5632 Vnnnm
2498 5598 2631 5632 λαυρ.
2686 5595 2920 5632 nnis-lum
2957 5610 3079 5632 nam:
3136 5594 3145 5632 ἰ

2252 5599 2464 5654 Vocem
2496 5598 2651 5665 bene,
2685 5595 2923 5668 quidam
2957 5610 3100 5648 mss.
3136 5594 3425 5668 ignorant.

2200 5671 2221 5704 ⁸
2254 5670 2502 5743 ,ιλΙίίιιιοιΔ
2537 5661 3075 5743 mss,'interserunt
3114 5661 3447 5743 mc._Paulo
3496 5668 3630 5735 post
3676 5679 3780 5743 pro

2130 5734 2455 5806 sermonem,
2490 5739 2791 5811 legebatur
2814 5751 3079 5793 sermone.
3114 5734 3286 5793 Levia
3314 5734 3374 5792 id
3403 5734 3593 5810 genus
3638 5734 3776 5793 sub-

2132 5812 2267 5873 inde
2298 5812 2457 5874 taciti
2491 5812 2868 5889 castigamus.
