4182 6566
403 409 522 470 155

1636 418 1700 478 s.
1747 416 2059 504 EUSEBII
2105 418 2551 483 HIERONYMI

406 557 696 608 commota
726 557 816 610 est
846 553 1119 614 universa
1148 557 1371 627 civitas,
1401 560 1601 618 dicens
1625 581 1637 618 :
1663 563 1766 629 Qui
1786 567 1875 618 est.
1907 563 1999 620 hic
2021 564 2047 618 '?
2076 556 2125 622 A
2157 558 2417 609 turtures
2450 553 2826 610 offerentibus
2857 569 2871 609 :
2905 551 3203 610 accidebat
3222 551 3590 626 plerumque,
3609 554 3676 609 ut
3704 549 3804 624 qui

403 641 606 716 Populi
654 645 760 715 (Al.
811 645 1004 718 multi)
1058 652 1248 704 autem
1302 649 1588 707 dicebant.
1644 675 1664 701 ι
1719 656 2047 710 lntroeunte

398 731 540 789 Jesu
572 751 712 790 cum
750 736 920 792 turba
939 741 1081 804 tota,
1104 738 1632 813 Hierosolymorum
1661 743 1864 799 civitas
1890 735 2046 800 comé

405 829 688 894 movetur,
726 826 946 882 mirans
987 828 1395 900 frequentiam,
1431 833 1694 888 nesciens
1725 833 2045 902 veritatem,

405 917 463 967 ct
491 914 694 970 dicens
727 933 738 971 :
775 918 904 985 Quis
931 923 1010 972 est
1041 919 1132 972 hic
1154 922 1177 955 9
1207 920 1368 982 Quod
1419 921 1654 992 quidem
1688 923 1745 976 in
1783 923 1895 978 alio
1925 923 2048 979 loco

405 1001 667 1059 dicentes
699 1005 934 1076 angelos
966 1006 1216 1072 legimus
1251 1026 1264 1062 :
1296 1014 1430 1078 Quis
1477 1016 1555 1066 est
1582 1012 1685 1067 iste
1733 1029 1831 1067 rm:
1858 1015 2048 1082 gloriae

405 1093 581 1158 (Psal.
613 1111 775 1160 xxm,
807 1096 910 1166 8)?
938 1095 1079 1150 Aliis
1110 1103 1304 1153 autem
1335 1099 1419 1154 vel
1472 1100 1926 1170 ambigentibus,
1959 1101 2046 1156 vel

405 1180 921 1254 interrogantibus,
946 1186 1074 1240 vilis
1101 1186 1395 1256 plebecula
1417 1191 1725 1244 conﬁtetur
1756 1209 1768 1246 :
1795 1208 1827 1244 a
1859 1192 2045 1246 mino-

407 1271 571 1336 ribus
603 1272 904 1344 incipiens,
938 1280 1002 1328 ut
1046 1277 1116 1330 ad
1152 1279 1372 1346 majora
1423 1280 1738 1348 perveniat,
1771 1285 1826 1333 et
1858 1281 1999 1335 dicit
2031 1299 2043 1336 :

480 1362 632 1416 163
665 1385 693 1410 ‹‹
733 1363 828 1417 Hic
860 1369 947 1417 est
974 1365 1142 1420 Jesus
1186 1367 1468 1436 propheta
1517 1387 1548 1422 a
1579 1369 1866 1445 Nazareth
1893 1370 2046 1424 Gali-

407 1447 543 1504 laaae.
578 1472 605 1499 ι)
643 1452 950 1523 Propheta,
1001 1471 1171 1524 quem
1206 1460 1262 1510 et
1292 1457 1518 1527 Moyses
1549 1457 1804 1512 similem
1839 1459 1924 1512 sui
1962 1460 2048 1512 di-

403 1541 564 1593 xerat
591 1557 719 1594 esse
748 1546 1082 1609 venturum,
1116 1549 1173 1599 et
1201 1545 1302 1616 qui
1355 1545 1584 1616 prolirie
1634 1547 1785 1616 apud
1822 1547 2050 1602 Graecos

403 1643 538 1683 cum
587 1629 786 1685 arthro
819 1632 830 1664 '
867 1632 1146 1686 scribitur
1174 1635 1214 1685 ³.
1255 1638 1292 1686 Α
1325 1634 1605 1688 Nazareth
1664 1640 1856 1690 autem
1891 1637 2047 1692 Gali-

401 1714 538 1782 laeaa,
573 1717 712 1788 quia
741 1718 823 1773 ibi
854 1720 1137 1774 educatus
1163 1722 1349 1776 fuerat
1383 1741 1395 1778 :
1432 1729 1495 1778 ut
1527 1725 1632 1778 llos
1665 1724 1854 1795 campi
1883 1726 1906 1759 ³
1937 1743 2048 1780 nu-

401 1805 644 1860 triretur
672 1807 730 1861 in
765 1807 904 1862 ﬂore
931 1809 1239 1864 virtutum.
1633 1807 1640 1814 ’

403 1981 506 2038 Dei
541 2000 552 2038 :
587 1987 643 2038 et
683 1984 950 2054 ejiciebat
996 2003 1198 2042 omnes
1228 1991 1544 2046 vendentes
1592 1997 1645 2047 et
1678 2000 1938 2048 ementes
1989 1995 2045 2050 in

403 2071 640 2142 templo,
676 2078 730 2127 et
761 2091 994 2130 mensas
1049 2078 1600 2147 nummulariorum,
1637 2086 1694 2136 et
1739 2083 2047 2138 cathedras

401 2161 775 2218 vendentium
827 2163 1126 2220 columbas
1175 2168 1395 2222 evertit.
1431 2170 1496 2224 Et
1548 2170 1694 2225 dixit
1723 2173 1806 2226 eis
1843 2191 1855 2227 :
1895 2174 2044 2226 Scri-

404 2253 567 2319 ptum
601 2253 689 2304 est
720 2267 732 2304 :
767 2251 988 2306 Domus
1021 2269 1150 2308 mea
1167 2255 1376 2310 domus
1400 2257 1678 2312 orationis
1696 2259 1997 2314 vocabitur
2030 2277 2042 2315 :

402 2353 504 2392 vos
549 2343 742 2393 autem
795 2339 1011 2395 fecistis
1056 2341 1218 2397 illam
1273 2343 1614 2414 speluncam
1665 2346 1978 2404 latronum.
2017 2371 2044 2397 ››

405 2426 730 2482 Comitatus
751 2429 925 2483 Jesus
955 2430 1128 2485 turba
1143 2433 1502 2488 credentium
1522 2438 1670 2506 (quae
1701 2435 2049 2492 vestimenta

407 2531 516 2570 sua
571 2522 636 2570 ut
693 2516 873 2573 illaeso
924 2520 1066 2590 pede
1121 2519 1318 2592 pullus
1367 2522 1675 2590 incederet,
1722 2529 2043 2595 straverat),

401 2602 729 2675 ingreditur
756 2608 1062 2679 templum,
1094 2614 1150 2664 et
1179 2610 1334 2680 ejicit
1357 2628 1560 2668 omnes
1591 2615 1690 2684 qui
1720 2615 2048 2669 vendebant

403 2697 458 2748 et
487 2695 757 2750 emebant
787 2695 845 2750 in
871 2697 1114 2769 templo:
1137 2716 1488 2773 mensasque
1511 2704 2042 2759 nummulariorum

403 2782 704 2850 subvertit,
737 2789 792 2838 et
823 2786 1130 2841 cathedras
1181 2790 1556 2846 vendentium
1589 2792 1892 2847 columbas
1923 2793 2044 2848 dis-

396 2869 627 2942 sipavit,
663 2873 924 2944 dixitque
974 2875 1078 2943 eis,
1131 2876 1202 2931 de
1249 2879 1566 2950 Scripturis
1615 2882 1832 2936 sanctis
1881 2881 2044 2937 testi-

397 2961 662 3016 monium
717 2965 1018 3034 proferens
1077 2967 1206 3035 (1.5a.
1263 2983 1368 3034 LVI,
1421 2968 1501 3037 7,)
1554 2985 1567 3023 :
1621 2970 1772 3040 quod
1834 2971 2046 3025 domus

398 3047 585 3104 Patris
627 3052 778 3119 ejus,
830 3053 1116 3108 orationis
1161 3055 1372 3110 domus
1451 3073 1578 3112 esse
1624 3059 1876 3124 deberet,
1930 3076 2044 3114 non

406 3137 685 3209 spelunca
705 3139 1020 3206 latronum,
1037 3141 1125 3197 vel
1158 3143 1368 3199 domus
1392 3147 1801 3215 negotiationis
1819 3149 2044 3218 (Jerem.

400 3243 502 3293 vn,
552 3229 634 3299 ll)
689 3245 702 3283 :
755 3229 907 3284 sicut
957 3231 1017 3285 in
1067 3231 1179 3286 alio
1222 3235 1579 3305 evangelista
1629 3236 1909 3306 scriptum
1961 3243 2050 3293 est

2158 644 2228 698 de
2259 644 2428 715 longe
2459 649 2753 713 venerant,
2787 661 2897 698 non
2932 643 3213 699 haberent
3245 643 3530 698 victimas.
3563 641 3807 712 Excogi—

2157 737 2427 788 taveruut
2476 735 2656 804 igitur
2703 734 3054 798 sacerdotes,
3091 733 3382 804 quomodo
3438 732 3694 804 priedam
3735 731 3808 786 de

2157 822 2372 893 populo
2407 824 2678 888 facerent,
2713 830 2769 876 et
2821 822 3020 876 omnia
3068 821 3346 877 animalia
3391 821 3607 893 quibus
3657 836 3808 891 opus
3873 814 3892 825 ’

2157 917 2280 965 erat
2309 911 2378 965 ad
2423 913 2732 978 sacriﬁcia,
2763 912 3109 976 vendebant,
3144 915 3210 966 ut
3257 918 3315 966 et
3344 911 3660 966 venderent
3688 925 3807 965 non

2158 1000 2602 1066 habentibus,et
2632 1000 2739 1072 ipsi
2771 1018 3006 1055 rursum
3031 1005 3226 1071 empta
3248 1001 3808 1072 susciperent.Hanc

2159 1089 2458 1160 strepham
2493 1107 2690 1144 eorum
2715 1092 2920 1145 crebra
2946 1090 3300 1144 venientium
3325 1087 3522 1160 inopia
3551 1087 3806 1158 dissipa-

2159 1179 2275 1244 bat,
2311 1179 2410 1250 qui
2443 1179 2784 1250 indigebant
2817 1179 3174 1250 sumptibus,
3207 1183 3263 1234 et
3281 1195 3397 1233 non
3427 1177 3619 1233 solum
3648 1178 3806 1234 ‘lﬂl

2159 1268 2383 1324 hostias
2415 1286 2527 1323 non
2574 1269 2889 1334 habebant,
2923 1269 3024 1323 sed
3078 1285 3147 1323 ne
3180 1267 3333 1322 unde
3377 1271 3639 1323 emerent
3675 1266 3808 1338 qui-

2159 1357 2291 1412 dem
2324 1375 2456 1413 aves
2487 1363 2543 1412 et
2572 1358 2709 1412 vilia
2749 1357 3117 1412 munuscula.
3151 1359 3479 1412 Posuerunt
3523 1355 3716 1424 itaque
3748 1360 3810 1409 et

2161 1447 2593 1504 nummularios
2647 1448 2744 1518 qui
2810 1453 3074 1502 mutuam
3127 1447 3236 1502 sub
3285 1445 3556 1501 cautione
3601 1446 3812 1500 darent

2161 1537 2489 1607 pecuniam.
2524 1537 2636 1591 Sed
2688 1536 2825 1607 quia
2871 1543 2996 1591 erat
3027 1537 3151 1608 lege
3198 1540 3551 1607 praeceptum
3599 1535 3802 1602 (Lavit.

2160 1643 2288 1691 xxv,
2322 1628 2430 1692 37;
2466 1627 2620 1680 Deut.
2653 1643 2814 1688 xxm,
2851 1627 2958 1695 19),
3011 1632 3076 1678 ut
3107 1643 3274 1680 nemo
3325 1641 3536 1680 usuras
3577 1623 3807 1694 accipe-

2161 1722 2266 1779 ret,
2299 1720 2354 1769 et
2385 1716 2659 1786 prodesse
2691 1733 2804 1770 non
2838 1721 3062 1786 poterat
3092 1714 3338 1786 pecunia
3367 1715 3644 1778 fenerata,
3677 1729 3808 1784 quas

2159 1805 2448 1859 commodi
2483 1804 2627 1858 nihil
2678 1804 2938 1873 haberet,
2971 1809 3028 1858 et
3079 1804 3371 1858 interdum
3421 1806 3638 1858 sortem
3671 1819 3806 1874 per-

476 1893 660 1964 (Vers.
697 1896 927 1966 12,13.)
976 1920 1003 1947 ‹‹
1039 1899 1106 1952 Et
1153 1899 1391 1955 intravit
1439 1902 1611 1958 Jesus
1652 1904 1707 1958 in
1760 1871 2130 1998 teinplurﬁ‘B
2157 1893 2338 1962 deret,
2391 1894 2868 1998 excogitaxerpnt
2914 1871 2968 1946 et
3015 1891 3192 1998 aliam
3241 1891 3535 1998 technam,
3589 1871 3804 1998 ut‘pro

2159 1982 2595 2048 nummulariis,
2653 1981 2974 2052 Collybistas
3023 1982 3048 2014 ‘
3091 1981 3367 2045 facerent,
3425 1982 3598 2050 cujus
3644 1979 3804 2034 verbi

2157 2073 2568 2144 proprietatem
2604 2072 2810 2126 Latina
2858 2069 3062 2143 lingua
3092 2086 3207 2125 non
3259 2069 3550 2141 exprimit.
3581 2068 3808 2139 Collyba

2157 2162 2436 2215 dicuntur
2466 2161 2618 2230 apud
2643 2177 2763 2224 eos,
2797 2177 2923 2231 quae
2945 2177 3048 2213 nos
3066 2158 3434 2230 appellamus
3466 2161 3801 2230 tragemala,

2155 2250 2242 2304 vel
2274 2250 2410 2304 vilia
2459 2248 2830 2303 munuscula.
2865 2247 3038 2303 Verbi
3085 2247 3290 2320 gratia,
3326 2245 3454 2300 frixi
3486 2246 3592 2317 (Al.
3627 2245 3804 2315 fricti)

2157 2338 2382 2404 ciceris,
2436 2354 2801 2410 uvarumque
2858 2354 3190 2409 passerum,
3247 2340 3305 2390 et
3359 2352 3535 2408 poma
3587 2333 3804 2390 diversi

2157 2429 2407 2500 generis.
2441 2427 2624 2499 Igitur
2668 2427 2805 2498 quia
2838 2443 3050 2482 usuras
3099 2425 3360 2496 accipere
3390 2441 3506 2480 non
3538 2427 3808 2496 poterant

2158 2517 2506 2590 Collybistaz,
2533 2517 2632 2588 qui
2667 2516 2976 2588 pecuniam
3009 2515 3248 2570 fenerati
3272 2518 3456 2578 erant,
3480 2529 3584 2585 pro
3608 2512 3807 2568 usuris

2157 2607 2520 2678 accipiebant
2549 2606 2740 2660 varias
2771 2605 3019 2676 species,
3042 2609 3106 2658 ut
3135 2604 3288 2675 quod
3322 2603 3379 2658 in
3413 2619 3656 2658 nummo
3687 2617 3804 2656 non

2155 2696 2386 2756 licebat,
2420 2695 2478 2750 in
2525 2695 2618 2750 his
2677 2695 2851 2750 rebus
2897 2695 3194 2765 exigerent
3243 2709 3368 2763 quae
3422 2690 3684 2746 nummis
3739 2706 3804 2747 e-

2156 2791 2416 2851 muntur,
2450 2785 2616 2854 quasi
2663 2801 2776 2838 non
2825 2783 2935 2838 hoc
2987 2783 3184 2855 ipsum
3216 2779 3477 2836 Ezechiel
3527 2779 3804 2852 pradica-

2153 2875 2299 2928 verit
2329 2874 2370 2939 ⁵,
2416 2873 2662 2928 dicens:
2701 2874 2930 2929 Usuram
2980 2877 3033 2926 et
3078 2869 3648 2942 superabundantiam
3693 2883 3803 2923 non

2154 2965 2430 3033 accipietis
2479 2961 2691 3032 (Ezech.
2751 2979 2896 3028 XXII,
2957 2963 3064 3031 12).
3126 2957 3467 3015 Istiusmodi
3518 2957 3804 3014 Dominus

2156 3067 2397 3107 cernens
2429 3049 2485 3104 in
2538 3051 2710 3106 domo
2743 3050 2932 3105 Patris
2980 3047 3440 3121 negotiationem
3483 3061 3585 3102 seu
3632 3044 3803 3100 Istrae

2157 3139 2397 3207 ciuium,
2453 3139 2659 3194 ardore
2714 3139 2961 3210 spiritus
3011 3137 3334 3194 concitatus
3403 3137 3589 3208 (juxta
3644 3135 3803 3206 quod

2160 3229 2441 3300 scriptum
2475 3234 2565 3282 est
2595 3229 2654 3282 in
2687 3228 3050 3298 sexagesimo
3099 3231 3303 3281 octavo
3335 3223 3561 3297 psalmo
3597 3241 3611 3278 :
3642 3225 3806 3280 Zelus

403 3317 580 3380 (Joan.
637 3336 700 3386 ιι,
754 3319 860 3390 16).
917 3321 996 3375 Ex
1043 3321 1151 3376 hoc
1209 3301 1464 3393 primﬁm
1515 3301 1835 3392 scienda-In,
1892 3328 2045 3398 quod
2077 3301 2120 3367 C
2158 3317 2349 3373 domus
2397 3323 2502 3372 tuae
2530 3317 2760 3372 comedit
2806 3332 2894 3372 me
2939 3316 3108 3388 (Psal.
3144 3331 3332 3382 vam,
3369 3313 3479 3384 10),
3511 3312 3644 3368 fecit
3691 3311 3810 3372 sibi

401 3407 571 3478 juxta
623 3409 901 3463 mandata
950 3410 1113 3479 Legis
1165 3412 1588 3484 augustissimo
1637 3415 1694 3469 in
1743 3421 1864 3472 toto
1911 3417 2050 3472 orbe

403 3495 622 3568 templo
654 3498 907 3566 Domini,
939 3504 995 3554 et
1025 3499 1096 3555 de
1127 3501 1353 3556 cunctis
1402 3519 1549 3573 pene
1581 3504 1917 3572 regionibus
1946 3507 2048 3561 Ju-

403 3584 659 3640 daeorum
734 3586 854 3642 illic
926 3588 1141 3660 populo
1221 3591 1573 3658 conﬂuente,
1649 3593 2048 3651 innumerabi-

403 3671 490 3728 les
536 3673 997 3730 immolabantur
1047 3677 1269 3748 hostiaa,
1303 3681 1555 3736 maxime
1609 3683 1772 3737 testis
1819 3684 2047 3749 diebus,

404 3765 730 3826 taurorum,
801 3763 1070 3831 arietum,
1131 3766 1426 3823 hircorum
1490 3787 1502 3825 :
1562 3770 1919 3842 pauperibus
1977 3791 2049 3828 ne

406 3851 630 3922 absque
675 3847 960 3908 sacriﬁcio
1018 3860 1235 3920 essent,
1293 3855 1486 3927 pullos
1537 3859 1944 3916 columbarum
1993 3868 2050 3918 et

481 4030 506 4107 ᾗ
530 4029 593 4084 Id
626 4035 732 4100 est,
764 4046 888 4085 cum
917 4033 1173 4107 articulo.
1210 4033 1321 4088 Alii
1353 4036 1598 4107 codices,
1631 4056 1753 4094 cum
1770 4043 2000 4097 aster-ica
2029 4060 2048 4096 .-

411 4099 532 4169 alii,
564 4117 688 4174 cuin
734 4105 1024 4174 martyrio,
1059 4121 1235 4173 quam
1284 4109 1399 4162 l'ere
1443 4099 1624 4163 secuti
1657 4119 1797 4166 sunt
1845 4111 2048 4168 lectio-

410 4189 542 4252 nem
612 4173 892 4252 Erasmus
961 4182 1014 4252 et
1074 4177 1386 4245 Victorius,
1446 4179 1703 4252 legentes
1761 4201 1893 4238 cum
1953 4205 2049 4237 του

409 4239 606 4320 ἄρβρρφ
641 4245 928 4320 μαρτυρία,
962 4247 1017 4302 id
1051 4255 1160 4314 est,
1193 4265 1316 4304 cum
1344 4239 1576 4306 articuli
1605 4256 1928 4311 testimonio.

479 4316 500 4349 ³
531 4315 702 4389 Plura
734 4315 848 4372 non
874 4315 1124 4374 retinent
1154 4337 1298 4374 mss.
1323 4323 1578 4389 codices;
1611 4326 1746 4379 erliti
1781 4333 1914 4381 ante
1947 4344 2052 4382 nos

407 4384 542 4441 libri
576 4388 660 4442 sic
693 4389 914 4462 legunt,
946 4395 998 4445 cl
1028 4394 1128 4460 qui
1168 4397 1393 4462 proprie
1423 4384 1577 4462 apud,
1615 4397 1830 4454 Graecos
1857 4399 2052 4454 scribi-

411 4465 504 4512 tur
526 4456 799 4543 ριιτηηεὸὖ
829 4456 1351 4544 ᾅρθροαμαρέυξίᾳ,
1489 4476 1584 4533 est,
1643 4486 1766 4523 cum
1816 4472 2055 4525 articuli

411 4529 740 4604 testimonio,
801 4529 935 4604 etc.,
995 4529 1317 4604 quae'mihi
1371 4529 1645 4593 videntur
1705 4541 2051 4596 Erasmianie

411 4601 874 4726 ipmpositionis,
933 4601 1160 4659 et_non
1221 4606 1653 4681 Hieronymiani
1728 4617 2048 4670 contextus.

471 4688 602 4726 ΛΒΤ.

471 4688 602 4726 ΛΒΤ.

449 4743 504 4869 t3
528 4747 698 4798 Hunc
745 4744 964 4800 omittit
992 4746 1282 4806 Victorius
1330 4769 1582 4821 versum,
1616 4763 1676 4810 ut
1705 4757 1804 4824 ﬂos
1847 4758 2050 4827 campi,

475 4831 524 4868 c.
1343 4841 1347 4846 ι

414 4830 524 4869 etc.
1343 4841 1347 4846 -

485 4885 505 4919 ⁸
535 4885 622 4968 De
645 4885 1018 4968 Collyphisti‘s
1067 4890 1322 4968 diximus
1353 4896 1421 4949 ad
1466 4896 1688 4952 lexicon
1717 4897 2050 4968 Origenian,

413 4956 468 5040 in
504 4957 658 5012 notis
683 4975 696 5025 ;
719 4956 917 5041 neque
940 4961 1373 5041 hiscontrarius
1390 4956 1898 5041 estHieronynius,
1918 4956 2055 5040 quia

411 5028 536 5111 ipse
569 5047 682 5111 non
716 5028 978 5111 loquitur
999 5035 1357 5111 deﬂollybo,
1384 5039 1482 5111 qui
1517 5044 1642 5094 erat
1690 5028 1914 5111 species
1937 5028 2052 5095 Inu-

413 5100 704 5178 mismatis
724 5100 876 5158 unde
899 5109 954 5178 et
978 5100 1298 5178 Collybislze
1328 5100 1462 5163 dicti
1496 5115 1670 5178 sunt;
1705 5100 1804 5166 sed
1839 5112 1910 5166 de
1934 5129 2056 5167 mu-

408 5173 674 5253 nusculis
723 5173 1220 5253 qua:_Colly_b_istaa
1271 5173 1784 5253 accipiebant'pro
1835 5184 2051 5250 usuris,

408 5247 642 5322 quando
677 5247 1098 5322 pecuniam.“
1145 5256 1251 5314 est,
1289 5247 1554 5322 Cotti/tios,
1591 5247 1832 5310 temerati
1865 5247 2051 5312 erant;

407 5316 645 5372 Nummi
677 5316 908 5396 __itaq_ue
985 5322 1224 5396 t'enerati
1285 5316 1653 5396 dicebantur
1709 5327 1944 5396 (.‘ollybi,
2001 5331 2057 5382 et

407 5405 653 5467 munera
683 5390 1101 5467 dataprOAillis
1132 5391 1582 5467 appellabantur
1616 5390 1862 5467 Collybd.
1891 5390 2055 5454 certe

409 5458 668 5537 Calig/bus
697 5467 786 5515 est
813 5458 982 5537 quod
1003 5458 1401 5537 nummulario
1454 5466 1628 5520 datur
1658 5458 1759 5537 pro
1791 5485 2052 5524 commu-

405 5531 586 5584 tanda
617 5531 883 5599 pecunia.
918 5535 1063 5588 Vide
1092 5533 1275 5589 lexica
1302 5536 1516 5590 Graeca.
1553 5531 1732 5593 MAa'r.
1769 5571 1833 5580 --
1866 5541 2051 5596 Aliam

409 5600 642 5678 avulgo
667 5609 896 5672 recepta
921 5607 1072 5678 apud
1099 5612 1320 5661 veteres
1353 5608 1677 5678 bcriptorcs
1703 5613 2053 5668 sententiam

407 5671 503 5754 hic
552 5671 883 5754 propugnat
925 5671 1333 5754 hieronymus,
1366 5671 1528 5754 dum,
1560 5681 1906 5752 Collybistas
1956 5701 2054 5740 eos

411 5742 592 5826 fuisse
614 5742 810 5810 tradit,
827 5746 934 5826 qui
965 5742 1476 5826 pecuniamt'enori
1499 5742 1705 5826 dantes
1725 5772 1828 5826 pro
1854 5772 2051 5826 usura,

407 5830 532 5886 quae
563 5813 687 5887 lege
719 5813 1154 5890 prohibebatur,
1186 5821 1324 5881 vilia
1370 5823 1707 5883 minuscula
1725 5813 2048 5900 exigerent:

2160 3406 2458 3479 flagellum
2487 3407 2558 3461 de
2588 3405 2868 3461 funiculis
2897 3406 3084 3476 (toan.
3119 3419 3182 3469 ιι,
3212 3405 3320 3472 15),
3353 3407 3411 3458 et
3438 3406 3664 3458 tantam
3695 3401 3806 3458 ho-

2160 3498 2387 3551 minum
2438 3494 2873 3550 multitudinem
2922 3493 3092 3563 ejecit
3144 3493 3216 3548 de
3263 3491 3502 3564 templo,
3553 3489 3804 3546 dicens:

2158 3587 2432 3656 Scriptum
2475 3593 2554 3639 est
2592 3602 2611 3641 :
2667 3585 2870 3640 Domus
2921 3598 3061 3653 mea,
3112 3581 3304 3637 domus
3347 3580 3610 3641 orationis
3656 3595 3807 3636 voca-

2160 3675 2309 3730 bitur
2340 3691 2358 3728 :
2389 3689 2479 3728 vos
2508 3680 2698 3726 autem
2745 3673 2950 3739 [coistis
2978 3687 3101 3727 eam
3151 3671 3466 3741 speluncam
3493 3669 3804 3724 latronum.

2160 3764 2330 3819 Latro
2359 3761 2514 3818 enim
2547 3767 2656 3829 est,
2690 3765 2747 3816 et
2786 3759 3072 3832 templum
3118 3759 3218 3816 Dei
3249 3759 3308 3816 in
3338 3757 3634 3814 latronum
3665 3773 3808 3814 con-

2157 3851 2331 3908 vertit
2377 3866 2641 3923 specum,
2693 3847 2794 3920 qui
2853 3848 3018 3905 lucra
3064 3849 3136 3905 de
3199 3846 3479 3921 religione
3523 3851 3804 3916 sectatur,

2160 4041 2286 4105 Qua
2315 4038 2372 4095 in
2404 4055 2463 4094 re
2494 4054 2647 4094 unus
2677 4038 2832 4109 quod
2883 4036 3079 4109 sciam,
3099 4035 3151 4091 ei
3201 4033 3700 4109 favet_Hesych_ius_
3727 4033 3807 4109 ab

2159 4099 2365 4188 ﬁuetio
2409 4099 2712 4188 laudatus;
2741 4109 2837 4188 ubi
2867 4099 3136 4188 κολὶέρϐα,
3171 4103 3454 4188 τρωγάλια
3475 4099 3803 4188 _:'_colly_bia,

2161 4183 2416 4249 bellaria,
2472 4176 2914 4252 [νίέεμῃιήεἱθεν.
2987 4176 3131 4234 Nam
3183 4176 3416 4252 proprie
3473 4176 3806 4252 idem’ipse

2159 4244 2505 4326 Hesychius,
2527 4244 2803 4326 κολλυᾷος
2836 4244 3269 4326 interpretatur,
3293 4244 3804 4326 suggestum“

2159 4324 2249 4378 καὶ
2279 4315 2336 4377 νὸ
2388 4321 2438 4376 ἐν
2497 4315 2580 4393 sip
2637 4318 2833 4396 ’χαλκῷ
2898 4315 3309 4396 κεχαραγμένος
3359 4315 3490 4380 ϐοῦς
3522 4315 3556 4396 ξε
3604 4315 3807 4392 s'pwie:

2159 4397 2532 4458 numismatis,
2554 4385 2624 4448 in
2643 4385 2816 4457 cuius
2835 4408 2947 4450 tere
2964 4385 3170 4465 imago.
3186 4393 3330 4450 bovis
3358 4397 3479 4450 erat
3509 4385 3803 4464 impressa,

2163 4467 2255 4524 cui
2286 4474 2342 4522 et
2373 4465 2572 4523 Pollux
2601 4472 2657 4522 et
2686 4466 2888 4528 Suida,
2918 4467 3421 4536 vetustiorumque
3451 4465 3805 4536 scriptorum

2163 4539 2524 4596 Glossatores
2544 4539 2598 4592 in
2625 4537 2730 4591 hoc
2751 4537 2999 4590 maxime
3017 4535 3409 4607 consentiunt,
3429 4542 3492 4590 ut
3513 4535 3806 4608 eollybum

2164 4629 2272 4684 pro
2300 4611 2436 4684 vilis
2462 4608 2752 4684 npmmuli
2784 4624 2996 4684 genere
3025 4608 3332 4684 accipiant.
3364 4606 3806 4684 Aristoph—anes,

2087 4673 2133 4738 D
2164 4673 2290 4736 ὂύδὶ
2315 4675 2698 4748 κολλύϐου,ηϐ
2725 4673 2936 4750 collybo
2950 4673 3577 4750 quidemmmendatam'
3599 4676 3806 4750 falcem

2163 4754 2349 4821 dixit;
2383 4759 2441 4809 et
2485 4749 2902 4820 Callimachus,
2938 4749 3004 4806 ut
3050 4767 3345 4821 summam
3375 4767 3620 4821 annonas
3648 4749 3808 4821 apud

2161 4813 2378 4882 inferos
2431 4824 2714 4880 vilitatem
2762 4813 3155 4892 exaggeraret,
3205 4813 3359 4889 ϐοῦν,
3391 4823 3492 4889 ait,
3541 4813 3807 4892 κολλῦϐςρ

2161 4839 2378 4882 inferos
2431 4839 2714 4880 vmtatem
2762 4839 2867 4878 exa
2909 4839 3155 4892 gereret,
3205 4839 3359 4889 οουν,
3391 4839 3492 4889 ait,
3541 4839 3807 4891 xcutqu

2161 4897 2548 4976 ςειςπρήσκουσι,
2582 4897 2772 4976 bovem
2819 4839 3033 4976 collybo.
3067 4894 3388 4976 dicentium.
3419 4893 3637 4976 Exinde
3678 4886 3808 4976 Col-

2162 4965 2406 5041 lybistai,
2474 4965 2878 5032 nummularii,
2929 4965 3036 5038 qui
3114 4965 3369 5037 pretiosa
3436 4965 3860 5041 ,numismata_

2161 5035 2466 5121 vilioribus
2517 5041 2936 5121 permutarent,
2956 5035 3146 5108 quam
3196 5043 3380 5121 artem
3431 5038 3556 5121 ipse
3603 5035 3804 5121 Pollii);

2161 5108 2437 5190 ἀλλαγῄν.
2471 5107 2832 5190 noscodem
2871 5107 3047 5164 sensu
3095 5110 3374 5190 cantatum
3422 5107 3695 5190 dicimus.

2163 5200 2295 5239 vero
2326 5181 2476 5254 'ipse
2519 5181 2816 5254 Origenes,
2878 5197 2912 5234 a
2967 5196 3107 5254 quo,
3129 5181 3378 5240 multam
3423 5181 3806 5254 expositionis

2164 5273 2281 5312 sua:
2338 5249 2558 5325 partem
2610 5249 3033 5325 mutuatuseSt
3075 5251 3134 5309 S.
3183 5256 3374 5319 Pater,
3406 5249 3809 5325 eosiappellat

2164 5273 2281 5312 sua:
2376 5273 2558 5310 ᾶΓῑΘΠΙ
2610 5273 2914 5308 mucuaius
2944 5273 3033 5308 εει
3075 5273 3134 5309 ὓ.
3183 5273 3374 5319 rater,
3406 5273 3506 5310 608
3553 5273 3808 5325 appellat

2164 5350 2192 5377 ‹‹
2242 5273 2608 5399 ΟοΙῩγὺίειεε,
2659 5324 2759 5396 qui
2811 5323 3050 5399 probam
3095 5325 3403 5394 pecuniam
3450 5323 3687 5391 vilibus,
3739 5339 3808 5380 ac

2163 5395 2385 5455 nullius
2419 5398 2584 5470 pretii
2626 5395 2954 5453 nummulis
2995 5401 3382 5470 commutant,
3415 5401 3480 5454 ut
3510 5411 3809 5470 eos,_qu9-

2163 5488 2292 5526 rum
2326 5465 2600 5526 nummos
2629 5471 2982 5542 permutant,
3004 5467 3263 5542 afﬁciant.
3291 5465 3529 5542 damno.
3561 5492 3586 5520 ›
3626 5465 3807 5524 credo

2163 5543 2454 5622 equidem,
2507 5537 2893 5622 non'tantum
2943 5553 3013 5595 ex
3067 5537 3288 5622 vilioris
3329 5539 3466 5601 saris
3511 5543 3808 5622 permutg.

2162 5611 2336 5679 tione,
2371 5630 2545 5684 quam
2579 5611 2732 5684 quod
2779 5614 2995 5684 certam
3049 5617 3322 5684 praeterea
3370 5611 3696 5670 mercedem
3747 5611 3808 5684 in

2163 5702 2336 5741 suum
2378 5681 2842 5738 emolumentum
2889 5682 2961 5738 dc
2991 5681 3180 5754 capite
3231 5683 3604 5751 deducerent,
3649 5681 3805 5756 quod

2162 5757 2395 5814 Hieron.
2431 5760 2614 5812 notat.

2233 5831 2253 5863 ⁸
2288 5828 2456 5900 Lege,
2491 5842 2626 5885 cum
2657 5825 2913 5897 Rabano,
2940 5827 3284 5896 precaverit.
