4182 6608
250 470 363 534 15⁸7

747 473 1263 538 COMMENTAR.
1310 477 1389 539 IN
1440 474 1953 540 EVANGELIUM
1998 474 2386 539 MATTHIEI
2430 479 2577 539 LIB.
2624 479 2734 540 IIl.
2780 477 2955 539 CAP.
3000 480 3164 541 XXI.

3542 474 3660 540 158

248 605 564 681 cultusque
592 607 719 681 ejus
751 625 863 665 non
896 614 1018 667 tam
1050 610 1244 670 cultus
1275 611 1372 668 Dci
1406 629 1582 685 quam
1628 614 1892 685 negotia-
1926 613 1980 680 Α
2011 616 2255 671 rabilius
2307 631 2435 670 esse
2459 615 2498 678 9,
2550 614 2702 684 quod
2752 630 2907 670 unus
2949 612 3145 678 homo,
3180 618 3237 669 et
3267 611 3366 669 illo
3396 618 3660 687 tempore
3710 612 3723 681 ξ

249 696 432 753 tionis
461 697 688 754 occasio
719 704 827 755 est.
862 703 981 757 Hoc
1014 703 1184 772 juxta
1214 703 1520 761 historiam
1558 724 1569 762 :
1622 710 1897 762 caeterum

256 788 582 843 secundum
650 790 931 862 mysticos
997 792 1349 864 intellectus,
1403 796 1659 867 quotidie
1725 797 1897 853 Jesus

2009 704 2489 779 contemptibilis,
2525 710 2579 760 et
2630 704 2925 759 intentum
2978 703 3110 758 vilis
3141 704 3295 759 ‘l66
3343 710 3407 760 ut
3456 709 3658 776 postea

2009 797 2467 869 crucifigeretur,
2501 794 2717 850 Scribis
2766 800 2824 849 et
2872 794 3180 849 Pharisacis
3212 798 3412 849 contra
3460 811 3521 849 se
3553 811 3656 848 sae-

263 876 590 951 ingreditur
635 880 920 949 templum
974 882 1184 953 Patris,
1216 891 1272 940 et
1317 887 1475 960 ejicit
1523 903 1728 944 omnes
1776 894 1897 943 tam
2006 887 2323 956 vientibus,
2368 891 2425 942 et
2470 885 2805 941 videntibus
2854 884 3019 940 lucra
3064 901 3173 939 sua
3201 885 3224 919 3
3277 884 3524 949 destrui,
3556 901 3655 956 po-

253 968 557 1042 episcOpos
587 974 642 1026 et
673 971 1043 1043 presbyteros
1091 979 1147 1030 et
1195 975 1536 1043 diaconos‘,
1584 994 1760 1048 quam
1792 977 1898 1034 lai-

252 1073 371 1125 cus,
399 1062 454 1113 et
487 1058 823 1115 universam
848 1061 1079 1117 turbam
1105 1064 1176 1119 de
1202 1064 1461 1122 Ecclesia
1490 1083 1619 1133 sua,
1647 1071 1702 1123 et
1724 1067 1901 1123 unius

250 1146 515 1202 criminis
555 1146 729 1203 habet
761 1151 1075 1209 vendentes
1106 1154 1323 1225 pariter
1351 1161 1408 1210 et
1436 1160 1713 1212 ementes.
1747 1156 1899 1211 Scri-

250 1241 418 1308 ptum
449 1241 539 1293 est
565 1238 721 1293 enim
748 1255 762 1294 :
797 1241 974 1296 Gratis
1000 1245 1302 1315 accepistis,
1334 1247 1505 1315 gratis
1533 1246 1661 1301 date
1691 1246 1897 1317 (Matth.

249 1342 306 1389 x,
337 1326 411 1397 8).
466 1327 614 1384 165
652 1324 884 1385 Mensas
916 1347 1148 1402 quoque
1192 1335 1726 1391 nummulariorum
1760 1338 1899 1394 sub-

249 1415 443 1470 vertit.
504 1415 779 1485 Observa,
849 1423 1086 1492 pr0pter
1142 1421 1443 1478 avaritiam
1503 1426 1899 1495 sacerdotum,

250 1504 461 1561 altaria
530 1506 625 1561 Dei
694 1509 1225 1567 nummulariorum
1295 1529 1529 1569 mensas
1597 1514 1898 1587 appellari.

250 1595 692 1669 Cathedrasque
743 1600 1117 1655 vendentium
1171 1601 1476 1659 columbas
1530 1604 1755 1671 evertit,
1801 1606 1901 1677 qui

249 1685 516 1741 vendunt
545 1686 793 1757 gratiam
825 1688 1078 1759 Spiritus
1110 1691 1318 1757 sancti,
1344 1697 1398 1747 et
1428 1693 1627 1748 omnia
1657 1692 1902 1763 faciunt,

255 1779 318 1829 ut
349 1775 646 1846 subjectos
678 1776 928 1849 populos
960 1779 1256 1850 devorent,
1282 1782 1352 1836 de
1382 1782 1600 1853 quibus
1622 1783 1759 1838 dicit
1793 1784 1899 1855 (Al.

254 1864 494 1936 dicitur)
527 1882 540 1921 :
597 1867 705 1935 Qui
749 1867 1007 1923 devorant
1052 1870 1320 1941 populum
1348 1888 1534 1927 meum
1562 1874 1700 1928 sicut
1727 1890 1905 1929 escam

249 1956 416 2026 panis
464 1954 638 2026 (Psal.
679 1973 803 2025 xm,
837 1959 912 2025 4).
967 1958 1142 2014 Juxta
1193 1959 1520 2032 simplicem
1573 1962 1903 2035 intelligen-

254 2044 420 2110 tiam,
475 2044 759 2101 colu‘mbae
808 2064 922 2114 non
977 2052 1143 2104 erant
1194 2044 1254 2104 in
1313 2051 1626 2123 cathedris,
1685 2054 1784 2108 sed
1842 2053 1901 2107 in

255 2134 466 2203 caveis,
498 2135 611 2190 nisi
663 2136 810 2193 forte
853 2136 1258 2195 columbarum
1295 2139 1592 2197 institores
1624 2143 1905 2198 sedebant

255 2222 315 2279 in
349 2223 664 2301 cathedris.
697 2225 858 2289 Quod
892 2227 1127 2299 penitus
1175 2230 1497 2286 absurdum
1531 2237 1640 2297 est,
1677 2232 1813 2304 quia
1842 2231 1903 2288 in

256 2313 551 2370 cathedris
607 2314 1023 2388 magistrorum
1071 2320 1262 2392 magis
1301 2320 1556 2393 dignitas
1586 2322 1903 2389 indicatur,

256 2418 386 2474 quae
418 2404 490 2458 ad
526 2403 779 2460 nihilum
812 2406 1118 2479 redigitur,
1144 2424 1277 2465 cum
1302 2410 1484 2466 mixta
1505 2411 1679 2467 fuerit
1702 2411 1902 2468 lucris.

256 2493 421 2557 Quod
454 2493 525 2547 de
570 2493 845 2550 Ecclesiis
903 2496 1184 2563 diximus,
1245 2499 1655 2573 unusquisque
1713 2502 1782 2556 de
1845 2518 1907 2556 se

256 2580 565 2655 intelligat.
600 2582 750 2639 Dicit
779 2583 937 2640 enim
969 2587 1281 2658 Apostolus
1308 2604 1320 2641 :
1367 2591 1462 2645 Vos
1492 2592 1619 2645 estis
1647 2592 1909 2662 templum

256 2672 376 2742 Dei,
426 2676 475 2727 et
525 2670 760 2743 Spiritus
807 2683 1026 2731 armatus
1074 2676 1286 2732 habitat
1316 2679 1373 2732 in
1403 2680 1555 2734 vobis
1592 2681 1641 2751 (Ι
1667 2680 1787 2737 Cor.
1823 2699 1906 2745 III,

261 2762 368 2829 15;
400 2763 448 2817 Il
479 2761 605 2817 Cor.
636 2779 715 2833 vr,
744 2764 849 2834 16).
884 2765 1008 2820 Non
1042 2766 1121 2822 sit
1152 2767 1208 2822 in
1241 2768 1413 2823 domo
1445 2770 1697 2841 pectoris
1724 2770 1908 2826 nostri

258 2851 596 2923 negotiatio,
620 2869 736 2909 non
759 2856 1081 2910 ementium
1106 2857 1602 2931 vendentiumque
1624 2876 1908 2916 commer-

261 2940 373 3006 cia,
405 2957 520 2997 non
567 2942 855 2999 donorum
898 2945 1213 3018 cupiditas,
1248 2964 1317 3003 ne
1347 2947 1708 3019 ingrediatur
1734 2950 1909 3007 Jesus

261 3029 451 3087 iratus
501 3035 558 3087 et
607 3031 854 3106 rigidus,
899 3039 958 3090 et
997 3046 1115 3090 non‘
1153 3035 1321 3092 aliter
1348 3040 1593 3094 mundet
1622 3038 1910 3111 templum

266 3136 468 3188 suum,
500 3121 615 3176 nisi
647 3121 874 3195 ﬂagello
903 3123 1189 3191 adhibito,
1223 3131 1289 3182 ut
1320 3127 1390 3184 de
1422 3127 1701 3202 spelunca
1731 3129 1913 3187 latro-

264 3226 434 3276 num,
487 3213 544 3267 et
586 3211 659 3267 de
714 3213 889 3285 domo
944 3215 1378 3286 negotiationis,
1440 3218 1682 3274 domum
1742 3220 1915 3275 iaciat

262 3298 565 3356 orationis.

338 3388 524 3459 (Vera.
589 3392 701 3462 14.)
750 3415 777 3440 α
809 3392 881 3447 Et
930 3400 1303 3451 accesserunt
1351 3396 1422 3451 ad
1474 3413 1609 3452 eum
1669 3398 1800 3454 caeci
1858 3404 1915 3455 et
1944 3364 1989 3433 Ω

262 3476 458 3534 claudi
506 3478 568 3535 in
620 3480 863 3552 templo,
897 3484 954 3535 et
1001 3483 1228 3537 sanavit
1276 3500 1394 3540 eos.
1426 3507 1473 3549 ax
1507 3486 1629 3542 Nisi
1677 3504 1914 3545 mensas

263 3566 801 3624 nummulariorum
827 3568 1149 3634 evertisset,
1165 3571 1591 3647 cathedrasque
1611 3575 1915 3634 columbas

259 3657 667 3730 vendentium,
711 3658 843 3714 caeci
895 3662 952 3714 et
1000 3658 1191 3715 claudi
1238 3660 1427 3717 lucem
1481 3665 1815 3735 pristinam,
1860 3672 1917 3723 et

259 3745 555 3802 concitum
587 3748 835 3819 gradum
866 3765 981 3804 non
1015 3750 1371 3808 meruissent
1400 3753 1673 3827 recipere.

339 3835 527 3905 (Vers.
563 3837 677 3908 15.)
722 3860 749 3886 ‹‹
783 3837 1060 3895 Videntes
1091 3844 1288 3896 autem
1322 3842 1617 3917 principes
1648 3849 1913 3905 sacerdo-

256 3928 394 3979 tum
425 3930 482 3980 et
524 3925 739 3983 Scribis
789 3927 1083 3984 mirabilia
1124 3945 1251 4002 qua:
1284 3931 1438 3999 fecit,
1470 3937 1528 3990 et
1556 3951 1769 4006 pueros
1799 3937 1915 3994 cla-

264 4018 499 4069 mantes
530 4014 587 4070 in
618 4015 861 4088 templo,
884 4020 943 4072 et
973 4017 1272 4079 dicentes:
1306 4020 1541 4078 Osanna
1572 4023 1690 4081 filio
1712 4026 1914 4095 David,

265 4101 559 4174 indignati
618 4109 777 4173 sunt,
824 4112 882 4162 et
929 4107 1205 4164 dixerunt
1252 4110 1351 4165 ei:
1405 4112 1588 4168 Audis
1632 4115 1772 4186 quid
1818 4116 1915 4172 isti

260 4191 527 4247 dicunt?
579 4215 607 4241 »ι
662 4193 935 4268 Plerique
990 4198 1352 4254 arbitrantur
1408 4202 1733 4260 maximum
1790 4223 1920 4263 esse

265 4279 596 4355 signorum,
631 4285 790 4356 quod
845 4290 1091 4342 Lazarus
1137 4289 1457 4346 suscitatus
1502 4296 1591 4348 est
1629 4294 1805 4364 (Joan.
1838 4314 1918 4365 x1,

266 4371 384 4437 43),
435 4373 591 4444 quod
642 4389 829 4429 caecus
871 4391 939 4430 ex
983 4380 1147 4431 utero
1190 4376 1388 4434 lumen
1421 4382 1708 4454 acceperit
1738 4385 1915 4454 (Joan.

265 4477 350 4524 Ix,
388 4461 463 4532 Ἰ),
510 4462 662 4534 quod
714 4463 784 4518 ad
834 4463 1153 4520 Jordanem
1198 4482 1307 4522 vox
1356 4469 1558 4525 audita
1605 4471 1681 4526 sit
1729 4473 1918 4530 Patris

265 4549 480 4622 (Matth.
515 4562 595 4618 tu,
634 4553 744 4624 17),
776 4555 932 4625 quod
977 4556 1436 4629 transfiguratus
1466 4558 1527 4613 in
1558 4566 1756 4617 monte
1785 4563 1917 4635 glo-

265 4639 419 4695 riam
458 4641 777 4698 ostenderit
828 4643 1253 4715 triumphantis
1320 4647 1533 4715 (Matth.
1603 4667 1771 4717 xvm,
1838 4653 1913 4724 2).

2009 978 2190 1034 tuerit
2248 978 2318 1032 ad
2377 976 2552 1031 unius
2612 974 2825 1048 ﬂagelli
2879 975 3117 1030 verbera
3173 978 3394 1030 tantam
3455 974 3659 1044 ejicere

2012 1067 2477 1135 multitudinem,
2507 1082 2858 1137 mensasque
2885 1066 3239 1129 subvertere,
3270 1069 3327 1119 et
3351 1064 3659 1121 cathedras

2011 1157 2396 1229 confringere,
2430 1160 2488 1212 et
2534 1156 2651 1211 alia
2702 1157 2909 1221 facere,
2940 1172 3066 1225 quae
3112 1153 3379 1209 infinitus
3420 1171 3531 1210 non
3575 1155 3657 1209 fe—

2011 1248 2188 1303 cisset
2219 1247 2524 1303 exercitus.
2559 1246 2801 1318 Igneum
2832 1244 2987 1301 enim
3035 1244 3315 1317 quiddam
3370 1249 3544 1315 atque
3576 1242 3659 1298 si-

2011 1338 2250 1393 dereum
2299 1338 2563 1392 radiabat
2619 1353 2687 1391 ex
2744 1335 2929 1391 oculis
2986 1335 3184 1405 ejus‘,
3236 1337 3292 1388 et
3337 1333 3660 1389 divinitatis

2012 1430 2291 1497 majestas
2332 1427 2566 1482 lucebat
2617 1426 2674 1480 in
2726 1426 2889 1480 facie.
2940 1428 3201 1495 Cumque
3254 1439 3494 1478 manum
3543 1440 3659 1478 non

2011 1518 2267 1573 audeant
2313 1516 2550 1586 injicere
2604 1515 2957 1580 sacerdotes,
3000 1518 3195 1569 tamen
3228 1529 3403 1585 opera
3432 1512 3659 1568 calum-

2013 1607 2272 1677 niantur,
2305 1611 2363 1661 et
2412 1604 2816 1661 testimonium
2866 1602 3065 1683 populi
3116 1608 3288 1674 atque
3344 1619 3657 1674 puerorum

2012 1697 2111 1768 qui
2162 1696 2515 1765 clamabant,
2565 1694 2782 1751 Osanna
2828 1695 2944 1764 ﬁlio
2986 1691 3176 1756 David,
3207 1696 3438 1747 vertunt
3468 1692 3527 1746 in
3560 1708 3659 1747 ca-

2013 1786 2348 1842 lumniam:
2405 1786 2557 1856 quod
2607 1784 2875 1839 videlicet
2924 1782 3033 1838 hoc
3079 1798 3196 1836 non
3253 1781 3501 1849 dicatur,
3548 1780 3661 1836 nisi

2014 1877 2119 1932 soli
2156 1876 2299 1932 Filio
2331 1876 2454 1931 Dei.
2505 1875 2753 1930 Videant
2781 1890 2916 1944 ergo
2947 1871 3224 1943 episcopi,
3258 1876 3315 1927 et
3343 1874 3660 1941 quantum-

1934 1988 1982 2053 B
2016 1967 2155 2022 libet
2178 1966 2362 2022 sancti
2384 1966 2675 2029 homines,
2700 1980 2832 2019 cum
2867 1966 3087 2034 quanto
3118 1959 3374 2053 periculo
3400 1960 3514 2014 dici
3548 1960 3663 2015 ista

2014 2055 2123 2112 sibi
2158 2056 2457 2127 patiantur
2483 2056 2502 2089 ⁵
2534 2055 2639 2126 (At.
2673 2052 3023 2125 patiuntur),
3049 2050 3097 2105 si
3128 2048 3375 2105 Domino
3407 2048 3497 2104 cui
3530 2064 3663 2103 vere

2011 2147 2123 2202 hoc
2154 2146 2475 2211 dicebatur,
2500 2143 2637 2215 quia
2657 2142 2907 2198 necdum
2938 2145 3064 2198 erat
3089 2139 3279 2197 solida
3299 2139 3659 2195 credentium

2014 2235 2180 2300 ﬁdes,
2215 2252 2318 2307 pro
2350 2234 2596 2289 crimine
2627 2232 2996 2304 impingitur.
3118 2304 3125 2307 g

2087 2324 2269 2395 (Vers.
2328 2325 2440 2391 16.)
2498 2346 2527 2372 «
2560 2322 2734 2378 Jesus
2791 2326 2987 2376 autem
3037 2319 3181 2376 dicit
3238 2317 3370 2373 eis:
3432 2316 3661 2390 Utique.

2016 2413 2330 2484 Nunquam
2362 2411 2611 2485 legistis,
2646 2411 2783 2483 quia
2822 2428 2891 2465 ex
2929 2426 3027 2465 ore
3074 2408 3387 2463 infantium
3439 2411 3495 2463 et
3548 2406 3667 2461 lac-

2015 2503 2268 2559 tentium
2304 2501 2589 2575 perfecisti
2624 2496 2902 2557 laudem?
2932 2522 2958 2547 »
2989 2501 3175 2564 Quam
3209 2497 3507 2552 moderate
3539 2512 3667 2551 sen-

2016 2593 2260 2649 tentiam
2287 2597 2577 2663 temperat
2599 2593 2640 2662 θ,
2672 2596 2728 2647 et
2759 2588 3061 2661 responsio
3092 2587 3370 2658 utrinque
3399 2602 3662 2657 vergens,

2018 2687 2077 2739 et
2106 2682 2414 2738 calumniae
2446 2698 2559 2736 non
2594 2685 2798 2752 patens
2823 2679 2857 2745 ‘2,
2902 2678 3027 2733 Non
3061 2676 3206 2731 dixit
3249 2675 3404 2747 quod
3453 2675 3666 2730 Scribae

2019 2772 2222 2827 audire
2275 2771 2611 2843 cupiebant,
2644 2770 2790 2824 bene
2840 2766 3061 2822 faciunt
3091 2764 3277 2838 pueri,
3313 2768 3378 2819 ut
3407 2763 3549 2819 mihi
3584 2767 3665 2818 te-

2020 2860 2365 2917 stimonium
2398 2858 2761 2931 perbibeant,
2788 2873 2890 2912 nec
2921 2871 3180 2921 rursum,
3210 2860 3408 2909 errant
3440 2869 3452 2908 :
3503 2852 3668 2924 pueri

2019 2949 2437 3018 sunt,'debetis
2466 2948 2620 3003 aetati
2661 2948 2998 3019 ignoscere;
3054 2944 3154 2999 sed
3208 2943 3426 3014 profert
3473 2958 3667 2997 exem-

2022 3040 2187 3114 plum
2248 3040 2318 3095 de
2374 3042 2576 3094 octavo
2634 3035 2891 3109 psalmo,
2954 3040 3047 3102 ut,
3106 3038 3336 3089 tacente
3391 3031 3666 3098 Domino,

2022 3130 2457 3203 Scripturarum
2498 3126 2904 3183 testimonium
2937 3140 3250 3197 puerorum
3285 3122 3442 3177 dicta
3473 3122 3671 3177 ﬁrma-

2024 3224 2129 3277 ret.

2097 3312 2283 3381 (Vers.
2334 3309 2445 3381 17.)
2497 3329 2524 3357 (ι
2561 3308 2625 3362 Et
2671 3305 2889 3362 relictis
2936 3304 3078 3371 illis,
3119 3304 3264 3360 abiit
3317 3304 3472 3358 foras
3512 3304 3675 3356 extra

2026 3399 2317 3456 civitatem
2353 3398 2412 3453 in
2444 3396 2808 3466 Bethaniam,
2841 3394 3041 3466 ibique
3072 3393 3309 3448 mansit.
3347 3414 3373 3440 ››
3419 3388 3677 3461 Reliquit

2024 3487 2378 3554 incredulos,
2428 3490 2485 3541 et
2533 3486 2738 3540 urbem
2796 3500 3069 3555 egressus
3123 3479 3674 3545 contradicentium,

2024 3578 2129 3634 ivit
2160 3575 2526 3644 Bethaniam,
2562 3575 2718 3647 quod
2752 3574 3168 3644 interpretatur
3196 3570 3387 3626 domus
3415 3567 3672 3623 obedien-

2025 3670 2139 3737 εἰει»,
2186 3669 2309 3738 jam
2359 3670 2499 3721 tunc
2542 3664 2904 3719 vocationem
2956 3660 3216 3731 gentium
3267 3658 3671 3731 praefigurans,

2024 3758 2223 3829 ibique
2278 3755 2515 3819 mansit,
2559 3753 2696 3825 quia
2739 3753 2796 3807 in
2840 3751 3016 3807 Israel
3050 3766 3391 3823 permanere
3422 3764 3536 3802 non
3570 3763 3673 3819 po-

2024 3847 2158 3904 tuit.
2194 3847 2311 3901 Hoc
2351 3860 2582 3917 quoque
2636 3840 3083 3914 intelligendum
3131 3843 3241 3904 est,
3288 3838 3442 3910 quod
3501 3841 3677 3892 tanta;

2027 3932 2200 3992 fuerit
2250 3933 2630 4007 paupertatis,
2665 3937 2722 3987 et
2770 3932 2851 3985 ita
2895 3930 3041 3985 nulli
3082 3928 3358 3985 adulatus
3390 3926 3487 3992 sit,
3521 3929 3586 3980 ut
3614 3925 3675 3981 in

2025 4027 2170 4082 urbe
2203 4025 2459 4079 maxima
2503 4022 2733 4078 nullum
2779 4021 3095 4093 hOSpitem,
3129 4018 3357 4073 nullum
3390 4016 3678 4072 invenerit

2027 4112 2415 4178 mansionem,
2450 4111 2548 4165 sed
2581 4110 2641 4164 in
2672 4124 2810 4179 agro
2842 4109 2990 4163 1θῖ
3030 4106 3270 4179 parvulo
3314 4106 3469 4177 apud
3505 4112 3675 4160 Laza-

2029 4217 2159 4255 rum
2192 4213 2536 4269 sororesque
2567 4196 2694 4267 ejus
2725 4194 3018 4249 habitaret
3049 4209 3063 4249 :
3109 4209 3311 4248 eorum
3345 4193 3562 4263 quippe
3588 4191 3675 4246 vi-

2027 4307 2134 4345 cus
2167 4287 2447 4343 Bethania
2476 4290 2584 4342 est.

2101 4380 2291 4451 (Vers.
2330 4380 2394 4431 '18
2426 4376 2614 4447 seqq.)
2667 4397 2694 4423 «
2732 4374 2899 4430 Mane
2929 4376 3123 4427 autem
3176 4373 3468 4425 revertens
3499 4367 3556 4422 in
3589 4366 3675 4422 ci-

2026 4471 2289 4536 vitatem,
2349 4466 2574 4522 esuriit.
2634 4466 2705 4520 Et
2760 4464 2967 4519 videns
3027 4461 3116 4517 fici
3178 4460 3443 4516 arborem
3495 4475 3675 4514 unam

2028 4575 2198 4614 secus
2244 4557 2423 4623 viam,
2462 4556 2617 4633 venit
2665 4554 2735 4609 ad
2785 4570 2938 4617 eam,
2977 4556 3035 4608 et
3066 4550 3211 4607 nihil
3242 4549 3466 4605 invenit
3496 4548 3555 4604 in
3587 4565 3674 4617 ea,

2027 4646 2143 4701 nisi
2176 4645 2312 4702 folia
2344 4649 2593 4700 tantum.
2628 4645 2698 4699 Et
2729 4643 2811 4699 ait
2840 4642 2925 4696 illi
2958 4658 2972 4698 :
3024 4641 3334 4711 Nunquam
3368 4656 3439 4695 ex
3469 4642 3525 4694 te
3556 4640 3677 4693 fruo

264 4728 414 4785 Mihi
460 4728 613 4786 inter
657 4731 858 4787 omnia
889 4732 1059 4806 signa
1088 4751 1216 4805 qua;
1248 4735 1383 4791 fecit
1412 4736 1521 4794 hoc
1549 4738 1778 4795 videtur
1808 4742 1918 4799 mi-
1949 4738 1996 4804 Ι)
2029 4743 2158 4793 ctus
2190 4740 2466 4791 nascatur
2496 4735 2554 4789 in
2588 4733 3036 4804 sempiternum,
3061 4736 3118 4786 et
3147 4731 3401 4786 arefacta
3429 4734 3519 4785 est
3548 4746 3679 4784 con-

344 4837 365 4918 ξ
395 4833 742 4922 Pleramque
771 4839 1047 4922 subnexa:
1076 4840 1576 4922 interpretationis
1607 4851 1829 4920 partem
1854 4867 1921 4905 ex

262 4908 522 5015 Origene
552 4908 622 4964 de
652 4908 813 4992 more
843 4908 1560 4997 Hierpnymus'delibavit.
1607 4908 1624 4920 ⁸

396 4980 553 5059 Idem
585 4985 642 5036 et
671 4981 905 5059 Origeni
936 5000 1130 5040 Visum
1161 4990 1269 5056 est,
1303 5004 1402 5059 qui
1433 4988 1576 5045 hanc
1602 5007 1715 5047 non
1742 4993 1922 5047 mini-

267 5053 1007 5135 mantjmerportentasas
1056 5061 1190 5135 Jecu
1238 5053 1461 5135 uirtutes
1509 5063 1700 5132 fuisse,
1745 5081 1921 5133 argu-

269 5125 474 5196 menti:
521 5125 785 5196 probasse
837 5143 919 5195 se,
967 5132 1215 5186 testatur
1255 5130 1395 5189 alibi
1436 5125 1917 5191 in'Commentvar.

267 5195 332 5251 in
366 5194 650 5273 J_oannem
677 5215 689 5252 :
730 5218 751 5245 ε
775 5194 923 5263 Quia
951 5216 1222 5273 cumgpro
1254 5202 1399 5259 fabri
1434 5203 1551 5259 ﬁlio
1583 5205 1918 5271 haberetur,

270 5271 582 5344 esttamen
632 5285 779 5326 usus
831 5275 924 5326 est
971 5271 1325 5344 confidentia
1368 5279 1425 5330 et
1467 5277 1830 5344 auctoritate,
1862 5278 1920 5335 in

272 5337 510 5422 publico
563 5344 712 5422 ccetu
762 5357 803 5422 ς
842 5342 1062 5422 templo
1102 5360 1201 5422 eos
1232 5346 1571 5422 deturbans,
1604 5350 1675 5405 de
1706 5337 1922 5422 quibus

272 5411 559 5493 scriptum
613 5417 721 5493 est.
768 5415 920 5493 Qua_
936 5411 1237 5493 potestate
1267 5422 1460 5493 utens,
1492 5411 1923 5493 ipsernationis

268 5482 670 5611 pggc'quti’t)!
725 5482 840 5541 nan
893 5482 1058 5543 facile
1106 5482 1465 5563 perfecisset,
1501 5482 1656 5564 quod
1701 5510 1735 5550 a
1782 5495 1922 5551 Jesu

628 5578 678 5610 D).

344 5626 367 5663 ⁸
393 5626 669 5687 Voculam
698 5643 804 5683 sua
830 5643 976 5685 mss.
1009 5632 1195 5687 nostri
1227 5633 1547 5690 sufﬁciunt.

343 5698 366 5731 ‘
394 5698 661 5781 Diximus
692 5698 799 5756 hac
831 5700 902 5755 de
934 5717 1013 5785 re,
1038 5718 1172 5765 cum
1204 5704 1365 5773 alibi,
1389 5710 1514 5763 tum
1547 5709 1721 5781 paulo
1755 5725 1923 5785 supe-

275 5769 486 5845 rius__in
520 5787 647 5845 cap.
680 5787 758 5845 ιδ,
786 5769 1031 5845 ivers._9.

345 5842 367 5877 ⁵
395 5841 562 5901 Hunc
590 5841 970 5902 'acclamandi
1000 5844 1235 5903 Osanna
1264 5847 1555 5923 episcopis
1588 5853 1923 5927 sanctisque

2028 4844 2170 4902 viris
2202 4861 2423 4900 morem
2456 4842 2595 4899 alibi
2626 4841 2998 4898 Martianasus
3028 4840 3089 4895 in
3120 4840 3444 4895 Comment.
3469 4838 3539 4893 ad
3571 4836 3673 4893 lib.

2028 4918 2197 4974 Nom.
2252 4916 2423 4971 Hebr.
2475 4920 2635 4971 notat
2690 4931 2757 4969 ex
2813 4915 3120 4970 Itinerario
3178 4909 3679 4980 Ilierosolymitano

2032 4988 2305 5062 Antonini
2340 4987 2636 5049 monachi,
2665 5001 2794 5055 pag.
2825 4987 2894 5041 30
2923 5002 2935 5040 :
2973 5006 2999 5062 (ξ
3032 4984 3373 5062 ψίιίῃειυὶῑ,
3394 4986 3679 5062 venerunt

2033 5061 2309 5118 mulieres
2358 5062 2416 5114 in
2468 5054 2777 5114 occursum
2813 5074 2946 5111 cum
2981 5054 3327 5121 infantibUs,
3364 5054 3588 5125 palmas
3619 5054 3675 5104 in

2034 5133 2307 5189 manibus
2339 5135 2625 5201 tenentes,
2657 5136 2714 5185 et
2744 5127 3038 5201 ampullas
3064 5145 3195 5182 cum
3230 5124 3462 5181 rosaceo
3504 5124 3626 5177 oleo
3663 5138 3673 5174 :

2030 5200 2086 5261 et
2118 5210 2422 5277 prostratae
2453 5200 2700 5276 pedibus
2727 5201 2947 5277 nostris
2982 5200 3210 5277 plantas
3241 5202 3679 5277 nostras-unge-

2032 5265 2195 5344 bant,
2238 5265 2923 5348 cantabantqueglingua
2953 5265 3310 5348 Egyptiaca,
3348 5265 3678 5348 psallentes

2033 5337 2417 5420 antipbonam
2454 5363 2466 5403 :
2521 5337 2918 5420 Bénedictilivos
2951 5362 3001 5420 _a
3025 5337 3307 5420 “Domino,
3341 5337 3678 5420 benedictus-

2030 5410 2652 5493 queiadvcntus‘vester,
2686 5416 2907 5493 Osanna
2935 5418 2999 5471 in
3029 5415 3276 5493 emcelsis.
3316 5433 3335 5455 η
3393 5410 3676 5493 Cas-terum

2032 5485 2090 5547 et
2117 5492 2395 5565 Origenes
2427 5490 2807 5565 frequens__in
2853 5504 2926 5565 eo_
2951 5494 3039 5565 est
3070 5488 3125 5565 in
3160 5485 3265 5565 hac
3297 5485 3676 5563 espositione,

2034 5570 2163 5637 uta
2193 5555 2394 5635 templi
2427 5555 2830 5637 sacerdotibus
2861 5560 2929 5614 ad
2964 5555 3239 5637 Ecclesia:
3271 5555 3579 5624 episcopos
3612 5569 3680 5621 ac

2033 5630 2355 5706 ministros,
2386 5635 2529 5690 vitia
2556 5649 2926 5705 comparans,
2958 5636 3016 5685 ct
3046 5630 3116 5684 ad
3148 5630 3343 5682 vivum
3384 5641 3679 5695 resecans,

2031 5711 2310 5763 transeat.
2414 5726 2419 5733 ο

2101 5781 2123 5814 θ
2155 5779 2336 5836 Palat.
2373 5793 2544 5846 mss.,
2574 5775 2845 5833 sententia
2875 5775 3194 5843 temperata.
