4182 6604
522 454 638 518 159

1762 451 1826 513 S.
1873 451 2190 515 EUSEBII
2235 447 2682 513 HIERONYMI

3809 440 3934 505 160

516 589 684 645 tinuo
736 588 1004 647 ﬁculnea.
1037 593 1107 649 Et
1153 591 1413 650 videntes
1457 591 1729 666 discipuli
1776 591 1967 647 mirati
2001 596 2158 657 sunt,
2188 587 2244 653 Α
2279 584 2361 641 vel
2396 603 2579 641 unum
2612 599 2815 655 capere
2847 581 3129 639 scrinium
3166 596 3181 638 :
3230 579 3331 637 sed
3362 579 3516 653 quod
3567 578 3930 652 magnitudi-

514 678 823 735 dicentes:
880 682 1181 745 Quomodo
1231 683 1506 739 continuo
1556 683 1812 738 aruit?»
1869 682 2160 738 Discussis

515 768 707 823 noctis
756 771 1033 835 tenebris,
1067 773 1359 828 matutina
1400 772 1527 828 luce
1573 773 1852 833 radiante.
1888 777 1945 826 et
1972 772 2161 827 vicina

517 860 783 926 meridie,
809 861 865 915 in
892 878 1001 932 qua
1027 862 1314 918 Dominus
1338 865 1607 935 passione
1628 881 1735 919 sua
1758 862 2159 918 illustraturus

515 953 640 1003 erat
670 951 890 1018 orbem,
921 967 1053 1006 cum
1088 951 1145 1006 in
1180 952 1471 1008 civitatem
1505 957 1909 1018 reverteretur,
1932 952 2157 1019 esuriit,

514 1036 601 1093 vel
635 1038 936 1094 veritatem
967 1039 1237 1095 humanas
1281 1042 1475 1096 carnis
1520 1043 1857 1105 ostendens,
1888 1041 1973 1096 vel
2025 1058 2158 1096 esu-

515 1127 674 1183 riens
706 1128 956 1183 salutem
988 1129 1371 1197 credentium,
1405 1136 1461 1185 et
1493 1137 1748 1187 aestuans
1788 1132 1857 1185 ad
1893 1132 2160 1185 incredu-

514 1216 740 1272 litatem
776 1218 1023 1274 lsraelis.
1065 1218 1327 1291 Cumque
1372 1220 1613 1274 vidisset
1659 1220 1921 1274 arborem
1978 1236 2154 1273 unam

515 1307 713 1377 (quam
746 1306 1127 1379 intelligimus
1158 1309 1522 1382 Synagogam
1549 1313 1590 1373 ¹,
1619 1313 1673 1363 et
1698 1308 2154 1364 conciliabulum

511 1386 870 1467 Judaeorum)
917 1399 1085 1465 juxta
1133 1397 1285 1453 viam
1322 1415 1333 1453 :
1389 1398 1641 1453 habebat
1672 1398 1826 1454 enim
1863 1400 2068 1468 legem,
2101 1405 2153 1452 ct

514 1484 642 1539 ideo
685 1485 853 1553 juxta
898 1486 1048 1540 viam
1097 1490 1242 1547 erat,
1275 1487 1413 1559 quia
1442 1504 1557 1541 non
1589 1488 1861 1541 credebat
1893 1488 1948 1540 in
1980 1488 2156 1557 viam,

511 1574 669 1629 venit
714 1574 784 1629 ad
834 1591 987 1637 eam,
1019 1579 1272 1630 stantem
1319 1575 1537 1631 scilicet
1587 1581 1643 1631 et
1685 1575 2071 1640 immobilem,
2104 1580 2161 1630 et

512 1680 628 1719 non
659 1662 972 1718 habentem
1006 1663 1300 1734 Evangelii
1349 1666 1522 1737 pedes
1558 1683 1570 1720 :
1624 1665 1889 1737 nihilque
1938 1665 2159 1719 invenit

514 1751 572 1806 in
607 1768 695 1817 ea,
726 1752 838 1806 nisi
871 1752 1009 1808 folia
1048 1757 1298 1823 tantum,
1334 1754 1791 1825 promissionum
1823 1755 2154 1825 strepitum,

513 1840 858 1897 traditiones
901 1841 1291 1906 Pharisaicas,
1347 1849 1403 1897 et
1446 1843 1824 1914 jactationem
1884 1843 2051 1915 legis,
2101 1848 2156 1898 et

516 1934 861 1985 ornamenta
910 1932 1217 1987 verborum
1269 1933 1491 2003 absque
1532 1932 1666 1988 ullis
1697 1932 1983 1987 fructibus
2012 1932 2155 1987 veri-
2191 1957 2237 2021 B

428 2016 435 2021 ’
514 2018 671 2073 tatis.
732 2019 892 2075 Unde
943 2024 999 2075 et
1044 2020 1195 2075 alius
1253 2020 1608 2092 evangelista
1664 2021 1849 2076 dicit:
1904 2021 2159 2077 Nondum

512 2110 661 2163 enim
688 2112 807 2163 erat
834 2113 1039 2180 tempus
1070 2111 1252 2180 (Marc.
1287 2127 1365 2174 χι,
1401 2111 1488 2178 13)
1522 2128 1533 2165 :
1586 2111 1705 2166 sive
1736 2111 1889 2182 quod
1923 2116 2157 2181 tempus

516 2198 776 2253 nondum
826 2204 1059 2254 venerat
1106 2199 1444 2255 salvationis
1489 2200 1688 2264 Israel,
1723 2217 1788 2257 eo
1821 2200 1977 2271 quod
2010 2216 2155 2253 non-

513 2286 654 2342 dum
704 2287 1008 2360 gentilium
1059 2288 1310 2360 populus
1361 2288 1774 2355 subintrasset,
1828 2290 1952 2344 sive
1999 2288 2153 2359 quod

512 2375 864 2447 prwterisset
908 2382 1143 2449 tempus
1191 2378 1347 2444 ﬁdei,
1380 2378 1519 2449 quia
1565 2379 1635 2432 ad
1686 2377 1849 2433 illum
1897 2377 2153 2449 primum

516 2465 775 2529 veniens,
808 2470 865 2521 et
907 2472 1160 2538 spretus,
1192 2468 1502 2522 transisset
1543 2468 1613 2522 ad
1649 2468 1934 2521 nationes.
1970 2469 2045 2521 Et
2074 2470 2155 2521 ait

512 2553 609 2609 illi
637 2572 657 2607 :
703 2556 997 2624 Nunquam
1038 2572 1108 2610 ea:
1155 2564 1206 2611 te
1230 2558 1438 2627 fructus
1481 2567 1757 2621 nasmtur,
1789 2556 1875 2611 vel
1919 2559 1981 2611 in
2011 2572 2154 2610 sem-

507 2643 805 2712 piternum,
855 2643 941 2698 vel
989 2647 1049 2699 in
1100 2647 1360 2721 saeculum
1405 2663 1425 2696 :
1475 2650 1791 2716 utrumque
1822 2644 1975 2699 enim
2025 2643 2155 2697 αἰὼν

509 2732 614 2803 [Αἰ.
662 2731 850 2804 αἰῶνα]
904 2733 1136 2789 Grmcus
1185 2750 1376 2788 sermo
1432 2734 1742 2805 signiﬁcat.
1784 2734 1854 2788 Et
1901 2734 2155 2789 arefacta

508 2826 599 2877 est
630 2822 898 2893 ﬁculnea,
932 2840 1059 2893 quae
1092 2824 1113 2857 ²
1165 2824 1457 2879 esuriente
1512 2824 1777 2893 Domino,
1812 2824 1972 2878 cibos
2004 2839 2153 2894 quos

506 2908 605 2966 ille
634 2910 913 2982 cupierat,
947 2927 1062 2966 non
1106 2912 1375 2967 habebat.
1410 2913 1505 2967 Sic
1536 2917 1728 2967 autem
1763 2916 2044 2967 aruerunt
2075 2911 2154 2965 fo-

506 2995 607 3064 lia,
639 3003 704 3053 ut
735 3003 982 3055 truncus
1012 2999 1138 3071 ipse
1168 3005 1514 3070 remaneret,
1538 3008 1593 3055 et
1625 3002 1823 3056 fractis
1846 3000 2047 3069 ramis,
2069 2998 2152 3053 vi-

512 3089 664 3142 reret
710 3088 815 3158 [AL
849 3087 1084 3158 viveret]
1136 3089 1321 3155 radix,
1354 3105 1481 3160 quas
1532 3090 1587 3144 in
1639 3089 1953 3145 novissimo
2000 3092 2153 3143 tem-

511 3190 650 3247 pore
699 3174 749 3230 si
799 3176 1030 3232 credere
1086 3176 1348 3246 voluerit,
1401 3177 1656 3248 virgulta
1703 3178 1836 3232 ﬁdei
1887 3176 2149 3248 pullulet,

510 3263 941 3337 impleaturque
994 3266 1312 3337 Scriptura,
1358 3267 1603 3322 dicens:
1658 3269 1750 3322 Est
1799 3267 1987 3321 arbori
2034 3282 2152 3338 spes

512 3329 635 3425 (Job
666 3371 780 3422 XIV,
810 3329 889 3426 7).
938 3329 1408 3411 Juxta'litteram
1460 3361 1653 3411 autem
1704 3354 1989 3411 Dominus
2022 3329 2153 3427 pas-
2185 3329 2229 3397 (ἶ

512 3460 688 3499 surus
719 3443 774 3498 iu
811 3443 1067 3516 populis,
1093 3449 1149 3499 et
1177 3445 1551 3515 bajulaturus
1575 3444 1918 3501 scandalum
1944 3445 2155 3516 crucis,

511 3532 715 3589 debuit
761 3532 1185 3606 discipulorum
1244 3534 1474 3590 animos
1535 3534 1688 3606 signi
1742 3534 2159 3606 anticipatione

510 3621 765 3677 ﬁrmare.
818 3622 982 3677 Unde
1038 3627 1095 3677 et
1150 3623 1425 3694 discipuli
1477 3623 1789 3691 mirantur,
1848 3624 2154 3678 dicentes:

511 3710 785 3777 Quomodo
832 3713 1091 3765 continuo
1139 3712 1332 3766 aruit?
1361 3712 1513 3767 108
1546 3712 1741 3767 Potuit
1788 3728 1923 3780 ergo
1967 3711 2160 3766 Salva-

510 3803 603 3853 tor
631 3799 834 3854 eadem
864 3798 1076 3855 virtute
1106 3800 1280 3855 etiam
1308 3800 1580 3855 inimicos
1604 3800 1823 3855 siccare
1852 3817 2009 3866 suos,
2046 3800 2159 3855 nisi

513 3901 714 3943 eorum
748 3904 850 3959 per
879 3888 1279 3958 paenitentiam
1318 3893 1708 3961 exspectasset
1740 3888 2013 3947 salutem.

584 3975 770 4045 (Vers.
800 3978 890 4042 21,
924 3978 1037 4044 22.)
1094 3998 1123 4027 «
1154 3977 1533 4050 Respondens
1582 3982 1777 4033 autem
1827 3978 2025 4044 Jesus,
2079 3978 2160 4032 ait

513 4064 597 4119 eis
630 4082 643 4121 :
694 4070 879 4121 Amen
910 4066 1038 4121 dico
1066 4066 1249 4134 vobis,
1284 4067 1331 4122 si
1364 4066 1689 4123 habueritis
1735 4068 1931 4133 ﬁdem,
1953 4074 2010 4123 et
2043 4083 2159 4123 non

512 4152 938 4223 hasitaveritis,
971 4172 1085 4211 non
1136 4155 1325 4211 solum
1366 4156 1437 4211 de
1466 4156 1717 4213 ﬁculnea
1747 4156 2005 4224 facietis;
2057 4155 2158 4211 sed

510 4244 645 4301 etsi
680 4245 863 4301 monti
896 4244 1034 4301 huic
1063 4245 1327 4301 dixeritis
1361 4263 1374 4300 :
1424 4245 1582 4300 Tolle
1602 4247 1645 4312 ³,
1695 4251 1752 4300 et
1794 4247 1951 4317 jacta
1996 4250 2053 4300 te
2101 4245 2159 4300 in

512 4349 696 4401 mare,
742 4334 860 4389 ﬁet.
903 4336 971 4389 Et
1001 4333 1199 4389 omnia
1228 4349 1594 4405 quaecunque
1625 4332 1909 4406 petieritis
1939 4332 1998 4387 in
2032 4349 2159 4389 ora-

508 4421 668 4476 tione
712 4422 1032 4492 credentes,
1067 4422 1384 4493 accipietis.
1416 4442 1445 4471 »
1500 4421 1739 4476 Latrant
1794 4425 1997 4476 contra
2053 4438 2160 4477 nos

510 4507 818 4579 gentilium
850 4526 1023 4564 canes
1052 4509 1113 4564 in
1152 4510 1279 4566 suis
1317 4509 1736 4576 voluminibus,
1768 4526 1894 4582 quas
1946 4510 2000 4565 in
2054 4509 2161 4565 im-

511 4596 749 4668 pietatis
770 4598 1016 4669 propriae
1040 4598 1387 4659 memoriam
1419 4597 1802 4670 reliquerunt,
1833 4604 2159 4655 asserentes

2271 691 2401 729 nem
2438 674 2743 746 signorum
2776 690 2890 745 prae
2924 670 3223 726 miraculis
3254 676 3311 725 et
3339 669 3750 725 incredulitate
3774 670 3926 726 ferre

2271 782 2385 820 non
2420 764 2623 835 possit.
2673 763 2859 834 Igitur
2886 766 2943 817 et
2977 763 3094 815 haec
3126 760 3421 815 credimus
3452 759 3657 815 fecisse
3685 765 3926 831 aposto-

2268 853 2376 918 los,
2413 854 2511 908 sed
2546 852 2674 907 ideo
2707 852 2925 922 scripta
2959 868 3070 904 non
3103 866 3253 914 esse,
3288 866 3359 903 ne
3391 848 3728 904 inﬁdelibus
3773 865 3922 903 con-

2270 942 2591 997 tradicendi
2628 942 2817 1010 major
2857 941 3095 994 daretur
3140 939 3387 994 occasio.
3422 937 3693 1009 Alioquin
3742 937 3923 992 inter-

2268 1049 2540 1101 rogemus
2563 1048 2680 1101 eos,
2706 1036 2904 1084 utrum
2930 1030 3169 1083 credant
3198 1028 3292 1083 hic
3323 1027 3528 1097 signis,
3551 1044 3677 1098 quae
3702 1028 3924 1099 scripta

2269 1126 2603 1185 narrantur,
2638 1136 2710 1173 an
2746 1136 2882 1173 non.
2917 1120 2983 1173 Et
3015 1135 3149 1172 cum
3194 1117 3527 1172 incredulos
3573 1117 3921 1181 viderimus,

2268 1214 2693 1280 consequenter
2738 1208 3141 1280 probabimus,
3175 1223 3280 1261 nec
3312 1207 3635 1276 majoribus
3669 1222 3767 1261 eos
3797 1222 3923 1260 cre-

2266 1298 2493 1353 dituros
2525 1298 2727 1367 fuisse,
2759 1297 2859 1368 qui
2894 1297 3220 1351 minoribus
3251 1312 3363 1350 non
3395 1296 3763 1351 crediderint.
3798 1299 3921 1349 Hoc

2269 1389 2580 1443 adversum
2630 1386 2783 1443 illos.
2835 1390 3115 1440 (laterum
3168 1402 3297 1451 nos,
3329 1391 3393 1439 ut
3432 1392 3565 1440 ante
3603 1386 3729 1456 jam
3771 1384 3920 1439 dixi-

2270 1495 2427 1539 mus,
2444 1482 2702 1531 montem
2725 1475 3023 1530 diabolum
3046 1474 3444 1547 intelligamus
3461 1474 3923 1547 superbientem,

2269 1572 2325 1622 et
2364 1567 2683 1636 jactantem
2740 1581 2800 1619 se
2850 1571 3053 1619 contra
3104 1566 3433 1620 Creatorem
3484 1580 3681 1631 suum,
3724 1564 3825 1635 qui
3886 1582 3922 1621 a

2268 1654 2551 1727 prepheta
2573 1656 2593 1687 ‘
2625 1671 2792 1708 mons
2817 1659 3129 1724 corruptus
3156 1653 3502 1724 appellatur.
3530 1654 3596 1708 Et
3623 1669 3757 1709 cum
3789 1654 3921 1708 ani-

2269 1760 2425 1798 mam
2461 1744 2717 1798 hominis
2746 1744 3089 1814 possederit,
3113 1748 3168 1797 ct
3202 1743 3257 1796 in
3292 1759 3357 1797 ea
3390 1742 3565 1797 fuerit
3595 1742 3918 1810 radioatus,

2268 1849 2333 1888 ac
2364 1832 2664 1903 apostolis,
2696 1836 2752 1887 et
2782 1832 2875 1887 his
2907 1832 3004 1903 qui
3038 1831 3259 1886 similes
3309 1831 3706 1903 apostolorum
3755 1838 3916 1899 sunt,

2266 1922 2567 1976 transferri
2625 1926 2818 1992 potest
2866 1921 2923 1975 in
2976 1937 3158 1987 mare,
3192 1920 3301 1975 hoc
3349 1926 3456 1989 est,
3491 1921 3548 1975 in
3582 1920 3707 1976 loca
3737 1920 3915 1989 salsa,

2266 2016 2323 2067 et
2355 2011 2717 2075 fluctuantia,
2751 2015 2807 2065 et
2836 2027 3056 2075 amara,
3090 2028 3217 2081 quae
3250 2008 3476 2065 nullam
3523 2010 3742 2066 habent
3788 2011 3921 2066 dul-

2266 2099 2529 2155 eedinem
2585 2100 2679 2155 Dei
2712 2101 2751 2153 ‘.
2805 2099 3065 2170 Idipsum
3122 2104 3179 2153 et
3226 2099 3283 2154 in
3344 2098 3593 2154 Psalmis
3649 2099 3915 2172 legitur:

2265 2190 2379 2244 Non
2412 2190 2723 2244 timebimus
2754 2189 2886 2243 dum
2918 2189 3229 2244 turbabitur
3272 2196 3438 2258 terra,
3470 2197 3521 2243 et
3562 2188 3919 2261 transferen-

2267 2288 2361 2332 tur
2388 2287 2596 2333 montes
2628 2281 2683 2333 in
2715 2295 2807 2333 cor
2838 2280 3007 2332 maris
3037 2278 3210 2347 (Psal.
3243 2294 3366 2343 ην,
3400 2279 3476 2348 3).

2337 2367 2521 2435 (Vers.
2555 2368 2670 2437 23.)
2720 2389 2746 2416 ‹‹
2781 2368 2849 2421 Et
2897 2383 3031 2421 cum
3080 2366 3333 2421 venisset
3380 2365 3438 2421 in
3485 2365 3791 2439 templum,
3827 2385 3922 2422 ac-

2266 2456 2570 2511 cesserunt
2600 2457 2669 2511 ad
2715 2474 2846 2511 eum
2880 2457 3182 2511 docentem
3217 2456 3511 2527 principes
3544 2458 3919 2513 sacerdotum

2264 2550 2323 2600 et
2352 2546 2613 2601 seniores
2650 2546 2870 2618 populi,
2904 2546 3199 2601 dicentes:
3238 2546 3296 2599 In
3332 2562 3447 2617 qua
3477 2551 3765 2617 potestate
3796 2546 3921 2601 hazc

2264 2634 2405 2689 facis
2426 2634 2454 2688 ?
2486 2636 2555 2690 Et
2581 2636 2716 2706 quis
2746 2635 2846 2689 tibi
2874 2635 3033 2689 dedit
3063 2634 3213 2689 hanc
3246 2639 3590 2706 potestatem
3614 2636 3641 2689 ‘I
3665 2659 3692 2684 »
3727 2636 3922 2692 Diver-

2264 2723 2345 2777 sis
2368 2724 2560 2778 verbis
2581 2724 2844 2779 eamdem
2869 2740 3047 2795 quam
3071 2741 3251 2795 supra
3267 2723 3623 2780 calumniam
3649 2729 3918 2795 struunt,

2263 2813 2495 2881 quando
2527 2813 2678 2868 169
2712 2813 2983 2867 dixerunt
3023 2830 3037 2867 :
3093 2813 3154 2866 In
3186 2814 3479 2868 Beelzebub
3513 2816 3766 2886 principe
3795 2815 3917 2872 da?-

2260 2903 2575 2956 mom’orum
2624 2903 2773 2972 ejicit
2820 2902 2909 2956 hic
2949 2902 3240 2958 damento.
3277 2904 3425 2974 (Luc.
3458 2921 3535 2973 x1,
3572 2905 3678 2975 15).
3711 2907 3913 2968 Quan-

2262 2991 2336 3044 do
2370 2990 2525 3045 enim
2567 2991 2815 3046 dicunt:
2865 2992 2925 3046 In
2972 3009 3081 3063 qua
3126 2996 3389 3063 potestate
3437 2993 3554 3051 haec
3603 2996 3788 3063 facis?
3836 2995 3917 3049 de

2262 3079 2357 3134 Dei
2388 3080 2655 3135 dubitant
2688 3085 2995 3151 potestate,
3027 3086 3084 3135 et
3116 3080 3476 3155 subintelligi
3528 3081 3732 3141 volunt
3774 3082 3917 3138 dia-

2262 3167 2379 3223 boli
2412 3185 2539 3224 esse
2571 3170 2723 3241 quod
2758 3171 2951 3226 faciat.
2985 3171 3276 3225 Addentes
3315 3187 3550 3243 quoque
3585 3188 3597 3228 :
3644 3173 3775 3241 Quis
3807 3173 3920 3228 tibi

2260 3258 2407 3313 dedit
2436 3260 2577 3313 hanc
2603 3266 2923 3329 potestatem
2944 3262 2971 3313 ?
3010 3259 3491 3316 manifestissime
3540 3260 3644 3317 Dei
3695 3260 3919 3318 Filium

2268 3352 2502 3417 negant,
2536 3365 2711 3419 quem
2743 3353 2956 3421 putant
2986 3365 3099 3405 non
3132 3349 3255 3405 suis
3293 3349 3536 3420 viribus,
3570 3351 3669 3407 sed
3701 3349 3916 3409 alienis

2270 3436 2438 3507 signa
2472 3440 2677 3493 facere.

2340 3530 2523 3596 (Vere.
2581 3529 2651 3582 24
2708 3529 2897 3599 seqq.)
2956 3547 2984 3577 «
3030 3527 3409 3600 Respondeas
3465 3532 3657 3585 autem
3714 3529 3918 3598 Jesus,

2268 3617 2414 3673 dixit
2459 3618 2589 3672 eis:
2644 3617 3018 3689 Interrogabo
3065 3633 3165 3672 vos
3215 3622 3272 3672 et
3318 3633 3424 3690 ego
3467 3635 3651 3675 unum
3690 3635 3921 3676 sermo-

2269 3724 2427 3773 nem,
2461 3722 2632 3778 quem
2670 3706 2717 3760 si
2749 3705 3013 3761 dixeritis
3045 3706 3211 3773 mihi,
3253 3710 3311 3762 et
3357 3723 3462 3779 ego
3507 3708 3673 3765 vobis
3719 3709 3920 3768 dicam

2269 3797 2327 3850 in
2381 3811 2499 3865 qua
2553 3799 2838 3866 potestate
2891 3794 3010 3849 haec
3063 3795 3229 3850 facio.
3281 3796 3618 3868 Baptismus
3668 3799 3914 3856 Joannis

2269 3885 2425 3940 unde
2472 3888 2616 3951 erat,
2649 3900 2679 3939 e
2737 3884 2879 3939 coalo
2918 3900 2992 3940 an
3031 3900 3099 3939 ex
3130 3884 3517 3941 hominibus?
3540 3888 3613 3942 At
3641 3885 3725 3943 illi
3757 3888 3927 3961 cogi-

2268 3975 2475 4029 tabant
2503 3973 2657 4028 inter
2686 3990 2766 4039 se,
2800 3973 3061 4030 dicentes
3095 3990 3108 4029 :
3162 3973 3221 4030 Si
3251 3974 3571 4031 dixerimus
3604 3992 3618 4031 :
3668 3976 3709 4033 E
3750 3978 3921 4045 caelo,

2269 4063 2421 4119 dicet
2469 4063 2684 4117 nobis:
2739 4064 2926 4129 Quare
2972 4079 3108 4135 ergo
3150 4080 3263 4118 non
3308 4064 3637 4120 credidistis
3668 4064 3804 4120 illi?
3858 4066 3919 4122 Si

2270 4158 2466 4209 autem
2491 4152 2843 4207 dixerimus:
2870 4153 2949 4207 Ex
2970 4151 3331 4223 hominibus,
3354 4154 3637 4210 timemus
3659 4156 3924 4214 turbam.

2268 4242 2485 4297 Omnes
2515 4241 2671 4296 enim
2703 4240 2994 4296 habebant
3021 4240 3308 4297 Joannem
3342 4242 3497 4298 sicut
3543 4243 3918 4317 prophetam.

2270 4331 2336 4385 Et
2367 4330 2785 4401 respondentes
2816 4330 2977 4401 Jesu,
3010 4330 3283 4386 dixerunt
3315 4349 3328 4386 :
3375 4331 3703 4390 Nescimus.
3736 4354 3765 4383 ιι
3798 4334 3922 4391 Hoc

2268 4423 2357 4474 est
2386 4419 2539 4490 quod
2572 4417 2744 4490 vulgo
2775 4418 2991 4474 dicitur
3022 4436 3034 4473 :
3078 4418 3229 4475 Malo
3260 4420 3485 4476 arboris
3516 4421 3690 4487 nodo,
3725 4421 3923 4480 malus

2268 4508 2466 4565 clavus
2498 4512 2597 4563 aut
2627 4523 2849 4563 cuneus
2880 4506 3217 4580 infigeudus
3249 4512 3357 4565 est.
3393 4513 3628 4566 Poterat
3655 4511 3677 4546 ⁶
3718 4511 3922 4567 Domi-

2268 4616 2379 4655 nus
2405 4602 2605 4671 aperta
2627 4597 3005 4669 responsione
3026 4601 3381 4654 tentatorum
3406 4598 3761 4657 calumniam
3788 4617 3928 4658 con-

512 4683 808 4756 apostolos
840 4702 955 4741 non
988 4686 1264 4741 habuisse
1296 4686 1491 4754 ﬁdem,
1526 4688 1664 4759 quia
1707 4692 1940 4744 montes
1971 4694 2161 4743 trans-
2189 4703 2235 4768 ι)
2269 4687 2477 4753 tutare,
2511 4687 2611 4743 sed
2659 4687 2975 4758 prudenter
3030 4687 3367 4760 interrogat,
3401 4692 3464 4744 ut
3511 4704 3619 4744 suo
3661 4689 3797 4762 ipsi,
3831 4690 3924 4748 vel

512 4775 659 4829 ferre
707 4791 823 4829 non
869 4774 1182 4847 potuerint,
1215 4775 1436 4841 Quibus
1490 4793 1596 4833 nos
1643 4777 2150 4848 respondebimus,

511 4860 700 4917 multa
745 4863 897 4918 tacta
944 4880 1072 4919 esse
1119 4864 1289 4936 signa
1333 4883 1367 4919 a
1424 4866 1879 4937 Domino,juxta
1908 4865 2153 4921 Joannis

509 4949 876 5023 evangelista:
899 4953 1323 5019 testimonium,
1348 4971 1476 5025 qua:
1500 4955 1721 5026 scripta
1746 4959 1962 5022 essent,
1989 4972 2153 5010 mun-

506 5041 621 5097 dus
671 5057 875 5113 capere
922 5058 1035 5097 non
1083 5049 1280 5114 posset
1326 5044 1658 5113 (Joau.xx1,
1692 5045 1803 5115 25).
1859 5044 1985 5100 Non
2035 5060 2152 5115 quo

509 5131 765 5187 mundus
813 5130 1109 5186 volumina
1158 5148 1361 5203 capere
1409 5149 1524 5188 non
1577 5133 1848 5205 potuerit,
1882 5150 2009 5203 quas
2057 5149 2153 5206 p0-

504 5225 639 5290 test,
674 5220 943 5294 quamvis
974 5220 1327 5293 multiplicia
1358 5222 1497 5289 sint,
1531 5238 1715 5278 unum
1746 5221 2148 5291 armariolum,

580 5435 838 5491 ‘Confer
882 5434 1322 5500 Adamantium,
1372 5435 1524 5491 hanc
1572 5437 1643 5491 de
1699 5438 1880 5491 sterili
1926 5437 2145 5494 Judae-

507 5506 953 5579 rum_Synagoga
983 5509 1232 5579 ﬁguram
1264 5506 1534 5579 pluribus
1565 5507 2002 5564 edisserentem.

576 5577 597 5653 ξ
628 5576 1052 5653 :I‘resPalatini
1080 5597 1222 5635 mss.
1256 5576 1385 5653 auia
1417 5596 1519 5651 pro
1552 5595 1690 5653 qum.

575 5646 597 5730 ξ
626 5647 691 5730 in
725 5648 947 5730 aliquot
978 5668 1163 5730 m_ss.,_
1181 5646 1433 5730 Tol—lete,
1454 5646 1563 5706 etc.

575 5716 925 5800 ‘Xictoriqs
974 5722 1074 5792 ait,
1096 5794 1111 5800 _
1133 5716 1413 5800 Jeremize'
1451 5740 1578 5800 XLI,
1599 5716 1724 5800 ὅρος
1760 5719 2146 5800 διεφθαρμένον

498 5790 797 5862 scribitur,
831 5792 929 5849 ubi
960 5790 1066 5852 nos
1096 5794 1405 5868 habemus,
1434 5790 1683 5870 pesti/er.

2264 4776 2517 4841 silentio,
2577 4775 2665 4829 vel
2724 4775 3014 4831 sententia
3080 4776 3564 4833 condemnentur.
3627 4777 3687 4833 Si
3756 4780 3922 4836 enim

2261 4864 2706 4937 respondissent
2759 4864 3056 4936 baptisma
3095 4864 3340 4921 Joannis
3378 4864 3517 4923 esse'
3538 4866 3609 4923 de
3638 4866 3783 4924 ccslo
3830 4869 3923 4941 (ut

2261 4955 2375 5027 ipsi
2404 4954 2695 5026 sapientes
2717 4954 2775 5009 in
2800 4953 3025 5010 malitia
3047 4959 3522 5027 pertractarunt),
3547 4972 3915 5029 consequens

2261 5048 2386 5101 erat
2429 5043 2775 5114 responsio:
2826 5045 3014 5110 Quare
3069 5059 3208 5117 ergo
3264 5061 3378 5101 non
3436 5045 3577 5101 estis
3634 5045 3914 5119 baptizati

2260 5150 2295 5191 a
2322 5134 2544 5189 Joanne
2560 5133 2587 5188 ?
2616 5133 2675 5188 Si
2701 5133 2891 5188 dicere
2912 5131 3260 5199 voluissent,
3287 5133 3549 5191 humana
3568 5135 3913 5210 deceptione

2259 5239 2388 5279 esse
2417 5221 2828 5295 compositum,
2862 5226 2917 5277 et
2947 5221 3091 5277 nihil
3125 5221 3404 5280 habuisse
3434 5223 3724 5295 divinum,
3760 5226 3914 5283 sedi-

2329 5439 2351 5473 ⁸
2381 5437 2620 5511 Vulgati
2650 5435 2787 5492 olim
2819 5435 2951 5493 libri
2994 5436 3319 5512 addebant,
3336 5442 3391 5512 et
3419 5439 3569 5512 apud
3599 5440 3912 5500 incredulo-

2258 5526 2385 5565 rum
2413 5509 2664 5586 mentem,
2698 5513 2765 5563 ut
2784 5524 3080 5586 porcorum
3106 5509 3214 5565 duo
3241 5509 3746 5586 mittia_'suﬂocari,
3781 5530 3914 5586 quas

2259 5598 2403 5664 mss.
2428 5582 2695 5636 codicum
2722 5582 2947 5636 monitu
2980 5585 3115 5636 ante
3146 5596 3252 5637 nos
3281 5581 3655 5640 Martianaaus
3683 5581 3911 5659 expun-

2256 5658 2361 5757 Χιὲ
2382 5723 2549 5795 Rab.,
2584 5723 2673 5778 sed
2699 5733 2990 5796 propterea
3022 5724 3349 5797 interrogat,
3381 5725 3617 5783 rectius.
