4182 6590
295 496 403 554 161

801 490 1318 556 COMMENTAR.
1364 496 1443 556 IN
1487 491 2004 589 EVANGELIUM
2048 492 2432 557 MATTHIEI
2477 498 2630 560 LlB.
2677 498 2779 559 ΙΙΙ.
2827 498 2997 560 CAP.
3044 497 3197 561 XXI.

3596 500 3709 568 162

289 630 515 685 tionem
546 626 743 702 populi
778 626 1193 683 formidabant.
1218 627 1435 684 Omnes
1466 627 1621 685 enim
1656 628 1941 702 gregatim
1972 627 2029 697 Α
2057 627 2246 701 legem
2280 646 2340 685 se
2371 629 2470 685 Dei
2520 631 2705 687 facere
2729 633 3053 704 jactabant,
3087 634 3331 690 Joannis
3372 642 3713 711 contempto

293 717 705 775 multitudines
754 717 999 772 Joannis
1048 722 1384 790 receperant
1414 719 1711 791 baptisma
1760 724 1816 773 et
1862 718 1944 774 sic

293 824 431 864 eum
458 807 753 862 habebant
783 810 847 861 ut
870 806 1238 878 prophetam.
1272 808 1587 879 Respondit
1620 810 1817 880 itaque
1840 807 1946 862 im-

295 895 563 968 piissima
616 893 808 958 factio,
842 898 899 948 et
946 893 1300 951 humilitatis
1330 897 1522 962 verbo,
1559 913 1673 968 quo
1722 898 1945 952 nescire

295 1001 358 1041 se
388 984 623 1049 diceret,
656 999 766 1039 usa
797 988 887 1038 est
917 984 988 1040 ad
1030 983 1277 1039 insidias
1319 986 1692 1057 coaptandas.

367 1073 552 1145 (Vers,
584 1074 699 1144 27.)
736 1096 756 1121 α
792 1072 885 1127 Ait
915 1072 1034 1128 illis
1067 1078 1123 1129 et
1151 1073 1314 1147 ipse:
1351 1075 1464 1131 Nec
1495 1092 1600 1147 ego
1631 1075 1760 1131 dico
1782 1076 1947 1130 vobis

295 1162 355 1218 in
388 1180 505 1235 qua
553 1166 839 1236 potestate
889 1162 1011 1218 haec
1043 1162 1211 1218 facio.
1247 1185 1275 1213 »
1306 1162 1396 1217 Illi
1448 1163 1507 1219 in
1538 1181 1604 1219 eo
1658 1165 1813 1235 quod
1848 1180 1947 1219 ne-

296 1253 445 1309 scire
492 1269 554 1309 se
603 1253 1046 1325 responderant,
1083 1252 1311 1308 mentiti
1361 1258 1499 1309 sunt
1533 1270 1547 1309 :
1582 1271 1947 1326 consequens

295 1359 433 1415 ergo
486 1346 612 1398 erat
649 1343 817 1411 juxta
867 1342 1309 1414 responsionem
1379 1359 1581 1398 eorum
1631 1344 1945 1399 Dominum

293 1447 528 1504 quoque
566 1430 777 1487 dicere.
810 1431 923 1487 Nec
973 1446 1079 1502 ego
1106 1432 1267 1499 scio;
1301 1432 1403 1487 sed
1453 1433 1687 1487 mentiri
1718 1432 1946 1488 Veritas

296 1537 416 1576 non
449 1523 660 1592 potest,
692 1524 749 1575 et
791 1519 871 1575 ait
900 1536 913 1573 :
948 1519 1055 1575 Nec
1100 1535 1196 1591 ego
1225 1519 1346 1576 dico
1376 1521 1546 1577 vobis.
1583 1526 1659 1576 Ex
1709 1538 1822 1594 quo
1853 1538 1945 1577 os-

295 1609 488 1665 tendit
536 1614 594 1664 et
639 1608 771 1665 illos
818 1609 985 1677 scire,
1015 1609 1118 1665 sed
1169 1610 1519 1681 respondere
1575 1610 1750 1676 nolle,
1783 1615 1840 1666 et
1886 1627 1947 1666 se

295 1714 492 1763 nosse,
524 1701 582 1753 et
612 1697 741 1752 ideo
771 1713 886 1753 non
920 1696 1129 1765 dicere,
1165 1697 1304 1769 quia
1333 1697 1418 1753 illi
1452 1699 1606 1771 quod
1639 1699 1837 1755 sciunt
1870 1704 1950 1755 ta-

295 1793 502 1855 ceant;
535 1791 592 1843 et
620 1786 819 1843 statim
850 1786 1024 1843 infert
1054 1788 1413 1859 parabolam,
1438 1805 1563 1859 qua:
1584 1794 1641 1845 et
1671 1789 1801 1845 illos
1834 1791 1945 1845 im-

295 1876 530 1950 pietatis
580 1880 807 1949 arguat,
836 1870 895 1932 et
942 1875 1013 1932 ad
1063 1882 1265 1948 gentes
1307 1893 1554 1950 regnum
1607 1878 1703 1934 Dei
1743 1878 1947 1935 doceat

297 1966 794 2024 transferendum.

371 2058 551 2130 (Vers.
581 2058 653 2111 28
682 2059 873 2129 seqq.)
913 2057 1068 2112 I70
1100 2079 1128 2107 «
1162 2056 1310 2123 Quid
1359 2062 1553 2113 autem
1586 2058 1751 2114 vobis
1783 2058 1943 2114 vide-

297 2148 432 2204 tur?
449 2147 631 2204 Homo
670 2147 910 2219 quidam
929 2146 1181 2202 habebat
1214 2147 1362 2203 duos
1386 2147 1566 2215 ﬁlios;
1591 2152 1648 2203 et
1663 2149 1945 2205 accedens

297 2238 371 2294 ad
416 2236 693 2310 primum,
742 2235 890 2291 dixit
939 2254 952 2292 :
1005 2235 1130 2306 Fili,
1184 2236 1328 2292 vade
1375 2236 1548 2292 hodie
1599 2253 1837 2309 operare
1884 2237 1944 2293 in

294 2328 466 2383 vinea
496 2343 644 2383 mea.
679 2324 780 2382 Ille
810 2330 1006 2381 autem
1040 2326 1419 2397 respondens,
1449 2327 1530 2381 ait
1561 2344 1574 2381 :
1609 2326 1772 2382 Nolo.
1807 2328 1944 2384 Pos-

293 2422 390 2472 tea
419 2421 615 2472 autem
666 2414 1011 2488 poenitentia
1061 2420 1278 2482 motus,
1310 2414 1471 2470 abiit.
1504 2417 1798 2472 Accedens
1837 2435 1946 2473 au-

294 2510 417 2562 tem
447 2506 519 2562 ad
547 2504 816 2571 alterum,
846 2504 990 2559 dixit
1021 2504 1309 2560 similiter.
1333 2507 1406 2560 At
1432 2504 1532 2562 ille
1562 2507 1942 2578 respondens,

294 2595 379 2651 ait
409 2612 423 2651 :
457 2595 557 2665 Eo,
587 2593 846 2661 domine,
877 2598 934 2649 et
963 2610 1076 2649 non
1111 2592 1231 2648 ivit.
1265 2592 1404 2657 Quis
1435 2610 1503 2649 ex
1548 2594 1783 2651 duobus
1816 2595 1948 2651 fecit

296 2683 654 2741 voluntatem
705 2683 936 2758 patris?
979 2683 1048 2739 Et
1096 2684 1299 2740 dicunt
1338 2684 1387 2739 ei
1443 2700 1456 2740 :
1509 2684 1763 2741 Primus.
1797 2685 1948 2741 Dicit

294 2774 418 2830 illis
448 2774 641 2831 Jesus.
680 2797 701 2825 η
739 2774 807 2830 Hi
851 2776 991 2830 sunt
1022 2774 1136 2829 duo
1185 2772 1309 2841 filii,
1344 2773 1444 2845 qui
1475 2779 1531 2829 ct
1562 2775 1621 2830 in
1653 2775 1817 2831 Lucae
1850 2793 1950 2848 pa-

296 2864 500 2922 rabola
540 2865 987 2930 describuntur,‘
1007 2864 1160 2936 frugi
1189 2868 1248 2920 et
1290 2863 1630 2920 luxuriosus
1671 2866 1820 2937 (Luc.
1854 2883 1944 2935 xv,

296 2956 360 3010 11
392 2955 562 3027 seq.),
593 2959 650 3010 et
674 2954 744 3010 de
769 2954 986 3026 quibus
1005 2953 1314 3010 Zacharias
1344 2954 1627 3027 propheta
1654 2954 1944 3026 loquitur:

293 3047 584 3115 Assumpsi
631 3044 775 3100 mihi
802 3043 939 3101 duas
986 3045 1164 3115 virgas
1195 3063 1212 3099 :
1240 3061 1410 3100 unam
1454 3047 1643 3101 vocavi
1682 3045 1944 3115 decorem,

296 3140 353 3193 et
383 3136 618 3190 alteram
663 3135 851 3191 vocavi
893 3134 1232 3204 funiculum,
1263 3137 1314 3189 et
1356 3135 1487 3204 pavi
1514 3150 1731 3204 gregem
1762 3134 1945 3205 (Zach.

297 3242 380 3291 χι,
413 3225 490 3295 7).
525 3223 719 3280 Primo
758 3222 971 3279 dicitur
1002 3224 1016 3257 ¹
1049 3222 1357 3295 gentilium
1408 3222 1622 3295 populo
1653 3241 1753 3295 per
1786 3228 1951 3280 natu-

299 3308 442 3369 ralis
472 3313 617 3387 legis
645 3313 913 3369 notitiam
940 3330 952 3368 :
994 3312 1157 3379 Vade,
1186 3322 1240 3368 ct
1269 3329 1498 3385 aperare
1518 3315 1577 3368 in
1598 3316 1764 3370 vinea
1785 3331 1949 3370 mea:

2054 717 2425 787 baptismate,
2474 720 2575 775 Dei
2637 727 2920 793 praecepta
2954 724 3233 778 fecerunt.
3260 723 3420 779 Unde
3451 726 3592 782 dicit
3624 745 3636 782 :

2126 806 2310 863 (Vers.
2356 809 2469 879 32.)
2505 832 2531 859 υ
2564 808 2736 865 Venit
2783 810 2938 866 enim
2972 812 3043 867 ad
3078 829 3179 868 vos
3225 813 3484 870 Joannes
3525 816 3584 870 in
3613 817 3710 873 via

2047 895 2317 967 justitire,
2352 904 2409 953 et
2441 915 2554 953 non
2600 900 2930 955 credidistis
2962 901 3012 956 ei
3049 918 3061 956 :
3098 901 3393 973 publicani
3427 909 3623 960 autem
3656 909 3713 960 et

2057 986 2392 1042 meretrices
2440 988 2816 1044 crediderunt
2862 989 2911 1045 ei
2961 1006 2974 1045 :
3023 1007 3125 1045 vos
3174 996 3371 1047 autem
3420 992 3706 1060 videntes,

2057 1090 2164 1128 nec
2214 1076 2618 1146 pcenitentiam
2679 1076 2971 1134 habuistis
3022 1085 3224 1150 postea
3276 1085 3337 1135 ut
3395 1082 3711 1139 crederetis

2056 1164 2128 1218 ei.
2164 1185 2192 1211 ››
2225 1169 2400 1221 Porro
2450 1166 2605 1238 quod
2638 1166 2852 1222 dicitur
2884 1184 2896 1223 :
2935 1169 3064 1236 Quis
3088 1185 3158 1223 ea:
3204 1169 3415 1226 duobus
3441 1172 3572 1241 fecit
3620 1188 3711 1227 vo-

2056 1253 2329 1308 luntatem
2364 1257 2587 1326 patris?
2615 1260 2670 1310 et
2700 1254 2782 1309 illi
2831 1256 3038 1312 dicunt
3070 1275 3083 1313 :
3118 1260 3487 1325 Nouissimas,
3520 1260 3710 1317 scien-

2056 1342 2197 1397 dum
2230 1347 2318 1397 est
2348 1343 2406 1398 in
2455 1344 2605 1400 veris
2636 1345 2661 1381 ²
2687 1344 3119 1417 exemplaribus
3171 1364 3285 1403 non
3318 1348 3520 1405 haberi
3552 1350 3648 1405 17
3673 1354 3703 1407 8

2054 1433 2436 1498 novissimum,
2469 1434 2569 1489 sed
2614 1436 2882 1506 primum,
2929 1441 2995 1490 ut
3043 1437 3277 1510 proprio
3299 1437 3523 1508 judicio
3573 1456 3709 1495 con-

2057 1520 2432 1577 demnentur.
2464 1522 2518 1575 Si
2551 1528 2745 1577 autem
2798 1523 3186 1580 novissimum
3232 1525 3594 1583 voluerimus
3624 1527 3711 1584 1e-

2056 1625 2209 1680 gere,
2245 1611 2559 1667 manifesta
2600 1614 2688 1666 est
2736 1608 3140 1684 interpretatio
3174 1629 3186 1669 :
3224 1619 3287 1669 ut
3317 1615 3586 1673 dicamus
3617 1617 3711 1672 in-

2055 1698 2318 1770 telligere
2348 1701 2584 1771 quidem
2609 1699 2906 1756 veritatem
2925 1701 3162 1758 Judteos
3190 1720 3203 1770 ;
3238 1705 3339 1758 sed
3364 1705 3711 1777 tergiversa-

2056 1788 2127 1861 ri,
2160 1794 2217 1843 et
2257 1789 2406 1844 nolle
2438 1790 2629 1845 dicere
2679 1792 2834 1862 quod
2884 1791 3147 1847 sentiunt
3182 1808 3194 1848 :
3228 1793 3383 1848 sicut
3411 1799 3469 1849 et
3516 1795 3710 1868 bapti-

2056 1877 2277 1933 simum
2307 1877 2555 1934 Joannis
2605 1880 2855 1935 scientes
2903 1896 3032 1936 esse
3066 1882 3135 1936 de
3184 1880 3351 1952 coelo,
3384 1883 3575 1939 dicere
3610 1900 3709 1940 no-

1976 2008 2022 2072 B
2054 1967 2312 2024 luerunt.

2128 2057 2310 2128 (Vers.
2344 2058 2457 2129 33.)
2508 2081 2536 2107 ‹‹
2589 2056 2777 2114 Aliam
2828 2059 3165 2131 parabolam
3211 2061 3407 2117 audite
3457 2078 3471 2117 :
3524 2062 3712 2120 Homo

2057 2152 2179 2203 erat
2210 2145 2654 2219 paterfamilias,
2690 2148 2788 2220 qui
2822 2148 3106 2221 plantavit
3135 2149 3387 2217 vineam,
3420 2158 3476 2207 et
3506 2169 3702 2225 sepem

2056 2236 2443 2292 circumdedit
2469 2238 2542 2307 ei,
2565 2241 2622 2291 et
2654 2238 2796 2293 fodit
2824 2237 2883 2293 in
2915 2255 2982 2294 ea
3006 2238 3365 2306 torcular,.et
3396 2241 3703 2297 aedificavit

3790 1462 3953 1549 /

2056 2326 2290 2393 turrim,
2323 2330 2379 2382 et
2426 2325 2635 2381 locavit
2674 2343 2803 2382 eam
2854 2327 3147 2399 agricolis,
3181 2332 3239 2384 et
3286 2346 3524 2401 peregre
3572 2348 3703 2403 pro-
3769 2350 3867 2389 κβ

2056 2415 2243 2469 fectus
2286 2422 2392 2470 est.
2421 2438 2449 2465 ››
2486 2415 2599 2470 Hoc
2631 2420 2737 2485 est,
2772 2418 2926 2488 quod
2961 2416 3244 2473 Dominus
3288 2424 3594 2491 sumptum
3635 2421 3705 2477 de

2057 2505 2358 2576 proverbio
2409 2504 2758 2577 significavit
2792 2522 2803 2558 :
2850 2510 3066 2561 Durum
3096 2514 3174 2562 est
3217 2507 3475 2564 adversus
3504 2511 3705 2565 stimu-

2058 2594 2174 2648 lum
2219 2593 2526 2649 calcitrare
2555 2594 2690 2664 (Act.
2726 2611 2801 2659 ix,
2831 2595 2912 2666 5.)
2962 2595 3263 2668 Principes
3312 2598 3708 2666 sacerdotum,

2057 2691 2114 2737 et
2146 2684 2407 2738 seniores
2438 2683 2661 2755 populi,
2683 2682 2785 2754 qui
2818 2683 3319 2755 interrogaverant
3338 2686 3656 2743 Dominum
3695 2706 3709 2745 :

2060 2777 2124 2827 In
2151 2788 2260 2843 qua
2299 2776 2563 2843 potestate
2609 2771 2726 2828 hare
2771 2774 2912 2843 facis
2940 2791 2961 2827 :
2992 2777 3043 2829 et
3090 2776 3214 2844 quis
3242 2776 3353 2830 tibi
3391 2776 3541 2832 dedit
3570 2778 3712 2833 hanc

2052 2863 2503 2932 potestatemtet
2554 2859 2856 2917 voluerant
2885 2860 2945 2916 in
2994 2864 3168 2918 verbo
3219 2879 3426 2936 capere
3476 2866 3710 2938 sapien-

2057 2951 2223 3015 tiam,
2253 2966 2362 3004 sua
2381 2954 2502 3005 arte
2535 2954 2922 3021 superantur;
2957 2954 3014 3006 et
3033 2951 3358 3007 audiuntin
3391 2955 3705 3025 parabolis,

2061 3040 2215 3112 quod
2259 3044 2459 3111 aperta
2512 3039 2655 3095 facie
2685 3056 2801 3095 non
2843 3041 3221 3096 merebantur
3265 3042 3486 3099 audire.
3528 3046 3708 3100 Homo

2058 3129 2170 3185 iste
2200 3128 2644 3202 paterfamilias,
2676 3128 2801 3202 ipse
2833 3135 2921 3186 est
2952 3131 3053 3202 qui
3087 3130 3342 3187 habebat
3374 3134 3522 3189 duos
3553 3132 3707 3190 {ilics

2060 3220 2209 3290 (Luc.
2249 3236 2341 3290 xv,
2394 3220 2482 3286 11)
2528 3236 2542 3285 ;
2592 3222 2649 3275 et
2700 3220 2802 3291 qui
2852 3220 2908 3275 in
2943 3219 3057 3275 alia
3107 3221 3382 3292 parabola
3429 3224 3709 3280 conduxit

2062 3310 2357 3382 operarios
2404 3310 2464 3365 in
2511 3310 2743 3366 vineam
2794 3326 2962 3365 suam
3013 3310 3220 3381 (Matth.
3272 3328 3363 3381 xx,
3422 3314 3478 3380 2)
3532 3331 3546 3380 ;
3608 3314 3711 3386 qui

298 3404 412 3459 hoc
441 3383 554 3472 est,
583 3402 739 3475 quod
787 3402 894 3457 tibi
945 3419 1059 3458 non
1086 3403 1175 3458 vis
1224 3383 1368 3470 fieri,
1404 3402 1568 3458 alteri
1623 3421 1694 3458 ne
1747 3403 1951 3460 feceris
1982 3383 2024 3450 Ο
2064 3398 2348 3469 plantavit
2392 3400 2621 3454 vineam
2674 3399 2826 3470 (Luc.
2872 3415 2968 3466 xx,
3019 3399 3096 3469 9),
3143 3399 3214 3454 de
3262 3416 3376 3471 qua
3425 3406 3483 3456 et
3530 3383 3710 3457 Isaias

300 3493 444 3561 (Tob.
476 3509 552 3563 1v,
586 3492 695 3563 16).
729 3490 837 3554 Qui
881 3491 1131 3562 superbe
1179 3491 1481 3561 respondit
1512 3509 1524 3547 :
1558 3493 1706 3548 Nolo.
1744 3497 1953 3549 Postea

298 3596 437 3637 vero
468 3580 527 3635 in
576 3579 828 3634 adventu
874 3577 1213 3645 Salvatoris,
1243 3584 1371 3634 acta
1422 3578 1781 3653 poenitentia,
1817 3598 1951 3655 ope-

304 3673 468 3725 ratus
499 3672 588 3724 est
633 3666 692 3723 in
724 3666 894 3723 vinea
926 3667 1044 3735 Dei,
1076 3671 1132 3722 et
1181 3668 1471 3723 sermonis
1519 3670 1950 3726 contumaciam

302 3758 503 3814 labore
554 3755 820 3813 correxit.
871 3756 1174 3813 Secundus
1225 3765 1419 3812 autem
1474 3757 1655 3825 ﬁlius,
1699 3759 1953 3831 populus

302 3847 640 3904 Judaeorum
672 3850 780 3914 est,
816 3845 915 3917 qui
966 3846 1268 3918 respondit
1296 3846 1479 3921 Moysi
1514 3863 1527 3901 :
1564 3847 1765 3904 Omnia
1794 3864 1951 3920 qua-

303 3954 518 4008 cunque
543 3936 756 3991 dixerit
784 3936 1044 3991 Dominus
1071 3936 1337 4007 faciemus
1367 3936 1563 4009 (Exod.
1596 3954 1752 4007 xxxv,
1786 3939 1864 4010 3),
1898 3943 1955 3994 et

307 4044 424 4084 non
456 4026 558 4081 ivit
586 4026 646 4082 in
695 4026 946 4091 vineam,
980 4025 1139 4096 quia,
1173 4024 1475 4082 interfecto
1509 4028 1955 4099 patrisfamilias

307 4116 446 4183 tilio,
478 4132 540 4171 se
590 4114 811 4188 putavit
860 4113 1174 4170 hieredem.
1234 4113 1343 4169 Alii
1392 4132 1523 4171 vero
1576 4133 1691 4172 non
1748 4120 1957 4190 putant

304 4203 612 4278 gentilium
644 4207 700 4260 et
745 4203 1081 4259 Judaaorum
1132 4219 1260 4259 esse
1292 4205 1652 4276 parabolam,
1686 4208 1786 4263 sed
1819 4207 1957 4262 sim-

306 4293 534 4367 pliciter
588 4298 959 4365 peccatorum
1018 4297 1076 4348 et
1122 4293 1421 4364 justorum
1476 4312 1489 4350 :
1541 4294 1669 4367 ipso
1724 4313 1957 4368 quoque

304 4381 554 4438 Domino
616 4381 1074 4453 propositionem
1144 4397 1315 4437 suam
1361 4386 1563 4453 postea
1611 4384 1953 4440 disserente.

306 4474 551 4526 «Amen
603 4469 733 4527 dico
780 4470 965 4539 vobis,
999 4470 1139 4543 quia
1187 4470 1482 4543 publicani
1512 4477 1569 4528 et
1622 4476 1957 4530 meretrices

306 4561 636 4633 precedent
684 4577 786 4616 vos
816 4560 873 4615 in
928 4576 1106 4633 regno
1155 4561 1341 4617 Dei.»
1383 4562 1461 4617 Eo
1512 4564 1665 4633 quod
1718 4562 1801 4618 illi
1857 4564 1958 4637 qui

304 4667 410 4724 per
449 4650 603 4706 mala
653 4667 830 4723 opera
880 4651 991 4706 Deo
1039 4667 1103 4706 se
1150 4651 1364 4707 servire
1412 4657 1785 4724 negaverant,
1819 4670 1952 4725 pos-

306 4745 403 4797 tea
447 4740 797 4812 paenitentiae
846 4740 1210 4813 baptismum
1260 4741 1588 4813 acceperint
1636 4758 1671 4796 a
1711 4741 1958 4799 Joanne.

308 4828 588 4885 Pharisaei
649 4834 862 4899 autem,
922 4829 1023 4901 qui
1088 4829 1387 4901 justitiam
1441 4830 1847 4903 praeferebant,
1904 4838 1963 4890 et

382 4992 400 5064 ἕ
431 4994 564 5046 Hinc
594 4990 733 5046 item
764 5007 832 5047 ex
874 4991 1224 5047 Adamantio
1254 4995 1469 5061 repete,
1502 5008 1673 5064 quem
1706 4993 1800 5049 hic
1831 4993 1961 5050 des-

310 5063 535 5120 cribere
566 5079 681 5119 non
711 5068 898 5119 vacat.

381 5137 404 5169 ²
438 5135 604 5206 Rab.,
657 5136 720 5189 in
774 5135 1064 5191 veteribus.
1117 5136 1189 5191 Et
1232 5136 1505 5191 veteribus
1562 5136 1797 5206 quidem
1859 5153 1962 5208 pro

305 5208 456 5280 veris
487 5208 741 5280 positum
773 5210 876 5263 abs
907 5207 1254 5280 Hieronymo
1288 5224 1635 5280 persuasum
1666 5213 1756 5280 est
1786 5207 1961 5264 etiam

310 5279 460 5336 mihi
487 5277 607 5350 Erut
635 5277 776 5350 quid
810 5280 988 5345 enim,
1022 5281 1072 5335 si
1097 5277 1225 5335 vera
1254 5277 1379 5335 tum
1406 5280 1644 5334 demum
1670 5278 1769 5334 illa
1797 5286 1965 5335 erant

308 5349 668 5424 exemplaria
697 5367 827 5423 (μω
871 5353 1125 5423 primum
1170 5352 1575 5424 praeferebant,
1611 5355 1788 5423 atque
1819 5352 1962 5424 adeo

307 5421 517 5552 galeata
568 5421 671 5477 illa
716 5421 887 5478 erant
939 5440 1066 5495 qua;
1125 5421 1387 5479 ferebant
1429 5421 1782 5489 novissimus,
1838 5423 1964 5495 ipse

366 5497 701 5552 ieronvmus
749 5496 807 5549 in
862 5496 1159 5552 nronosita
1208 5496 1474 5552 pericone
1525 5495 1698 5549 habet
1735 5496 1964 5550 nouissi-

366 5497 701 5568 ieronymus
749 5496 807 5549 in
862 5496 1159 5568 proposita
1208 5496 1474 5568 pericope
1525 5495 1698 5549 habet
1735 5496 1966 5550 nouissi-

310 5584 434 5623 mus
453 5567 481 5623 Ἰ
511 5566 619 5640 cur
637 5566 996 5640 interpolata
1046 5566 1403 5640 exemplaria
1451 5569 1702 5640 praefert,
1733 5572 1790 5621 et
1820 5569 1963 5623 veris

311 5636 661 5711 anteponit?
694 5636 971 5711 Veteribus
1017 5636 1234 5695 autem'
1267 5640 1318 5694 si
1365 5636 1618 5711 scripsit,
1668 5644 1963 5709 utcunque

311 5728 375 5768 se
417 5709 511 5767 res
558 5709 706 5765 bene
737 5710 933 5783 habet,
966 5716 1023 5783 et
1051 5717 1298 5783 utraque
1349 5709 1555 5783 esponi
1587 5710 1754 5766 lectio
1786 5726 1965 5766 mere-

313 5789 431 5854 tur,
465 5798 714 5855 quarum
748 5781 931 5857 altera
979 5782 1027 5837 si
1059 5800 1093 5838 a
1121 5781 1743 5857 corruptiscodicibus
1771 5782 1961 5857 expri-

314 5854 572 5917 meretur
599 5870 704 5912 cur
733 5870 795 5912 se
825 5855 884 5911 S.
915 5858 1089 5912 Pater
1116 5854 1202 5912 illi
1247 5854 1602 5931 explicanda
1634 5854 1823 5915 fusius
1848 5854 1960 5912 dif-

2064 3488 2405 3559 plenissime
2450 3504 2552 3559 per
2592 3487 2897 3543 Canticum
2948 3487 3229 3558 loquitur,
3261 3489 3335 3543 ad
3381 3494 3707 3546 extremum

2062 3576 2365 3632 inferens:
2404 3578 2567 3632 Vinea
2614 3577 2836 3632 Domini
2881 3576 3138 3642 Sabaoth,
3172 3578 3367 3632 domus
3415 3579 3587 3635 Israel
3633 3589 3718 3635 est

2062 3670 2190 3744 (Isa.
2225 3685 2280 3735 v,
2310 3668 2387 3740 7).
2423 3669 2492 3724 Et
2545 3654 2611 3722 in.
2658 3666 2887 3723 Psalmo
2921 3684 2935 3723 :
2976 3669 3197 3723 Vineam
3244 3668 3307 3723 de
3337 3670 3594 3741 AEgypto,
3628 3669 3717 3725 in-

2062 3759 2208 3830 quit,
2257 3758 2639 3814 transtulisti:
2686 3758 2897 3829 ejecisti
2939 3766 3143 3829 gentes,
3175 3762 3229 3814 et
3273 3758 3549 3829 plantasti
3584 3777 3713 3817 eam

2064 3849 2240 3920 (Psal.
2276 3865 2462 3913 Lxx1x,
2494 3848 2570 3919 9).
2610 3848 2672 3902 Et
2718 3863 2898 3919 sepem
2945 3847 3301 3903 circumdedit
3342 3850 3416 3915 ei,
3448 3848 3535 3905 vel
3585 3866 3713 3906 mu-

2064 3955 2195 3993 rum
2220 3938 2383 3993 urbis
2405 3937 2491 3992 vel
2525 3936 2866 4009 angelorum
2891 3937 3145 3993 auxilia:
3171 3941 3222 3992 et
3250 3937 3391 4009 fodit
3423 3940 3484 3994 in
3510 3957 3581 3997 ea
3606 3942 3716 3995 tor-

2061 4029 2239 4093 cular,
2265 4033 2365 4081 aut
2386 4025 2587 4091 altare,
2611 4031 2715 4080 aut
2736 4024 2835 4080 illa
2866 4025 3205 4093 toreularia,
3228 4043 3475 4097 quorum
3510 4034 3567 4083 et
3597 4032 3716 4083 tres

2030 4116 2280 4187 .Psalmi
2328 4115 2500 4170 titulo
2549 4118 2948 4185 praenotantur
2991 4132 3003 4169 :
3054 4120 3290 4171 octavus
3339 4121 3395 4171 et
3437 4119 3719 4190 octogesi-

2066 4223 2219 4275 mus,
2254 4209 2311 4261 et
2341 4201 2731 4275 octogesimus
2774 4201 3002 4258 tertius.
3043 4205 3107 4258 Et
3135 4203 3435 4273 aediﬁcavit
3464 4208 3667 4261 turrim
3700 4223 3719 4261 :

2064 4297 2223 4352 haud
2274 4293 2520 4350 dubium
2573 4291 2714 4365 quin
2764 4291 3073 4362 templum,
3107 4292 3177 4347 de
3210 4308 3325 4364 quo
3372 4291 3587 4348 dicitur
3619 4310 3722 4365 per

2066 4384 2365 4441 Michaeam
2399 4400 2411 4438 :
2448 4383 2512 4437 Et
2554 4388 2637 4447 tu,
2671 4389 2777 4436 tun
2796 4383 2843 4436 is
2893 4381 3174 4448 nebulosa,
3204 4380 3327 4451 ﬁlia
3374 4380 3502 4437 Sion
3536 4382 3716 4454 (Mich.

2071 4491 2145 4541 1v,
2185 4475 2266 4545 8).
2306 4474 2372 4528 Et
2424 4470 2626 4527 locavit
2672 4486 2795 4526 eam
2842 4471 3121 4542 agricolis,
3154 4487 3302 4543 quos
3355 4470 3495 4527 alibi
3538 4472 3719 4529 vineae

2068 4562 2364 4635 Operarios
2410 4559 2771 4634 appellavit:
2820 4560 2921 4631 qui
2971 4560 3243 4616 conducti
3292 4561 3526 4617 fuerant
3579 4562 3723 4618 hora

2070 4652 2279 4726 prima,
2336 4652 2529 4715 tertia,
2586 4653 2769 4719 sexta,
2823 4666 2978 4706 nona
3031 4654 3089 4705 et
3140 4651 3454 4707 undecima
3508 4653 3717 4725 (Matth.

1993 4761 2037 4826 D
2068 4759 2162 4807 xx,
2196 4743 2246 4807 1,
2278 4741 2332 4808 3,
2363 4741 2419 4807 5,
2451 4740 2529 4809 6).
2581 4741 2645 4794 Et
2686 4756 2915 4811 peregre
2958 4740 3241 4816 profectus
3287 4745 3363 4797 est
3392 4760 3412 4798 :
3443 4747 3552 4810 est,
3603 4759 3718 4798 non

2075 4831 2185 4887 loci
2220 4829 2543 4885 mutatione
2568 4848 2583 4897 ;
2607 4845 2742 4883 nam
2768 4834 2916 4885 Deus
2940 4829 3095 4885 unde
3124 4831 3330 4887 abesse
3357 4836 3573 4904 potest,
3605 4847 3721 4904 quo

2077 4992 2343 5046 funderet
2399 5006 2512 5045 non
2565 4989 2886 5062 oportebat.
2920 4989 3067 5047 Vide
3120 4991 3388 5049 Sabater.
3440 5023 3508 5034 -—
3556 4991 3721 5047 Nunc

2072 5063 2348 5137 legimus,
2371 5062 2705 5137 ‘Phari‘saeos
2735 5062 2806 5116 de
2836 5063 3065 5119 seniore
3114 5064 3233 5119 sive
3266 5064 3723 5137 primorespon-

2074 5134 2206 5190 sum
2251 5134 2503 5207 dedisse.
2537 5134 2687 5188 Sunt
2736 5139 2933 5207 autem
2984 5152 3054 5207 ex
3083 5134 3345 5207 antiquis
3376 5134 3487 5207 qui
3524 5134 3720 5203 deju-

2076 5209 2236 5262 niore
2268 5206 2514 5278 legerint
2542 5206 2786 5261 dictum.
2820 5205 2879 5261 S.
2919 5206 3172 5263 Hilarius
3204 5205 3262 5262 in
3288 5205 3446 5261 hunc
3476 5205 3665 5278 locum
3704 5220 3716 5256 :

2075 5279 2270 5334 Dicunt
2298 5276 2572 5333 voluntati
2610 5279 2892 5348 juniorem
2924 5279 3196 5334 abet/isse.
3239 5278 3456 5348 Nempe
3487 5276 3719 5347 vulgata

2072 5351 2242 5406 lectio
2291 5355 2418 5404 tum
2468 5348 2748 5421 temporis
2796 5354 2919 5404 erat
2967 5352 3349 5405 novissimus:
3383 5364 3508 5421 qua:
3553 5354 3610 5400 et
3658 5348 3717 5421 in

2115 5426 2428 5487 ervetusto,
2483 5438 2685 5493 quem,
2715 5421 2967 5476 subinde
3015 5422 3347 5493 laudamus,
3376 5420 3715 5493 _Ve_ronensi

2115 5440 2428 5487 ervetusw,
2483 5440 2658 5493 quem
2715 5440 2967 5476 suoinoe
3015 5440 3347 5485 laudamus,
3410 5440 3715 5473 veronensi

2074 5440 2519 5565 Evangeliorum
2562 5492 2760 5565 codice
2808 5492 2998 5547 durat.
3035 5488 3423 5565 Nescio__quis
3467 5490 3603 5546 huic
3637 5500 3717 5545 ia-

2075 5584 2207 5621 men
2239 5562 2536 5620 consonus
2585 5564 2749 5619 locus
2797 5570 3078 5635 tanquam
3130 5579 3198 5635 ex
3232 5562 3577 5635 Hieronymo
3622 5580 3716 5619 re-

2076 5638 2257 5693 fertur
2307 5638 2365 5691 in
2426 5640 2633 5692 Catena
2681 5637 2858 5691 Aurea
2904 5634 2997 5705 qui
3050 5634 3177 5687 fecit
3234 5634 3475 5689 Erasmo
3525 5635 3716 5690 denuo

2075 5708 2493 5782 suspicionem,
2515 5724 2659 5782 cum
2695 5707 2754 5761 in
2788 5708 2877 5782 his
2923 5706 3371 5782 Commentariis
3422 5723 3534 5782 non
3567 5708 3721 5763 inve-

2076 5776 2293 5864 niatur,
2318 5781 2472 5864 quod
2504 5779 2724 5864 fuerint
2748 5795 2789 5864 ρ
2818 5776 3116 5864 fastidiose
3150 5777 3425 5864 quopiam
3456 5778 3597 5837 olim
3627 5782 3721 5839 de-

2075 5847 2308 5912 certati.
2334 5847 2662 5911 Praestabat
2688 5850 2866 5910 fidem
2893 5847 3121 5908 Catenae
3151 5847 3459 5927 denegare.
