4182 6568
509 471 625 530 163

1753 457 1816 516 S.
1862 451 2176 516 EUSEBll
2225 449 2668 512 ΙΗΕΠΟΝΥΜΙ

3797 453 3918 514 164

503 597 872 670 complentur
893 595 1128 651 omnia?
1145 591 1360 664 etquid
1393 589 1533 646 dicit
1554 606 1654 662 per
1670 587 1983 643 Jeremiam
2012 603 2023 641 :
2050 587 2154 655 Ego
2183 588 2231 653 Α
2272 582 2474 638 Locata
2503 587 2590 637 est
2619 586 2810 638 autem
2858 583 3026 637 nohis
3055 581 3240 651 vinea,
3272 589 3330 639 et
3376 583 3563 640 locata
3591 601 3660 641 ea
3710 586 3916 642 condi-

500 688 643 742 Deus
685 687 1129 757 appmpinquaas
1175 690 1364 736 etnon
1413 679 1478 734 de
1525 680 1840 749 longinquo,
1872 676 2009 730 dicit
2043 679 2150 729 Do-

503 794 688 832 minus
719 777 939 843 (Jerem.
991 790 1154 838 xxui,
1206 771 1317 839 :23).
1353 770 1462 825 Sed
1511 769 1671 823 abire
1715 767 1945 820 videtur
1990 781 2024 818 a
2071 763 2153 817 vi-

504 883 616 922 nea
647 870 712 920 ut
741 863 1092 918 vinitoribus
1123 860 1374 914 liberum
1407 855 1687 930 operandi
1720 854 2027 910 arbitrium
2055 853 2153 906 de—

505 955 819 1024 relinquat.

577 1043 763 1115 (Vers.
797 1042 866 1095 34
895 1039 1083 1110 seqq.)
1120 1060 1143 1086 ε(
1174 1042 1313 1091 Cum
1347 1041 1539 1090 autem
1591 1040 1820 1104 tempus
1856 1032 2152 1086 fructuum

506 1131 1056 1205 appropinquasset,
1093 1125 1252 1181 misit
1295 1140 1490 1180 servos
1541 1140 1678 1178 suos
1723 1121 1793 1174 ad
1845 1117 2152 1189 agricolas,

506 1229 573 1278 ut
603 1219 930 1292 acciperent
972 1218 1194 1271 fructus
1243 1215 1390 1284 ejus.
1425 1217 1490 1266 Et
1539 1210 1802 1283 agricola:
1836 1207 2154 1278 apprehen-

505 1312 588 1366 sis
613 1308 797 1365 servis
823 1309 974 1377 ejus,
1002 1305 1182 1359 alium
1209 1302 1561 1365 ceciderunt,
1587 1301 1765 1353 alium
1792 1297 2150 1377 occiderunt,

2264 672 2442 742 tione,
2473 676 2539 727 ut
2590 672 2904 726 reddamus
2940 672 3179 727 Domino
3227 673 3482 729 fructum
3534 675 3905 747 temporibus

2266 761 2410 826 suis,
2436 766 2491 816 et
2521 762 2779 816 sciamus
2812 779 3163 834 unoquoque
3181 767 3440 835 tempore
3469 763 3608 836 quid
3644 769 3916 836 oporteat

2266 868 2371 904 nos
2402 849 2485 904 vel
2519 850 2700 921 loqui,
2734 850 2820 904 vel
2855 851 3061 906 facere.

2335 939 2516 1009 (νέω.
2553 940 2661 1008 42.)
2694 963 2719 988 ‹‹
2755 939 2904 994 Dicit
2935 939 3050 995 illis
3079 940 3255 996 Jesus
3288 958 3300 996 :
3336 941 3649 1012 Nunquam
3677 940 3916 1014 legistis

2266 1028 2323 1082 in
2356 1027 2706 1100 Scripturis:
2735 1028 3004 1099 Lapidem
3038 1046 3210 1100 quem
3241 1031 3697 1102 reprobaverunt
3726 1032 3914 1086 aediﬁ-

2263 1122 2482 1181 cantes,
2530 1117 2620 1171 hic
2673 1119 2860 1172 factus
2907 1124 2997 1174 est
3028 1118 3086 1173 in
3134 1125 3308 1190 caput
3356 1119 3607 1192 anguli?
3659 1121 3814 1177 178
3863 1127 3916 1177 Α

2265 1207 2508 1262 Domino
2544 1208 2761 1261 factum
2796 1211 2885 1262 est
2915 1207 3080 1273 illud,
3119 1213 3176 1262 et
3205 1213 3294 1262 est
3325 1208 3590 1264 mirabile
3635 1209 3694 1264 in
3726 1209 3914 1266 oculis

2265 1296 2498 1351 nostris.
2535 1319 2560 1344 ››
2591 1295 2779 1351 Variis
2812 1297 3103 1368 parabolis
3134 1298 3498 1369 diversisque
3529 1298 3908 1354 sermonibus

503 1400 683 1455 alium
714 1413 843 1450 vero
877 1395 1301 1466 lapidaverunt.
1341 1394 1552 1445 lterum
1588 1389 1749 1443 misit
1779 1387 1924 1441 alios
1958 1371 2224 1480 θεῖ’γῶΧ
2265 1403 2354 1439 res
2385 1386 2597 1439 cuidem
2649 1391 3055 1441 contexuntur.
3090 1389 3244 1452 Quos
3292 1387 3449 1442 enim
3499 1404 3679 1458 supra
3708 1403 3916 1460 opera-

503 1490 700 1559 plures
734 1484 1048 1557 prioribus,
1084 1482 1236 1537 I72
1270 1486 1326 1535 et
1358 1481 1622 1533 fecerunt
1647 1477 1764 1530 illis
1797 1474 2087 1530 similiter.
2124 1495 2152 1520 ››

503 1577 750 1633 Dederat
798 1573 884 1629 eis
932 1573 1121 1642 legem
1159 1574 1198 1636 ί,
1231 1575 1287 1624 et
1319 1569 1376 1622 in
1426 1567 1535 1621 hac
1567 1583 1664 1621 eoa
1713 1565 1880 1618 vinea
1928 1560 2154 1634 operari

493 1667 779 1737 jusserat,
814 1666 878 1716 ut
911 1661 1164 1714 fructum
1199 1656 1344 1729 legis
1375 1656 1434 1710 in
1487 1656 1764 1727 operibus
1794 1653 2151 1708 exhibe-rent.

506 1758 713 1809 Postea
747 1750 909 1805 misit
947 1750 1016 1804 ad
1051 1765 1150 1804 eos
1199 1763 1417 1814 servos,
1452 1761 1598 1816 quos
1629 1743 1712 1797 illi
1759 1741 2156 1814 apprehensos

504 1841 592 1897 vel
648 1840 1004 1903 ceciderunt,
1036 1843 1100 1890 ut
1147 1834 1463 1890 Jeremiam
1515 1835 1730 1904 (Jerem.
1783 1847 1993 1895 xxxvu,
2051 1829 2152 1896 1's;

506 1945 739 1995 xxxvm,
797 1928 852 1996 ti)
903 1944 916 1982 :
971 1925 1060 1980 vel
1107 1923 1466 1988 occiderunt,
1514 1928 1578 1976 ut
1627 1921 1835 1976 Isaiam
1887 1920 1972 1991 (IV
2020 1920 2151 1988 Heg.

508 2035 637 2088 xxv,
675 2018 732 2072 11
761 2041 774 2084 ;
808 2016 968 2071 Hebr.
1025 2032 1100 2084 XI,
1147 2013 1281 2080 37);
1337 2011 1423 2066 vel
1470 2011 1893 2082 lapidaverunt,
1937 2012 1999 2063 ut
2053 2009 2158 2062 Na-

508 2109 647 2163 botb
699 2107 792 2171 (III
839 2107 962 2173 Reg.
1015 2120 1131 2169 xxr,
1186 2102 1382 2172 l1i),°et
1430 2099 1790 2166 Zachariam,
1843 2115 2016 2170 quem
2065 2096 2155 2151 in—

507 2197 859 2252 terfecerunt
915 2193 1067 2248 inter
1127 2189 1412 2262 templum
1492 2196 1550 2244 et
1608 2189 1788 2244 altare
1867 2188 1964 2258 (Il
2023 2189 2153 2241 Par.

507 2303 659 2354 xxiv,
689 2286 800 2353 2‘2).
847 2284 1133 2353 Legamus
1185 2279 1505 2352 Epistolam
1551 2278 1714 2332 Pauli
1764 2279 1835 2332 ad
1888 2277 2155 2331 Hebraeos

512 2375 691 2447 (Hebr.
724 2391 802 2438 x1,
834 2372 1069 2442 34-37);
1105 2375 1160 2424 et
1212 2386 1280 2424 ex
1323 2386 1390 2423 ea
1444 2367 1780 2439 plenissime
1810 2368 1830 2399 ²
1861 2367 2158 2420 discemus

512 2462 613 2534 qui
646 2478 944 2516 servorum
978 2458 1209 2515 Domini
1240 2463 1459 2530 quanta
1489 2460 1746 2529 perpessi
1783 2455 1921 2509 sint.

581 2552 768 2622 (Vers.
799 2551 889 2615 37,
918 2550 1032 2619 38.)
1072 2570 1096 2600 α
1129 2547 1454 2602 Novissime
1503 2552 1698 2622 autem
1747 2545 1909 2598 misit
1956 2545 2026 2597 ad
2060 2561 2158 2598 eos

510 2639 696 2695 lilium
748 2656 944 2706 suum,
1001 2637 1245 2692 dicens:
1283 2618 1653 2690 Vcrebuhtur
1701 2633 1886 2687 lilium
1937 2649 2155 2688 meum.

505 2726 784 2799 Agricolae
816 2733 1010 2782 autem
1044 2725 1304 2780 videntes
1334 2724 1540 2793 filium,
1567 2723 1840 2778 dixerunt
1872 2722 2026 2776 intra
2047 2738 2107 2776 se
2141 2737 2154 2776 :

509 2816 603 2872 hic
634 2822 722 2872 est
756 2816 975 2883 haeres;
1018 2815 1228 2880 venite,
1261 2813 1598 2869 occidamus
1643 2829 1800 2879 eum,
1833 2817 1887 2866 et
1919 2811 2158 2866 habebi-

426 2899 432 2905 ’
508 2923 642 2962 mus
677 2906 1071 2960 hmreditatem
1118 2905 1265 2974 ejus.
1303 2926 1330 2952 ››
1361 2904 1422 2958 In
1473 2919 1538 2958 eo
1583 2905 1735 2973 quod
1785 2918 1964 2972 supra
2014 2900 2156 2971 legi-

514 3011 696 3050 mus:
749 2997 956 3050 Ilerum
1005 2994 1155 3047 misit
1205 2994 1342 3046 alios
1389 3007 1567 3048 servos
1609 2989 1799 3061 plures
1857 2990 2158 3060 prioribus,

510 3093 562 3139 et
591 3087 843 3154 fecerunt
890 3084 1004 3137 illis
1046 3083 1327 3148 similiter,
1362 3081 1702 3152 patientiam
1754 3077 2008 3133 ostendit
2059 3095 2157 3149 pa-

511 3171 896 3240 trisfamilias,
940 3171 1095 3241 quod
1145 3169 1507 3241 frequentius
1560 3167 1806 3234 miserit,
1858 3174 1922 3221 ut
1974 3167 2160 3222 malos

511 3261 750 3317 colonos
808 3261 880 3316 ad
930 3260 1333 3332 poenitentiam
1385 3264 1777 3330 provocarat:
1829 3256 1910 3311 illi
1963 3262 2154 3311 autem

512 3331 1052 3406 thesaurizaverunt
1083 3349 1193 3404 sibi
1226 3350 1371 3403 iram
1424 3348 1481 3402 in
1515 3348 1606 3402 die
1653 3347 1746 3400 ira?
1781 3347 1950 3416 (Hom.
1989 3363 2047 3412 ιι,
2079 3347 2155 3416 5).
2187 3331 2232 3399 C

517 3441 686 3495 Porro
744 3441 896 3511 quod
946 3439 1263 3510 jungitur:
1306 3438 1635 3493 Verebantur
1663 3437 1684 3468 ³
1726 3436 1905 3505 ﬁlium
1953 3451 2156 3500 meum,

414 3556 496 3604 ~\‘
516 3547 630 3584 non
664 3531 733 3585 de
765 3529 1093 3601 ignorantia
1123 3528 1298 3583 venit.
1329 3527 1478 3591 Quid
1510 3527 1664 3582 enim
1703 3526 1919 3581 neseiat
1965 3531 2160 3597 pater—

500 3606 790 3686 Tamilias,
815 3620 912 3690 qui
938 3618 1045 3672 hoc
1077 3621 1201 3673 loco
1234 3617 1387 3692 Deus
1430 3616 1597 3671 Pater
1628 3615 2017 3692 intelligitur?
2048 3614 2158 3670 Sed

515 3724 749 3778 semper
795 3687 1092 3777 ambigere
1137 3687 1554 3770 diciturDeus,
1591 3687 1656 3759 ut
1682 3703 1864 3758 libera
1893 3703 2162 3758 voluntas

516 3795 744 3850 homini
795 3801 1136 3850 reservetur.
1173 3795 1602 3866 Interrogemus
1637 3793 1838 3847 Arium
1885 3797 1942 3847 et
1971 3793 2161 3847 Euno-

517 3884 724 3939 mium.
761 3885 905 3940 Ecce
936 3889 1099 3955 pater
1146 3883 1358 3938 dicitur
1406 3883 1691 3955 ignorare,
1725 3887 1780 3938 et
1812 3882 2159 3937 sententiam

517 3975 822 4044 temperat,
857 3977 915 4028 et
943 3978 1230 4044 quantum
1281 3973 1336 4026 in
1390 3971 1549 4028 vobis
1580 3976 1686 4040 est,
1724 3971 2004 4043 probatur
2033 3986 2163 4026 esse

516 4063 817 4118 mentitus.
876 4062 1165 4134 Quidquid
1224 4079 1327 4134 pro
1379 4066 1546 4116 Patre
1595 4060 2020 4132 reslionderint,
2053 4059 2160 4134 hoq

515 4152 845 4224 intelligant
876 4122 978 4225 pro
1010 4122 1171 4223 Filio,
1195 4122 1294 4225 qui
1327 4170 1388 4208 se
1419 4151 1558 4206 dicit
1589 4122 1853 4223 ignorare
1881 4122 2180 4204 consum:

514 4242 790 4298 mntionis
821 4242 996 4298 diem.

582 4332 768 4402 (Vers.
817 4332 932 4402 39.)
990 4354 1010 4379 ι
1065 4332 1132 4386 Et
1179 4329 1610 4402 apprehensum
1659 4343 1816 4393 eum,
1867 4325 2162 4394 ejccerunt

499 4404 674 4474 Iextra
705 4420 955 4484 vineam,
985 4427 1040 4474 et
1072 4420 1430 4475 occiderunt.
1470 4440 1495 4466 ››
1533 4417 1597 4470 Et
1627 4414 1944 4488 Apostolus
1981 4415 2162 4486 loqui-

511 4513 627 4577 tur,
662 4509 815 4579 quod
847 4513 1006 4562 extra
1049 4514 1275 4578 portam
1318 4507 1493 4562 Jesus
1523 4506 1836 4560 cruciﬁxus
1867 4505 1945 4560 sit
1974 4505 2159 4576 (Hebr.

511 4612 640 4663 xm,
667 4597 775 4665 12).
808 4600 1134 4651 Possumus
1168 4601 1223 4651 et
1254 4595 1421 4651 aliter
1449 4594 1769 4666 intelligere
1797 4612 1809 4662 ;
1843 4595 1995 4667 quod
2019 4595 2164 4665 ejec-

2267 1475 2403 1543 rios,
2452 1480 2508 1529 et
2565 1475 2862 1541 vinitores,
2913 1480 2969 1530 et
3022 1476 3306 1547 agricolas
3358 1476 3704 1548 appellarat,
3757 1494 3916 1533 nunc

2264 1563 2661 1632 aedificatores,
2699 1565 2753 1618 id
2782 1569 2889 1634 est,
2921 1567 3321 1620 elementarios
3351 1571 3538 1620 vocat.
3573 1567 3738 1622 Unde
3770 1567 3917 1622 dicit

2263 1652 2574 1724 Apostolus
2630 1670 2642 1708 :
2706 1654 2802 1708 Dei
2852 1655 3217 1722 agricultura,
3277 1656 3373 1709 Dei
3433 1655 3725 1724 aediﬁcatio
3781 1657 3919 1711 estis

2265 1742 2314 1811 (Ι
2361 1743 2484 1798 Cor.
2539 1760 2620 1807 ιιι,
2665 1743 2742 1813 9).
2793 1742 2862 1797 Hi
2908 1760 3045 1814 ergo
3094 1743 3447 1799 ezrmentarii
3511 1744 3808 1816 quomodo
3857 1747 3919 1800 et

2267 1831 2544 1886 vinitores
2597 1831 2889 1903 accipiunt
2941 1834 3191 1897 vineam,
3242 1835 3326 1888 sic
3374 1839 3728 1906 acceperunt
3773 1833 3923 1906 lapi-

2267 1920 2420 1987 dem,
2455 1938 2627 1992 quem
2661 1921 2747 1976 vel
2797 1922 2854 1976 in
2907 1922 3304 1978 fundamentis
3357 1928 3592 1995 ponant,
3618 1923 3792 1994 juxta
3817 1939 3920 1979 ar-

2266 2009 2580 2064 chitectum
2632 2009 2875 2066 Paulum
2932 2011 3087 2082 (Ibid.
3141 2013 3268 2079 10);
3323 2011 3410 2067 vel
3464 2011 3520 2067 in
3569 2012 3803 2084 angulo,
3851 2017 3922 2068 ut

2266 2100 2413 2154 duos
2448 2098 2716 2170 parietes,
2741 2101 2798 2154 id
2821 2106 2926 2170 est,
2953 2101 3234 2172 populum
3270 2107 3585 2174 utrumque
3617 2100 3918 2158 consociet

2267 2189 2478 2257 (Ephes.
2507 2207 2564 2256 ιι,
2605 2190 2690 2259 15)
2725 2191 2822 2260 qui
2876 2191 3218 2261 reprobatus
3242 2192 3314 2246 ab
3345 2191 3450 2258 eis,
3498 2191 3686 2248 factus
3734 2197 3823 2247 est
3851 2194 3914 2247 in

2267 2281 2442 2345 caput
2490 2277 2710 2349 anguli.
2747 2279 2814 2332 Et
2865 2279 2967 2332 hoc
3011 2296 3044 2333 a
3091 2279 3338 2335 Domino
3389 2281 3606 2336 factum
3653 2285 3761 2350 est,
3795 2297 3917 2337 non

2268 2365 2545 2420 humanis
2591 2367 2831 2438 viribus,
2867 2369 2966 2422 sed
3015 2367 3114 2422 Dei
3150 2369 3424 2440 potentia.
3457 2369 3537 2424 De
3586 2369 3695 2425 hoc
3722 2369 3918 2442 lapide

2267 2454 2539 2525 adjutorii
2573 2459 2778 2510 Petrus
2808 2473 3040 2526 quoque
3073 2457 3332 2529 loquitur
3375 2458 3733 2514 conﬁdenter
3765 2475 3778 2512 :
3811 2460 3921 2518 Iste

2267 2545 2410 2616 lapis
2457 2547 2552 2616 qui
2600 2547 2919 2617 reprobatus
2946 2555 3025 2601 est
3071 2563 3112 2602 α
3158 2547 3306 2602 vobis
3353 2548 3770 2618 aediﬁcantibus,
3825 2549 3924 2606 hic

2265 2638 2447 2705 factus
2476 2643 2556 2689 est
2589 2637 2644 2688 in
2693 2645 2856 2705 caput
2888 2638 3088 2702 anguli
3119 2636 3162 2706 (l
3195 2638 3338 2692 Pelr.
3373 2654 3434 2702 ιι,
3463 2639 3539 2704 7).
3572 2637 3641 2691 Et
3682 2637 3866 2694 Isaias
3900 2656 3914 2693 :

2269 2725 2416 2791 Ecce,
2448 2723 2548 2793 ait,
2583 2725 2826 2778 imittum
2853 2727 2910 2780 in
2937 2725 3303 2794 fundamenta
3334 2725 3468 2780 Sion
3503 2726 3744 2798 lapidem
3775 2727 3916 2782 elec-

2269 2821 2406 2879 tum,
2456 2815 2772 2884 pretiosum,
2822 2815 3146 2883 angularem
3198 2834 3218 2869 :
3258 2824 3311 2872 et
3366 2817 3464 2886 qui
3507 2815 3808 2873 crediderit
3848 2816 3910 2872 in

2267 2918 2412 2967 eum,
2445 2918 2550 2956 non
2583 2907 2778 2973 con/un
2802 2903 2942 2957 letur
2973 2905 3096 2974 (lsa.
3128 2921 3325 2970 xxvm,
3362 2907 3470 2971 16).

2341 2990 2522 3061 (Vers.
2564 2993 2672 3060 43.)
2705 3013 2732 3039 ››
2791 2993 2918 3048 [deo
2969 2995 3096 3048 dico
3144 2995 3328 3061 vobis,
3362 2994 3502 3066 quia
3550 2994 3848 3050 auferetur
3877 3012 3914 3051 ει

2266 3081 2431 3136 vobis
2462 3098 2704 3152 regnum
2740 3081 2859 3149 Dei,
2895 3087 2950 3136 et
2975 3083 3211 3137 dabitur
3239 3083 3396 3154 genti
3432 3084 3659 3139 facienti
3687 3083 3916 3141 fructus

2269 3173 2422 3238 ejus.
2483 3192 2509 3218 ››
2570 3168 2894 3239 Aliquoties
2944 3169 3082 3241 dixi,
3133 3187 3378 3242 regnum
3431 3170 3529 3226 Dei
3579 3171 3918 3244 Scripturas

2269 3264 2503 3314 sanctas
2539 3257 2807 3330 intelligi,
2841 3275 2988 3330 quas
3021 3259 3303 3315 Dominus
3334 3259 3579 3316 abstulit
3607 3277 3642 3316 a
3668 3260 3915 3334 Judaeis,

2269 3353 2326 3402 et
2358 3347 2525 3402 nobis
2557 3347 2813 3413 tradidit,
2849 3353 2915 3402 ut
2954 3349 3236 3404 faciamus
3284 3349 3506 3405 fructus
3538 3366 3760 3406 earum.
3797 3351 3918 3407 Ista

2271 3442 2358 3492 est
2386 3436 2550 3491 vinea
2580 3454 2706 3508 quae
2739 3437 2990 3492 traditur
3035 3437 3309 3509 agricolis
3355 3443 3412 3494 et
3442 3439 3814 3508 vinitoribus,
3845 3440 3907 3496 in

2271 3544 2386 3598 qua
2425 3526 2524 3597 qui
2574 3526 2795 3598 operati
2845 3544 2961 3581 non
3009 3527 3240 3594 fuerint,
3275 3545 3485 3584 nomen
3532 3533 3762 3585 tantum
3813 3529 3917 3586 ha-

2271 3616 2472 3670 bentes
2534 3614 3011 3686 Scripturarum,
3092 3617 3315 3673 fructus
3373 3618 3550 3673 vineae
3628 3617 3916 3692 perdituri

2271 3708 2429 3760 sunt.

2342 3795 2530 3863 (Vere.
2584 3793 2695 3864 44.)
2755 3816 2782 3843 ‹‹
2831 3794 2900 3848 Et
2945 3793 3044 3864 qui
3097 3793 3367 3851 ceciderit
3423 3814 3600 3870 super
3656 3796 3913 3870 lapidem

2273 3882 2475 3947 istum,
2506 3882 2951 3954 confringatur;
3007 3900 3186 3955 super
3214 3901 3390 3956 quem
3442 3903 3572 3942 vero
3622 3886 3915 3957 ceciderit,

2271 3975 2528 4026 conteret
2577 3988 2732 4026 eum.
2771 3994 2796 4020 ›ι
2829 3971 3002 4027 Aliud
3034 3978 3123 4028 est
3169 3975 3457 4030 offendere
3486 3976 3780 4032 Christum
3815 3993 3921 4049 per

2274 4059 2428 4115 mala
2458 4077 2652 4131 opera,
2682 4060 2840 4116 aliud
2889 4079 3118 4133 negare.
3150 4062 3255 4126 Qui
3306 4069 3572 4135 peccator
3600 4070 3710 4132 est,
3741 4071 3797 4121 et
3827 4071 3916 4122 ta-

2272 4166 2404 4204 men
2439 4149 2496 4204 in
2527 4148 2694 4204 illum
2745 4150 2947 4217 credit,
2977 4151 3130 4206 cadit
3159 4153 3394 4224 quidem
3427 4151 3913 4226 super'lapidem,

2271 4244 2326 4294 et
2375 4238 2782 4310 confringitur,
2816 4239 2913 4294 sed
2969 4257 3083 4295 non
3131 4245 3370 4298 omnino
3417 4243 3776 4299 conteritur:
3825 4259 3916 4300 re-

2271 4333 2534 4384 servatur
2563 4327 2716 4383 enim
2752 4345 2854 4400 per
2880 4329 3278 4401 paenitentiam
3319 4333 3390 4388 ad
3425 4331 3696 4389 salutem.
3732 4337 3919 4405 Super

2272 4433 2447 4489 quem
2479 4433 2612 4471 vero
2667 4416 2762 4472 ille
2810 4418 3102 4487 ceciderit,
3154 4419 3262 4475 hoc
3311 4425 3419 4492 est,
3466 4421 3559 4477 cui
3612 4421 3762 4494 lapis
3791 4422 3918 4494 ipse

2273 4506 2526 4572 irruerit,
2576 4513 2633 4562 et
2681 4507 2780 4578 qui
2833 4507 3127 4564 Christum
3180 4509 3412 4581 penitus
3457 4511 3776 4583 negaverit,
3824 4511 3918 4568 sin

2273 4599 2532 4650 conteret
2579 4611 2738 4662 eum,
2771 4600 2835 4650 ut
2882 4611 2986 4650 nec
3030 4599 3179 4652 testa
3221 4597 3459 4668 quidem
3506 4602 3823 4665 remaneat,
3857 4597 3919 4654 in

515 4687 613 4739 tus
644 4683 720 4738 sit
749 4687 908 4739 extra
940 4685 1189 4752 vineam,
1221 4688 1276 4738 et
1307 4684 1386 4740 ibi
1434 4683 1661 4739 occisus
1693 4701 1705 4738 :
1743 4689 1804 4736 ut
1835 4683 2161 4755 suscipien-
2193 4709 2239 4774 Β
2275 4701 2390 4756 qua
2420 4683 2728 4739 hauriatur
2756 4701 2920 4755 aqua:
2952 4684 3257 4757 pusillum.

509 4772 668 4828 tibus
701 4789 763 4827 se
794 4773 1090 4845 gentibus,
1125 4773 1255 4828 aliis
1287 4773 1456 4828 vinea
1490 4772 1799 4828 locaretur.

583 4861 770 4931 (Vers.
807 4863 895 4928 40,
939 4863 1050 4932 41.)
1084 4886 1110 4910 ‹‹
1143 4863 1287 4918 Cum
1321 4880 1456 4935 ergo
1509 4863 1730 4916 venerit
1768 4862 2052 4917 Dominus
2081 4861 2160 4915 vi-

514 4968 657 5017 neae,
691 4951 832 5022 quid
867 4951 1031 5007 faciet
1079 4952 1348 5022 agricolis
1398 4952 1514 5007 illis
1537 4952 1564 5006 ?
1600 4951 1778 5006 Aiunt
1811 4951 1892 5006 illi
1927 4968 1941 5006 :
1977 4950 2160 5006 Malos

514 5039 665 5096 male
685 5040 905 5112 perdet,
925 5045 982 5095 et
1009 5040 1236 5095 vineam
1268 5059 1435 5097 suam
1468 5041 1681 5096 locabit
1701 5040 1830 5095 aliis
1863 5039 2156 5111 agricolis,

513 5131 610 5202 qui
645 5129 890 5184 reddent
918 5128 967 5184 ei
998 5130 1252 5185 fructum
1283 5129 1644 5202 temporibus
1678 5130 1820 5184 suis.
1858 5151 1885 5177 ››
1920 5130 2162 5184 Interro-

512 5224 613 5290 gat
642 5235 740 5274 eos
787 5217 1092 5285 Dominus,
1126 5236 1239 5274 non
1288 5219 1441 5292 quod
1473 5218 1700 5291 ignoret
1750 5218 1889 5290 quid
1919 5235 2159 5290 respon-

513 5308 636 5364 suri
667 5308 808 5377 sint,
843 5308 944 5364 sed
998 5313 1061 5363 ut
1093 5309 1330 5381 propria
1376 5309 1754 5380 responsione
1785 5307 2158 5363 damnentur.

587 5434 849 5505 {Auctor
893 5435 1070 5505 hujus
1121 5431 1500 5504 expositionis
1549 5433 1960 5500 Adamantius,
1992 5433 2163 5503 cujus

516 5503 812 5577 prolixiori
845 5503 1137 5562 cont'extui
1173 5503 1357 5577 parcit
1387 5511 1658 5559 notarum
1691 5505 1964 5559 brevitas.

587 5575 608 5607 ²
641 5576 814 5659 Addit
846 5595 999 5634 unus
1044 5575 1190 5645 PaL,
1224 5578 1345 5646 quis
1393 5593 1673 5632 serrorum
1729 5577 1950 5631 Domini
1979 5577 2163 5633 exitus

518 5647 1208 5792 fugrliiwrserit_\’ietor.,
1243 5719 1336 5776 hic
1363 5723 1536 5792 forte.

590 5789 611 5824 ‘
641 5787 920 5862 Corrupte
950 5789 1163 5850 lectum
1195 5787 1287 5850 est
1316 5787 1647 5851 Martiaan
1677 5791 1951 5862 habentes,
1985 5807 2162 5866 quam

2343 4772 2528 4842 (Vers.
2561 4773 2650 4842 45,
2682 4773 2795 4842 46.)
2828 4797 2855 4823 (ι
2884 4774 2951 4829 Et
2982 4790 3115 4830 cum
3165 4776 3470 4832 audissent
3499 4776 3794 4850 principes
3827 4794 3925 4833 sa-

2270 4863 2570 4918 cerdotum
2615 4867 2671 4916 et
2699 4861 2974 4917 Pharisaei
3008 4863 3314 4935 parabolas
3342 4865 3492 4936 ejus,
3525 4869 3927 4939 cognoverunt

2270 4953 2426 5006 114
2477 4951 2630 5022 quod
2679 4951 2751 5006 de
2796 4949 2942 5022 ipsis
2993 4953 3228 5008 diceret.
3287 4954 3356 5009 Et
3402 4960 3727 5026 quarentes
3785 4971 3924 5011 eum

2269 5046 2484 5108 tenere,
2519 5040 2840 5095 timuerunt
2869 5041 3072 5096 turbas
3111 5059 3122 5096 :
3171 5042 3450 5113 quoniam
3481 5045 3636 5100 sicut
3665 5044 3922 5118 prophe-

2271 5134 2390 5185 tam
2422 5145 2556 5184 eum
2591 5127 2898 5185 habebant.
2932 5150 2958 5182 ι»
2996 5131 3272 5197 Quamvis
3315 5132 3462 5188 duro
3493 5134 3664 5190 corde
3695 5138 3914 5202 essent,

2272 5222 2327 5274 et
2358 5221 2594 5290 propter
2622 5217 3110 5288 incredulitatem,
3142 5225 3199 5275 et
3230 5219 3588 5292 impietatem
3619 5219 3678 5276 in
3706 5219 3918 5277 Filium

2274 5307 2373 5364 Dei
2406 5307 2643 5363 hebetes
2675 5308 2716 5374 ‘,
2748 5311 2945 5364 tamen
2973 5314 3203 5380 apertas
3247 5309 3677 5381 propositiones
3705 5325 3920 5384 negare

2273 5449 2467 5486 vocem
2501 5431 2692 5486 inutili
2725 5448 2900 5487 sensu
2931 5433 3000 5504 ad
3035 5434 3256 5504 apertas
3274 5433 3673 5503 propositiones
3706 5433 3919 5490 refere-

2274 5505 2391 5559 bat.
2427 5505 2543 5558 Nos
2573 5504 2838 5558 codicum
2886 5503 3078 5559 Palat.
3102 5521 3208 5574 ope
3257 5505 3620 5560 restituimus
3652 5505 3866 5562 hebetes
3895 5523 3916 5561 :

2270 5576 2457 5630 Judaei
2492 5575 2713 5650 scilicet
2745 5574 3474 5650 propterincredulitatem
3505 5591 3681 5649 atque
3713 5577 3919 5650 impie-

2272 5653 2452 5724 tatem
2486 5647 2677 5701 obtusi
2711 5655 2767 5701 et
2797 5647 3088 5724 vecordes.
3119 5651 3184 5702 In
3217 5664 3332 5724 uno
3363 5648 3538 5705 etiam
3560 5647 3670 5706 ms.
3695 5647 3919 5724 respon-

2271 5720 2456 5776 siones
2485 5733 2588 5792 pro
2613 5720 3019 5792 propositiones
3051 5719 3402 5776 invenimus.
