4182 6646
329 520 442 580 165

819 511 1338 574 COMMENTAR.
1387 511 1464 571 IN
1512 511 2023 573 EVANGELIUM
2072 511 2454 579 MAT'I‘H/EI
2505 521 2649 580 LIB.
2700 522 2805 581 III.
2854 522 3027 583 CAP.
3063 524 3254 585 XXII.

3633 528 3746 592 I66

332 668 449 707 non
481 650 750 722 poterant
797 662 809 702 :
862 649 919 700 et
964 643 1372 715 intelligebant
1413 648 1616 699 contra
1666 660 1728 699 se
1776 660 1981 700 omnes
2012 648 2065 711 Α
2097 651 2233 701 runt
2264 648 2691 708 humanitatem
2718 654 2776 708 in
2797 654 3223 722 crudelitatem,
3248 661 3303 711 et
3329 662 3519 714 tentos
3550 678 3748 718 servos

333 739 565 797 Domini
620 736 941 793 sententias
986 734 1181 807 dirigi.
1217 733 1379 789 Unde
1423 733 1696 789 volebant
1747 734 1983 804 quidem

333 846 468 886 eum
513 827 857 893 interficere,
906 825 1006 879 sed
1058 823 1346 879 timebant
1376 824 1580 878 turbas
1614 839 1626 877 :
1663 839 1803 894 quia
1834 824 1987 878 sicut

333 917 677 992 prophetam
708 929 844 970 eum
875 913 1189 969 habebant.
1241 918 1480 984 Semper
1526 913 1701 967 turba
1750 911 1986 967 mobilis

332 1013 439 1076 est,
474 1023 579 1062 nec
627 1004 688 1060 in
738 1004 1035 1076 proposita
1076 1000 1376 1059 voluntate
1425 1003 1779 1074 persistens;
1812 1007 1987 1072 atque

333 1099 392 1154 in
425 1112 648 1153 morem
680 1094 985 1159 ﬂuctuum,
1021 1093 1384 1147 diversorum
1412 1097 1717 1147 ventorum
1762 1091 1986 1161 impetu

332 1187 450 1244 huc
475 1185 733 1256 illucque
764 1186 781 1219 ί
816 1182 1088 1238 trahitur.
1122 1181 1305 1245 Quem
1338 1198 1493 1236 nunc
1533 1181 1701 1251 quasi
1734 1180 1984 1253 prophe-

333 1282 456 1334 tam
511 1278 864 1331 venerantur
905 1277 962 1327 et
1007 1270 1211 1327 colunt
1254 1288 1266 1325 :
1320 1275 1541 1342 postea,
1593 1275 1797 1326 contra
1851 1285 1984 1324 eum

333 1364 592 1422 clamant
629 1380 641 1418 :
676 1363 970 1432 Cruci/Ege,
1014 1360 1275 1432 cruciﬁge
1324 1360 1489 1415 talem
1538 1360 1711 1432 (Joan.
1766 1376 1881 1429 nx,
1930 1361 1983 1426 ὃ,

407 1549 567 1617 (Cap.
591 1542 758 1599 XXII.
784 1573 851 1583 ——
872 1540 1036 1596 Vers.
1072 1541 1124 1607 1,
1153 1540 1234 1611 2.)
1269 1560 1297 1589 ‹‹
1328 1540 1397 1594 Et
1420 1540 1784 1611 respondens
1812 1538 1987 1593 Jesus

334 1634 484 1690 dixit
531 1634 742 1689 iterum
791 1630 850 1685 in
906 1629 1198 1702 parabolis
1245 1629 1351 1693 eis,
1383 1628 1584 1684 dicens
1618 1645 1631 1682 :
1668 1627 1869 1683 Simile
1901 1628 1984 1682 fa-

334 1728 496 1780 ctum
545 1727 634 1778 est
678 1737 923 1794 regnum
972 1719 1248 1775 caelorum
1282 1718 1508 1773 homini
1540 1718 1680 1789 regi,
1714 1718 1815 1790 qui
1856 1716 1989 1772 fecit

336 1812 573 1886 nuptias
622 1810 742 1866 {ilio
799 1826 927 1866 suo.
986 1832 1007 1859 ι»
1062 1808 1334 1864 Pharisaei
1366 1807 1756 1880 intelligentes
1809 1807 1879 1862 de
1927 1824 1988 1862 se

337 1902 450 1959 dici
485 1902 813 1974 parabolas,
845 1899 1183 1971 quaerebant
1211 1914 1345 1953 eum
1390 1902 1587 1953 tenere
1619 1902 1674 1952 et
1704 1897 1984 1952 occidere.

336 1993 498 2049 Hanc
527 2008 730 2048 eorum
780 1989 973 2044 sciens
1024 1986 1309 2043 Dominus
1354 1988 1743 2053 voluntatem,
1776 1985 1986 2041 nihilo~

338 2082 538 2138 minus
589 2081 852 2152 increpat
900 2078 1221 2143 saevientes,
1255 2093 1359 2132 nec
1397 2076 1605 2132 timore
1655 2079 1987 2148 superatur,

326 2188 456 2244 .quo
488 2171 685 2226 minus
725 2173 931 2240 arguat
979 2172 1331 2239 peccatores.
1384 2165 1500 2221 Rex
1550 2166 1657 2221 iste
1707 2167 1808 2238 qui
1860 2165 1991 2220 fecit

340 2261 579 2333 nuptias
611 2258 728 2314 filio
759 2275 887 2329 suo,
924 2260 1074 2313 Deus
1102 2255 1472 2327 omnipotens
1521 2261 1626 2333 est.
1679 2256 1837 2311 Facit
1886 2272 1988 2310 au-

338 2355 457 2407 tem
488 2349 725 2421 nuptias
756 2348 1001 2403 Domino
1035 2350 1234 2401 nostro
1263 2346 1401 2401 Jesu
1430 2345 1659 2401 Christo
1689 2351 1747 2401 et
1793 2345 1990 2400 Eccle-

342 2440 464 2505 sile,
497 2455 625 2511 qua:
655 2442 778 2493 tam
811 2454 879 2492 ex
907 2435 1147 2502 Judais,
1188 2451 1367 2507 quam
1417 2452 1486 2490 ex
1534 2436 1806 2507 gentibus
1853 2451 1988 2489 con-

340 2532 581 2602 gregata
607 2532 698 2584 est
720 2528 764 2584 ³.

415 2617 599 2688 (Vers.
630 2617 711 2688 3.)
748 2640 768 2666 α
804 2617 874 2671 Et
902 2615 1066 2671 misit
1095 2631 1327 2671 servum
1375 2630 1550 2670 suum
1593 2631 1797 2670 vocare
1841 2614 1992 2669 invi-

342 2711 495 2764 tatos
534 2707 606 2763 ad
656 2706 917 2778 nuptias,
967 2710 1023 2761 et
1072 2704 1346 2761 nolebant
1376 2704 1589 2760 venire.
1628 2726 1655 2753 »
1687 2703 1848 2760 Haud
1884 2704 1991 2759 du-

343 2798 510 2853 bium
534 2796 676 2868 quin
707 2796 943 2868 Moysen
976 2812 1078 2867 per
1098 2810 1273 2866 quem
1303 2795 1490 2866 legem
1520 2794 1779 2850 invitatis
1810 2795 2013 2849 dedit.-

344 2886 405 2942 Si
436 2890 631 2942 autem
663 2901 860 2941 servos
898 2885 920 2918 ³
967 2883 1303 2955 legerimus,
1356 2888 1421 2938 ut
1467 2882 1745 2955 pleraque
1776 2884 1994 2939 habent

347 2973 721 3048 exemplaria,
772 2973 845 3028 ad
904 2973 1219 3046 prophetas
1266 2972 1636 3028 referendum
1687 2976 1794 3039 est,
1836 2974 1993 3045 quod

341 3063 572 3119 invitati
603 3080 707 3136 per
734 3080 833 3119 eos
863 3059 1056 3119 venire
1087 3063 1562 3133 contempserint.

416 3153 600 3226 (Vers.
636 3154 688 3221 4,
719 3154 797 3225 5.)
826 3175 853 3202 ‹‹
885 3152 1099 3208 lterum
1134 3152 1296 3207 misit
1325 3151 1470 3207 alios
1500 3168 1719 3221 servos,
1754 3152 1990 3208 dicens:

311 3243 525 3305 .Dicite
573 3242 831 3299 invitatis
880 3260 893 3298 :
947 3242 1091 3298 Ecce
1139 3241 1453 3313 prandium
1510 3257 1708 3297 meum
1757 3242 1991 3311 paravi;

340 3333 498 3390 tauri
527 3332 664 3401 mei,
696 3336 755 3389 et
782 3330 970 3387 altilia
1000 3331 1193 3387 occisa
1222 3335 1379 3397 sunt,
1414 3334 1471 3385 et
1499 3330 1697 3386 omnia
1731 3339 1934 3403 parata
1976 3348 1988 3386 :

345 3420 537 3478 venite
568 3421 640 3476 ad
672 3420 932 3492 nuptias.
969 3418 1056 3474 Illi
1097 3423 1292 3473 autem
1341 3402 1745 3487 neglexerunt.
1776 3439 1804 3467 »
1834 3418 1993 3473 Servi
2025 3402 2067 3468 C

346 3509 449 3583 qui
479 3509 737 3566 secundo
784 3505 952 3563 missi
1001 3510 1162 3572 sunt,
1210 3506 1424 3562 melius
1452 3511 1544 3562 est
1588 3510 1654 3561 ut
1701 3508 1993 3579 pr0phetae

344 3598 772 3673 intelligantur,
817 3611 995 3669 quam
1046 3595 1294 3668 apostoli
1326 3613 1340 3651 :
1371 3595 1454 3651 ita
1495 3600 1691 3651 tamen
1724 3596 1771 3651 si
1816 3613 1997 3669 supra

345 3705 533 3744 servus
579 3686 836 3758 scriptus
883 3685 1078 3741 fuerit.
1130 3683 1230 3739 Sin
1280 3688 1475 3740 autem
1526 3700 1727 3750 servos,
1776 3684 1993 3740 ibidem

346 3778 531 3852 legas,
606 3776 699 3832 hic
773 3774 1016 3832 secundi
1083 3775 1254 3845 servi,
1322 3774 1569 3846 apostoli
1631 3774 1996 3847 intelligendi

348 3873 493 3924 sunt
520 3868 562 3922 ⁴.
596 3866 911 3923 Prandium
944 3868 1237 3937 paratum,
1272 3868 1328 3919 et
1378 3864 1553 3931 tauri,
1589 3868 1645 3919 et
1672 3864 1857 3920 altilia
1900 3881 1994 3921 oc-

346 3958 489 4024 cisa,
521 3955 609 4012 vel
642 3973 744 4028 per
774 3954 1179 4027 metaphoram
1211 3952 1359 4011 175
1404 3970 1543 4026 epes
1575 3954 1749 4026 regiae
1776 3955 1993 4010 descri-

346 4048 588 4115 buntur,
623 4049 686 4099 ut
715 4059 784 4099 ex
812 4041 1147 4099 carnalibus
1178 4041 1578 4113 intelligantur
1622 4042 1994 4114 spiritualia;

344 4136 435 4192 vel
468 4139 621 4192 certe
668 4134 1010 4206 dogmatum
1060 4130 1424 4204 magnitudo,
1478 4136 1536 4187 et
1581 4132 1846 4187 doctrina
1896 4131 1997 4189 Dei

274 4212 287 4217 i
347 4225 475 4298 lege
502 4223 851 4297 plenissima
881 4223 1083 4277 sentiri
1117 4226 1327 4293 potest.

420 4312 605 4384 (Vers.
636 4313 713 4385 6.)
747 4335 773 4362 ‹‹
808 4311 876 4366 Et
916 4311 1206 4377 abierunt,
1252 4310 1402 4366 alius
1452 4310 1510 4365 in
1559 4310 1755 4367 villam
1802 4328 1996 4380 suam,

351 4402 505 4471 alius
544 4418 679 4459 vero
723 4402 795 4457 ad
842 4400 1295 4472 negotiationem
1344 4416 1534 4455 suam.
1586 4400 1811 4473 Reliqui
1862 4418 1996 4457 vero

348 4495 664 4549 tenuerunt
692 4506 890 4547 servos
920 4491 1068 4559 eius,
1103 4495 1160 4544 et
1188 4488 1561 4545 contumeliis
1609 4489 1867 4560 affectos,
1910 4507 1998 4546 oc-

350 4581 638 4638 ciderunt.
675 4601 703 4630 ››
738 4580 893 4636 Inter
921 4595 1040 4648 eos,
1074 4577 1175 4650 qui
1225 4595 1340 4634 non
1374 4577 1663 4650 recipiunt
1702 4579 1998 4651 Evangelii

346 4670 672 4737 veritatem,
703 4670 893 4725 multa
920 4668 1226 4724 diversitas
1258 4674 1366 4723 est.
1401 4667 1641 4724 Minoris
1673 4668 1831 4724 enim
1881 4669 1996 4725 cric

2098 736 2272 807 regis,
2323 739 2409 793 vel
2462 741 2837 797 contumeliis
2887 746 3223 810 affecerunt,
3257 745 3343 800 vel
3385 749 3742 807 occiderunt.

2097 823 2156 878 In
2193 826 2299 881 hac
2333 829 2610 899 parabole.
2658 834 2853 903 sponsi
2898 833 3103 888 siletur
3132 836 3374 903 occisio;
3407 841 3464 891 et
3494 855 3595 909 per
3626 856 3746 894 ser-

2096 930 2300 970 vorum
2369 924 2584 973 mortes
2664 926 3034 993 contemptus
3121 925 3449 980 ostenditur
3513 928 3744 998 nUptia-

2098 1020 2161 1056 l‘ll
2173 1021 2223 1056 ΓΙ]
2237 1047 2248 1059 .

2167 1094 2353 1163 (Vers.
2386 1097 2466 1166 7.)
2493 1118 2519 1145 «
2553 1098 2667 1152 Rex
2689 1102 2882 1153 autem
2907 1116 3040 1155 cum
3072 1101 3351 1171 audisset,
3383 1102 3566 1159 iratus
3598 1109 3744 1161 est.»

2096 1180 2175 1235 De
2224 1198 2338 1253 quo
2389 1184 2611 1240 dictum
2658 1204 2835 1255 supra
2887 1189 3121 1244 fuerat:
3165 1190 3360 1245 Simile
3407 1196 3618 1263 [actum
3668 1200 3744 1249 est

2097 1286 2331 1342 regnum
2360 1275 2620 1329 cwlorum
2652 1276 2864 1331 homini
2890 1280 3025 1345 regi,
3058 1280 3292 1348 quando
3344 1280 3626 1337 invitabat
3672 1284 3743 1338 ad

2100 1360 2356 1431 nuptias,
2389 1368 2444 1416 et
2484 1366 2691 1434 agebat
2738 1384 2914 1436 opera
2961 1367 3303 1434 clementiae,
3333 1368 3589 1426 hominis
3643 1388 3741 1427 no-

2098 1465 2230 1504 men
2280 1454 2613 1523 appositum
2665 1462 2771 1521 est,
2834 1473 2987 1511 nunc
3035 1458 3269 1528 quando
3317 1460 3387 1513 ad
3440 1458 3741 1516 ultiomem

2095 1539 2271 1605 venit,
2306 1541 2482 1595 homo
2532 1543 2761 1613 siletur,
2822 1549 2877 1598 et
2932 1562 3031 1599 rex
3085 1550 3314 1602 tantum
3346 1548 3581 1604 dicitur.
3618 1572 3645 1600 «
3682 1553 3744 1606 Et

2098 1627 2297 1683 missis
2328 1630 2674 1686 exercitibus
2723 1632 2867 1699 suis,
2920 1634 3174 1705 perdidit
3218 1636 3541 1693 homicidas
3590 1638 3743 1703 illos,

2097 1721 2152 1770 et
2210 1717 2501 1774 civitatem
2559 1720 2792 1776 illorum
2843 1723 3164 1777 succendit.
3217 1746 3235 1772 η
3286 1725 3583 1781 Exercitus
3642 1745 3739 1783 seu

2099 1806 2317 1862 ultores
2351 1809 2610 1880 angelos,
2645 1812 2715 1865 de
2749 1811 2967 1882 quibus
3008 1812 3063 1867 in
3120 1812 3368 1869 Psalmis
3418 1815 3695 1871 scribitur
3726 1836 3739 1873 :

2097 1897 2461 1952 l-mmz'ssz'ones
2512 1915 2612 1969 per
2656 1902 2874 1970 angelos
2910 1904 3168 1972 pessimos
3202 1901 3314 1970 [ΑΙ.
3348 1906 3540 1975 malos]
3571 1904 3741 1975 (Psal.

2101 2003 2305 2053 Lxxvu,
2336 1987 2452 2059 l19);
2489 2005 2591 2043 seu
2628 1990 2916 2045 Romanos
2948 1990 3346 2063 intelligamus
3378 1992 3418 2060 ⁵,
3453 1995 3561 2049 sub
3598 1995 3743 2051 duce

2103 2075 2457 2147 Vespasiano
2510 2082 2567 2135 et
2608 2078 2758 2142 Tito,
2807 2079 2906 2149 qui
2957 2080 3167 2134 occisis
3213 2080 3425 2136 Judaea:
3487 2083 3742 2156 populis,

2099 2164 2617 2236 praavaricatricem
2652 2168 3064 2223 succenderint
3094 2169 3407 2226 civitatem.

2171 2256 2356 2325 (Vers.
2389 2256 2422 2307 8
2454 2257 2643 2327 seqq.)
2680 2279 2699 2303 α
2736 2258 2895 2311 Tunc
2946 2257 3026 2311 ait
3075 2259 3256 2314 servis
3306 2260 3431 2315 suis
3465 2278 3478 2316 :
3514 2262 3743 2334 Nuptiae.

2100 2345 2339 2415 quidem
2373 2353 2583 2415 parata:
2615 2351 2784 2411 sunt;
2837 2348 2934 2401 sed
2988 2348 3085 2418 qui
3139 2347 3362 2403 invitati
3413 2356 3578 2406 erant
3629 2370 3744 2408 non

2103 2438 2339 2489 luerunt
2368 2435 2549 2507 digni.
2583 2440 2665 2490 Ite
2697 2452 2832 2507 ergo
2864 2437 2935 2491 ad
2968 2438 3156 2492 exitus
3186 2439 3432 2507 viarum,
3475 2448 3533 2495 et
3571 2458 3745 2513 quos-

2101 2540 2332 2596 cunque
2384 2524 2745 2592 inveneritis,
2775 2531 2968 2581 vocate
3014 2528 3085 2582 ad
3139 2528 3394 2600 nuptias.
3431 2530 3499 2584 Et
3528 2534 3745 2603 egressi

2102 2614 2251 2669 servi
2279 2615 2407 2685 ejus
2438 2614 2497 2668 in
2538 2615 2682 2683 vias,
2715 2622 3214 2687 congregaverunt
3244 2634 3447 2675 omnes
3478 2636 3625 2691 quos
3658 2620 3745 2675 in-

2101 2708 2403 2771 venerunt,
2438 2703 2624 2758 malos
2657 2708 2714 2758 et
2745 2705 2948 2771 bonos,
2978 2711 3035 2760 et
3062 2705 3314 2776 impletae
3348 2713 3487 2762 sunt
3532 2709 3745 2780 nuptiae

2102 2791 2978 2848 discumbentium.nGentilium
2998 2794 3249 2866 populus
3270 2814 3381 2851 non
3402 2801 3525 2852 erat
3544 2797 3601 2851 in
3617 2798 3745 2863 viis,

2102 2882 2201 2936 sed
2236 2881 2295 2936 in
2326 2881 2578 2937 exitibus
2609 2881 2854 2937 viarum.
2891 2884 3176 2948 Quaeritur
3223 2892 3418 2940 autem
3454 2888 3746 2958 quomodo

2102 2970 2158 3025 in
2191 2969 2285 3025 his
2318 2970 2415 3042 qui
2451 2970 2590 3025 foris
2623 2976 2808 3039 erant,
2843 2972 2996 3027 inter
3044 2973 3230 3029 malos
3278 2978 3335 3029 et
3381 2976 3516 3030 boni
3562 2976 3747 3048 aliqui

2103 3059 2219 3114 sint
2250 3060 2498 3131 reperti?
2526 3063 2692 3114 Hunc
2713 3060 2905 3115 locum
2934 3060 3165 3132 plenius
3196 3068 3404 3118 tractat
3434 3066 3750 3136 Apostolus

2104 3150 2174 3205 ad
2227 3149 2519 3204 Romanos
2549 3150 2569 3182 δ
2601 3150 2718 3219 [4ι.
2774 3150 2996 3205 additur
3040 3152 3262 3223 dicens]
3296 3154 3469 3224 (Rom.
3504 3170 3564 3209 ιι.
3601 3155 3687 3225 14)
3736 3172 3765 3210 :,

2104 3239 2258 3311 quod
2291 3244 2492 3311 gentes
2524 3239 2867 3296 naturaliter
2890 3240 3167 3297 facientes
3188 3258 3254 3297 ea
3276 3259 3401 3314 quas
3422 3244 3569 3316 legis
3592 3251 3754 3315 sunt,

2105 3329 2498 3383 condemnent
2526 3328 2780 3393 Judazos,
2814 3329 2914 3400 qui
2947 3330 3226 3402 scriptam
3275 3331 3461 3403 legem
3515 3350 3629 3388 non
3678 3336 3755 3388 Ic-

2107 3418 2311 3473 cerint.
2352 3418 2502 3471 Inter
2549 3418 2709 3489 ipsos
2759 3434 2994 3490 quoque
3029 3418 3295 3474 ethnicos
3327 3425 3416 3475 est
3446 3420 3755 3477 diversitas

2105 3507 2365 3573 infinita;
2398 3522 2531 3561 cum
2566 3507 2823 3561 sciamus
2856 3506 3001 3563 alios
3027 3525 3154 3563 esse
3184 3508 3468 3580 proclives
3499 3511 3570 3565 ad
3615 3512 3755 3566 vitia

2105 3601 2161 3650 et
2192 3595 2345 3650 I76
2392 3603 2627 3650 ruentes
2675 3595 2746 3650 ad
2799 3595 2954 3651 mala
3009 3614 3021 3651 :
3070 3596 3219 3653 alios
3266 3597 3339 3652 ob
3388 3596 3750 3655 honestatem

2107 3702 2336 3740 morum
2370 3685 2684 3740 virtutibus
2713 3685 2961 3741 deditos.

2175 3777 2362 3846 (Vers.
2388 3776 2474 3844 11,
2509 3775 2618 3846 12.)
2645 3798 2671 3824 ‹‹
2708 3776 2950 3831 Intravit
3007 3780 3204 3833 autem
3259 3795 3378 3842 rex,
3432 3782 3499 3835 ut
3534 3778 3757 3835 videret

2105 3865 2575 3933 discumbentes;
2609 3869 2667 3919 et
2694 3864 2839 3919 vidit
2869 3866 2948 3921 ibi
2982 3866 3283 3924 hominem
3331 3885 3447 3924 non
3479 3869 3752 3924 vestitum

2105 3959 2263 4009 veste
2294 3953 2561 4023 nuptiali,
2608 3960 2664 4008 et
2709 3954 2791 4009 ait
2838 3953 2921 4010 illi
2978 3973 2990 4008 :
3033 3957 3255 4022 Amice,
3308 3959 3601 4029 quomodo
3642 3958 3757 4013 huc

2104 4042 2335 4098 intrasti
2400 4059 2513 4097 non
2575 4042 2795 4097 habens
2854 4050 3073 4098 vestem
3132 4045 3493 4117 nuptialem?
3539 4051 3612 4101 At
3660 4048 3758 4101 illo,

2106 4130 2419 4186 obmutuit.
2456 4155 2477 4181 υ
2520 4131 2582 4184 Ili
2615 4131 2715 4203 qui
2744 4130 2966 4185 invitati
3002 4133 3230 4188 fuerant
3279 4135 3349 4188 ad
3392 4135 3652 4207 nuptias,
3688 4137 3757 4192 ile

2107 4221 2346 4292 sepihus
2394 4227 2447 4276 et
2497 4219 2754 4292 angulis,
2803 4225 2859 4274 et
2912 4220 3142 4293 plateis,
3194 4226 3250 4276 et
3298 4223 3545 4278 diversis
3592 4224 3754 4289 locis,

2107 4327 2331 4365 coenam
2364 4309 2519 4381 regis
2550 4309 2950 4381 impleverant.
2978 4310 3086 4365 Sed
3122 4316 3319 4383 postea
3342 4328 3476 4367 cum
3502 4312 3762 4368 venisset

2108 4416 2223 4467 rex,
2259 4404 2323 4454 ut
2351 4398 2568 4454 videret
2596 4399 3035 4455 discumbentes
3084 4398 3141 4454 in
3192 4400 3456 4456 convivio
3485 4418 3593 4457 suo
3626 4400 3757 4472 (hoc

2107 4495 2216 4557 est,
2242 4490 2301 4543 in
2332 4506 2437 4545 sua
2464 4488 2628 4560 quasi
2657 4490 2767 4543 ﬁde
2790 4489 3249 4560 requiescentes;
3277 4495 3341 4545 ut
3360 4490 3417 4545 in
3442 4491 3757 4562 diejudicii

2107 4577 2366 4633 visitaret
2382 4578 2649 4633 convivas
2668 4584 2723 4633 et
2737 4579 3089 4634 discerneret
3117 4582 3324 4636 merita
3346 4581 3756 4654 singulorum),

2108 4667 2327 4723 invenit
2358 4685 2540 4723 unum
2575 4668 2674 4740 qui
2706 4674 2862 4723 veste
2892 4668 3135 4725 indutus
3166 4687 3279 4725 non
3313 4677 3437 4726 erat
3484 4672 3752 4745 nuptiali.

348 4759 528 4816 minis
558 4764 699 4815 sunt
727 4758 828 4832 qui
859 4757 1125 4830 occupati
1156 4756 1289 4813 aliis
1320 4758 1497 4813 rebus
1545 4759 1743 4814 venire
1793 4758 1994 4814 nolue-
2029 4779 2076 4843 D
2110 4758 2269 4813 Unus
2301 4758 2429 4824 iste,
2464 4774 2667 4813 omnes
2719 4758 2819 4829 qui
2868 4759 3073 4813 sociati
3108 4764 3246 4815 sunt
3285 4760 3511 4817 malitia
3540 4761 3758 4818 intelli-

346 4853 510 4921 runt,
541 4848 635 4904 his
665 4849 786 4921 qui,
816 4852 1151 4920 contempto
1204 4847 1509 4904 invitantis
1552 4848 1783 4913 ali‘ectu,
1815 4854 1997 4904 verte-

421 4978 439 5011 ¹
471 4973 685 5046 Vocem
719 4976 924 5046 impetu
954 4988 1099 5028 mss.
1134 4972 1320 5028 nostri
1352 4973 1671 5029 sufﬁciunt.
1710 4976 1886 5029 Antea
1915 4973 1999 5030 le-

345 5044 598 5121 gebatur
620 5044 1069 5121 diuersorumque
1097 5050 1380 5121 ventorum
1409 5046 1515 5121 huc
1545 5047 1802 5117 illucque.

419 5121 440 5153 ²
472 5119 769 5192 Origenes,
803 5139 832 5192 «ς
863 5118 1176 5181 Nimirum,
1210 5118 1420 5192 inquit,
1446 5118 1620 5173 homo
1653 5136 1751 5192 rex
1782 5117 2001 5189 tropice

344 5191 506 5248 Deus
534 5191 596 5247 et
616 5191 831 5247 Christi
875 5194 1045 5246 Pater
1092 5191 1497 5261 essedicitur,
1547 5191 1761 5261 nuptiae
1801 5197 2000 5245 autem

346 5263 478 5336 lilii,
507 5262 681 5336 regis,
717 5262 984 5336 Ecclesiae
1034 5260 1249 5317 Christi
1296 5278 1525 5336 sponsae
1557 5260 1772 5336 sponso
1813 5261 2000 5332 ipsius

343 5332 601 5391 Christo'
638 5334 958 5399 restitutio;
1020 5335 1167 5388 servi
1223 5332 1355 5388 vero
1427 5334 1496 5388 ad
1556 5332 1847 5389 vacandos
1903 5349 2001 5387 eos

347 5406 542 5475 missi,
576 5408 677 5479 qui
708 5408 781 5479 ad
814 5405 1047 5479 nuptias
1078 5406 1309 5479 fuerant
1340 5404 1588 5479 invitati,
1623 5404 1661 5459 ii
1716 5409 2003 5479 suntpro-

344 5479 538 5553 phetaa
570 5476 861 5553 vaticiniis
892 5476 1016 5532 suis
1045 5494 1167 5540 eos.
1200 5476 1300 5548 qui
1331 5493 1361 5532 e
1394 5477 1605 5548 populo
1636 5482 1780 5533 sunt
1808 5477 1881 5530 ad
1907 5476 1999 5530 Iae-

344 5551 541 5633 titiam
572 5551 1369 5633 tempestive‘oonve‘rtentes,
1400 5555 1509 5604 etc.

420 5622 443 5657 ³
474 5618 775 5695 Αιᾳυθγῖῐει
804 5621 1037 5695 quidem
1089 5618 1370 5695 plurium:
1395 5637 1639 5695 numero
1683 5635 1863 5675 servos
1888 5618 2000 5695 _Ve-

346 5692 620 5776 roneqsis
650 5692 1015 5776 Evangelior,
1048 5692 1709 5776 cedex‘antiquissimus
1749 5693 1998 5776 praefert.

425 5711 620 5751 nensis
650 5711 1015 5776 uvangeuor,
1048 5711 1227 5748 cooex
1257 5711 1709 5821 EDIIVISSIIDUS
1752 5711 1998 5764 pl‘iBlE‘I‘t.

425 5767 447 5802 ‘
505 5767 684 5823 Seeus
734 5764 1012 5837 Origenes
1063 5763 1267 5819 sensit.
1324 5785 1351 5815 «
1403 5802 1418 5820 ι
1463 5765 1564 5821 issi
1612 5766 1762 5820 servi
1811 5763 1999 5832 alteri,

349 5838 507 5912 alius
536 5844 627 5895 est
655 5836 1043 5912 prophjarum
1074 5841 1274 5912 cestus.
1299 5860 1320 5889 ι

426 5912 448 5951 ⁵
475 5905 693 5973 Iterum
722 5905 793 5971 ex
823 5907 1089 5985 Origene.
1123 5929 1151 5963 ‹‹
1185 5907 1278 5968 Ira
1323 5906 1476 5986 regis
1519 5924 1588 5967 ea
1630 5905 2002 5984 intelligitur,

2111 4856 2331 4920 guntur
2371 4849 2412 4901 ⁷.
2450 4847 2635 4903 Vestis
2687 4853 2880 4902 autem
2933 4849 3236 4920 nuptialis,
3288 4855 3577 4923 praecepta
3622 4857 3761 4906 sunt

2111 4975 2280 5045 cujus
2332 4974 2403 5029 de
2448 4973 2668 5028 Judanis
2714 4972 2981 5045 loquens,
3029 4973 3344 5045 Apostolus
3402 4979 3757 5032 mentionem

2112 5047 2267 5101 facit.
2320 5047 2569 5101 Pervenit
2598 5049 2779 5100 autem
2808 5048 2897 5100 ira
2923 5063 3089 5117 super
3120 5048 3243 5101 illos
3276 5063 3442 5118 usque
3470 5048 3540 5102 ad
3570 5048 3755 5116 ﬁnem.

2113 5119 2188 5173 Ad
2237 5119 2355 5172 ha-c
2414 5117 2633 5173 bellum
2687 5118 2964 5173 adversus
3011 5119 3247 5173 Judzeos
3296 5117 3670 5186 movendum,
3705 5123 3761 5172 et

2112 5189 2704 5262 Hierosolymitanum
2727 5190 3026 5262 excidium
3051 5189 3368 5261 populique
3391 5196 3523 5262 post
3547 5189 3757 5244 Christi

2111 5263 2423 5317 adventum
2459 5261 2550 5316 his
2582 5261 2770 5316 verbis
2803 5261 3248 5332 praenuntiatum
3284 5284 3311 5310 υ

2182 5334 2202 5367 δ
2249 5332 2632 5404 Continenter
2681 5329 3016 5387 Adalnantii
3049 5333 3309 5404 vestigiis
3365 5329 3620 5404 insistit,
3655 5332 3753 5403 qui

2111 5410 2169 5487 et
2201 5406 2305 5461 hoc
2337 5405 2529 5476 ipsum
2566 5403 2778 5477 allegat
2830 5404 3019 5460 Pauli-
3037 5406 3108 5461 ad
3161 5402 3451 5460 Romanos
3496 5402 3752 5459 testimo-

2114 5494 2297 5532 mum.

2183 5550 2202 5582 ⁷
2232 5547 2509 5620 Origenes
2544 5565 2556 5603 :
2592 5571 2618 5597 ‹‹
2655 5547 2846 5604 Unum
2897 5555 3090 5605 autem
3139 5551 3295 5602 veste
3326 5544 3588 5620 .nuptiali
3639 5566 3753 5605 non

2113 5614 2384 5675 indutum
2416 5621 2579 5682 vidit,
2613 5623 2722 5675 sub
2756 5622 2925 5676 unico
2974 5635 3202 5691 genere,
3236 5614 3337 5691 Avel
3390 5614 3580 5691 specie
3627 5624 3771 5676 uni"

2111 5710 2295 5761 versa,
2345 5694 2865 5765 comprehendens,
2918 5688 3016 5763 qui
3074 5688 3394 5761 nequitiam
3455 5690 3567 5747 sibi
3624 5700 3756 5750 ante

2115 5766 2289 5820 fidem
2320 5765 2810 5821 adhaerescentem
2859 5765 3247 5834 retinuerunt,
3293 5777 3542 5836 eamque
3589 5767 3758 5823 mini-

2113 5853 2206 5894 me
2236 5841 2540 5894 exuerunt.
2577 5858 2606 5889 ››
3472 5864 3479 5869 -
