4182 6624
517 499 626 564 167

1756 500 1818 559 S.
1867 495 2179 561 EUSEBII
2226 492 2671 557 IllEltONYMI

3806 497 3924 558 168

512 632 764 704 Domini,
798 639 853 688 et
885 649 1062 704 opera
1090 648 1219 704 quae
1250 632 1618 705 complentur
1639 651 1707 689 ex
1735 633 1861 705 lege
1891 638 1949 687 et
1978 632 2161 687 Evan-
2192 633 2242 697 Α
2275 629 2715 701 comprehendit
2747 645 2761 683 :
2795 628 2948 699 quod
2981 631 3038 682 et
3066 625 3127 681 in
3158 641 3330 698 opere
3358 625 3554 694 vineae,
3586 632 3643 683 et
3689 629 3746 684 in
3779 630 3920 685 aedi-

511 723 684 796 gelio,
726 722 975 794 novique
1023 722 1278 778 hominis
1326 722 1589 778 el'iiciunt
1632 724 2065 777 vestimentum.
2101 720 2159 775 Si

513 812 649 884 quis
679 812 860 884 igitur
888 811 947 866 in
977 816 1239 883 tempore
1278 812 1484 882 judicii
1539 812 1810 866 inventus
1849 811 2022 866 fuerit
2050 810 2160 865 sub

512 900 750 956 nomine
789 900 1119 956 Christiano
1156 918 1269 955 non
1302 901 1514 956 habere
1546 906 1765 955 vestem
1815 899 2157 971 nuptialem,

512 989 623 1045 hoc
653 995 759 1057 est,
794 995 1014 1045 vestem
1052 987 1479 1059 superccelestis
1513 990 1630 1055 (Αι.
1662 988 1934 1049 οωιοειὶε)
1967 987 2159 1042 homi-

513 1078 641 1146 nis;
676 1078 776 1134 sed
806 1083 1025 1134 vestem
1075 1077 1381 1149 pollutam,
1416 1078 1472 1132 id
1505 1082 1611 1144 est,
1648 1078 1854 1131 veteris
1905 1076 2159 1131 hominis

512 1168 768 1235 exuvias,
802 1167 896 1222 hic
927 1166 1125 1221 statim
1159 1165 1488 1237 corripitur,
1520 1171 1576 1219 et
1605 1166 1822 1220 dicitur
1842 1165 1891 1218 ei
1916 1180 1929 1218 :
1954 1167 2157 1229 Amice,

511 1257 775 1328 quomodo
807 1257 917 1311 huc
944 1256 1209 1311 intrasti?
1235 1256 1503 1309 Amicum
1548 1258 1732 1323 vocat,
1766 1254 1920 1325 quod
1951 1253 2159 1307 invita-

511 1351 609 1401 tus
633 1347 702 1400 ad
739 1345 971 1416 nuptias
997 1348 1086 1399 est
1119 1361 1130 1397 :
1167 1345 1358 1415 arguit
1388 1343 1783 1415 impudentiae,
1818 1343 1971 1413 quod
2004 1349 2161 1398 veste

508 1434 745 1489 sordida
793 1433 1113 1487 munditias
1164 1431 1433 1503 polluerit
1479 1431 1791 1504 nuptiales.
1824 1433 1906 1486 Ad
1939 1434 2038 1486 ίιιθ
2067 1433 2156 1487 ob-

509 1525 730 1578 mutuit.
765 1522 826 1577 In
861 1529 1122 1594 tempore
1153 1522 1309 1576 enim
1343 1521 1441 1575 illo
1474 1538 1587 1576 non
1632 1522 1741 1576 erit
1782 1520 1945 1576 locus
1976 1522 2158 1593 pceni-

504 1612 698 1666 tentia:
733 1613 772 1681 ',
806 1627 909 1667 nec
942 1610 1194 1682 negandi
1229 1610 1497 1677 facultas,
1547 1625 1683 1664 cum
1734 1625 1938 1665 omnes
1969 1608 2160 1680 angeli

506 1706 566 1755 et
596 1701 855 1755 mundus
884 1699 1010 1771 ipse
1042 1699 1118 1753 sit
1150 1698 1314 1754 testis
1346 1699 1423 1753 sit
1452 1703 1841 1770 peccatorum.

580 1789 766 1858 (Vers.
809 1789 909 1859 l3).
945 1811 972 1837 ‹‹
1005 1788 1167 1842 Tunc
1217 1787 1362 1841 dixit
1411 1805 1508 1843 rex
1558 1788 1890 1844 ministris:
1941 1788 2160 1860 Ligatis

507 1876 756 1941 pedibus
786 1882 843 1933 et
872 1876 1149 1933 manibus
1178 1876 1329 1947 ejus,
1359 1876 1571 1931 mittite
1602 1892 1736 1932 eum
1788 1878 1846 1930 in
1890 1878 2158 1932 tenebras

507 1967 853 2031 exteriores;
890 1965 966 2020 ibi
1000 1965 1111 2020 erit
1141 1966 1313 2021 fletus
1344 1970 1400 2020 et
1431 1965 1648 2021 stridor
1676 1966 1962 2065 dentium.
1992 1967 2155 2065 nMa-
2189 2001 2235 2065 B

509 2072 622 2110 nus
652 2053 868 2127 ligatus
903 2059 959 2109 et
987 2055 1182 2126 pedes,
1228 2054 1548 2126 ﬂetumque
1577 2054 1902 2124 oculorum,
1934 2059 1989 2110 et
2019 2055 2152 2109 stri-

508 2144 707 2199 dorem
739 2144 1027 2211 dentium,
1049 2143 1133 2199 vel
1162 2144 1233 2198 ad
1260 2144 1756 2216 comprobandam
1785 2145 2156 2200 resurrectio-

507 2234 600 2289 nis
647 2232 905 2305 intellige
964 2233 1286 2288 veritatem.
1347 2232 1445 2287 Vel
1507 2238 1661 2288 certe
1715 2233 1844 2286 ideo
1898 2233 2158 2305 ligantur

507 2338 720 2376 manus
750 2326 807 2375 et
838 2322 1035 2393 pedes,
1068 2327 1132 2375 ut
1162 2321 1313 2377 male
1347 2322 1593 2393 Operari,
1629 2327 1684 2376 et
1722 2339 1951 2377 currere
2001 2323 2154 2377 desi-

512 2414 671 2477 stant
719 2410 791 2464 ad
844 2410 1261 2464 effundendum
1295 2409 1641 2480 sanguinem
1673 2411 1711 2461 ³.
1746 2414 1811 2463 In
1842 2410 1975 2465 ﬂetu
2010 2426 2155 2480 quo-

512 2515 625 2571 que
662 2497 985 2563 oculorum,
1019 2503 1075 2553 et
1106 2498 1351 2553 stridore
1400 2497 1687 2567 dentium,
1722 2514 1822 2569 per
1853 2499 2153 2569 metapho-

509 2604 635 2642 ram
684 2588 1084 2642 membrorum
1132 2586 1544 2661 corporalium,
1580 2588 1924 2657 magnitudo
1955 2593 2154 2643 osten-

510 2677 667 2731 ditur
696 2680 1142 2731 tormentorum.

580 2764 763 2836 (Vers.
800 2765 907 2833 14).
938 2787 966 2814 ‹‹
999 2764 1161 2819 Multi
1190 2770 1381 2820 autem
1417 2770 1556 2820 sunt
1586 2765 1790 2833 vocati,
1824 2766 1995 2837 pauci
2023 2781 2154 2823 vero

507 2853 691 2910 electi.
742 2876 771 2905 υ
827 2854 1043 2909 Omnes
1091 2853 1398 2926 parabolas
1451 2855 1604 2910 brevi
1653 2856 1944 2911 sententia
2000 2858 2148 2912 177

583 3013 906 3088 ‘Quinque
946 3030 1089 3088 mss.
1150 3013 1507 3085 impudentiae
1552 3014 1790 3082 habent,
1824 3033 1926 3087 pro
1973 3020 2152 3088 pumi-

511 3087 723 3141 tentiae.
750 3084 843 3139 Sic
875 3084 1017 3139 Rab.

582 3158 602 3190 ²
637 3180 657 3205 σι
695 3156 893 3227 Neque
924 3155 1101 3226 enim,
1148 3155 1227 3210 ait
1274 3156 1680 3226 Adamantius,
1732 3157 1814 3212 uti
1862 3159 2150 3227 decuerat,

513 3228 850 3291 ambulavit,
883 3243 1071 3300 neque
1101 3244 1168 3281 ea
1198 3243 1325 3298 quas
1355 3228 1626 3283 decuerat
1669 3230 1803 3300 egit.
1842 3252 1868 3278 ››
1902 3231 2003 3285 Hic
2036 3238 2153 3287 tres

514 3315 654 3355 mss.
689 3314 912 3353 currere
938 3299 1212 3353 desinant.

2272 718 2537 772 ﬁcatione
2569 719 2799 782 domus,
2824 716 2957 769 etin
2991 714 3250 770 convivio
3284 714 3553 786 nuptiali,
3578 733 3694 773 non
3727 717 3920 787 initia,

2270 806 2371 860 sed
2405 806 2539 861 finis
2565 810 2883 877 quaeratur.

2341 898 2528 966 (Vers.
2604 896 2677 966 5.)
2737 917 2762 942 ‹‹
2815 895 2978 949 Tunc
3028 895 3309 950 abeuntes
3368 894 3663 966 Pharisaei,
3722 898 3920 953 consi-

2270 982 2416 1038 lium
2466 983 2741 1049 inierunt,
2793 988 2858 1037 ut
2908 988 3180 1055 caperent
3227 1000 3362 1039 eum
3410 983 3468 1039 in
3522 1001 3810 1041 sermone.
3852 988 3923 1043 Et

2271 1072 2514 1127 mittunt
2543 1074 2592 1127 ei
2626 1072 2948 1143 discipulos
2979 1090 3118 1127 suos
3151 1089 3284 1127 cum
3318 1072 3682 1145 Herodianis,
3715 1076 3917 1131 dicen-

2269 1165 2377 1216 tes.
2415 1185 2434 1209 η
2471 1162 2664 1233 Nuper
2694 1163 2714 1193 ³
2748 1163 2857 1217 sub
2889 1165 3106 1217 Czesare
3132 1164 3397 1233 Augusto
3420 1162 3623 1218 Judtea
3655 1164 3922 1235 subjecta

2272 1250 2573 1317 Romanis,
2608 1252 2840 1322 quando
2890 1250 2949 1305 in
2998 1255 3117 1305 toto
3156 1252 3295 1305 orbe
3338 1256 3428 1306 est
3475 1252 3767 1309 celebrata
3813 1254 3921 1309 de-

2269 1339 2505 1410 scriptio
2565 1342 2711 1410 (Lur.
2746 1357 2805 1403 ιι,
2839 1342 2887 1407 1,
2920 1342 2997 1407 2),
3058 1339 3439 1411 stipendiaria
3498 1342 3647 1396 facta
3704 1342 3918 1414 fuerat,
3972 1378 3989 1397 ς

2269 1432 2326 1483 et
2354 1434 2477 1483 erat
2507 1429 2563 1482 in
2597 1428 2808 1500 populo
2859 1446 3072 1499 magna
3125 1429 3353 1495 seditio,
3404 1429 3733 1487 dicentibus
3782 1432 3919 1489 aliis

2269 1534 2373 1589 pro
2425 1518 2735 1573 securitate
2785 1523 2841 1573 et
2887 1520 3100 1589 quiete,
3155 1536 3273 1589 qua
3322 1519 3556 1587 [Rhabb.
3607 1521 3769 1591 quia]
3803 1521 3918 1577 Ro-

2271 1607 2428 1661 mani
2461 1624 2563 1677 pro
2596 1608 2870 1662 omnibus
2901 1608 3240 1673 militarent,
3276 1608 3483 1664 debere
3513 1608 3734 1665 tributa
3785 1628 3919 1683 per-

2269 1694 2411 1751 solvi
2448 1712 2460 1750 :
2497 1696 2801 1751 Pbarisaeis
2829 1712 2982 1764 vero,
3006 1697 3106 1767 qui
3139 1696 3249 1751 sibi
3282 1698 3717 1768 applaudebant
3737 1700 3920 1772 deju-

2271 1785 2449 1853 stitia,
2473 1786 2799 1840 econtrario
2830 1787 2851 1819 ‘
2882 1786 3233 1851 dicentibus,
3258 1802 3371 1841 non
3394 1786 3605 1843 debere
3629 1788 3917 1860 populum

2267 1873 2365 1929 Dei
2395 1874 2514 1945 (qui
2548 1875 2806 1929 decimas
2838 1873 3103 1941 solveret,
3122 1879 3178 1929 et
3209 1875 3501 1946 primitiva
3531 1876 3714 1944 daret,
3738 1884 3796 1933 et
3811 1894 3919 1934 cas-

2269 1968 2391 2018 tera
2421 1979 2547 2034 quae
2580 1963 2639 2017 in
2668 1963 2791 2035 lege
2822 1964 3040 2035 scripta
3070 1968 3227 2030 sunt,
3263 1964 3495 2032 faceret)
3526 1965 3802 2022 humanis
3833 1967 3915 2023 le-

2266 2053 2439 2123 gibus
2468 2053 2788 2122 subjacere.
2819 2054 3008 2108 Caesar
3038 2058 3338 2124 Augustus
3374 2053 3657 2110 Herodem
3681 2056 3702 2089 ⁵
3725 2054 3916 2112 filium

2265 2142 2585 2213 Antipatris
2606 2142 2990 2212 alienigenam
3013 2147 3070 2198 et
3088 2141 3465 2214 proselytum,
3480 2160 3675 2214 regem
3691 2144 3915 2202 Judaais

2266 2232 2666 2301 constituerat,
2691 2231 2787 2303 qui
2812 2231 3047 2285 tributis
3084 2237 3373 2302 praeesset,
3405 2237 3461 2287 et
3513 2232 3773 2290 Romano
3805 2251 3918 2307 pa-

2266 2325 2419 2376 reret
2448 2320 2709 2391 imperio.
2755 2321 2992 2375 Mittunt
3039 2320 3218 2392 igitur
3267 2321 3540 2377 Pharisaei
3590 2322 3915 2394 discipulos

2265 2427 2404 2465 suos
2448 2425 2581 2465 cum
2631 2408 2994 2475 Herodianis,
3047 2411 3102 2464 id
3153 2415 3261 2474 est,
3309 2409 3598 2467 militibus
3642 2412 3912 2481 Herodis,

2265 2515 2365 2553 seu
2402 2515 2545 2569 quos
2578 2498 2890 2553 illudentes
2940 2498 3217 2553 Pharisaei
3250 2500 3271 2533 ⁶
3301 2499 3440 2570 quia
3489 2499 3769 2556 Romanis
3809 2500 3915 2556 tri-

2265 2589 2407 2643 buta
2437 2587 2755 2654 solvebant,
2790 2588 3148 2643 Herodianos
3170 2590 3474 2655 vocabant,
3497 2595 3553 2644 et
3577 2605 3690 2645 non
3714 2589 3915 2646 divino

2265 2675 2446 2731 cultui
2478 2676 2727 2732 deditos.
2761 2677 3007 2741 Quidam
3053 2678 3384 2733 Latinorum
3436 2676 3681 2734 ridicule
3731 2678 3912 2735 Hero-

2266 2766 2471 2821 dianos
2502 2765 2655 2820 178
2691 2770 2917 2837 putant,
2953 2765 3053 2837 qui
3102 2765 3384 2822 Herodem
3430 2766 3728 2823 Christum
3781 2784 3913 2825 esse

2263 2855 2576 2910 credebant
2604 2856 2646 2923 ⁷,
2679 2856 2831 2925 quod
2869 2872 3161 2927 nusquam
3194 2855 3430 2912 omnino
3462 2854 3736 2928 legimus.

2263 3014 2458 3087 ctigali
2486 3032 2583 3088 per
2607 3016 2723 3069 vim
2746 3016 3026 3090 exigendo
3049 3021 3550 3090 promptosatque
3571 3017 3912 3090 expeditos:

2262 3087 2602 3158 quanquam
2636 3094 2899 3162 notatum
2930 3087 3134 3143 Huetio
3167 3087 3409 3162 lierodis
3434 3087 3674 3162 quidem
3711 3089 3913 3162 Magni

2262 3163 2644 3229 temporibus,
2678 3160 2776 3229 qui
2812 3160 3036 3230 primus
3069 3161 3389 3231 pendendis
3420 3160 3627 3216 Caesari
3669 3160 3916 3217 tributis

2263 3248 2496 3302 operam
2524 3232 2790 3305 contulit,
2824 3231 3061 3305 milites,
3109 3232 3215 3305 qui
3263 3249 3363 3303 per
3407 3232 3674 3305 vimdilla
3720 3234 3915 3305 exige-

2264 3310 2409 3371 rent,
2442 3303 2757 3375 exstitisse,
2808 3319 2927 3375 non
2975 3303 3111 3356 item
3164 3303 3322 3358 hisce
3370 3303 3607 3359 Herodis
3656 3303 3912 3375 Antipm,

579 3370 892 3445 {Totidem
942 3370 1130 3445 verbis
1181 3370 1501 3445 Origenes;
1536 3394 1561 3419 ‹‹
1596 3370 1973 3443 Sospitaloris
2013 3378 2153 3428 tem-
2182 3373 2223 3439 C
2263 3370 2433 3444 cujus
2468 3374 2735 3444 potestati
2772 3373 3113 3444 neutiquam
3166 3375 3221 3429 id
3274 3376 3649 3445 permissum,
3698 3370 3811 3431 sed
3850 3370 3919 3433 ut

550 3441 771 3512 oribus,
795 3458 926 3497 cum
952 3441 1237 3497 tributum
1261 3441 1539 3496 Romanis
1562 3441 1810 3513 pendere
1834 3445 1986 3513 jussi
2012 3450 2152 3500 sunt

550 3459 771 3512 oribus,
795 3459 926 3497 cum
952 3459 1237 3497 tributum
1261 3459 1539 3496 uomams
1562 3459 1810 3513 pendere
1834 3460 1986 3513 JUSSI
2012 3459 2151 3500 sunt

504 3459 712 3581 fudaai,
746 3516 816 3568 de
846 3531 911 3569 eo
942 3514 1093 3568 inter
1120 3530 1219 3569 eos
1251 3514 1615 3588 disputatum
1647 3515 2151 3588 deliberatumque

506 3591 596 3640 est
627 3592 1247 3666 utrumconsecratam
1279 3586 1391 3666 Deo
1414 3592 1666 3666 gentem,
1696 3604 1936 3666 qumque
1960 3586 2148 3659 ipsius

505 3660 659 3712 esset
691 3658 895 3727 portio,
926 3658 1213 3711 tributum
1248 3658 1610 3728 principibus
1640 3659 1860 3714 solvere
1904 3658 2147 3714 consen-

507 3731 744 3802 taneum
776 3728 870 3802 sit,
905 3744 977 3780 an
1006 3744 1107 3798 pro
1140 3728 1404 3802 libertate
1448 3734 1686 3802 certare,
1735 3729 1782 3783 si
1822 3730 1997 3784 vitam
2047 3748 2150 3802 pro

509 3796 750 3853 arbitrio
796 3796 1021 3852 dueere
1056 3814 1169 3851 non
1230 3798 1415 3868 liceat,
1467 3804 1523 3852 et
1570 3800 1856 3855 tributum
1908 3796 2150 3856 mini-me

507 3868 777 3940 pendere.
813 3889 841 3917 »
875 3869 1086 3923 Notum
1119 3868 1359 3936 scilicet,
1395 3876 1524 3940 post
1551 3871 1814 3925 Archelai
1861 3872 2035 3927 unius
2084 3890 2151 3928 ex

505 3939 812 3994 tetrarchis
828 3940 1124 4005 exsilium,
1150 3939 1441 3995 redactam
1466 3941 1521 3995 in
1550 3943 1853 4012 provinciae
1881 3944 2148 4008 formam,

506 4012 799 4085 Syriaeque
823 4012 1677 4085 fuisseattributamJudzeam
1704 4030 1715 4068 :
1744 4020 1917 4085 atque
1944 4017 2151 4071 exinde

505 4082 1192 4159 iactamceleberrimam
1223 4082 1924 4159 descriptionemQuirini
1957 4087 2152 4159 praesi-

508 4154 597 4227 dis
627 4154 801 4226 Syria“:
832 4155 931 4227 qui
963 4156 1297 4211 Judzeorum
1354 4154 1657 4212 facultates
1705 4154 2150 4213 censuithunc

507 4226 1094 4300 aliquosrebellasse,
1128 4228 1531 4300 prmcipueque
1575 4228 1787 4300 Judam
1833 4232 2148 4300 quemdam

506 4297 849 4354 Gaulaniten
901 4297 1201 4370 (Origenes
1231 4297 1531 4355 Galilaeam
1563 4298 1726 4367 dicit,
1756 4297 1916 4371 cujus
1939 4303 1995 4354 in
2020 4319 2147 4371 apo-

503 4371 771 4444 stolornm
799 4372 947 4444 Actis
975 4373 1305 4444 mentionem
1336 4372 1473 4444 facit
1503 4371 1699 4444 Lucas)
1750 4370 2149 4444 plurimosque

508 4440 574 4512 ad
609 4439 989 4512 defectionem
1036 4459 1073 4497 .a
1124 4442 1402 4496 Romanis
1446 4439 1774 4512 impulisset,
1816 4448 2017 4498 auctor
2059 4439 2153 4500 est

505 4510 818 4634 Joselphus,
851 4510 951 4565 lib.
983 4512 1273 4581 Antiquitt.
1309 4529 1469 4579 xvm,
1503 4510 1628 4582 cap.
1665 4530 1702 4566 ι.

576 4580 598 4613 ⁴
676 4581 1041 4634 res-Palatini
1078 4600 1219 4634 mss.
1251 4585 1558 4634 econtrario
1586 4586 1702 4634 m‘le

576 4580 598 4613 ‘
625 4580 1041 4636 Tres-Palatini
1078 4580 1219 4637 mss.
1251 4580 1888 4639 econtrarz'ohilenlibus
1918 4603 2025 4641 non
2052 4587 2145 4642 dc-

510 4651 827 4730 ibere,_etc.,
852 4654 951 4730 qui
982 4660 1045 4730 ei
1070 4654 1240 4730 paulo
1272 4660 1402 4725 post
1430 4655 1691 4721 verbum,
1731 4658 1954 4727 faceret,
2006 4676 2145 4730 prm-

505 4723 856 4778 termittunt.
889 4726 980 4779 Sic
1013 4723 1157 4780 Rab.

578 4795 620 4872 δ.
642 4796 853 4872 Eodem
914 4796 1289 4868 prosequitur
1333 4801 1509 4872 atque
1557 4798 1833 4872 Qrigenes
1883 4801 2068 4872 gradu
2134 4818 2147 4856 :

504 4886 534 4914 «
585 4865 692 4931 Qui
730 4871 888 4944 _tunc
921 4865 1175 4944 ‘przeer‘at
1219 4865 1512 4944 tetrarcha
1558 4865 1833 4944 (Herodes
1884 4865 2151 4944 Rntipas,

507 4952 681 5012 quem
714 4937 783 5012 de
816 4937 1051 5012 nomine
1100 4945 1266 4995 vocat
1314 4937 1720 5012 Hieronymus,
1756 4942 1943 4998 ﬁlium
1990 4937 2150 4999 A'nti;

504 5008 688 5085 patris
720 5025 732 5063 :
768 5009 827 5063 in
859 5009 987 5064 aliis
1018 5011 1183 5085 libris
1214 5008 1769 5085 Antipatrifpopulo
1804 5017 2153 5085 persuadere

502 5080 848 5150 conabatur,
882 5084 1149 5152 praesenti
1183 5080 1375 5138 rerum
1419 5080 1596 5138 statui
1634 5080 1767 5139 sese
1804 5080 1877 5139 'ut
1924 5102 2147 5142 accom-

503 5152 921 5227 modaret,_nec
952 5153 1579 5227 voluntariumicontra
1625 5157 1978 5227 potentiores
2029 5159 2149 5213 bel-

502 5222 625 5278 lum
660 5224 1005 5295 susciperet,
1028 5230 1085 5280 et
1112 5226 1417 5295 vectigalia
1446 5222 1709 5282 solveret.
1745 5249 1774 5275 ››

571 5241 625 5278 m
660 5241 815 5279 susci
865 5241 1005 5289 eret,
1028 5241 1085 5280 et
1112 5241 1417 5295 vecugana
1446 5241 1709 5282 sciveret.
1745 5249 1774 5275 ››

571 5297 591 5329 ⁸
624 5296 707 5350 Ita
732 5300 792 5371 et
820 5241 1440 5371 arigenesicolligebat
1467 5315 1479 5352 :
1507 5321 1533 5347 ‹‹
1562 5298 1689 5371 Veri
1719 5298 1935 5371 quippe
1959 5300 2151 5356 simile

502 5371 609 5442 est,
643 5368 743 5442 qui
774 5368 1062 5442 tributum
1096 5368 1305 5442 Caesari
1338 5369 1396 5423 in
1430 5369 1643 5442 pepulo
1695 5368 1883 5441 pendi
1916 5372 2145 5442 vellent,

502 5439 861 5513 Herodianos
891 5442 962 5495 ab
996 5440 1081 5513 eis
1115 5440 1295 5495 fuisse
1334 5439 1881 5513 appellatosjquod
1936 5442 1993 5496 id
2049 5439 2145 5498 ne;

503 5523 798 5578 quaquam
832 5511 1162 5567 faciendum
1193 5528 1320 5567 esse
1353 5508 1832 5575 statuebant.Qui
1863 5519 2056 5568 autem
2079 5515 2142 5569 li-

504 5577 744 5655 bertatis
794 5584 985 5652 specie
1033 5584 1214 5643 ducti.
1248 5600 1361 5653 quo
1421 5584 1616 5637 minus
1651 5584 1888 5655 vectigal
1938 5586 2147 5641 Cmsari

503 5650 910 5720 pensitaretur,
942 5656 981 5709 ii
1018 5655 1197 5709 fuisse
1227 5650 1496 5710 videntur
1518 5650 1861 5720 Pharisaei,»
1892 5663 2000 5712 etc.
2034 5659 2144 5713 Sed

503 5721 1222 5800 nee'priorillieronymiia
1251 5725 1640 5800 veroirabludit
1678 5731 1985 5799 sententia,
2037 5730 2144 5786 He-

502 5794 775 5876 rodianos
809 5794 985 5876 fuisse
1012 5794 1337 5876 appellatos
1370 5798 1611 5876 Herodis
1644 5800 1880 5876 milites,
1910 5794 2027 5856 sive
2050 5804 2145 5859 do-

501 5866 774 5928 mesticos
829 5866 957 5939 ejus
1005 5866 1360 5933 tributorum
1409 5875 1721 5945 coactores,
1754 5870 2022 5932 homines
2053 5891 2145 5933 ve-

2261 3446 2530 3517 precibus
2578 3450 2828 3510 tantum,
2861 3446 3222 3512 auctoritate,
3253 3452 3309 3501 et
3340 3447 3582 3502 consilio
3630 3463 3914 3520 procura-

2268 3524 2375 3572 ret.

2330 3591 2347 3623 7
2382 3589 2795 3662 Hieronymum
2829 3587 3107 3658 suggillet
3138 3589 3231 3644 hic
3266 3587 3523 3662 Scaliger
3551 3589 3610 3643 in
3646 3588 3921 3662 nusebﬁia—

2262 3663 2354 3716 nis
2398 3660 3025 3715 animadversionibus.
3062 3683 3088 3708 ‹‹
3125 3661 3309 3727 Quod,
3345 3666 3409 3715 ut
3428 3660 3540 3726 ait,
3575 3678 3691 3716 non
3724 3661 3915 3717 Latini

2258 3731 2315 3805 id
2351 3732 2751 3805 prodiderunt,
2801 3731 2900 3805 sed
2953 3747 3021 3784 ex
3068 3732 3360 3805 veteribus
3391 3733 3606 3788 Graecis
3654 3732 3916 3805 Epipha-

2261 3750 2315 3785 IG
2351 3750 2751 3801 proulaerunt,
2801 3750 2900 3784 SOU
2953 3750 3021 3784 ex
3068 3750 3360 3787 VBLCI'IDUS
3391 3750 3606 3788 UPEBCIS
3654 3750 3916 3858 rstIpna-

2261 3802 2415 3874 nius,
2447 3802 2680 3874 Graecus
2712 3806 2769 3874 et
2799 3802 2921 3872 ipse
2970 3803 3239 3874 scriptor,
3271 3805 3328 3858 id
3364 3805 3579 3859 retulit.
3616 3826 3643 3853 ››
3672 3806 3684 3824 ’
3719 3821 3918 3860 emere

2260 3873 2600 3947 enimvero;
2628 3872 2965 3947 Latinorum
2990 3872 3145 3929 enim
3174 3872 3355 3929 multo
3378 3876 3759 3931 vetustiorum
3786 3875 3920 3947 Epi-

2304 3945 2500 4009 banio,
2536 3944 2689 4016 quod
2721 3945 3049 4000 rectissime
3096 3952 3292 4001 monet
3338 3950 3393 4001 S.
3430 3952 3616 4011 Pakar,
3650 3944 3916 4016 opinatio

2305 3962 2500 4009 nanio,
2536 3962 2689 4016 quoa
2721 3962 3049 4000 rectissime
3096 3962 3292 4001 monet
3338 3962 3393 4001 δ.
3430 3962 3616 4011 Pawr,
3650 3964 3681 4002 o
3729 3962 3914 4003 inatlo

2261 3962 2380 4070 Ball:
2438 4016 2564 4070 fuit.
2624 4016 2862 4088 Latinus
2919 4017 3121 4088 utique
3180 4018 3427 4088 scriptor
3485 3964 3914 4087 Tertullianus,

2261 4089 2380 4161 sive
2402 4094 2601 4142 auctor
2621 4086 2861 4161 alterius
2882 4086 3061 4161 partis
3111 4088 3241 4144 libri
3263 4086 3327 4144 de
3350 4091 3663 4161 Press-eripi.
3686 4086 3914 4147 advers.

2261 4159 2529 4221 h."erelz'c.,
2585 4160 2834 4234 cap_._/15
2878 4176 2954 4234 :_«
2987 4160 3388 4234 Praetermitto,
3440 4159 3653 4234 inquit,
3710 4161 3916 4217 Phari-

2259 4248 2471 4306 steosn.
2505 4247 2637 4285 cum
2663 4229 2786 4306 ’hi_s_
2830 4230 3004 4285 etiam
3056 4229 3432 4306 HerodianOS,
3465 4229 3567 4306 qui
3604 4234 3915 4306 Christum

2263 4303 2542 4376 Herodem
2569 4318 2707 4376 esse
2732 4302 3077 4376 dixeruntiy
3116 4305 3379 4376 Itemque
3426 4302 3664 4361 Lstinus
3711 4305 3911 4360 Phila-

2260 4379 2380 4428 ster
2431 4373 2763 4449 Brixiensis,
2825 4374 2951 4449 qui_
2982 4374 3205 4449 aliquot
3257 4373 3668 4449 Hieronymum
3723 4393 3919 4432 annos

2303 4445 2576 4519 recessit,
2636 4445 2851 4519 haeresi
2887 4446 2976 4519 28,
3026 4446 3096 4501 de
3142 4445 3505 4519 Herodianis,
3558 4469 3585 4497 ‹‹
3630 4447 3758 4513 Qui,
3807 4450 3915 4517 ait,

2311 4518 2565 4581 erodem,
2589 4532 2790 4592 regem
2823 4516 3156 4572 Judzeorum
3191 4516 3540 4591 percussum
3573 4520 3645 4575 ab
3677 4516 3915 4592 angelo,

2258 4587 2453 4664 ipsum
2487 4588 2873 4664 u_t_Christum
2898 4587 3207 4664 sperantes
3229 4596 3599 4664 exspectant,
3626 4613 3663 4664 n_
3687 4587 3926 4664 Ex'qui-

2259 4660 2366 4735 bus
2399 4661 2486 4730 (ut
2512 4660 2573 4735 id
2606 4675 2838 4730 quoque
2873 4661 3060 4715 obiter
3102 4660 3471 4735 de_ridicula
3509 4661 3782 4735 opinione
3804 4660 3923 4718 ad-

2181 4749 2227 4813 D
2263 4731 2419 4813 dam)
2475 4731 2683 4813 videas
2720 4739 2991 4813 auctores
3024 4732 3123 4813 qui
3175 4732 3275 4789 illa
3322 4731 3920 4813 scripserunttalios

2266 4802 2608 4901 atqus‘aliqs
2641 4803 2894 4901 Herodes
2926 4802 3537 4901 sibipersujas'isse'ab
3568 4804 3922 4901 Herodia'nis

2268 4873 2370 4945 pro
2405 4873 2619 4929 Messia
2647 4873 2900 4930 habitos.
2929 4873 3082 4929 Nam
3105 4878 3259 4948 quod
3288 4877 3675 4951 Hieronymus
3706 4878 3778 4932 de
3803 4877 3921 4933 He-

2262 4946 2399 5022 rode
2432 4946 2645 5022 Antipa
2674 4950 2858 5022 notat.
2892 4947 3280 5022 Philasteride
3314 4950 3569 5022 Agrippa
3589 4949 3924 5022 Aristobuli

2263 5017 2382 5100 ﬁlio
2413 5017 2788 5102 sentit,cujgs
2821 5020 3153 5102 mentio,‘est
3174 5017 3623 5102 amorim-1,132.
3651 5020 3925 5102 Epipha-

2263 5089 2396 5143 nius
2424 5094 2617 5143 autem
2651 5106 2684 5142 a
2716 5088 3006 5161 Scaligero
3056 5090 3347 5150 laudatus.
3403 5097 3461 5147 et
3490 5088 3726 5158 ’Niceta',
3760 5088 3862 5148 lib.
3900 5109 3926 5149 ι

2264 5160 2541 5236 Thesaari,
2602 5177 2743 5236 cap._
2784 5160 2887 5225 34,
2924 5163 2994 5216 de
3043 5165 3266 5236 Herode
3314 5164 3542 5236 Magno,
3594 5180 3770 5236 quem
3822 5165 3924 5219 sui

2261 5248 2363 5308 pro
2393 5232 2620 5308 Christo
2652 5231 2955 5308 haberent,
2978 5234 3205 5308 Averius
3235 5231 3713 5308 interpretantur.
3759 5236 3925 5291 Inte-

2259 5303 2369 5380 _r_im
2415 5302 2534 5380 alio
2589 5303 2825 5359 nomine
2875 5304 3206 5380 insimulari
3238 5302 3926 5380 MposseVHieronymum

2258 5375 2502 5456 Huetius
2533 5381 2709 5457 retur,
2742 5375 2896 5457 quod
2932 5393 3068 5457 cum
3096 5378 3188 5431 hic
3218 5375 3395 5457 dicat,
3426 5379 3671 5457 ridicule
3709 5375 3924 5435 existi-

2258 5446 2405 5501 mari
2455 5463 2489 5501 a
2537 5446 2893 5571 quibusdam
2947 5448 3309 5514 Latinorum,
3354 5451 3712 5507 Herodianos
3760 5467 3924 5518 esse,

2258 5518 2355 5571 oui
2388 5522 2538 5571 Hero
2584 5534 2675 5571 em
2708 5517 3006 5571 Christum
3032 5536 3160 5571 esse
3191 5523 3531 5571 censebant-
3556 5524 3681 5571 inse.
3714 5528 3920 5571 tamen

2258 5518 2355 5589 qui
2388 5517 2675 5572 Herodem
2708 5517 3006 5575 Christum
3032 5536 3160 5575 esse
3191 5523 3531 5584 censebant.
3556 5524 3681 5595 ipse
3714 5517 3924 5579 tamen

2254 5588 2313 5643 in
2367 5589 2605 5662 Dialogo
2637 5593 2839 5643 contra
2883 5590 3278 5647 Luciferianos
3327 5596 3563 5662 scribat,
3615 5595 3931 5651 Herodiani

2254 5659 2514 5734 Herodem
2565 5676 2740 5734 regem
2789 5678 3069 5732 suscepere
3114 5681 3211 5734 pro
3257 5665 3496 5721 Christo.
3534 5659 3747 5721 Verum
3798 5683 3930 5724 non

2256 5731 2339 5786 sic
2370 5730 2467 5809 ille
2495 5730 2995 5809 quemadmodum
3014 5730 3438 5809 _Abrinc.episc.
3463 5738 3658 5809 refert,
3684 5738 3795 5794 sub
3819 5754 3927 5795 as-

2258 5802 3083 5883 serentis-personascripsit,
3111 5808 3219 5883 sed
3272 5802 3438 5882 quasi
3491 5802 3653 5866 male
3675 5826 3926 5883 compa-

2256 5879 2408 5947 ctam
2444 5874 2707 5943 fabulam
2755 5874 3047 5946 rhetorica
3099 5874 3305 5959 ﬂgura’
3338 5882 3696 5958 praeteriens,
3727 5874 3929 5953 Taceo
