4182 6644
341 500 459 564 £89

827 501 1346 566 COMMENTAR.
1392 504 1471 564 ΙΝ
1516 500 2033 567 EVANGELIUM
2077 503 2459 568 MAT'I‘H/EI
2504 510 2655 569 LIB.
2702 509 2780 570 ll.
2826 511 3001 571 CAP.
3046 511 3231 577 XXII.

3630 517 3748 576 1⁸70

409 635 596 707 (Vere.
626 634 736 705 16.)
771 654 799 686 ‹‹
830 635 1126 708 Magister,
1174 636 1398 692 scimus
1444 636 1584 708 quia
1613 652 1783 693 verax
1813 652 1897 707 es,
1929 640 1987 692 et
2015 639 2068 704 Α
2172 660 2199 689 ‹‹
2232 639 2299 693 Et
2354 639 2553 695 relicto
2609 657 2697 711 eo,
2754 642 3045 698 abierunt.
3079 666 3100 696 ι
3151 644 3557 703 Infidelitatem
3610 665 3744 705 cum

336 725 493 781 viam
526 723 624 778 Dei
657 725 715 778 in
756 723 995 780 veritate
1046 725 1257 781 doces:
1294 730 1353 781 et
1401 741 1516 780 non
1565 729 1655 781 est
1696 724 1803 780 tibi
1848 742 1991 781 cura

337 814 411 869 de
440 812 658 884 aliquo.
679 813 804 868 Non
835 813 993 868 enim
1022 814 1267 886 respicis
1296 830 1608 886 personam
1640 813 1987 870 hominum:

343 901 440 959 Dic
488 917 625 974 ergo
674 902 845 958 nobis
890 902 1032 974 quid
1082 903 1188 959 tibi
1243 903 1511 959 videtur:
1564 902 1700 958 licet
1746 919 1988 958 censum

340 992 465 1047 dari
513 990 745 1059 Cmsari,
797 1008 871 1047 an
920 992 1089 1048 non?
1137 1013 1164 1042 »
1200 991 1461 1048 Blanda1
1504 995 1561 1048 et
1616 991 1992 1049 fraudulenta

342 1079 741 1153 interrogatio,
774 1081 916 1137 illuc
947 1086 1223 1152 provocat
1264 1082 1735 1153 respondentem,
1771 1085 1835 1137 ut
1862 1098 1989 1137 ma-

338 1168 430 1241 gis
458 1168 645 1224 Deum
678 1186 858 1242 quam
887 1170 1174 1226 Caesarem
1205 1169 1435 1235 timeat,
1470 1175 1527 1225 et
1557 1169 1712 1226 dicat
1741 1186 1857 1225 non
1891 1172 1989 1225 de-

339 1258 477 1314 bere
505 1258 729 1314 tributa
767 1257 933 1325 solvi,
967 1264 1031 1313 ut
1077 1258 1275 1315 statim
1316 1259 1624 1315 audientes
1654 1258 1989 1333 Herodiani,

340 1347 651 1403 seditionis
683 1353 886 1403 contra
915 1348 1208 1404 Romanos
1240 1347 1566 1419 principem
1601 1351 1836 1404 teneant
1855 1350 1894 1403 '.

411 1436 606 1508 (Vers.
640 1436 753 1507 18.(
788 1459 814 1486 α
847 1438 1090 1509 Cognita
1132 1442 1327 1491 autem
1377 1436 1551 1492 Jesus
1603 1436 1868 1508 nequitia
1896 1452 1990 1491 eo-

340 1542 497 1591 rum,
532 1525 649 1582 ait:
684 1525 831 1594 Quid
882 1541 973 1592 me
1032 1524 1288 1594 tentatis,
1322 1524 1685 1598 hypocrita?
1718 1549 1744 1575 ››
1794 1527 1992 1580 Prima

339 1615 527 1669 virtus
574 1620 666 1670 est
711 1613 1120 1686 respondentis
1184 1613 1673 1687 interrogantium
1735 1619 1990 1669 mentem

338 1706 775 1775 cognoscere,et
803 1717 918 1756 non
951 1700 1400 1774 discipulos,sed
1424 1705 1741 1758 tentatores
1764 1717 1988 1757 vocare.

343 1788 656 1863 Hypocrita
685 1806 819 1861 ergo
868 1789 1218 1862 appellatur,
1262 1791 1362 1862 qui
1415 1789 1574 1847 aliud
1606 1795 1715 1862 est,
1746 1795 1803 1846 et
1832 1790 1989 1847 aliud
2068 1806 2075 1817 ί

338 1877 606 1950 simulat,
632 1878 688 1934 id
723 1883 831 1947 est,
856 1879 1015 1935 aliud
1047 1895 1221 1952 opere
1251 1879 1390 1953 agit,
1414 1885 1471 1936 et
1501 1879 1660 1936 aliud
1692 1896 1828 1936 voce
1853 1896 1994 1952 prae-

343 1968 551 2027 tendit.

415 2057 750 2131 (Vers.19.)
785 2079 812 2107 α
860 2057 1163 2113 Ostendite
1210 2056 1353 2113 mihi
1405 2057 1707 2113 numisma
1753 2074 1986 2114 census.

349 2153 423 2203 At
445 2146 528 2201 illi
562 2146 903 2202 obtulerunt
932 2147 984 2201 ei
1015 2145 1345 2203 denarium.
1380 2168 1407 2195 ››
1434 2146 1730 2219 Sapientia
1760 2162 1992 2217 semper

346 2236 640 2308 sapienter
669 2235 806 2309 agit,
840 2240 905 2290 ut
942 2236 1067 2291 suis
1112 2234 1489 2306 potissimum
1519 2239 1834 2291 tentatores
1867 2252 1989 2291 ser-

344 2325 620 2381 monibus
668 2324 1063 2383 confutentur.
1116 2322 1410 2392 Ostendite,
1463 2323 1674 2397 inquit,
1706 2324 1850 2379 mihi
1896 2323 1988 2379 de-

339 2417 587 2482 narium,
617 2413 726 2469 boc
756 2418 865 2484 est,
896 2429 1083 2486 genus
1132 2413 1383 2479 nummi,
1434 2414 1588 2485 quod
1640 2430 1743 2485 pro
1787 2414 1987 2468 decem

335 2503 600 2560 nummis
622 2504 697 2558 im
706 2501 1369 2576 putabatur,ethabebat
1388 2501 1706 2574 imaginem
1721 2501 1985 2558 Caesaris.

409 2593 593 2665 (Vers.
625 2594 742 2662 20.)
772 2592 925 2647 I79
959 2614 986 2642 «
1014 2592 1085 2647 Et
1113 2590 1199 2647 ait
1255 2590 1376 2646 illis
1427 2590 1634 2647 Jesus:
1666 2592 1848 2662 Cujus
1900 2594 1991 2646 est

333 2683 530 2755 imago
559 2682 700 2750 haec,
734 2686 791 2738 et
836 2679 1253 2754 superscriptio
1275 2680 1302 2734 ‘2
1353 2702 1380 2729 ››
1412 2680 1519 2746 Qui
1568 2684 1779 2752 putant
1808 2679 1986 2735 inter-

340 2771 702 2844 rogationem
759 2768 1076 2826 Salvatoris
1131 2769 1524 2842 ignorantiam
1583 2784 1731 2839 esse,
1764 2771 1822 2823 et
1869 2784 1987 2823 non

343 2860 862 2932 dispensationem,
914 2858 1145 2914 discant
1190 2876 1259 2913 ex
1305 2857 1577 2930 praesenti
1626 2857 1774 2926 loco,
1829 2856 1988 2928 quod

344 2948 547 3022 utique
577 2946 830 3022 potuerit
878 2948 1025 3003 scire
1053 2952 1224 3003 Jcsus
1275 2948 1445 3017 cujus
1494 2945 1688 3018 imago
1743 2944 1987 3001 essetin

338 3055 620 3107 nummo;
653 3037 754 3093 sed
786 3037 1124 3108 interrogat,
1166 3039 1232 3090 ut
1287 3036 1359 3091 ad
1403 3050 1736 3091 sermonem
1785 3050 1986 3092 eorum

347 3130 744 3200 competenter
772 3125 1141 3198 respondeat.

416 3217 601 3290 (Vere.
628 3216 742 3287 21.)
775 3239 795 3264 α
848 3215 1058 3271 Dicunt
1085 3213 1137 3270 ei
1163 3231 1175 3268 :
1208 3212 1468 3270 Caesaris.
1520 3213 1684 3269 Tunc
1715 3212 1796 3268 ait
1825 3212 1943 3268 illis
1970 3230 1983 3268 :

343 3305 586 3363 Reddite
635 3322 770 3378 ergo
820 3321 947 3377 qua
996 3308 1137 3360 sunt
1185 3303 1428 3375 Caesaris
1485 3302 1716 3370 Caesari,
1749 3307 1805 3358 et
1857 3320 1985 3375 qua)

345 3413 479 3452 sum
508 3395 603 3451 Dei
632 3394 769 3450 Deo.
804 3416 833 3445 »
863 3396 1147 3450 Caesarem
1180 3409 1294 3448 non
1331 3396 1605 3465 putemus
1635 3395 1991 3464 Augustum,
2021 3383 2064 3449 C

346 3487 447 3542 sed
476 3484 775 3541 Tiberium
808 3481 1125 3555 signiﬁcari
1158 3482 1493 3554 privignum
1525 3483 1675 3553 ejus,
1700 3482 1800 3553 qui
1830 3481 1890 3537 in
1914 3482 1992 3538 lo-

339 3591 480 3631 cum
507 3573 791 3630 successit
819 3571 1008 3644 ipsius
1026 3571 1069 3639 3,
1103 3572 1212 3626 sub
1265 3588 1382 3643 quo
1428 3587 1643 3644 passus
1671 3575 1761 3627 est
1788 3570 1991 3627 Domi-

339 3681 472 3721 nus.
509 3663 726 3719 Omnes
756 3668 953 3717 autcm
986 3677 1151 3733 reges
1182 3660 1429 3716 Romani
1454 3678 1485 3716 a
1508 3659 1694 3732 primo
1728 3659 1861 3716 Caio
1881 3661 1994 3716 Cae-

338 3769 493 3821 sare,
528 3753 629 3823 qui
661 3751 975 3823 imperium
1027 3748 1371 3822 arripuerat,
1413 3752 1666 3806 Cesares
1716 3748 1992 3821 appellati

332 3847 481 3898 sunt
531 3841 637 3916 [ΑΙ.
686 3837 1099 3912 appellantur].
1153 3838 1327 3923 Pprro
1379 3839 1535 3910 quod
1584 3838 1715 3894 ait:
1767 3838 1994 3895 Reddite

340 3948 461 4003 quae
480 3939 607 3987 sunt
628 3929 861 3986 Caesaris
885 3927 1178 3997 C.'esarz',id
1209 3932 1299 3983 est
1331 3944 1644 3984 nummum
1676 3928 1991 3995 tributum,

344 4027 404 4078 et
433 4019 741 4093 pecuniam
766 4027 981 4090 :etquae
999 4027 1128 4074 sunt
1159 4019 1254 4074 Dei
1283 4017 1999 4090 Deo,decimas,primilias

342 4115 402 4167 et
432 4108 777 4176 oblationes,
810 4124 875 4163 ac
902 4107 1582 4181 victimas'sentiamus:
1617 4108 1906 4177 quomodo
1937 4111 1994 4163 et

341 4201 472 4273 ipse
499 4198 753 4255 reddidit
789 4197 1010 4253 tributa
1039 4214 1144 4269 pro
1194 4214 1256 4253 se
1301 4202 1361 4254 et
1407 4194 1573 4254 Petro
1605 4197 1815 4270 (Matth.
1848 4214 1989 4263 xvn,

340 4291 474 4361 20);
507 4293 564 4345 et
598 4290 707 4344 Deo
739 4286 995 4344 reddidit
1040 4303 1170 4358 quas
1215 4286 1316 4343 Dei
1366 4292 1523 4354 sunt,
1556 4288 1744 4343 Patris
1776 4286 1993 4343 faciens

340 4378 701 4435 voluntatem
733 4376 910 4450 (Joan.
942 4393 1023 4443 γι,
1053 4376 1171 4445 38).

416 4467 603 4536 (Vere.
633 4466 748 4537 22.)
782 4487 811 4515 ‹‹
840 4466 911 4520 Et
967 4463 1291 4529 audientes,
1326 4463 1521 4521 mirati
1579 4469 1740 4521 sunt.
1806 4488 1833 4515 ››
1884 4465 1991 4530 Qui

343 4557 582 4613 credere
613 4556 937 4612 debuerant
993 4553 1065 4609 ad
1116 4558 1337 4610 tantam
1392 4554 1765 4625 sapientiam,
1798 4555 1996 4609 mirati

338 4652 488 4702 sunt
516 4645 672 4718 quod
721 4642 1013 4700 calliditas
1060 4660 1262 4699 eorum
1311 4642 1630 4699 insidiandi
1683 4660 1798 4699 non
1830 4644 1994 4700 inve-

342 4736 532 4793 nisset
560 4735 754 4793 locum
776 4735 817 4790 ⁴.

342 4988 559 5061 inquit,
593 4987 746 5061 quod
777 4986 1083 5061 Herodiani
1140 4986 1422 5061 Herodem
1456 5001 1653 5061 regem
1686 5001 1997 5061 suscepere

342 5058 453 5136 pro
482 5058 729 5136 Christo.
761 5080 787 5111 ιι
819 5059 1080 5136 Denique
1110 5059 1259 5113 addo
1291 5058 1359 5117 in
1383 5058 1602 5114 nostris
1635 5075 1777 5115 mss.
1814 5059 1998 5115 crede-

342 5130 468 5191 rent
500 5132 612 5204 legi
646 5148 749 5204 pro
777 5130 1089 5204 credebant.

420 5206 435 5239 ¹
473 5200 743 5285 Rursum.
776 5202 1096 5285 Origenes:
1160 5220 1181 5247 π
1233 5200 1533 5271 Ejusmodi
1584 5201 1997 5285 laudedehor:

342 5282 565 5343 tantur,
598 5291 670 5330 ne
700 5273 1160 5347 Herod'ianorum
1186 5288 1517 5347 personam
1572 5273 2002 5347 respiciebant

342 5347 804 5407 Caesarianorum
831 5363 844 5402 :
879 5352 944 5401 ut
966 5346 1137 5415 juxta
1186 5344 1613 5400 Pharisaeorum
1644 5344 1999 5400 sententiam

345 5421 638 5477 tributum
671 5417 883 5474 Caesari
933 5433 1049 5472 non
1098 5431 1228 5471 esse
1275 5415 1620 5471 solvendum
1673 5416 1999 5484 afﬁrmans,

344 5490 698 5549 Herodianis
730 5490 800 5544 ab
848 5488 996 5560 ipsis
1044 5488 1395 5544 traderetur.
1432 5509 1464 5560 »ί
1492 5488 1558 5542 Et
1602 5488 1775 5560 paulo
1828 5505 2001 5559 supe-

332 5565 506 5622 rius:
542 5585 569 5612 «
604 5565 690 5617 Ita
719 5559 1190 5633 impedienteeo,
1222 5575 1341 5633 quo
1391 5559 1855 5633 minus’census
1886 5560 2002 5615 Cm-

332 5635 463 5693 sari
497 5630 898 5701 daretur,eum
933 5630 1103 5704 quasi
1135 5630 1479 5704 deiectionis
1509 5635 1806 5704 auctorem
1830 5635 2005 5704 atque

336 5704 735 5780 impulsorem
786 5702 1064 5760 Romanis
1110 5702 1383 5759 tradituri
1442 5703 1697 5759 fuissent
1732 5702 2004 5760 Herodia-

424 5800 501 5836 ,››

424 5824 436 5836 ,
472 5800 501 5828 ›>

340 5797 447 5888 m"
481 5848 607 5907 Duo
666 5846 912 5904 Palatini
972 5860 1143 5911 mss.,
1188 5846 1503 5919 principem
1558 5862 1687 5905 eum
1744 5851 2008 5914 teneant;

1552 5942 1569 5965 ι

648 5976 911 6043 Parnm"
955 5974 1167 6042 XXVI.

2100 727 2381 784 miraculo
2410 729 2629 801 pariter
2657 736 3045 802 reportantes.

2170 835 2354 905 (Vers.
2386 836 2501 904 23.)
2537 860 2557 884 ει
2598 838 2659 891 In
2692 836 2791 891 illo
2822 837 2914 894 die
2941 844 3315 897 accesserunt
3344 842 3416 896 ad
3449 858 3582 898 eum
3605 845 3747 900 Sad-

2098 926 2303 993 ducaei,
2334 926 2433 998 qui
2466 927 2671 982 dicunt
2698 945 2813 984 non
2846 945 2975 984 esse
3008 930 3516 987 resurrectionem.
3551 955 3579 981 ››
3607 937 3745 989 Dure

2098 1015 2348 1071 haereses
2377 1020 2543 1071 erant
2563 1018 2622 1072 in
2652 1016 2906 1072 Judaeis:
2944 1035 3060 1073 una
3080 1019 3529 1091 Pharisazorum,
3565 1021 3751 1077 altera

2100 1105 2573 1160 Sadducaaorum.
2610 1105 2885 1162 Pharisaei
2935 1103 3323 1163 traditionu‘m
3376 1113 3434 1163 et
3474 1110 3752 1167 observa-

2099 1192 2349 1260 tionum,
2398 1210 2545 1264 quas
2616 1194 2699 1249 illi
2772 1190 3123 1269 δευτερώσεις
3187 1201 3415 1267 vocant,
3455 1199 3751 1268 justitiam

2101 1283 2519 1354 praeferebant;
2551 1284 2706 1339 unde
2736 1291 2787 1339 et
2835 1284 3003 1340 divisi
3047 1286 3407 1341 vocabantur
3451 1304 3484 1342 a
3513 1287 3749 1360 populo.

2102 1371 2403 1427 Sadducaz-i
2452 1376 2670 1439 autem,
2700 1372 2800 1444 qui
2850 1373 3315 1445 interpretantur
3355 1376 3522 1447 justi,
3556 1381 3612 1432 et
3639 1376 3752 1450 ipsi

2100 1460 2476 1516 vindicabant
2532 1462 2645 1516 sibi
2703 1462 2859 1533 quod
2918 1479 3034 1517 non
3089 1466 3292 1520 erant:
3354 1465 3651 1536 prioribus
3694 1469 3753 1521 et

2102 1549 2359 1621 corporis
2414 1555 2473 1605 et
2528 1550 2736 1605 anima:
2794 1552 3284 1608 resurrectionem
3355 1553 3749 1627 credentibus,

2101 1639 2656 1710 conﬁtentibusque,
2688 1643 2745 1693 et
2774 1638 3032 1709 angelos,
3065 1645 3123 1694 et
3150 1640 3423 1711 spiritum
3452 1656 3465 1695 :
3500 1657 3751 1712 sequen-

2101 1733 2189 1783 tes
2237 1728 2423 1799 (juxta
2464 1729 2601 1782 Acta
2658 1725 3081 1798 apostolorum)
3135 1728 3334 1783 omnia
3383 1729 3753 1802 denegabant

2102 1818 2237 1890 (Act.
2267 1834 2431 1884 xxm,
2461 1818 2535 1887 8).
2572 1817 2698 1872 Istae
2730 1819 2873 1871 sunt
2907 1816 3036 1870 duae
3090 1816 3303 1872 domus
3322 1817 3364 1885 ⁵,
3411 1816 3483 1873 de
3532 1817 3752 1889 quibus

2106 1906 2284 1962 Isaias
2324 1906 2695 1962 manifestius
2745 1906 2934 1973 docet,
2980 1907 3136 1977 quod
3185 1905 3493 1962 oli'ensurae
3540 1905 3661 1962 sint
3691 1906 3752 1962 in

2023 2011 2070 2077 Β
2101 1995 2354 2068 lapidem
2386 1995 2647 2051 scandali
2680 1997 2808 2067 (lsa.
2842 2012 2963 2062 VIII,
2997 1994 3105 2066 14).

2170 2102 2354 2173 (Vers.
2385 2104 2452 2156 24
2498 2103 2688 2174 seqq.)
2739 2125 2768 2152 ‹‹
2812 2103 2881 2157 Et
2926 2101 3431 2174 interrogaverunt
3482 2118 3617 2158 eum
3663 2102 3751 2159 di-

2099 2196 2333 2259 centes;
2368 2191 2663 2264 Magister,
2699 2192 2925 2264 Moyses
2972 2190 3156 2246 dixit:
3191 2189 3251 2246 Si
3300 2194 3433 2263 quis
3481 2196 3753 2248 mortuus

2100 2282 2275 2337 fuerit
2299 2281 2453 2336 180
2482 2297 2598 2336 non
2625 2280 2849 2346 habens
2880 2279 3088 2349 ﬁlium,
3113 2285 3180 2335 ut
3213 2280 3391 2336 ducat
3420 2281 3598 2336 frater
3622 2282 3752 2352 ejus

2100 2386 2339 2426 uxorem
2371 2368 2549 2437 illius,
2582 2374 2640 2425 et
2670 2367 2913 2425 suscitet
2952 2385 3151 2424 semen
3178 2369 3347 2429 fratri
3399 2385 3526 2425 suo.
3559 2370 3741 2425 Erant

2101 2464 2295 2516 autem
2327 2460 2480 2530 apud
2512 2475 2620 2514 nos
2651 2463 2874 2531 septem
2924 2458 3171 2514 fratres:
3203 2462 3261 2512 et
3286 2458 3535 2529 primus,
3570 2473 3746 2514 uxore

2099 2550 2293 2614 ducta,
2328 2548 2636 2604 defunctus
2666 2552 2773 2615 est,
2806 2551 2862 2603 et
2892 2563 3007 2602 non
3030 2547 3254 2603 habens
3282 2546 3749 2619 semen,reliquit

2098 2654 2337 2694 uxorem
2370 2653 2539 2692 suam
2574 2636 2737 2692 fratri
2767 2652 2893 2691 suo.
2922 2635 3200 2692 Similiter
3229 2636 3619 2703 secundus,et
3639 2640 3750 2692 ter-

2098 2728 2220 2783 tius
2250 2742 2438 2797 usque
2460 2726 2531 2780 ad
2565 2724 3240 2797 septimum.Novissime
3263 2729 3457 2780 autem
3477 2724 3745 2780 omnium

2098 2815 2376 2872 etmulier
2395 2815 2669 2870 defuncta
2687 2819 2795 2869 est.
2831 2835 2857 2863 »
2882 2816 2988 2880 Qui
3022 2814 3502 2869 resurrectionem
3537 2829 3744 2884 corpo-

2100 2922 2231 2960 rum
2264 2921 2379 2959 non
2411 2903 2744 2971 credebant,
2777 2907 2835 2958 et
2890 2903 3150 2958 animam
3196 2903 3483 2975 putabant
3510 2901 3747 2957 interire

2098 3010 2233 3051 cum
2256 2992 2619 3065 corporibus,
2652 2996 2807 3047 recte
2838 2991 3169 3047 istiusmodi
3203 2991 3433 3063 fingunt
3463 2988 3743 3060 fabulam,

2099 3100 2225 3155 quae
2256 3080 2619 3138 deliramenti
2677 3086 2886 3153 arguat
2940 3097 3060 3149 eos,
3095 3081 3195 3153 qui
3256 3080 3744 3137 resurrectionem

2099 3176 2365 3229 asserunt
2394 3175 2780 3225 mortuorum.
2812 3170 3005 3226 Potest
3035 3174 3233 3226 autem
3265 3169 3409 3234 ﬁeri,
3445 3173 3509 3224 ut
3530 3185 3662 3226 vere
3681 3168 3743 3225 in

2097 3265 2267 3333 gente
2299 3275 2501 3315 eorum
2531 3258 2847 3331 aliquando
2878 3258 2987 3314 hoc
3019 3259 3314 3337 occiderit.

2136 3402 2147 3409 κ
2172 3368 2357 3441 (Vers.
2383 3369 2502 3435 28.)
2533 3390 2560 3416 ‹‹
2590 3367 2652 3421 In
2685 3367 3110 3423 resurrectione
3156 3382 3294 3439 ergo
3327 3367 3500 3438 cujus
3529 3368 3641 3423 erit
3671 3368 3743 3424 de

2102 3462 2322 3530 septem
2358 3455 2548 3512 uxor?
2576 3456 2795 3513 Omnes
2811 3455 2968 3511 enim
2999 3456 3331 3512 habuerunt
3361 3472 3511 3512 eam.
3538 3478 3566 3505 ››
3589 3458 3741 3514 Tur-

2100 3546 2427 3619 pitudinem
2456 3544 2661 3601 fabulas
2703 3550 3024 3617 opponunt,
3060 3549 3125 3600 ut
3172 3544 3615 3602 resurrectionis
3645 3546 3744 3601 de-

2100 3639 2315 3709 negent
2343 3633 2668 3690 veritatem.

2171 3744 2357 3816 (Vers.
2386 3741 2501 3814 29.)
2538 3763 2565 3792 «
2590 3740 2966 3813 Respondens
3018 3744 3212 3796 autem
3255 3741 3449 3810 Jesus,
3482 3741 3565 3798 ait
3588 3741 3744 3799 illis:

2101 3831 2674 3902 Erratis,nescientee
2705 3829 3251 3902 Scripturas,neque
3277 3829 3550 3887 virtutem
3586 3831 3746 3887 Dei.»

2100 3924 2412 3995 Propterea
2444 3925 2660 3987 errant,
2683 3920 2822 3992 quia
2852 3918 3186 3992 Scripturas
3215 3920 3487 3976 nerciunt
3513 3925 3590 3977 :et
3610 3921 3749 3993 quia

2102 4010 2437 4081 Scripturas
2469 4007 2760 4080 ignorant,
2794 4011 3215 4077 consequenter
3256 4008 3529 4063 nesciunt
3557 4009 3748 4063 virtu-

2099 4101 2217 4153 tem
2250 4096 2373 4163 Dei,
2404 4095 2510 4151 hoc
2542 4098 2631 4150 est
2676 4093 2993 4162 Christum,
3027 4097 3128 4165 qui
3175 4101 3265 4152 est
3313 4097 3411 4153 Dei
3452 4096 3659 4168 virtus,
3691 4101 3749 4154 et

2102 4185 2204 4243 Dei
2234 4184 2524 4257 sapientia
2554 4187 2599 4253 (Ι
2633 4182 2752 4238 Cor.
2786 4198 2825 4248 I,
2856 4184 2969 4251 24).

2173 4293 2360 4361 (Vere.
2394 4291 2509 4363 30.)
2546 4313 2566 4340 α
2618 4290 2682 4345 In
2735 4288 3152 4344 resurrectione
3199 4289 3355 4344 enim
3406 4306 3595 4362 neque
3638 4308 3748 4345 nu-

2102 4382 2260 4449 bent,
2286 4396 2477 4452 neque
2509 4380 2842 4435 nubentur6
2869 4397 2882 4446 ;
2936 4378 3036 4433 sed
3069 4381 3207 4433 sunt
3242 4377 3397 4434 sicut
3425 4378 3617 4451 angeli
3650 4380 3749 4436 Dei
3854 4369 3860 4375 ’

2101 4471 2161 4527 in
2195 4471 2357 4527 ctelo.
2392 4491 2419 4519 ››
2456 4469 2661 4525 Latina
2690 4467 3052 4523 consuetudo
3101 4467 3296 4523 Graeco
3339 4467 3607 4524 idiomati
3633 4486 3749 4526 non

2105 4558 2681 4631 respondet.Nubere
2711 4557 2867 4612 enim
2890 4557 3120 4629 proprie
3144 4557 3425 4613 dicuntur
3455 4558 3753 4629 mulieres,

2103 4653 2162 4704 et
2189 4647 2295 4703 viri
2329 4662 2537 4701 uxores
2569 4647 2818 4714 ducere;
2852 4647 2949 4701 sed
2999 4662 3106 4701 nos
3150 4645 3499 4718 simpliciter
3528 4648 3754 4705 dictum

2024 4755 2072 4821 D
2102 4736 2520 4809 intelligamus,
2553 4735 2709 4808 quod
2741 4735 2960 4791 nubere
2986 4735 3055 4791 de
3084 4735 3309 4803 viris,et
3336 4736 3478 4793 nubi
3509 4738 3581 4794 de
3612 4754 3753 4794 uxo-

2108 4988 2207 5047 alii
2236 4987 2467 5043 .minus
2515 4987 2682 5056 bene,
2740 4988 2934 5045 contra
2988 4988 3291 5044 Romanum
3336 4990 3643 5062 principem
3684 4992 3759 5043 te—

2106 5064 2299 5131 neant,
2334 5065 2445 5115 etc.

2179 5134 2202 5168 ⁸
2231 5129 2464 5188 Rectius
2497 5131 2611 5187 duo
2644 5148 2674 5186 e
2705 5132 2922 5188 nostris
2954 5149 3094 5189 mss.
3118 5133 3357 5202 habent,
3385 5134 3443 5188 in
3476 5132 3651 5188 locum
3680 5129 3761 5183 vi-

2112 5206 2241 5263 trici
2269 5204 2369 5260 sub
2401 5220 2530 5276 quo,
2562 5207 2675 5276 etc.

2180 5279 2202 5311 ‘
2230 5271 2509 5347 Origenes
2534 5275 2637 5343 ait,
2676 5298 2696 5323 «
2731 5274 2963 5329 Nullam
2996 5273 3106 5331 sibi
3162 5275 3465 5347 prmbitam
3500 5272 3584 5329 illi
3615 5271 3758 5326 insi-

2113 5348 2309 5404 diandi
2339 5347 2703 5403 occasionem
2736 5347 3028 5401 demirati.
3067 5369 3093 5395 ››

2182 5420 2203 5453 ⁸
2233 5418 2440 5475 Confer
2468 5419 2527 5474 S.
2566 5421 2863 5474 Doctorem
2916 5421 2969 5473 in
3016 5413 3463 5473 Commentariis
3514 5413 3571 5467 in
3606 5412 3764 5471 hunc

2114 5492 2275 5547 Isaiae
2307 5491 2521 5558 locum,
2555 5494 2612 5546 et
2641 5490 2700 5544 in
2726 5490 2907 5561 Epist.
2942 5490 3012 5545 ad
3046 5483 3766 5561 Titum.Epistolam_quo-

2115 5580 2229 5634 que
2260 5562 2331 5619 ad
2366 5558 2900 5633 .4lgasz'a-m,qua23t.
2956 5561 3041 5628 lO,
3083 5565 3139 5614 et
3196 5558 3489 5625 Dialogum
3544 5558 3763 5617 advers.

2113 5635 2512 5706 Luciferz'anos.
2549 5650 2709 5689 num.
2743 5635 2797 5688 8.

2187 5707 2209 5741 ⁶
2233 5699 2343 5762 Pro
2370 5722 2547 5777 neque
2578 5706 2888 5777 (nubentum
2928 5701 2995 5777 _in
3019 5699 3369 5777 _Veronensi
3416 5701 3759 5777 Evangelio-

2126 5793 2256 5833 rum
2288 5769 2688 5835 vetus-tissime
2720 5769 3054 5844 exemplari,
3080 5770 3269 5843 magis
3301 5771 3370 5827 ad
3429 5769 3621 5832 Latini
3651 5791 3770 5833 ser-

2119 5849 2313 5911 monis
2337 5850 2746 5926 proprietatem
2778 5849 2884 5917 est,
2917 5859 3092 5922 neque
3122 5860 3319 5907 uxores
3344 5845 3567 5904 ducem.

3455 5977 3495 6039 ϐ
