4304 6632
582 526 690 583 171

1827 514 1890 572 S.
1937 507 2249 573 EUSEBII
2293 507 2741 571 HIERONYMI

3864 500 3983 563 172

577 653 743 710 ribus
783 648 1067 721 scriptum
1099 646 1263 703 sit.Si
1293 645 1351 700 in
1384 645 1805 702 resurrectione
1826 659 1941 699 non
1974 642 2217 708 nubent,
2252 641 2302 707 Α
2333 642 2674 705 viventium;
2706 643 2770 695 ut
2798 654 2929 694 cum
2962 635 3293 711 probaverit
3349 635 3581 693 animas
3633 650 3982 709 permanere

577 756 767 813 neque
794 739 1089 794 nubentur
1120 738 1425 806 resurgent
1458 752 1593 806 ergo
1635 750 1896 806 corpora,
1928 748 2056 803 quae
2088 746 2219 802 pos-

566 833 717 887 sunt
746 827 964 884 nubere
989 829 1004 861 ¹
1029 829 1086 880 et
1116 822 1277 879 nubi.
1314 824 1492 878 Nemo
1525 822 1737 893 quippe
1758 821 1901 876 dicit
1931 820 2001 875 de
2031 818 2222 889 lapide

566 924 639 977 et
669 918 894 986 arbore,
927 919 985 971 et
1014 913 1108 969 his
1133 913 1328 983 rebus,
1363 929 1488 983 qure
1546 929 1659 966 non
1710 911 1928 965 habent
1958 908 2222 963 membra

579 1005 877 1081 genitalia,
909 1004 1063 1076 quod
1096 1019 1212 1058 non
1244 1002 1491 1067 nubant,
1524 1016 1712 1071 neque
1741 1000 2039 1054 nubantur
2071 1014 2084 1063 ;
2118 995 2216 1050 sed

579 1098 652 1154 de
680 1094 775 1152 his
806 1111 933 1167 quae
980 1109 1113 1149 cum
1164 1094 1413 1162 possunt
1461 1090 1699 1154 nubere,
1730 1093 1926 1142 tamen
1981 1084 2097 1140 alia
2127 1100 2220 1139 ra-

577 1185 736 1244 tione
765 1201 881 1241 non
912 1182 1161 1239 nubunt.
1192 1180 1354 1243 Quod
1404 1182 1600 1233 autem
1648 1178 1936 1232 infertur:
1966 1173 2071 1229 Sed
2094 1180 2220 1228 sunt

578 1277 722 1331 sicut
747 1274 941 1341 angeli
969 1272 1071 1329 Dei
1117 1272 1177 1324 in
1231 1269 1381 1335 creto,
1417 1264 1742 1339 spiritualis
1793 1261 2223 1335 repromittitur

578 1361 958 1421 conservatio.

647 1451 833 1524 (Vers.
863 1450 927 1506 31
965 1447 1155 1519 seqq.)
1186 1468 1215 1497 ‹‹
1265 1449 1344 1501 De
1383 1443 1807 1500 resurrectione
1828 1444 2024 1497 autem
2059 1455 2220 1494 mor-

573 1546 809 1598 tuorum
827 1555 943 1596 non
966 1536 1192 1609 legistis
1213 1535 1369 1606 quod
1389 1534 1612 1588 dictum
1645 1536 1735 1587 est
1757 1549 1792 1585 ει
1821 1530 1959 1599 Deo,
1991 1528 2219 1583 dicente

562 1630 738 1687 vobis
764 1649 780 1684 :
804 1630 923 1701 Ego
945 1643 1078 1683 sum
1112 1630 1262 1679 Deus
1309 1621 1629 1686 Abraham,
1679 1624 1737 1675 et
1765 1618 1917 1674 Deus
1952 1618 2133 1681 Isaac,
2164 1620 2221 1670 et

574 1719 732 1776 Deus
757 1716 938 1774 Jacob
962 1731 975 1768 :
998 1713 1123 1769 Non
1167 1717 1255 1767 est
1289 1712 1437 1765 Deus
1460 1714 1853 1777 mortuorum,
1889 1706 1989 1761 sed
2022 1706 2217 1760 viven-

573 1808 746 1865 tium.
778 1807 849 1862 Et
874 1804 1177 1860 audientes
1223 1800 1405 1855 turbae
1454 1798 1822 1853 mirabantur
1856 1796 1927 1851 de
1956 1794 2223 1850 doctrina

570 1898 727 1969 ejus.
752 1918 781 1945 »ς
812 1895 898 1949 Ad
927 1889 1422 1964 comprobandam
1445 1885 1887 1942 resurrectionis
1918 1883 2216 1940 veritatem

575 1984 764 2043 multo
794 1982 927 2040 aliis
956 1978 1455 2037 manifestioribus
1488 1976 1633 2031 181
1661 1974 1952 2082 ¹θιαπῑιριὶε
2001 1972 2085 2027 uti
2104 1987 2218 2074 'po-
2249 2016 2295 2082 Β

576 2075 691 2131 tuit
710 2075 752 2142 ³,
785 2089 816 2129 e
846 2071 1059 2144 quibus
1104 2073 1192 2124 est
1222 2067 1364 2121 illud
1391 2084 1403 2121 :
1436 2064 1854 2120 Suscz'tabuntur
1900 2064 2134 2128 mortui,
2167 2068 2218 2115 el

574 2171 862 2233 resurgeut
891 2162 987 2233 qui
1015 2162 1076 2214 in
1102 2157 1369 2226 sepulcris
1410 2162 1535 2209 sunt
1572 2156 1695 2225 (Isa.
1727 2170 1879 2223 xxvi,
1918 2154 2024 2222 l9).
2057 2152 2127 2205 Et
2156 2150 2215 2205 in

572 2254 687 2311 alio
719 2253 872 2310 loco:
906 2249 1061 2306 Multi
1088 2247 1481 2303 dormientium
1524 2244 1589 2298 de
1634 2246 1794 2297 terrae
1841 2244 2067 2313 pulvere
2097 2256 2218 2294 con-

571 2351 843 2417 surgent:
874 2341 979 2397 alii
1007 2341 1067 2393 in
1096 2338 1286 2401 vitam,
1320 2342 1371 2389 et
1401 2334 1503 2388 alii
1534 2335 1595 2387 in
1632 2333 1985 2403 approbrium
2013 2334 2064 2385 et
2093 2344 2217 2384 con-

573 2433 848 2505 fusionem
874 2436 1138 2485 aeternum
1182 2425 1342 2496 (Dan.
1390 2439 1497 2487 x11,
1543 2423 1623 2491 2).
1683 2420 1970 2483 Quaeritur
1998 2418 2215 2488 itaque,

578 2521 719 2594 quid
752 2519 864 2576 sibi
894 2513 1141 2572 voluerit
1168 2511 1450 2568 Dominus
1482 2511 1591 2565 hoc
1640 2508 1909 2580 praeferre
1954 2506 2216 2563 testimo-

576 2608 765 2679 nium,
797 2606 954 2679 quod
995 2604 1225 2660 videtur
1271 2600 1635 2671 ambiguum,
1669 2597 1755 2652 vel
1808 2613 1921 2652 non
1972 2596 2117 2652 satis
2146 2596 2217 2651 ad

2332 732 2465 800 post
2497 733 2742 785 mortem
2776 729 2988 800 (neque
3032 726 3191 782 enim
3241 729 3464 797 poterat
3507 725 3653 792 fieri,
3685 729 3751 780 ut
3777 739 3983 781 eorum

2330 822 2484 873 esset
2515 819 2689 886 Deus,
2723 818 2824 889 qui
2868 831 3242 888 nequaquam
3292 814 3727 885 subsisterent),
3778 828 3985 870 conse-

2331 912 2578 978 quenter
2606 906 3072 962 introduceretur
3128 910 3185 959 et
3244 919 3556 974 corporum
3612 903 3984 980 resurrectio,

2330 1011 2457 1066 quae
2488 1011 2623 1051 cum
2654 995 2965 1050 animabus
2998 996 3150 1049 bona
3179 993 3402 1049 malave
3448 998 3778 1065 gesserunt.
3812 997 3983 1049 Hunc

2331 1084 2523 1139 locum
2557 1084 2785 1157 plenius
2806 1084 2865 1139 in
2898 1089 3156 1139 extrema
3186 1087 3351 1155 parte
3372 1082 3576 1156 prima:
3610 1082 3881 1155 Epistolas
3904 1083 3979 1139 ad

2328 1172 2659 1229 Corinthios
2692 1172 2908 1229 Paulus
2938 1170 3241 1245 apostolus
3283 1171 3622 1244 exsequitur
3646 1170 3694 1244 (1
3724 1171 3848 1227 Cor.
3881 1188 3977 1243 xv,

2327 1262 2398 1314 35
2426 1265 2621 1333 seqq.).

2400 1351 2685 1421 (Vers.34
2744 1351 2936 1423 seqq.)
2994 1350 3146 1406 182

2330 1441 2553 1496 dientes
2602 1440 2757 1512 quod
2807 1438 3148 1495 silentium‘
3180 1438 3562 1512 imposuisset
3619 1438 3978 1509 Sadducasis,

2329 1532 2722 1584 convenerunt
2750 1528 2811 1583 in
2842 1544 3064 1583 unum:
3098 1533 3156 1583 et
3204 1526 3586 1600 interrogavit
3641 1543 3777 1583 eum
3821 1543 3981 1583 unus

2329 1633 2397 1673 ex
2426 1617 2510 1673 eis
2540 1617 2684 1690 legis
2724 1618 2942 1685 doctor,
2974 1620 3206 1673 tentans
3254 1632 3388 1673 eum
3417 1634 3429 1672 :
3476 1617 3769 1689 Magister,
3822 1617 3982 1690 quod

2328 1713 2419 1762 est
2450 1707 2796 1762 mandatum
2829 1721 3109 1778 magnum
3142 1708 3199 1762 in
3232 1705 3405 1778 lege?
3435 1706 3529 1761 Ait
3558 1705 3641 1761 illi
3669 1704 3844 1764 Jesus
3868 1708 3985 1763 :Di-

2329 1795 2474 1868 liges
2505 1795 2819 1851 Dominum
2851 1800 3032 1851 Deum
3082 1801 3273 1864 tuum,
3307 1813 3375 1852 ex
3401 1801 3522 1852 toto
3571 1795 3742 1853 corde
3770 1799 3893 1863 tuo,
3927 1800 3987 1851 et

2330 1885 2388 1939 in
2421 1889 2541 1940 tota
2570 1884 2769 1940 anima
2797 1890 2920 1955 tua,
2954 1889 3012 1940 et
3040 1885 3100 1940 in
3144 1890 3262 1940 tota
3319 1890 3515 1941 mente
3562 1889 3664 1941 tua
3685 1902 3705 1940 :
3732 1884 3845 1941 hoc
3889 1888 3983 1941 est

3207 1372 3234 1401 α
3288 1349 3564 1405 Pharisaei
3621 1354 3818 1405 autem
3867 1366 3979 1405 au-

2329 1975 2650 2029 maximum
2682 1978 2739 2029 et
2788 1974 3045 2045 primum
3095 1976 3461 2031 mandatum.
3502 1973 3834 2030 Secundum
3866 1989 3980 2029 au-

2326 2066 2445 2116 tem
2471 2060 2662 2117 simile
2692 2066 2783 2117 est
2810 2061 2946 2117 huic
2971 2080 2983 2117 :
3008 2060 3224 2135 Diliges
3255 2061 3589 2134 proximum
3619 2066 3787 2117 tuum
3815 2062 3975 2117 sicut

2326 2150 2601 2222 teipsum.
2660 2152 2720 2205 In
2770 2150 2862 2206 his
2926 2151 3154 2207 duobus
3217 2152 3513 2207 mandatis
3563 2150 3837 2207 universa
3879 2150 3974 2206 lex

2328 2239 2537 2311 pendet
2571 2244 2629 2294 et
2675 2239 2988 2312 prophetia.
3043 2262 3072 2289 »
3104 2240 3265 2305 Quod
3298 2240 3371 2295 de
3431 2239 3653 2295 Herode
3676 2244 3734 2296 et
3764 2238 3970 2294 Pontio

2326 2326 2508 2383 Pilato
2538 2326 2809 2399 legimus,
2838 2328 2897 2383 in
2929 2328 3160 2384 Domini
3190 2344 3329 2384 nece
3353 2343 3451 2384 eos
3492 2327 3696 2385 fecisse
3726 2344 3974 2385 concor-

2328 2416 2506 2486 diam,
2540 2416 2647 2471 hoc
2691 2416 2864 2472 etiam
2914 2434 3069 2472 nunc
3098 2417 3170 2472 de
3228 2416 3535 2472 Pharisaeis
3584 2418 3885 2473 cernimus
3916 2419 3976 2473 et

2327 2505 2680 2573 Sadducazis,
2711 2508 2812 2577 qui
2842 2506 2993 2561 inter
3023 2523 3084 2561 se
3109 2505 3384 2561 contrarii
3423 2510 3583 2577 sunt,
3616 2507 3717 2561 sed
3750 2506 3824 2562 ad
3844 2510 3976 2562 ten-

2326 2595 2574 2650 tandum
2603 2596 2804 2650 Jesum
2837 2596 2962 2665 pari
3012 2599 3204 2651 mente
3251 2596 3647 2651 consentiunt.
3679 2595 3788 2660 Qui
3836 2611 3976 2668 ergo

577 2691 1023 2754 resurrectionis
1053 2689 1349 2762 pertinens
1398 2686 1735 2742 veritatem:
1785 2686 1894 2753 Ego
1932 2701 2052 2739 sum
2081 2683 2221 2739 Deus
2323 2686 2449 2755 jam
2482 2700 2661 2755 supra
2688 2684 2748 2739 in
2780 2684 3111 2739 ostensione
3150 2685 3372 2740 denarii
3403 2684 3636 2741 fuerant
3666 2684 3975 2752 confutati,

578 2782 878 2850 Abraham,
911 2788 961 2837 et
1000 2784 1145 2835 Deus
1204 2778 1446 2843 Isaac,et
1498 2776 1636 2829 Deus
1663 2774 1873 2833 Iacob;
1921 2778 1978 2827 et
2027 2772 2221 2845 quasi,

583 2876 690 2932 hoc
718 2870 966 2945 prolato,
1000 2866 1329 2941 probaverit
1358 2864 1514 2933 quod
1551 2862 1801 2929 volebat,
1834 2862 2032 2917 statim
2068 2862 2224 2916 intu-

583 2962 754 3019 lerit:
808 2962 927 3017 Non
997 2961 1075 3013 est
1132 2957 1269 3011 Deus
1326 2956 1687 3018 mortuorum,
1749 2950 1840 3005 sed
1904 2952 2221 3008 viventium.

583 3051 764 3121 Cujus
792 3048 875 3104 rei
905 3046 1086 3102 turbae
1118 3058 1351 3116 quoque
1383 3041 1847 3108 circumstantes,
1880 3040 2223 3108 mysterium

582 3140 1019 3212 cognoscentes,
1044 3132 1342 3189 admirata:
1361 3134 1501 3185 sunt
1520 3130 1592 3183 de
1618 3128 1883 3184 doctrina
1902 3132 1958 3183 et
1986 3145 2223 3200 respon-

584 3230 670 3287 sis
698 3227 858 3284 illlus
877 3227 919 3281 ³.
953 3226 1143 3295 Supra
1189 3220 1445 3276 diximus
1502 3219 1874 3284 Sadducazos,
1908 3234 2012 3274 nec
2042 3234 2226 3291 ange-

585 3319 732 3391 lum,
759 3332 865 3373 nec
922 3313 1217 3387 spiritum,
1242 3326 1345 3365 nec
1394 3308 1879 3364 resurrectionem
1912 3324 2221 3379 corporum

2332 2778 2388 2827 et
2433 2774 2687 2828 adversae
2737 2773 2918 2845 partis
2962 2774 3273 2829 factionem
3321 2772 3588 2829 viderant
3642 2773 3978 2841 subrutam,

2333 2862 2655 2917 debuerant
2683 2861 2945 2933 exemplo
2987 2863 3211 2917 moneri
3232 2863 3273 2934 ⁸,
3307 2880 3378 2919 ne
3426 2862 3581 2918 ultra
3629 2862 3981 2919 molirentur

2334 2951 2614 3007 insidias:
2648 2952 2748 3006 sed
2807 2950 3211 3007 malevolentia
3258 2957 3317 3008 et.
3359 2951 3504 3007 livor
3547 2952 3733 3009 nutrit
3777 2950 3974 3024 impu-

2333 3040 2611 3095 dentiam.
2647 3041 2971 3113 Interrogat
2998 3057 3153 3097 unus
3196 3057 3265 3095 ex
3292 3039 3439 3111 legis
3468 3040 3824 3109 doctoribus,
3858 3057 3977 3096 non

2334 3130 2481 3185 scire
2511 3129 2871 3198 desiderans,
2906 3130 3006 3185 sed
3038 3134 3290 3198 tentans,
3324 3146 3397 3186 an
3429 3131 3818 3203 interrogatus
3848 3146 3981 3186 nos-

2334 3222 2422 3274 set
2450 3218 2607 3290 quod
2654 3218 3140 3291 interrogabatur,
3174 3221 3325 3291 quod
3378 3218 3454 3276 sit
3484 3220 3675 3292 majus
3725 3219 3977 3275 manda-

2334 3312 2499 3363 tum:
2535 3316 2649 3363 n'on
2680 3307 2751 3363 de
2796 3308 3091 3363 mandatis
3139 3308 3529 3380 interrogans,
3561 3308 3662 3364 sed
3713 3308 3868 3381 quod
3900 3308 3981 3364 sit

588 3389 1295 3473 confitentes,animarum
1328 3414 1557 3470 quoque
1586 3396 1885 3451 interitum
1920 3395 2224 3468 praedicas-
2256 3389 2298 3456 C
2336 3397 2594 3469 primum
2626 3411 3025 3469 magnumque
3073 3397 3415 3453 mandatum
3444 3415 3458 3466 ;
3491 3402 3555 3453 ut
3601 3413 3736 3454 cum
3779 3398 3981 3454 omnia

585 3515 668 3556 se.
700 3496 768 3552 Hi
799 3494 1057 3568 quinque
1089 3494 1318 3546 tantum
1348 3488 1528 3543 libros
1577 3486 1792 3559 Moysis
1846 3485 2222 3557 recipiebant,

583 3586 1001 3662 prophetarum
1022 3580 1291 3637 vaticinia
1308 3575 1932 3648 respuentes.Stultum
1956 3592 2091 3646 ergo
2104 3579 2227 3630 erat

584 3677 723 3733 inde
750 3672 1006 3747 proferre
1053 3667 1413 3733 testimonia,
1446 3666 1614 3735 cujus
1664 3664 2070 3719 auctoritatem
2109 3680 2225 3719 non

588 3762 1005 3835 sequebantur.
1024 3761 1200 3811 Porro
1232 3756 1301 3809 ad
1326 3754 1708 3809 aeternitatem
1742 3753 2071 3807 animarum
2095 3768 2226 3823 pro-

586 3849 845 3909 bandam
876 3848 948 3904 de
974 3851 1167 3915 Moyse
1196 3843 1363 3915 ponit
1389 3840 1719 3913 exemplum
1746 3856 1758 3895 :
1794 3842 1900 3910 Ego
1929 3857 2050 3894 sum
2089 3844 2229 3896 Deus

589 3940 889 4010 Abraham,
920 3944 970 3995 et
994 3937 1134 3991 Deus
1188 3935 1355 4000 Isaac,
1389 3935 1439 3986 et
1485 3935 1636 3986 Deus
1688 3931 1858 3985 Jacob
1913 3929 2107 3999 (Exod.
2142 3946 2227 3997 ιιι,

587 4033 666 4105 6).
700 4030 1017 4100 statimque
1045 4025 1258 4081 infert:
1292 4021 1413 4077 Non
1457 4025 1533 4076 est
1579 4028 1920 4075 mortuorum
1949 4020 2106 4088 Deus,
2139 4018 2231 4074 sed

662 4212 678 4246 ¹
712 4209 850 4264 Tres
879 4202 1123 4261 Palatini
1155 4218 1323 4269 mss.,
1355 4216 1583 4271 corpora
1630 4199 1849 4269 quicum
1874 4200 2091 4270 possint
2122 4215 2228 4254 nu-

587 4283 925 4409 ὸϐζϐίῧὲἓὶέω
956 4345 1223 4419 Origenis
1246 4344 1460 4419 nedum
1485 4340 1808 4412 responsio,
1828 4340 1928 4419 sed
1953 4341 2071 4395 fere
2091 4346 2231 4419 sunt

585 4424 799 4481 verba:
830 4444 857 4470 «
888 4420 971 4475 Ad
1003 4412 1287 4473 id'autem
1330 4413 1615 4476 dicemus,
1648 4428 1782 4466 cum
1814 4412 2171 4482 depromptis
2200 4431 2230 4469 e

587 4493 889 4567 prophetis
919 4488 1209 4567 sexcentis
1238 4484 1596 4567 testimoniis
1624 4484 1870 4554 probare
1892 4483 2078 4567 possit
2100 4485 2227 4565 Sep-

588 4555 776 4629 vatur,
809 4564 1066 4617 futuram
1095 4558 1274 4629 vitam
1307 4555 1562 4629 hominis
1609 4570 1869 4629 manere,
1898 4555 1953 4607 id
1987 4555 2231 4629 minime

591 4626 800 4691 fecisse
826 4650 840 4689 :
866 4631 1021 4703 quod
1051 4628 1272 4703 scilicet
1298 4643 1475 4681 unam
1505 4626 1721 4703 Moysis
1752 4626 2111 4703 Scripturam
2134 4628 2231 4681 ad-

588 4697 901 4763 mitterent
916 4700 1236 4761 Sadducaei,
1270 4715 1303 4752 a
1331 4714 1446 4767 qua
1488 4698 1737 4752 deducta
1768 4697 2224 4764 ratiocinatione,

588 4755 1117 4844 EBHiihééie'ipsos
1153 4755 1365 4844 voluit?
1394 4769 1508 4844 rsic_
1528 4773 1722 4823 autem
1771 4768 1875 4844 illa
1922 4785 1992 4844 se
2016 4755 2227 4844 habere
2257 4755 2304 4820 D

586 4848 819 4904 videtur
850 4864 862 4902 :
894 4841 1033 4900 Deus
1059 4843 1203 4897 dicit
1231 4842 1437 4911 Moysi:
1466 4841 1573 4910 Ego
1606 4857 1729 4894 sum
1760 4841 1899 4895 Deus
1929 4841 2225 4909 Abraham,

586 4925 640 4976 et
670 4922 809 4975 Deus
838 4918 1010 4979 Isaac,
1041 4920 1093 4969 et
1126 4915 1265 4968 Deus
1293 4912 1473 4980 Iacob,
1507 4929 1639 4965 cum
1687 4911 1987 4966 oraculum
2022 4912 2133 4983 ipsi
2167 4912 2224 4966 in

576 4993 733 5050 'rubo
763 4986 1051 5053 reddidit;
1076 4989 1177 5040 aut
1206 4984 1383 5057 igitur
1412 4984 1793 5052 Deus,eorum
1824 4983 1977 5038 Deus
2011 4985 2226 5055 est,qui

2332 3502 2461 3557 quin
2502 3490 2654 3541 Deus
2693 3486 3057 3541 mandaverit
3102 3502 3317 3558 magna
3347 3485 3501 3542 sint:
3561 3486 3849 3559 quidquid
3881 3485 3982 3543 ille

2335 3575 2717 3647 responderit,
2750 3576 3115 3631 occasionem
3147 3574 3359 3630 habeat
3387 3573 3981 3645 calumniandi,aliud

2334 3680 2603 3720 asserens
2658 3680 2941 3737 magnum
2989 3679 3117 3719 esse
3174 3663 3245 3725 de
3292 3663 3579 3735 pluribus.
3636 3665 3981 3736 Quicunque

2335 3753 2519 3824 igitur
2547 3752 2705 3809 novit
2731 3758 2787 3808 et
2844 3753 3163 3824 interrogat
3210 3769 3325 3808 non
3370 3758 3500 3809 voto
3549 3753 3834 3823 discendi,
3876 3753 3980 3809 sed

2338 3842 2530 3897 studio
2562 3842 2968 3913 cognoscendi,
2993 3858 3064 3898 an
3082 3842 3305 3897 noverit
3332 3841 3429 3898 ille
3458 3843 3559 3913 qui
3590 3858 3982 3915 responsurus

2338 3934 2445 3999 est,
2479 3930 2538 3985 in
2569 3930 3014 3986 similitudinem
3064 3930 3492 3988 Pharisaeorum
3542 3948 3657 3988 non
3688 3931 3859 4004 quasi
3888 3931 3984 3987 di-

2337 4017 2622 4089 scipulus,
2651 4018 2752 4074 sed
2783 4019 2952 4090 quasi
2982 4023 3235 4076 tentator
3263 4021 3503 4077 accedit.

2337 4201 2605 4269 sunt,aut
2633 4214 2835 4253 eorum
2866 4198 2966 4269 qui
2998 4216 3113 4255 non
3132 4204 3289 4270 sunt,
3304 4200 3626 4257 absurdum
3648 4188 3980 4270 est‘autem,

2338 4271 2543 4344 Deum,
2576 4270 2677 4341 qui
2708 4270 2887 4325 dixit:
2921 4272 3029 4341 Ego
3055 4287 3177 4326 sum
3222 4273 3319 4344 qui
3344 4288 3489 4340 sum,
3523 4274 3582 4328 id
3607 4274 3747 4328 mihi
3781 4289 3983 4330 nomen

2336 4346 2437 4409 est,
2463 4338 2843 4418 phorum_esse_
2854 4338 3050 4418 Deum
3083 4338 3483 4418 pronuntiare,
3504 4344 3605 4415 qui
3636 4346 3983 4418 neutiquam

2338 4417 2512 4489 sunt:
2547 4412 2701 4483 quod
2728 4414 2779 4489 si
2808 4412 2952 4469 illud
2985 4412 3308 4489 absurdum
3348 4412 3689 4489 est,eorum
3722 4412 3983 4489 prdfecto

2337 4483 2491 4557 Deus
2521 4489 2627 4557 est,
2661 4484 2759 4557 qui
2792 4488 2951 4552 sunt,
2984 4491 3041 4541 et
3072 4488 3173 4557 qui
3201 4487 3419 4555 vivunt,
3443 4483 3509 4542 et
3535 4488 3633 4557 qui
3665 4483 3984 4557 exsistunt,

2338 4556 2556 4641 quique
2588 4555 2931 4641 bepeﬁcium
2980 4573 3015 4612 a
3069 4555 3187 4641 Deo
3241 4559 3319 4641 in_
3359 4575 3421 4641 se
3477 4555 3755 4641 collatum
3788 4555 3986 4641 Aagnoé

2337 4632 2598 4682 scunt....
2634 4627 2847 4703 Vivunt
2878 4644 3035 4703 ergo,
3068 4628 3273 4695 Deum,
3307 4630 3418 4703 ipsi
3450 4647 3637 4703 usque
3666 4627 3986 4688 benﬁcium

2338 4703 2719 4770 agnoscentes
2747 4699 3062 4771 Abraham,
3094 4706 3153 4756 et
3184 4699 3361 4771 Isaac,
3396 4706 3452 4757 et
3476 4699 3679 4771 Jacob,
3715 4725 3744 4752 »
3773 4708 3884 4758 etc.

2405 4787 2426 4862 εξ
2460 4787 2699 4862 Palatin.
2733 4788 2997 4862 mss.,_de
3020 4788 3282 4862 doctrina
3300 4792 3669 4862 responsionis
3699 4792 3875 4848 illius.

2405 4860 2426 4933 ξ
2456 4859 2614 4933 idem
2650 4875 2818 4933 mss.,
2850 4860 3147 4933 Pharisaei,
3179 4861 3363 4917 audito
3391 4859 3534 4933 quod
3555 4862 3983 4933 silentium,etc.

2406 4930 2427 4963 ⁸
2457 4930 2520 4984 1n
2554 4946 2669 4985 uno
2699 4930 3090 4999 Cisterciensi,
3119 4934 3365 5005 exemplo
3394 4930 3623 5003 moveri,
3650 4950 3738 5005 ne,
3761 4930 3875 4993 etc.

579 5141 3988 5173 _—-—————————-———_———————_——-—-——————

1681 5285 2077 5371 LIBER
2168 5284 2891 5396 QUARTUS.

649 5584 831 5654 (Vcrs.
866 5586 929 5639 41
964 5584 1157 5656 seqq.)
1185 5580 1340 5637 183
1373 5599 1401 5628 ‹‹
1442 5576 1815 5650 Congregatis
1847 5580 2043 5633 autem
2072 5575 2219 5633 Pha-

579 5672 785 5739 risaiis,
815 5673 1191 5744 interrogavit
1217 5688 1315 5727 eos
1363 5672 1556 5732 Jesus,
1608 5667 1843 5722 dicens:
1881 5665 2027 5731 Quid
2056 5666 2219 5722 vobis

577 5761 806 5817 videtur
834 5760 903 5815 de
960 5761 1232 5817 Christo?
1288 5759 1461 5830 cujus
1509 5756 1668 5811 filius
1725 5756 1859 5811 est?
1892 5755 2100 5810 Dicunt
2128 5755 2213 5811 ei:

582 5850 786 5911 David.
819 5848 915 5908 Ait
941 5847 1094 5907 illis:
1136 5849 1433 5919 Quomodo
1480 5864 1615 5922 ergo
1666 5845 1846 5905 David
1894 5845 1955 5902 in
1995 5844 2215 5919 Spiritu

2328 5580 2493 5633 vocat
2558 5593 2692 5633 eum
2754 5577 3092 5646 Dominum,
3146 5579 3404 5635 dicens:
3477 5579 3634 5636 Dixit
3699 5581 3992 5643 Dominus

2330 5667 2576 5722 Domino
2609 5683 2756 5732 meo,
2786 5668 2935 5722 Sede
2968 5686 3001 5722 a
3042 5668 3268 5723 dextris
3325 5669 3493 5739 meis,
3526 5670 3709 5726 donec
3766 5688 3983 5744 ponam

2328 5754 2597 5810 inimicos
2625 5758 2758 5810 tuos
2781 5755 3102 5811 scabellum
3143 5756 3358 5829 pedum
3381 5762 3619 5814 tuorum
3651 5761 3830 5833 (Psal.
3862 5778 3984 5831 cxx,

2328 5843 2422 5918 1)?
2449 5842 2510 5901 Si
2539 5859 2675 5919 ergo
2704 5843 2883 5902 David
2930 5849 3097 5903 vocat
3125 5860 3260 5904 eum
3308 5847 3643 5925 Dominum,
3676 5851 3976 5924 quomodo
