4304 6686
369 533 485 595 173
844 534 1360 597 COMMENTAR.
1406 538 1487 598 IN
1532 536 2043 611 EVANGELIUM

2092 535 2467 596 ΜΑΤΤΗίΕΙ
2518 538 2660 596 LIB.
2713 537 2809 596 IV.
2853 538 3024 596 CAP.
3071 536 3284 621 XXIII.
3649 541 3767 609 174

369 666 528 725 ﬁlius
556 666 683 741 ejus
713 667 847 722 est?
878 688 906 715 ››
940 665 1048 731 Qui
1078 669 1150 722 ad
1181 667 1527 723 tentandum
1548 666 1750 723 Jesum
1783 666 2013 723 fuerant
2041 672 2096 737 Α
2125 670 2300 721 cutus
2331 669 2419 721 est
2448 667 2519 721 ad
2552 667 2753 721 turbas
2785 672 2840 721 et
2868 668 2940 723 ad
2975 665 3295 739 discipulos
3326 684 3486 736 suos,
3519 670 3720 727 dicens
3754 688 3767 728 :

362 755 723 829 congregati,
779 759 837 811 et
894 753 1193 811 veritatem
1260 756 1635 811 fraudulenta
1690 755 2046 827 interroga-.
2124 755 2311 826 Super
2340 755 2678 810 cathedram
2711 756 2893 827 Moysi
2923 757 3199 811 sederunt
3247 757 3458 812 Scriba:
3490 764 3548 813 et
3576 760 3777 816 Phari—

360 843 524 901 .tione
554 860 759 917 capere
789 845 1127 903 nitebantur
1158 846 1196 913 ί,
1230 845 1593 902 occasionem
1641 844 2019 917 praebuerunt
2126 844 2221 899 seei
2257 861 2269 897 :
2306 844 2503 900 omnia
2556 861 2692 917 ergo
2741 860 3104 916 quaicunque
3148 845 3401 900 dixerint
3438 848 3621 915 vobis,
3654 864 3775 904 ser-

371 932 789 993 confutationis
838 950 978 989 sum.
1016 935 1572 1006 Interroganturque
1620 934 1726 1004 [AL
1773 937 2017 990 lnterro-
2126 936 2251 989 vate
2279 936 2336 987 et
2366 933 2537 990 facite
2569 951 2582 991 :
2618 934 2944 990 secundum
2989 950 3165 1005 opera
3191 951 3330 990 vero
3361 951 3564 992 eorum
3599 935 3779 1003 nolite

364 1023 564 1095 gaturl
596 1022 668 1078 de
698 1022 930 1079 Christo
959 1022 1131 1093 cujus
1163 1020 1322 1079 ﬁlius
1344 1022 1438 1078 sit.
1470 1022 1847 1096 Interrogatio
1876 1022 2017 1077 Jesu
2128 1021 2335 1078 facere.
2368 1021 2580 1077 Dicunt
2625 1022 2804 1089 enim,
2837 1028 2897 1078 et
2922 1039 3038 1080 non
3095 1023 3334 1079 faciunt.
3368 1046 3396 1074 ››
3428 1024 3576 1089 Quid
3609 1041 3777 1085 man-

374 1111 543 1168 nobis
592 1111 822 1184 proﬁcit
870 1125 1061 1182 usque
1089 1111 1262 1167 hodie
1309 1114 1511 1167 contra
1557 1111 1811 1167 Judaeos.
1843 1111 1912 1166 Et
1959 1109 2021 1164 hi
2130 1110 2378 1181 suetius,
2429 1110 2568 1182 quid
2638 1112 2950 1183 benignius
3002 1112 3249 1168 Domino
3280 1114 3301 1147 ³
3339 1112 3367 1168 ?
3415 1114 3701 1171 Tentatur
3746 1131 3780 1175 θ.

374 1200 532 1255 enim
589 1199 690 1273 qui
738 1200 1092 1257 conﬁtentur
1142 1199 1437 1257 Christum
1498 1216 1628 1255 esse
1686 1204 2021 1267 venturum,
2130 1199 2460 1267 Pharisaeis,
2492 1201 2941 1273 confringantur
2974 1201 3199 1257 insidiae
3250 1218 3453 1259 eorum
3486 1206 3780 1263 etsecun-

372 1288 674 1345 hominem
706 1288 1037 1362 simplicem
1070 1292 1127 1343 et
1156 1293 1423 1343 sanctum
1446 1288 1634 1343 virum
1653 1293 1924 1346 asserunt
1954 1289 2027 1343 de
2134 1289 2276 1345 dum
2326 1288 2695 1346 Psalmistam
2730 1308 2741 1345 :
2778 1290 3007 1361 Sagittae
3049 1292 3411 1362 parvulorum
3455 1294 3620 1362 facta:
3655 1296 3784 1350 sunt

374 1393 587 1451 genere
636 1377 839 1435 David.
875 1378 1308 1451 Interrogemus
1356 1393 1493 1449 ergo
1526 1393 1625 1433 eos
1674 1374 1829 1433 docti
1858 1394 1892 1432 a
1925 1378 2029 1433 Do-
2132 1379 2313 1450 plaga:
2358 1394 2545 1434 eorum
2593 1380 2764 1448 (Psal.
2818 1396 2975 1448 Lxm,
3006 1381 3085 1446 8),
3115 1383 3173 1436 et
3214 1379 3601 1437 nihilominus
3652 1398 3785 1454 pro-

376 1466 539 1537 mino
574 1483 586 1523 :
622 1466 671 1522 si
713 1466 959 1539 simplex
1003 1465 1178 1529 homo
1207 1469 1316 1533 est,
1349 1470 1406 1522 et
1454 1465 1610 1521 ﬁlius
1658 1470 1889 1521 tantum
1924 1465 2029 1520 Da-
2136 1472 2265 1538 pter
2320 1466 2631 1522 sacerdotii
2678 1473 2735 1523 et
2783 1468 3042 1524 nominis
3090 1456 3457 1541 dignitatem,
3518 1469 3790 1528 hortatur

372 1556 472 1611 vid
510 1574 522 1611 :
555 1557 848 1628 quomodo
882 1554 1054 1610 David
1086 1558 1249 1609 vocet
1277 1571 1411 1610 eum
1446 1554 1761 1610 Dominum
1794 1570 1970 1610 suum
2005 1571 2018 1610 :
2137 1554 2385 1628 populos
2416 1560 2481 1610 ut
2507 1556 2899 1626 subjiciantur
2927 1557 3033 1627 eis,
3070 1575 3182 1614 non
3219 1575 3414 1631 opera,
3447 1559 3548 1615 sed
3572 1559 3785 1621 doctri-

375 1662 497 1700 non
545 1645 761 1701 erroris
804 1644 1044 1715 incerto,
1076 1660 1203 1716 nec,
1229 1643 1461 1716 prepria
1509 1643 1808 1700 voluntate
1859 1660 1872 1700 :
1925 1644 2027 1699 sed
2138 1660 2273 1699 nam
2321 1643 2781 1700 considerantes.
2816 1645 2978 1710 Quod
3011 1651 3209 1701 autem
3254 1647 3335 1701 ait
3367 1664 3380 1701 :
3412 1648 3586 1719 Super
3608 1650 3792 1705 cathe-

350 1734 436 1790 in
468 1734 571 1803 [ΑΙ.
607 1738 748 1789 tacet
794 1732 876 1803 in]
910 1732 1129 1806 Spiritu
1186 1738 1412 1788 sancto.
1446 1732 1875 1789 Testimonium
1926 1750 2031 1788 au-
2137 1733 2299 1788 dram
2346 1734 2518 1805 Moysi
2557 1734 2813 1789 sederunt
2856 1736 3070 1791 Scriba?
3111 1738 3162 1789 et
3209 1735 3487 1792 Phariswi
3516 1753 3535 1790 .·
3568 1753 3670 1808 per
3702 1754 3794 1793 ca-

377 1829 497 1880 tem
529 1822 682 1895 quod
716 1822 934 1896 posuit,
968 1816 1395 1879 de'centesimo
1423 1839 1576 1878 nono
1608 1821 1838 1895 psalmo
1869 1838 2030 1877 sum-
2142 1822 2410 1878 thedram
2463 1823 2787 1879 doctrinam
2835 1822 2984 1898 legis
3033 1824 3310 1880 ostendit.
3363 1828 3509 1897 Ergo
3561 1832 3616 1881 et
3644 1825 3792 1882 illud

380 1917 548 1987 ptum
579 1911 1006 1987 est.Dominus
1050 1911 1233 1983 igitur
1271 1911 1453 1967 David
1504 1915 1763 1978 vocatur,
1799 1928 1915 1968 non
1949 1927 2032 1968 se-
2144 1912 2297 1983 quod
2347 1911 2563 1967 dicitur
2600 1912 2659 1967 in
2693 1911 2923 1968 Psalmo
2978 1929 2991 1968 :
3052 1914 3113 1968 In
3157 1914 3427 1971 cathedra
3466 1915 3797 1985 pestilentia?

382 1986 640 2056 cundum
672 1986 729 2055 id
781 1998 936 2072 quod
985 2000 1056 2056 de
1104 2015 1170 2054 eo
1220 2005 1393 2056 natus
1445 2005 1554 2065 est,
1611 2000 1714 2056 sed
1757 2001 1928 2070 juxta
1974 1999 2031 2055 id
2066 2052 2112 2072 η
2141 2016 2249 2055 non
2273 1999 2410 2059 sedi!
2443 1999 2621 2072 (Ρδαι.
2656 2018 2695 2065 1,
2730 2002 2803 2069 1).
2836 2001 2905 2055 Et
2939 2017 2951 2055 :
2987 2000 3291 2057 Cathedras
3334 2003 3686 2060 vendentium
3716 2019 3797 2060 co-

383 2052 772 2162 ἐιῖιῦἷὶῖειὶῖιε
789 2052 935 2143 Si“
956 2052 1161 2143 ρξιὶιτεῖ
1192 2052 1424 2160 semper
1451 2052 1634 2156 Ἠιῖιξ
1651 2052 2038 2162 gregem}.
2064 2052 2114 2117 Β
2143 2052 2619 2145 ὶὲὶὴὲιῐιὶζζρὀὲὲέὲῖ
2646 2052 3793 2165 ($12.22;;'ngiéiiie}.ciE13555;

386 2180 580 2253 ipsum
613 2179 803 2234 carnis
858 2195 976 2235 sum
1026 2183 1271 2249 patrem.
1303 2177 1489 2235 Judaei
1523 2179 1590 2234 ad
1645 2178 2035 2234 deludendam
2146 2178 2361 2235 trinam
2394 2178 2676 2233 debemus
2708 2178 2989 2251 accipere.

387 2267 859 2340 interrogationis
889 2266 1193 2322 veritatem
1241 2266 1444 2324 frivola
1476 2267 1663 2322 multa
1713 2268 2034 2340 conﬁgunt,
2220 2270 2404 2338 (Vers.
2440 2268 2513 2337 4.)
2549 2290 2570 2314 α
2609 2266 2863 2338 Alligant
2909 2272 3104 2324 autem
3136 2285 3314 2325 onera
3341 2270 3541 2342 gravia
3590 2276 3649 2326 et
3677 2270 3789 2334 im-

388 2356 765 2414 vernaeulum
799 2357 1041 2411 Abrahae
1089 2361 1439 2424 asserentes,
1473 2357 1645 2429 cujus
1677 2355 1853 2413 fuerit
1880 2356 2038 2413 ﬁlius
2148 2354 2476 2428 portabilia,
2510 2360 2567 2411 et
2596 2356 2910 2429 imponunt
2940 2356 2997 2411 in
3029 2357 3308 2413 humeros
3338 2358 3684 2427 hominum;
3717 2360 3801 2417 di-

388 2448 711 2504 Damascus
756 2445 974 2501 Eliezer
1022 2444 1173 2517 (Gen.
1214 2462 1306 2517 xv,
1337 2446 1389 2515 ‘3)
1424 2463 1437 2501 :
1471 2450 1529 2501 et
1578 2462 1647 2501 ex
1694 2445 1883 2517 ipsius
1919 2462 2039 2517 per-
2147 2446 2266 2519 gito
2297 2450 2493 2501 autem
2541 2462 2648 2502 suo
2699 2446 2908 2502 nolunt
2936 2462 3005 2502 ea
3033 2462 3284 2504 movere.
3322 2470 3350 2497 »
3401 2448 3519 2504 Hoc
3556 2464 3801 2521 genere:

388 2553 535 2594 sona
565 2535 849 2608 scriptum
895 2533 1214 2607 psalmum,
1249 2534 1405 2607 quod
1439 2538 1573 2606 post
1620 2535 1837 2590 caedem
1870 2534 2040 2606 quin-
2147 2534 2280 2590 liter
2310 2536 2591 2590 adversus
2620 2552 2823 2590 omnes
2870 2536 3208 2609 magistros,
3239 2537 3341 2609 qui
3368 2538 3567 2610 gravia
3588 2538 3804 2610 jubent

388 2642 503 2699 que
533 2641 736 2697 regum
766 2624 919 2694 (Gen.
968 2641 1084 2690 x1v,
1120 2624 1228 2691 15),
1262 2623 1551 2680 Dominus
1600 2624 1755 2680 Deus
1786 2623 2039 2680 Domino
2147 2625 2189 2690 ‘,
2220 2628 2275 2679 et
2305 2623 2533 2679 minora
2580 2640 2694 2679 non
2747 2623 2987 2679 faciunt.
3023 2624 3365 2683 Notandum
3398 2632 3596 2682 autem
3639 2626 3789 2689 185

388 2730 498 2773 suo
527 2712 736 2769 dixerit
776 2712 1018 2769 Abrahae
1051 2728 1064 2768 :
1100 2712 1231 2768 Sede
1259 2712 1330 2768 ad
1376 2712 1662 2769 dexteram
1712 2729 1910 2778 meam,
1941 2712 2039 2768 do-
2150 2712 2303 2784 quod
2354 2715 2412 2767 et
2456 2710 2709 2778 humeri,
2744 2717 2801 2767 et
2843 2711 3083 2783 digitus,
3117 2717 3174 2768 et
3222 2731 3421 2784 onera,
3456 2719 3514 2771 et
3541 2715 3797 2783 vincula,

388 2820 488 2860 nec
507 2819 711 2876 ponam
748 2802 1001 2858 inimicos
1046 2807 1173 2861 tuo:
1202 2800 1510 2858 scabellum
1559 2801 1762 2874 pedum
1790 2808 2037 2859 tuorum.
2151 2802 2368 2873 quibus
2412 2798 2731 2873 alligantur
2773 2817 2971 2873 onera,
3006 2801 3389 2873 spiritualiter
3419 2803 3800 2876 intelligenda

389 2895 547 2959 Quos
576 2892 1034 2964 interrogemus:
1069 2893 1369 2957 Quomodo
1391 2891 1544 2948 Deus
1565 2891 1774 2947 dixerit
1795 2890 2041 2946 Abrahae
2152 2894 2311 2945 sunt.

391 2999 461 3037 ea
489 2998 614 3053 quae
644 2984 974 3052 sequuntur
1006 2997 1019 3034 :
1056 2979 1246 3035 Tecum
1269 2980 1608 3052 principium
1654 2981 1717 3034 in
1741 2978 1832 3035 die
1862 2981 2040 3036 virtu-
2224 2978 2406 3051 (Vers.
2436 2978 2515 3050 5.)
2543 3002 2569 3027 ‹‹
2604 2978 2813 3034 Omnia
2840 2996 3017 3052 Opera
3042 2996 3150 3035 sua
3180 2980 3425 3052 faciunt,
3470 2985 3535 3036 ut
3564 2981 3798 3041 videan-

391 3072 587 3127 tistua:
610 3069 1074 3142 insplendom'bus
1094 3072 1426 3137 sanctorum,
1453 3086 1521 3124 ea:
1550 3072 1703 3125 utero
1727 3073 1859 3125 ante
1884 3069 2042 3125 Luci-
2152 3068 2347 3125 turab
2401 3068 2763 3124 hominibus.
2818 3091 2845 3119 »
2902 3068 3244 3141 Quicunque
3297 3069 3478 3141 igitur
3526 3070 3607 3127 ita
3663 3071 3803 3131 facit

392 3162 573 3234 ferum
592 3161 758 3231 genui
776 3160 860 3221 te;
883 3163 977 3214 et:
1009 3159 1228 3215 Iuravit
1246 3160 1531 3226 Dominus,
1551 3162 1601 3212 et
1628 3175 1735 3214 non
1761 3159 2044 3229 paenitebit
2153 3157 2474 3230 quodlibet,
2532 3161 2595 3212 ut
2643 3158 2908 3213 videatur
2959 3159 3031 3213 ab
3087 3158 3449 3225 hominibus,
3498 3159 3703 3223 Scriba
3746 3164 3804 3217 et

396 3266 561 3312 eum;
591 3253 652 3304 tu
694 3265 747 3304 es
795 3249 1046 3304 sacerdos
1095 3247 1157 3302 in
1204 3251 1492 3315 wtemum,
1546 3247 1699 3303 184
1748 3246 2045 3303 secundum
2155 3247 2486 3303 Pharisaeus
2516 3254 2623 3302 est.

398 3340 646 3397 ordinem
674 3336 1053 3397 Melchisedech
1107 3336 1285 3409 (Psal.
1337 3353 1449 3404 cxx,
1480 3336 1535 3407 3,
1568 3337 1621 3407 4)
1642 3336 1669 3390 ‘?
1709 3336 1780 3392 Et
1809 3351 2045 3407 respon-
2225 3336 2409 3407 (Vers.
2441 3335 2517 3406 6.)
2554 3334 2810 3391 Dilatant
2839 3335 2995 3392 enim
3035 3336 3395 3410 phylacteria
3426 3354 3554 3405 sua,
3587 3342 3649 3394 et
3676 3355 3800 3401 ma-

382 3429 529 3484 dere
560 3444 858 3500 cogamus,
891 3427 1183 3498 quomodo
1214 3425 1512 3481 Abraham
1543 3430 1678 3480 ante
1710 3424 2041 3479 Luciferum
2073 3424 2115 3489 (ζ
2152 3425 2434 3498 gniﬁcant
2482 3424 2764 3481 ﬁmbrias.
2797 3427 3011 3498 Amant
3058 3432 3254 3483 autem
3300 3426 3523 3498 primos
3571 3428 3801 3489 recubi-

392 3518 627 3591 genitus
658 3516 774 3583 sit,-
807 3520 863 3571 et
892 3515 1166 3570 sacerdos
1199 3513 1374 3568 fuerit
1418 3514 1742 3569 secundum
1774 3512 2038 3567 ordinem
2151 3518 2247 3569 tus
2282 3513 2337 3567 in
2371 3513 2573 3581 omnis,
2607 3517 2663 3569 et
2693 3512 2937 3584 primas,
2960 3513 3269 3569 cathedras
3297 3514 3356 3568 in
3389 3515 3722 3586 synagogis,
3744 3518 3803 3583 et

389 3604 811 3661 Melchisedech
864 3621 878 3659 :
931 3620 1034 3676 pro
1083 3619 1198 3674 quo
1247 3600 1672 3657 Melchisedech
1702 3600 1723 3635 ²
1766 3599 2043 3656 obtulerit
2152 3601 2535 3657 salutationes
2569 3601 2624 3656 in
2679 3601 2831 3668 foro,
2853 3606 2909 3656 et
2937 3602 3128 3657 vocari
3164 3603 3237 3659 ab
3276 3602 3616 3659 hominibus
3648 3604 3800 3659 Rab-

386 3711 601 3767 panem
632 3697 689 3749 et
715 3693 942 3759 vinum,
976 3697 1034 3748 et
1062 3708 1096 3747 a
1124 3707 1238 3764 quo
1271 3688 1531 3747 decimas
1574 3690 1779 3763 praedae
1806 3705 2041 3770 accepe-
2152 3691 2229 3747 bi.
2259 3712 2287 3739 ››
2320 3691 2411 3746 Vze
2443 3690 2610 3746 nobis
2649 3689 2899 3761 miseris,
2923 3691 2995 3761 ad
3028 3707 3174 3763 quos
3206 3692 3630 3748 Pharisaeorum
3662 3693 3803 3757 vitia

389 3784 470 3839 rit
498 3782 648 3855 (Gen.
681 3799 798 3849 x1v,
832 3783 917 3847 18,
951 3782 1066 3852 20).
2151 3781 2532 3836 transierunt.
2568 3781 2849 3836 Dominus
2879 3797 3012 3835 cum
3037 3780 3296 3836 dedisset
3321 3781 3601 3838 mandata
3631 3782 3802 3856 Legis

460 3872 647 3946 (Vers.
680 3872 795 3939 36.)
828 3894 855 3921 «
888 3872 958 3926 Et
989 3886 1159 3926 nemo
1190 3873 1419 3942 poterat
1448 3868 1497 3924 ei
1528 3869 1881 3941 respondere
1910 3885 2043 3924 ver-
2153 3886 2255 3943 per
2305 3870 2560 3942 Moysen,
2591 3870 2664 3924 ad
2719 3874 3043 3926 extremum
3095 3869 3293 3926 intulit
3323 3887 3337 3925 :
3374 3872 3598 3944 nigabis
3635 3889 3701 3928 ea
3740 3873 3805 3929 in

378 3964 528 4018 bum
566 3979 579 4017 :
614 3976 804 4032 neque
836 3977 1017 4017 ausus
1050 3959 1158 4014 fuit
1187 3959 1505 4030 quisquam
1537 3975 1607 4014 ex
1653 3957 1755 4013 illa
1784 3957 1877 4013 die
1907 3972 2042 4012 eum
2152 3975 2323 4017 manu
2351 3962 2467 4025 tua,
2500 3962 2551 4015 et
2581 3968 2743 4014 erunt
2773 3958 3005 4015 immota
3036 3961 3056 3994 ε
3088 3964 3221 4016 ante
3265 3961 3447 4016 oculos
3477 3968 3596 4019 tuos
3622 3961 3802 4032 (De-ut.

385 4051 644 4124 amplius
672 4050 1056 4122 interrogare.
1094 4071 1115 4097 υ
1152 4046 1423 4102 Pharisaei
1457 4051 1513 4102 et
1542 4046 1846 4102 Sadducaz-i
1882 4062 2045 4118 quaa-
2151 4066 2228 4116 γι,
2260 4050 2336 4119 8).
2371 4047 2438 4101 Et
2465 4052 2554 4102 est
2583 4064 2794 4102 sensus
2828 4066 2841 4104 :
2878 4052 3169 4119 Praecepta
3226 4065 3355 4105 mea
3386 4049 3506 4105 sint
3535 4050 3593 4105 in
3626 4067 3807 4113 manu

388 4145 585 4197 rentes
631 4138 997 4195 occasionem
1047 4135 1376 4202 calumnia,
1409 4140 1466 4191 et
1511 4137 1751 4191 verbum
1806 4134 2044 4207 aliquod
2156 4142 2278 4203 tua,
2311 4139 2375 4190 ut
2404 4151 2575 4206 Opere
2617 4134 3024 4206 compleantur
3054 4153 3067 4190 :
3103 4135 3225 4191 sint
3256 4141 3388 4191 ante
3420 4136 3620 4193 oculos
3649 4142 3808 4207 tuos,

387 4230 672 4297 invenire,
705 4228 857 4301 quod
893 4229 1115 4300 pateret
1138 4225 1390 4290 insidiis,
1416 4225 1555 4296 quia
1585 4224 1643 4279 in
1673 4223 2046 4280 sermonibus
2156 4230 2221 4281 ut
2261 4223 2359 4280 die
2416 4239 2482 4278 ac
2531 4225 2697 4278 nocte
2744 4222 3045 4278 mediteris
3094 4222 3153 4277 in
3212 4224 3313 4280 eis.
3362 4224 3479 4278 Hoc
3536 4225 3813 4290 Pharisaei
3878 4222 4033 4275 /”

390 4308 675 4376 confutati
706 4324 862 4383 sunt,
897 4316 1053 4371 ultra
1081 4331 1199 4370 non
1232 4314 1617 4385 interrogant,
1652 4314 1754 4369 sed
1806 4312 2047 4384 apertis-
2157 4312 2309 4368 male
2355 4312 2823 4383 interpretantes,
2858 4310 3195 4365 scribebant
3243 4310 3301 4364 in
3335 4311 3762 4367 membranulis
3791 4313 3813 4347 ⁸

391 4410 543 4467 sime
591 4406 1101 4480 comprehensum,
1136 4404 1411 4459 Romanis
1460 4403 1703 4457 tradunt
1751 4401 2044 4474 potestati.
2157 4400 2510 4474 Decalogum
2542 4399 2747 4472 Moysi,
2780 4400 2838 4455 id
2871 4404 2960 4454 est
3012 4400 3211 4454 decem
3242 4399 3422 4455 verba
3453 4398 3622 4472 legis,
3654 4416 3814 4456 com-

128 4494 351 4525 κ’*
390 4501 475 4557 Ex
508 4513 623 4569 quo
654 4494 1046 4567 intelligimus
1076 4509 1300 4549 venena
1328 4486 1558 4546 invidiae
1607 4507 1778 4563 posse
1808 4491 2045 4562 quidem
2160 4490 2440 4563 plicantes
2472 4506 2558 4558 ea,
2589 4494 2645 4543 et
2692 4486 2943 4560 ligentes
2991 4488 3049 4542 in
3083 4489 3292 4559 fronte,
3338 4493 3394 4543 et
3447 4490 3619 4561 quasi
3651 4506 3816 4545 coro-

394 4585 684 4659 superari,
718 4584 819 4641 sed
852 4581 1090 4638 difﬁcile
1121 4580 1556 4654 conquiescere.
2162 4596 2296 4635 nam
2329 4578 2537 4650 capitis
2580 4577 2873 4645 facientes,
2923 4581 2987 4633 ut
3017 4594 3250 4649 semper
3296 4582 3432 4634 ante
3460 4579 3663 4637 oculos
3694 4596 3820 4643 mo-

471 4675 630 4749 (Cap.
662 4674 857 4731 XXIII.
889 4672 1211 4727 —-Vers.1
1265 4671 1459 4743 seqq.)
1494 4691 1521 4719 ‹‹
1551 4669 1717 4724 Tunc
1764 4669 1935 4724 Jesus
1967 4668 2050 4724 lo-
2160 4672 2435 4725 verentur
2485 4683 2497 4720 :
2550 4666 2707 4737 quod
2763 4682 2950 4739 usque
3004 4666 3177 4723 hodie
3229 4667 3378 4735 Indi,
3431 4668 3616 4725 Persea
3666 4669 3711 4737 ⁷,
3763 4671 3822 4724 et

472 4806 490 4839 ί
525 4800 707 4856 Penes
736 4797 1079 4868 Victoriam,
1110 4813 1336 4868 carpere
1364 4795 1714 4859 nitebantur,
1747 4799 1855 4849 etc.
2083 4796 2131 4861 D
2163 4810 2289 4868 qua:
2323 4790 2500 4868 habet
2529 4791 2587 4844 S.
2616 4793 2791 4868 Pater
2810 4790 2883 4868 ad
2906 4790 3245 4868 Ezechielis,
3278 4809 3408 4868 cap.
3441 4809 3577 4849 xxxv
3608 4809 3622 4848 :
3655 4794 3827 4848 Aiun-

470 4876 493 4909 ²
526 4872 692 4934 Rab.,
727 4872 820 4943 qui
845 4862 1266 4943 Melchisedech.
1538 4939 1547 4943 _
1789 4939 1808 4943 _
2165 4862 2382 4943 Hebraei
2427 4862 2731 4943 hucusque“
2748 4862 3086 4943 Baoylom'os
3135 4867 3430 4943 magistros
3484 4868 3643 4943 Legit
3686 4872 3831 4935 praet

474 4947 496 4980 ³
530 4934 772 4999 variant
817 4958 1016 4998 secum
1065 4941 1314 4996 invicem
1366 4939 1549 4996 nostri
1601 4954 1743 4994 mss.
1789 4939 1847 4993 In
1901 4935 2053 5009 aliis,
2165 4941 2320 5007 cepta
2342 4944 2649 5009 sementes.
2694 4934 3015 5009 Decelogum
3061 4936 3326 5009 scriptum
3375 4938 3436 4990 in.
3475 4934 3828 5009 membranu-

401 5017 540 5092 quid
573 5014 905 5092 benignius?
933 5014 1170 5092 Domino
1220 5015 1426 5092 tentato
1476 5028 1510 5066 (ι
1556 5010 1885 5075 ΡΙιανίδίθὶδ,
1919 5005 2054 5081 etc.,
2169 5005 2264 5092 lis,
2293 5005 2656 5092 circumdare.
2677 5006 2853 5092 ϐαρίίὶ
2881 5011 3061 5092 fumet
3094 5005 3212 5092 {aaut
3248 5023 3380 5092 esse,
3414 5024 3540 5080 qua?
3561 5008 3832 5092 jtioentur

403 5078 469 5146 in
497 5089 650 5153 aliis,
680 5078 943 5142 Dominus
965 5088 1228 5150 tentatur,
1262 5088 1374 5139 etc.
1756 5152 1759 5153 ν
1926 5152 1929 5153 ν
2040 5078 2047 5081 ’
2170 5088 2295 5135 ante
2324 5079 2524 5147 oculos,
2559 5082 2607 5131 et
2637 5078 2693 5132 in
2742 5078 2928 5153 [rogita
2971 5078 3228 5148 pendere,
3260 5088 3322 5153 ut
3367 5078 3581 5153 semper
3607 5078 3827 5153 videant

478 5163 501 5195 ‘
531 5148 797 5215 Fortasse
825 5156 1020 5213 verius
1053 5148 1236 5212 nostri
1270 5172 1439 5220 mss.,
1462 5155 1559 5225 qui
1586 5152 1823 5223 grandia
1843 5152 2059 5225 jubent.
2172 5166 2298 5222 quae
2323 5153 2599 5225 prmcepio
2642 5151 2787 5203 sunt.
2837 5148 3075 5225 Verum,
3111 5155 3176 5225 ut
3207 5151 3275 5204 ad
3311 5166 3447 5205 eum
3476 5148 3706 5225 :locunl
3727 5148 3830 5225 ob-

480 5234 501 5267 “
532 5231 806 5286 Hebraeus
856 5228 1034 5301 habet
1073 5240 1301 5301 nemo,
1336 5220 1628 5301 [νοτιῖαίξώ
1681 5220 2066 5301 Septuaginta
2176 5220 2503 5301 servamus,
2544 5220 2637 5275 hic
2667 5236 2900 5291 quoque
2939 5222 3250 5301 fatende
3298 5226 3419 5301 est,
3442 5221 3489 5275 si
3518 5237 3641 5301 qua
3672 5220 3830 5301 Ral):

402 5319 566 5373 vero,
599 5302 668 5358 ad
699 5316 948 5373 quorum
977 5299 1071 5354 hic
1095 5289 1155 5354 se
1187 5299 1246 5354 S.
1270 5289 1435 5353 Pater
1454 5289 2064 5373 rationemteil‘or'mat,
2177 5293 2333 5373 binis
2366 5310 2460 5348 res
2522 5308 2663 5347 suas
2685 5289 3092 5373 narrantibus
3141 5293 3299 5373 ﬁdes
3341 5289 3448 5373 est,
3480 5289 3652 5373 eti-si.
3684 5289 3834 5362 quid

405 5362 891 5445 deuito-dfquod
921 5376 1028 5445 est,
1064 5373 1298 5426 immota
1344 5387 1361 5445 ς
1403 5367 1855 5445 contraL-atina
1884 5367 2066 5421 inter-
2177 5364 2462 5445 hodierna
2493 5380 2723 5445 quoque
2746 5364 2899 5445 apud
2934 5364 3426 5445 eosconsuetudo
3456 5362 3681 5445 probat,
3719 5378 3835 5445 non

405 5433 773 5521 pretatioéeti
794 5433 1177 5521 movebuntur,
1209 5441 1365 5514 quod
1398 5441 1648 5521 ipsemet
1676 5439 2067 5520 Hieron..ver-
2185 5433 2533 5521 Decalogura
2583 5433 2798 5521 Moysi,
2835 5437 2990 5521 quod
3012 5511 3020 5521 Ι
3044 5433 3682 5521 Ηὶριιροδξιηυεέιι-θᾱὶι,
3735 5433 3838 5490 sed

404 5504 549 5576 terit
577 5533 646 5574 ex
669 5504 942 5572 Hebraici
969 5514 1133 5570 verbi
1161 5504 1298 5602 i151:
1329 5504 1706 5585 proprietate,
1740 5526 1857 5581 qua
1886 5509 2069 5581 signi-
2183 5504 2469 5602 quoidam
2501 5504 2789 5602 duntairat
2834 5504 3148 5602 lScripturie
3183 5504 3579 5602 t‘ex'tusihduos
3605 5522 3841 5602 ‘nempe

410 5611 554 5666 θοαί
584 5607 641 5662 in
677 5603 1000 5660 ίηοθάθηάο
1033 5576 1265 5675 connisi
1300 5576 1401 5658 αἶα
1431 5576 1654 5672 siqvid
1687 5598 1846 5655 aliud
1882 5598 2072 5675 εξείιει-
2183 5576 3838 5675 E‘.°EE_‘EER?E“B.'£€E‘%E999!“‘.‘..E‘£§°tt‘39£?f€lii°i3.9

412 5649 1280 5748 Ei‘inb"v‘é}?2"§36fé‘é£_§ﬁ
1300 5649 2076 5748 “i3:geb‘n‘éigéiﬁbsii’ieﬁc
2186 5649 3073 5748 EEHEPEEUHE:fflﬂifdfl‘omi»
3123 5649 3283 5701 νίίίίδ
3337 5649 3681 5721 “triumque
3731 5649 3842 5707 dif‘

412 5720 1158 5831 i’vlia‘risieorum’fro‘ntalia
1187 5745 1490 5801 describit.
1524 5744 1731 5799 Confer
1761 5720 1903 5799 a‘deo
1935 5741 2076 5799 su‘b-
2191 5723 2529 5831 Πιξθξῶξξυηελ
2561 5720 2958 5831 εξὲξξξστῗὶίξὶῗζηί
2994 5805 3114 5831 mn
3167 5789 3434 5831 ionnmm
3495 5793 3550 5831 εἰ

420 5793 1490 5897 ἒὲἒῇἶὸῖἷῖἔὲιῖἐἶ’ἀῆἇίεὶὶῖὀῖθῷἶ”’””’
1763 5793 1898 5799 “””
1935 5793 2039 5799 ”“
2258 5796 2277 5831 ’τ
2308 5794 2532 5852 Nomen
2566 5798 2753 5850 Persa:
2782 5793 2961 5849 nostri
2994 5805 3136 5846 mss.
3167 5793 3460 5864 ignorant.
3495 5793 3590 5851 Sic
3623 5794 3769 5851 Rab.

496 5885 527 5938 ί
549 5897 738 5957 Antea
765 5895 912 5965 erat,
945 5888 1298 5969 membranis.
1322 5887 1425 5946 His
1455 5902 1626 5962 porro
1649 5885 1888 5960 gemina
1918 5890 2078 5959 sunt,
