4304 6640
578 560 689 620 175

1813 505 1884 619 ’8.
1931 554 2241 618 EUSEBII
2285 555 2732 618 HIERONYMI

3834 512 3962 617 ~1-16

571 687 872 761 Babylonii
903 688 1127 745 faciunt
1158 707 1171 744 :
1204 693 1261 744 et
1290 688 1389 759 qui
1418 688 1525 744 hoc
1557 688 1844 757 habuerit,
1878 688 2047 760 quasi
2079 687 2217 743 reli-
2246 698 2299 764 Α
2330 703 2433 760 per
2475 687 2968 759 dispensationem
3017 684 3211 741 carnis
3257 684 3405 755 ejus,
3437 683 3588 742 185
3649 700 3848 742 omnes
3878 704 3958 743 re-

568 778 773 850 giosus
796 777 857 832 in
887 776 1118 848 populis
1140 777 1462 847 judicatur.
1495 782 1763 834 Jusserat
1792 794 2023 850 quoque
2056 776 2213 832 aliud

570 868 798 940 Moyses
844 866 1035 938 (Num.
1078 883 1170 933 xv,
1206 867 1296 935 38,
1330 868 1417 937 40)
1468 871 1535 922 ut
1578 868 1633 921 in
1686 872 1937 939 quatuor
1984 864 2215 938 angulis

571 955 885 1029 palliorum
909 955 1320 1027 hyacinthinas
1344 956 1608 1011 ﬁmbrias
1632 957 1903 1022 facerent,
1937 956 2010 1011 ad
2033 956 2214 1010 Israe-

570 1044 645 1099 lis
674 1043 957 1117 populum
987 1043 1473 1115 dignoscendum,
1499 1048 1566 1101 ut
1598 1045 1889 1117 quomodo
1922 1044 1979 1098 in
2013 1059 2214 1114 corpo-

570 1132 736 1189 ribus
764 1131 1131 1188 circumcisio
1163 1134 1398 1203 signum
1418 1132 1676 1188 Judaicze
1704 1133 1894 1204 gentis
1927 1133 2110 1198 daret,
2133 1130 2215 1185 ita

569 1224 629 1277 et
659 1221 839 1278 vestis
884 1220 1127 1277 haberet
1173 1220 1429 1291 aliquam
1478 1221 1886 1277 differentiam.
1919 1218 2212 1292 Supersti-

570 1309 705 1366 tiosi
748 1309 1013 1382 magistri
1044 1313 1343 1381 captantes
1387 1327 1592 1365 auram
1640 1309 2005 1382 popularem,
2039 1313 2213 1380 atque

568 1415 637 1455 ex
679 1398 1041 1455 mulierculis
1088 1403 1376 1455 sectantes
1405 1399 1589 1465 lucra,
1623 1399 1913 1455 faciebant
1961 1399 2212 1469 grandes

569 1488 862 1554 ﬁmbrias,
891 1492 947 1543 et
976 1489 1351 1544 acutissimas
1396 1488 1455 1544 in
1489 1490 1572 1544 eis
1603 1489 1805 1560 spinas
1835 1487 2117 1559 ligabant,
2149 1491 2214 1540 ut

565 1576 834 1633 videlicet
860 1577 1233 1632 ambulantes
1264 1580 1321 1632 et
1350 1578 1619 1632 sedentes
1662 1577 1958 1632 interdum
1992 1591 2213 1647 punge-

567 1669 788 1733 rentur,
821 1669 881 1721 et
902 1664 1070 1736 quasi
1099 1665 1209 1721 hac
1241 1665 1638 1721 admonitione
1668 1665 2106 1721 retraherentur
2139 1664 2209 1719 ad

567 1753 762 1809 ofﬁcia
798 1753 1053 1817 Domini,
1085 1757 1142 1808 et
1186 1754 1514 1809 ministeria
1544 1754 1840 1810 servitutis
1889 1754 2035 1823 ejus.
2071 1752 2218 1817 Quia

566 1857 705 1915 ergo
736 1842 961 1897 dixerat
1008 1842 1295 1897 Dominus
1328 1860 1341 1897 :
1377 1844 1574 1899 Omnia
1631 1859 1794 1915 opera
1841 1859 1943 1898 sua
1972 1844 2212 1911 faciunt,

568 1934 629 1987 ut
669 1929 932 1985 vidantur
978 1930 1134 1985 186
1182 1932 1249 1986 ab
1298 1932 1635 2003 hominibus,
1670 1933 1823 2003 quod
1871 1930 2216 2003 generaliter

568 2023 894 2084 accusarat,
927 2035 1084 2074 nunc
1115 2035 1218 2091 per
1248 2024 1440 2090 partes
1471 2020 1696 2075 dividit.
1731 2019 2032 2075 Pictatiola
2065 2023 2079 2054 ¹
2114 2018 2214 2073 illa

572 2106 860 2180 Decalogi,
916 2106 1271 2179 phylacteria
1318 2110 1647 2163 vocabant:
1680 2111 1832 2180 quod
1878 2108 2213 2179 quicunque

569 2194 873 2254 habuisset
894 2212 981 2262 ea,
1013 2196 1181 2266 quasi
1213 2196 1286 2250 ob
1317 2197 1641 2251 custodiam
1672 2201 1728 2253 et
1759 2184 2210 2253 monumentum

567 2284 662 2341 sui
693 2283 934 2340 haberet
968 2301 981 2338 :
1016 2300 1130 2339 non
1186 2283 1647 2357 intelligentibus
1692 2285 2022 2354 Phariszeis,
2056 2286 2208 2356 quod

571 2372 694 2429 hac
723 2373 785 2428 in
815 2374 986 2428 corde
1017 2373 1304 2444 portanda
1334 2373 1472 2437 sint,
1504 2391 1618 2429 non
1650 2374 1707 2428 in
1740 2391 1979 2447 corpore
2012 2393 2024 2430 :
2060 2373 2209 2429 alio-

571 2461 717 2534 quin
745 2465 802 2516 et
830 2460 1104 2530 armaria,
1127 2465 1185 2516 et
1214 2477 1359 2516 arcae
1385 2461 1604 2517 habent
1624 2462 1826 2528 libros,
1854 2468 1910 2517 et
1940 2462 2207 2518 notitiam

563 2549 657 2605 Dei
692 2565 807 2604 non
836 2549 1071 2605 habent.
1105 2548 1223 2604 Hoc
1269 2551 1423 2621 apud
1456 2566 1560 2605 nos
1608 2550 2025 2622 superstitiosa)
2077 2568 2205 2605 mu-

560 2637 837 2705 lierculis,
868 2637 927 2692 in
966 2637 1221 2709 parvulis
1262 2638 1591 2711 Evangeliis
1621 2640 1661 2707 9,
1695 2644 1752 2695 et
1782 2640 1841 2694 in
1874 2640 2063 2695 crucis
2094 2639 2206 2711 lig-

559 2742 695 2800 gno,
728 2731 785 2783 et
829 2727 1164 2783 istiusmodi
1208 2728 1384 2783 rebus
1414 2730 1562 2799 (quae
1593 2728 1812 2784 habent
1853 2729 2089 2800 quidem
2119 2746 2206 2784 ze-

558 2814 681 2872 lum
713 2814 835 2883 Dei,
880 2816 982 2871 sed
1027 2831 1142 2872 non
1165 2816 1338 2885 juxta
1384 2817 1687 2872 scientiam
1740 2818 1909 2888 (Rom.
1944 2836 1998 2885 x,
2026 2818 2080 2888 2)
2114 2834 2205 2873 us-

560 2920 673 2976 que
719 2902 890 2960 hodie
938 2904 1224 2974 factitant,
1270 2904 1515 2959 culicem
1560 2904 1871 2977 liquentes,
1906 2911 1961 2961 et
2012 2924 2203 2962 came-

560 2991 687 3048 lum
716 2990 1031 3065 glutientes
1058 2994 1256 3062 (Infra,
1282 2995 1508 3065 eodem).
1556 2994 1888 3051 Istiusmodi
1919 3000 2041 3051 erat
2073 2996 2202 3051 ﬁm-

562 3080 693 3136 bria
720 3096 896 3152 parva
943 3085 1001 3135 et
1044 3080 1236 3135 brevis
1285 3098 1353 3136 ex
1383 3081 1506 3154 lege
1554 3087 1837 3155 praecepta
1866 3084 1907 3151 ³,
1940 3100 2118 3156 quam
2150 3088 2207 3140 et

563 3168 779 3225 mulier
806 3168 907 3224 illa
946 3185 1072 3241 qua
1120 3170 1406 3241 sanguine
1438 3171 1672 3239 ﬂuebat,
1707 3171 1896 3243 tetigit
1938 3173 1997 3227 in
2028 3172 2203 3245 pallio

564 3257 796 3314 Domini
846 3258 1056 3329 (Matth.
1109 3275 1185 3321 1x,
1237 3260 1345 3327 20';
1396 3262 1523 3315 Luc.
1555 3276 1679 3331 vm,
1729 3262 1818 3331 44)
1866 3278 1877 3316 :
1930 3262 2030 3318 sed
2086 3280 2202 3319 non

562 3351 655 3404 est
709 3351 1059 3420 compuncta
1122 3347 1543 3419 superstitiosis
1609 3350 1872 3405 sentibus
1929 3353 1950 3385 ‘
2006 3352 2202 3407 Phari-

2244 2062 2291 2127 B

2325 775 2617 831 conciliati
2648 792 2854 832 sumus
2908 775 3023 830 Deo
3055 775 3228 845 (Rom.
3259 791 3314 842 ν,
3346 774 3425 845 8).
3459 774 3750 839 Quaeritur
3791 791 3959 847 quare

2324 866 2632 921 adversum
2666 865 2776 921 hoc
2805 868 3177 936 praeceptum,
3210 864 3505 919 doctorem
3542 863 3803 935 gentium
3823 866 3959 937 Apo-

2325 954 2518 1010 stulus
2549 969 2610 1010 se
2640 970 2769 1009 esse
2819 952 3029 1007 dixerit
3059 954 3108 1024 (I
3139 954 3273 1008 Tim.
3310 969 3371 1019 ιι,
3410 953 3465 1021 7)
3497 970 3510 1019 ;
3551 956 3654 1008 aut
3685 955 3963 1024 quomodo

2324 1041 2555 1114 vulgato
2604 1056 2893 1105 sermone,
2924 1039 3177 1095 maxime
3211 1040 3293 1121 in.
3324 1038 3634 1095 Palaestina
3661 1044 3718 1095 et
3746 1040 3960 1114 .Egypti

2324 1130 2695 1186 monasteriis
2746 1146 2807 1185 se
2858 1130 3105 1185 invicem
3156 1130 3355 1184 Patres
3402 1129 3656 1184 vocent?
3700 1130 3855 1196 Quod
3884 1129 3963 1187 sic

2324 1218 2596 1274 solvitur:
2618 1218 2787 1274 Aliud
2820 1235 2947 1274 esse
2977 1223 3187 1274 natura
3204 1223 3428 1290 patrem
3475 1217 3562 1273 vel
3596 1218 3956 1290 magistrum,

2322 1306 2479 1362 aliud
2512 1305 2898 1379 indulgentia.
2932 1307 3049 1362 Nos
3080 1307 3129 1362 si
3162 1306 3462 1362 hominem
3491 1310 3715 1378 patrem
3744 1306 3963 1363 invoca-

2324 1412 2480 1461 mus,
2514 1397 2791 1451 honorem
2826 1395 2980 1450 atati
3013 1395 3351 1461 deferimus,
3378 1411 3492 1450 non
3516 1399 3813 1451 auctorem
3844 1412 3965 1452 nos-

2324 1490 2424 1539 tra:
2455 1484 2823 1540 ostendimus
2870 1484 3019 1539 vita}.
3054 1484 3328 1555 Magister
3375 1499 3610 1556 quoque
3653 1484 3868 1540 dicitur
3894 1501 3959 1541 ex

2325 1574 2616 1628 consortio
2663 1573 2777 1627 veri
2829 1572 3114 1645 magistri.
3151 1574 3220 1627 Et
3268 1589 3340 1627 ne
3388 1573 3619 1627 inﬁnita
3670 1573 3959 1645 replicem,

2326 1662 2617 1733 quomodo
2647 1678 2802 1717 unus
2832 1678 2935 1733 per
2981 1666 3254 1717 naturam
3286 1662 3439 1717 Deus
3485 1666 3544 1718 et
3571 1679 3727 1718 unus
3766 1661 3958 1733 Filius,

2325 1767 2441 1805 non
2473 1750 2814 1821 praajudicat
2846 1748 3067 1805 cazteris
3098 1766 3170 1804 ne
3201 1765 3305 1822 per
3332 1750 3704 1823 ad0ptionem
3746 1750 3823 1805 dii
3857 1752 3960 1819 [Αι.

2325 1839 2437 1908 dei]
2469 1843 2765 1905 vocentur,
2796 1843 2851 1894 et
2881 1839 2982 1893 ﬁlii
3018 1858 3030 1895 :
3065 1838 3149 1895 ita
3177 1845 3233 1894 et
3278 1856 3432 1894 unus
3462 1844 3519 1894 et
3561 1844 3729 1912 pater
3757 1843 3814 1896 et
3843 1856 3962 1895 ma-

2324 1928 2525 1999 gister,
2560 1944 2672 1983 non
2723 1928 3065 1999 praejudicat
3093 1928 3251 1996 aliis,
3282 1933 3345 1982 ut
3394 1928 3634 1984 abusive
3675 1924 3965 2000 appellen-

2326 2021 2423 2070 tur
2452 2021 2646 2087 patres
2679 2021 2735 2070 et
2765 2017 3053 2088 magistri.

2396 2106 2579 2176 (Vers.
2638 2107 2721 2174 13,
2784 2106 2894 2175 Ui.)
2943 2129 2971 2155 «
3016 2105 3106 2161 Vae
3155 2109 3350 2161 autem
3403 2108 3589 2177 vobis,
3641 2106 3855 2162 Scriba!
3912 2109 3966 2161 et

2322 2194 2591 2249 Pharisaei
2643 2194 2974 2266 hypocrita,
3006 2195 3146 2266 quia
3194 2194 3469 2251 clauditis
3501 2211 3748 2268 regnum
3790 2193 3963 2250 caelo-

2321 2298 2451 2337 rum
2478 2286 2611 2338 ante
2664 2282 2952 2339 homines.
2990 2283 3101 2338 Vos
3134 2284 3237 2351 [AL
3268 2283 3402 2354 ipsi]
3452 2284 3609 2340 enim
3641 2300 3760 2340 non
3793 2284 3965 2339 intra-

2318 2371 2414 2441 tis,
2449 2388 2552 2427 nec
2582 2372 2942 2428 introeuntes
2973 2372 3165 2428 sinitis
3194 2373 3432 2429 intrare.
3458 2373 3551 2428 Va":
3581 2374 3771 2444 vobis,
3800 2372 3957 2428 Scri-

2318 2460 2402 2513 baa
2434 2464 2490 2515 et
2533 2460 2804 2516 Pharisaei
2856 2460 3195 2533 hypocrita,
3227 2462 3366 2533 quia
3414 2462 3723 2517 comeditis
3753 2462 3963 2517 domus

2314 2549 2644 2620 viduarum,
2687 2549 2980 2605 orationes
3029 2549 3233 2623 longas
3277 2556 3529 2621 orantes,
3565 2556 3805 2624 propter
3860 2550 3963 2605 hoc

2315 2636 2570 2709 amplius
2601 2638 2897 2709 accipietis
2929 2638 3245 2709 judicium.
3281 2662 3309 2688 »
3341 2638 3631 2695 Habentes
3661 2639 3880 2694 Scriba:
3911 2642 3968 2695 et

2315 2725 2587 2781 Pharisaei
2636 2726 2783 2798 legis
2836 2727 3372 2800 prophetarumque
3424 2728 3719 2794 notitiam,
3771 2730 3968 2784 sciunt

2314 2814 2608 2870 Christum
2659 2830 2789 2871 esse
2839 2815 3046 2871 Filium
3082 2817 3179 2873 Dei
3214 2833 3227 2873 :
3261 2834 3377 2873 non
3428 2818 3705 2890 ignorant
3755 2822 3968 2873 natum

2313 2919 2440 2959 esse
2471 2905 2541 2959 de
2559 2904 2795 2977 Virgine
2824 2923 2836 2973 ;
2872 2905 2973 2959 sed
3005 2906 3146 2961 dum
3173 2908 3428 2978 praedam
3450 2907 3521 2962 de
3550 2906 3826 2977 subjecta
3854 2906 3968 2961 sibi

2313 2991 2479 3064 plebe
2508 2997 2810 3064 appetunt,
2845 3010 2951 3049 nec
2979 2994 3090 3066 ipsi
3123 2994 3421 3050 introeunt
3449 3010 3628 3067 regna
3648 2994 3963 3059 caelorum,

2314 3097 2418 3136 nec
2447 3098 2545 3137 eos
2577 3083 2675 3153 qui
2724 3086 3011 3155 poterant,
3043 3083 3259 3139 intrare
3303 3083 3672 3156 permittunt.
3707 3082 3832 3140 Hoc
3880 3088 3972 3139 est

2312 3171 2467 3241 quod
2499 3170 2559 3225 in
2603 3171 2747 3227 Osee
2794 3171 3077 3244 propheta
3122 3172 3316 3245 arguit
3366 3191 3379 3229 :
3430 3173 3856 3229 Absconderunt
3884 3189 3971 3227 sa-

2310 3259 2542 3315 cerdotes
2570 3262 2737 3329 viam,
2771 3263 3168 3332 interfecerunt
3200 3263 3461 3317 Sicimam
3492 3262 3645 3334 (Osee
3674 3279 3759 3331 v1,
3790 3263 3872 3333 9).
3904 3261 3975 3315 Et

2312 3365 2548 3404 rursum
2583 3367 2595 3406 :
2630 3349 2939 3406 Sacerdotes
2983 3367 3091 3406 non
3123 3350 3404 3419 dixerunt,
3438 3351 3534 3407 ubi
3581 3358 3662 3407 est
3691 3352 3972 3407 Dominus

560 3451 850 3505 eteorum;
883 3435 1188 3508 magisque
1234 3441 1440 3491 sanata
1487 3438 1558 3492 ad
1592 3442 1810 3493 tactum
1842 3440 1989 3509 ejus.
2022 3442 2202 3497 Cum-
2234 3429 2276 3498 C
2314 3446 2463 3517 (Osee
2490 3463 2565 3516 1v,
2604 3448 2652 3518 4)
2675 3447 2702 3502 ?
2732 3447 2831 3502 Vel
2863 3452 3017 3503 certe
3046 3449 3240 3505 omnis
3270 3449 3550 3521 magister
3579 3449 3680 3521 qui
3716 3449 3975 3506 scanda-

558 3541 671 3599 que
700 3530 993 3598 superﬂue
1043 3523 1289 3580 dilatant
1323 3524 1703 3597 phylacteria,
1737 3531 1793 3583 et
1836 3545 2081 3602 magnas
2112 3530 2195 3586 ta-

557 3613 714 3670 ciant
754 3614 1040 3682 ﬁmbrias,
1073 3612 1318 3685 gloriam
1368 3619 1670 3686 captantes
1720 3615 1792 3671 ab
1834 3616 2199 3686 hominibus,

558 3707 892 3775 arguuntur
918 3701 977 3756 in
1033 3702 1296 3773 reliquis,
1329 3719 1432 3756 cur
1462 3708 1738 3773 quaerant‘
1777 3704 1997 3776 primos
2029 3724 2198 3763 accu-

558 3790 718 3847 bitus
750 3790 809 3845 in
839 3791 1040 3857 caenis,
1072 3795 1130 3845 et
1161 3791 1381 3861 primas
1425 3792 1729 3848 cathedras
1761 3793 1821 3848 in
1853 3797 2197 3868 synagogis;

560 3884 619 3937 et
647 3880 707 3934 in
737 3877 969 3950 publico
997 3878 1195 3950 gulam
1243 3883 1536 3936 sectentur
1565 3886 1620 3935 et
1667 3882 1909 3953 gloriam
1947 3901 1959 3937 :
1995 3895 2049 3939 et
2100 3902 2199 3941 vo-

560 3972 768 4025 centur
792 3968 864 4024 ab
911 3967 1253 4024 hominibus
1282 3968 1468 4036 Rabbi,
1502 3972 1656 4042 quod
1699 3972 1901 4028 Latino
1932 3990 2200 4031 sermone

556 4058 825 4129 magister
851 4055 1083 4112 dicitur.
1116 4056 1376 4128 Denique
1406 4060 1674 4129 sequitur
1707 4078 1720 4116 :

629 4146 816 4217 (Vers.
849 4147 884 4199 8
915 4149 1062 4218 seq.)
1097 4168 1125 4196 ‹‹
1158 4146 1271 4203 Vos
1300 4151 1495 4203 autem
1530 4149 1707 4205 nolite
1736 4152 1926 4207 vocari
1960 4153 2145 4210 Rabbi
2179 4172 2192 4211 :

557 4235 718 4293 Unus
746 4238 835 4293 est
863 4235 1019 4291 enim
1050 4237 1331 4308 magister
1374 4242 1562 4293 vester
1588 4255 1600 4293 :
1635 4255 1840 4295 omnes
1870 4245 2065 4296 autem
2094 4246 2197 4299 'vos

552 4325 761 4383 fratres
780 4324 923 4381 estis
947 4326 987 4379 ⁵.
1020 4326 1090 4380 Et
1120 4330 1344 4397 patrem
1367 4326 1568 4395 nolite,
1590 4343 1795 4382 vocare
1823 4329 1991 4383 vobis
2020 4347 2194 4403 super

549 4418 769 4470 terram
804 4432 817 4470 :
852 4413 1016 4469 Unus
1045 4418 1134 4469 est
1169 4415 1326 4469 enim
1360 4418 1531 4469 Pater
1572 4421 1781 4483 vester,
1815 4416 1913 4488 qui
1944 4417 2001 4472 in
2035 4420 2192 4473 caelis

549 4505 658 4560 est.
687 4502 803 4557 Nec
845 4502 1130 4556 vocemini
1163 4503 1428 4574 magistri
1464 4520 1475 4558 :
1511 4505 1651 4574 quia
1699 4505 1976 4577 magister
2005 4513 2196 4565 vester

549 4606 706 4646 unus
756 4593 865 4659 est,
914 4589 1205 4646 Christus.
1240 4591 1346 4654 Qui
1399 4591 1587 4661 major
1634 4597 1723 4647 est
1771 4599 2047 4667 vestrum,
2081 4598 2193 4653 erit

547 4678 819 4733 minister
845 4681 1053 4732 vester.
1088 4678 1196 4743 Qui
1240 4682 1435 4733 autem
1488 4695 1550 4735 se
1603 4679 1959 4752 exaltaverit,
1992 4684 2189 4740 humi-

2311 3534 2448 3591 lizat
2478 3534 2649 3591 malis
2688 3536 2962 3607 operibus
3005 3537 3326 3610 discipulos
3356 3554 3517 3610 suos,
3549 3537 3782 3595 claudit
3837 3541 3976 3593 ante

2310 3640 2409 3679 eos
2441 3640 2685 3697 regnum
2718 3626 3018 3684 caelorum.

2380 3713 2567 3784 (Vers.
2602 3715 2713 3787 15.)
2760 3738 2780 3763 ι
2815 3715 2909 3770 Via
2952 3715 3137 3784 vobis,
3172 3717 3384 3773 Scribis
3430 3722 3486 3773 et
3533 3717 3828 3774 Pharisaei
3871 3717 3977 3791 hy-

2311 3802 2564 3873 pocrita},
2598 3803 2737 3874 quia
2765 3803 3024 3859 circuitis
3056 3821 3214 3861 mare
3244 3810 3301 3861 et
3350 3807 3601 3874 aridam,
3632 3812 3705 3864 ut
3739 3807 3979 3865 faciatis

2313 3906 2487 3944 usum
2518 3891 2877 3963 proselytum
2902 3910 2915 3948 :
2937 3897 2994 3948 et
3022 3910 3156 3949 cum
3188 3894 3362 3950 fuerit
3380 3895 3816 3964 factus,facitis
3838 3912 3978 3954 eum

2311 3978 2497 4034 ﬁlium
2528 3980 2804 4051 gehennae
2834 3982 3012 4054 duplo
3043 3998 3222 4053 quam
3261 4000 3383 4040 vos.
3414 4007 3443 4035 »
3479 3984 3602 4040 Non
3661 4002 3736 4041 eo
3771 3987 3979 4043 studio

2308 4083 2611 4125 servamus
2631 4071 2894 4141 quaesita,
2923 4088 3038 4143 quo
3063 4074 3400 4144 quaerimus.
3432 4073 3645 4129 Scriba:
3672 4080 3740 4131 et
3773 4075 3981 4132 Phari-

2308 4158 2406 4212 saai
2438 4161 2625 4213 totum
2647 4158 2966 4216 lustrantes
2997 4161 3219 4233 orbem,
3242 4167 3482 4235 propter
3501 4164 3978 4237 negotiationes,

2306 4244 2395 4301 vel
2427 4246 2651 4303 diversa
2682 4247 2843 4304 lucra
2873 4254 2992 4304 tam
3026 4267 3058 4305 a
3084 4250 3392 4324 discipulis
3422 4254 3750 4324 captanda,
3787 4270 3978 4326 quam

2308 4351 2409 4406 per
2454 4336 2770 4409 imaginem
2821 4340 3150 4396 sanctitatis
3191 4342 3233 4409 ⁸,
3283 4341 3548 4397 studium
3606 4344 3722 4409 [Αι.
3762 4343 3982 4415 studii]

2305 4424 2600 4481 habebant
2646 4427 2717 4483 de
2764 4428 3038 4499 gentibus
3081 4429 3269 4486 facere
3318 4430 3711 4503 proselytum,
3749 4433 3814 4489 id
3865 4436 3977 4499 est,

2305 4513 2609 4579 advenam,
2660 4522 2717 4572 et
2775 4516 3189 4573 incircucisum
3246 4519 3491 4576 miscere
3549 4520 3788 4597 populo
3854 4520 3979 4578 Dei.

2302 4603 2409 4657 Sed
2444 4602 2542 4674 qui
2586 4608 2740 4672 ante,
2773 4605 2915 4661 dum
2945 4611 3100 4663 esset
3146 4607 3437 4677 ethnicus,
3474 4608 3853 4681 simpliciter
3883 4628 3984 4666 er-

2302 4692 2485 4757 rabat,
2519 4697 2574 4747 et
2603 4698 2725 4748 erat
2776 4694 2955 4750 semel
3001 4695 3159 4751 ﬁlius
3204 4696 3502 4769 gehennae,
3534 4698 3761 4757 videns
3818 4699 3984 4757 180

546 4766 806 4864 liabitur,
840 4770 896 4820 et
925 4764 1022 4837 qui
1059 4782 1121 4864 se
1150 4765 1567 4864 humiliaverit,
1606 4770 2040 4864 exaltabitur._»
2073 4775 2191 4832 Nec
2219 4800 2268 4864 Β
2302 4780 2718 4853 magistrorum
2766 4783 2926 4853 vitia,
2979 4789 3036 4841 et
3092 4764 3429 4859 intelligens
3487 4764 3819 4846 destruere
3880 4805 3987 4846 eos

546 4856 844 4928 ωαείδῑενν
872 4870 977 4910 nec
1010 4859 1176 4925 Pilter
1217 4858 1512 4912 vocandus
1552 4864 1640 4914 est
1686 4860 1857 4927 alius:
1893 4862 2003 4918 nisi
2035 4863 2191 4920 Deus
2219 4856 2261 4864 ”
2299 4886 2491 4941 opere,
2523 4872 2677 4942 quod
2708 4873 2900 4929 verbis
2952 4874 3257 4942 docebant,
3290 4856 3598 4931 revertitur
3649 4878 3736 4934 ad
3792 4877 3989 4935 vomi-

545 4947 717 5000 Pater
765 4947 823 4999 et
868 4944 1150 4999 Dominus
1200 4950 1397 5001 noster
1440 4950 1612 5003 Jcsus
1663 4949 1948 5006 Christus.
1999 4952 2186 5023 Pater,

542 5034 682 5107 quia
709 5049 778 5089 ex
817 5032 947 5104 ipso
995 5038 1134 5087 sunt
1177 5034 1374 5088 omnia
1403 5037 1450 5105 (I
1479 5036 1596 5091 Cor.
1630 5055 1753 5108 VIII,
1784 5041 1861 5109 6).
1893 5040 2184 5113 Magister,

541 5123 681 5195 quia
711 5137 815 5196 per
842 5121 1041 5194 ipsum
1073 5120 1271 5176 omnia
1300 5122 1528 5193 (Coloss.
1566 5143 1603 5191 ι,
1631 5128 1756 5193 16):
1791 5126 1878 5183 vel
1909 5129 2187 5198 quoniam

612 5234 628 5267 ι
664 5230 725 5286 Id
755 5232 862 5302 est,
892 5243 1096 5298 parvas
1124 5227 1430 5302 schedulas,
1459 5233 1614 5302 quod
1648 5238 1706 5288 et
1734 5233 1985 5289 Victorio
2017 5241 2183 5293 nota-

536 5306 687 5375 tum,
730 5301 1007 5375 a_Graeco
1038 5300 1350 5375 πρκῖᾴςιον,
1401 5300 1555 5375 quod
1606 5308 1695 5359 est
1737 5305 1978 5375 Iibellus,
2011 5323 2184 5375 parva

536 5370 755 5439 tabella,
789 5372 1001 5447 hisque
1043 5370 1280 5447 similia.
1315 5370 1495 5447 Paulo
1521 5380 1674 5447 post
1707 5370 1808 5447 pro
1837 5370 1975 5433 voce
2002 5370 2182 5436 moni-

534 5448 800 5515 mentum,
835 5445 1053 5500 rectius
1084 5444 1329 5498 fortasse
1358 5444 1566 5516 legeris
1595 5444 2017 5504 munimentum.

607 5516 621 5550 ¹
654 5516 821 5586 Bab.,
853 5518 913 5571 in
938 5516 1223 5586 parabolis
1253 5516 1558 5585 Evangelii.

532 5585 778 5713 Ri‘bDuo
834 5602 864 5642 e
922 5585 1139 5644 nostris
1187 5602 1356 5656 mss.,
1407 5603 1477 5643 ea:
1532 5589 1685 5659 Legis
1739 5601 2033 5662 praecepto.
2085 5594 2181 5650 Sic

586 5673 619 5713 a
667 5697 679 5711 .

586 5673 679 5713 αι).

602 5726 873 5808 ‘Vitiose
923 5727 1140 5799 legerat
1200 5729 1590 5808 Martianzeus,
1640 5733 1904 5789 sensibus.
1975 5736 2182 5808 Liquet

529 5798 950 5876 vero,se_ntibus
981 5798 1374 5876 reponendum
1409 5820 1652 5876 exgmss.
1672 5810 1730 5860 et
1759 5798 2178 5876 contextufubi

531 5870 883 5934 acutissimas
917 5870 1106 5945 spinas
1150 5872 1406 5949 ﬁmbriis.
1437 5874 1866 5935 Pharisaeorum
1907 5870 2178 5955 alligatas

2298 4962 2424 5013 tum
2456 4975 2632 5015 suum
2669 4977 2681 5015 :
2716 4964 2773 5016 et
2799 4961 3035 5034 gentilis
3063 4963 3274 5029 factus,
3305 4964 3472 5035 quasi
3518 4968 3985 5035 praevaricator,

2297 5063 2468 5118 poma
2519 5050 2723 5119 majori
2768 5051 2984 5123 dignus
3041 5053 3170 5107 erit.
3213 5052 3397 5119 Filius
3455 5058 3656 5110 autem
3724 5061 3990 5115 vocatur

2296 5133 2594 5206 gehennae,
2623 5138 2913 5208 quomodo
2943 5137 3100 5195 ﬁlius
3127 5138 3490 5211 perditionis,
3512 5144 3568 5195 et
3584 5140 3768 5199 ﬁlius
3793 5142 3992 5217 hujus

2295 5240 2477 5297 fuisse
2505 5243 2687 5299 tradit
2716 5245 2773 5299 S.
2810 5248 2997 5301 Pater.

2363 5312 2825 5394 _5_Nostri4mss._
2865 5318 3060 5394 verba,
3118 5335 3307 5375 omnes
3354 5321 3539 5394 autem
3596 5336 3704 5394 vos
3769 5329 3994 5394 fratre:

2291 5387 2444 5464 estis,
2480 5387 2771 5464 ignorant.
2805 5387 2869 5443 In
2918 5390 3113 5464 Graeco
3160 5407 3393 5463 quoque
3444 5391 3578 5464 ipso
3615 5387 3894 5464 desunt,
3928 5397 3992 5451 in

2291 5408 2444 5449 esus,
2480 5408 2869 5458 1gnorant.1n
2918 5408 3113 5445 urasco
3160 5408 3393 5463 quoque
3444 5408 3460 5444 1
3509 5408 3573 5447 so
3615 5408 3894 5464 desunt,
3928 5413 3992 5451 in

2291 5458 2461 5527 cujus
2513 5475 2628 5534 uno
2682 5459 2933 5516 alterove
2980 5461 3221 5532 antiquo
3266 5408 3585 5534 exempfari
3641 5467 3731 5521 ad
3792 5468 3993 5524 finem

2290 5528 2590 5654 fequentis
2618 5545 2823 5587 versus
2853 5536 2985 5604 post
3011 5528 3204 5601 verba,
3236 5536 3297 5588 in
3336 5528 3486 5589 caelis
3515 5542 3613 5603 est,
3654 5538 3995 5609 adjiciun-

2315 5615 2405 5654 ur.

2315 5615 2405 5654 ur.

2362 5671 2383 5756 ξ
2416 5669 2702 5756 yictorius
2734 5673 2814 5728 ait
2840 5691 2853 5729 :
2887 5676 3031 5756 Tres
3063 5675 3382 5756 Florentini
3411 5676 3579 5756 codd.
3606 5676 3711 5756 ita
3743 5680 3999 5756 legunt,

2290 5742 2376 5796 vel
2402 5741 2624 5798 diversa
2655 5745 2807 5824 {acra
2834 5762 2868 5802 a
2896 5747 3185 5824 glisczpuiis
3200 5747 3468 5824 captanda
3499 5752 3679 5822 quasi
3694 5741 4001 5824 ρενυίγηαῖ

2288 5828 2485 5902 ginem.
2505 5818 2849 5902 sanctitatis.
2901 5819 3018 5876 Nos
3064 5819 3211 5876 nihil
3245 5818 3612 5878 mutavimus
3654 5818 4003 5902 z'utraque

2287 5882 2443 5942 enim
2470 5882 2641 5944 lectio
2671 5887 2844 5951 bona.
