4304 6618
359 483 474 548 17⁸7

829 483 1350 550 COMMENTAH.
1395 488 1474 549 IN
1521 488 2040 554 EVANGELIUM
2085 488 2465 552 MATTH/EI
2511 493 2656 553 LIB.
2705 492 2810 555 IV.
2859 493 3030 554 CAP.
3079 490 3299 556 XXIII.

3656 489 3773 552 178

356 619 575 677 seaculi.
609 619 1026 692 Unusquisque
1074 621 1230 677 enim
1279 624 1450 692 cujus
1494 640 1668 695 opera
1698 623 1840 694 agit,
1871 625 2000 694 ejus
2030 624 2085 691 Α
2113 625 2256 680 bant
2286 626 2488 694 studii,
2509 629 2574 680 ut
2596 643 2722 698 quae
2745 627 2918 696 jussa
2944 626 3194 691 fuerant,
3228 629 3767 698 comportarentur:

357 709 521 766 filius
550 707 898 782 appellatur.

430 800 618 871 (Vers.
650 799 764 870 16.)
798 821 827 849 ‹‹
853 798 948 853 Vas
990 799 1175 870 vobis,
1209 801 1387 856 duces
1418 801 1570 866 casei,
1605 801 1742 873 quia
1773 801 2007 868 dicitis;

360 889 702 962 quicunque
725 888 1011 959 juraverit
1041 905 1142 961 per
1170 889 1480 962 templum,
1515 891 1656 946 nihil
1705 895 1793 946 est
1847 908 1860 947 :
1911 891 2010 962 qui

359 983 557 1034 autem
627 978 914 1048 juraverit
977 978 1037 1033 in
1104 996 1244 1034 auro
1309 979 1534 1052 templi,
1599 980 1829 1036 debitor
1900 984 2008 1035 est.

360 1066 535 1125 Stulti
576 1071 634 1122 et
676 1066 829 1136 caaei,
889 1067 1032 1140 quid
1088 1068 1244 1124 enim
1305 1071 1498 1141 majus
1529 1075 1637 1138 est,
1672 1087 1904 1139 aurum,
1938 1088 2009 1127 an

357 1155 646 1228 templum
695 1158 849 1228 quod
901 1159 1228 1214 sanctiﬁcat
1276 1159 1528 1213 aurum?
1566 1159 1634 1214 Et
1675 1160 2011 1232 quicunque

349 1245 637 1320 juraverit
666 1246 726 1301 in
759 1245 950 1312 altari,
986 1247 1130 1302 nihil
1161 1252 1249 1304 est
1283 1265 1295 1302 :
1330 1249 1663 1320 quicunque
1693 1254 1887 1304 autem
1911 1250 2009 1320 ju-

357 1336 570 1392 raverit
597 1335 657 1391 in
690 1337 864 1403 dono,
900 1337 1055 1407 quod
1090 1341 1178 1392 est
1221 1353 1397 1410 super
1426 1336 1591 1402 illud,
1623 1339 1810 1394 debet.
1846 1338 2006 1406 Caeci,

357 1426 498 1498 quid
530 1425 688 1482 enim
717 1427 910 1497 majus
941 1430 1048 1492 est,
1077 1427 1321 1494 donum,
1355 1443 1426 1481 an
1455 1425 1635 1482 altare
1666 1429 1819 1499 quod
1848 1446 2011 1484 sanc-

356 1515 541 1570 tiﬁcat
570 1516 836 1570 donum?
869 1516 977 1581 Qui
1009 1531 1146 1588 ergo
1171 1504 1412 1586 juratin
1437 1516 1625 1583 altari,
1651 1518 1816 1587 jurat
1836 1517 1894 1571 in
1921 1534 2007 1585 eo,

359 1610 418 1661 et
447 1605 506 1660 in
534 1604 811 1660 omnibus
841 1621 969 1676 quaa
1003 1621 1177 1676 super
1206 1604 1352 1660 illud
1385 1609 1541 1660 sunt.
1578 1608 1646 1660 Et
1676 1607 2012 1676 quicunque

351 1694 640 1765 juraverit
670 1695 730 1749 in
763 1693 1000 1766 templo,
1023 1696 1190 1765 jurat
1216 1693 1274 1749 in
1298 1693 1420 1759 illo,
1443 1701 1500 1750 et
1531 1694 1588 1749 in
1621 1712 1686 1750 eo
1719 1697 1818 1766 qui
1846 1693 2009 1749 habi-

359 1789 447 1840 tat
471 1783 528 1838 in
561 1783 709 1855 ipso.
745 1783 814 1838 Et
840 1781 940 1854 qui
964 1785 1130 1855 jurat
1180 1783 1239 1838 in
1294 1785 1458 1850 coelo,
1483 1785 1647 1854 jurat
1692 1784 1750 1838 in
1799 1783 2009 1839 throno

177 1893 324 1966 \
362 1872 481 1942 Dei,
515 1876 572 1927 et
601 1872 660 1927 in
692 1889 759 1928 eo
781 1871 882 1943 qui
913 1873 1076 1928 sedet
1104 1889 1280 1944 super
1307 1889 1464 1928 eum.
1501 1895 1527 1922 ››
1561 1874 1770 1945 Supra,
1803 1878 1866 1928 ut
1906 1889 2010 1928 no-

2119 722 2358 770 caalerea
2387 731 2513 786 quae
2545 718 2711 770 erant
2741 716 2985 785 majora,
3020 721 3217 770 utrum
3251 715 3386 786 quis
3425 717 3660 782 faceret,
3696 733 3771 773 an

2121 820 2256 870 non,
2287 803 2803 876 parvipendebant.
2838 805 2906 859 Et
2939 821 3004 859 ex
3035 803 3143 859 hoc
3175 804 3371 875 itaque
3391 804 3645 876 capitulo
3677 823 3769 861 ar-

2121 894 2249 965 guit
2279 910 2376 948 eos
2409 893 2684 964 avaritiae,
2719 894 2873 963 quod
2906 893 3167 949 studiose
3188 894 3362 948 etiam
3396 892 3602 948 vilium
3624 893 3771 950 oleo-

2122 1000 2254 1038 rum
2281 983 2540 1038 decimas
2572 983 2828 1054 exigant,
2859 988 2915 1038 et
2938 983 3228 1053 judicium
3258 983 3317 1037 in
3351 982 3771 1054 disceptatione

2123 1073 2511 1146 negotiorum,
2546 1073 3126 1143 misericordiamque
3157 1072 3216 1126 in
3251 1088 3558 1144 pauperes,
3582 1072 3772 1146 pupil-

2119 1162 2207 1218 los
2238 1167 2295 1217 et
2323 1163 2551 1228 viduas,
2581 1166 2637 1217 et
2667 1163 2841 1218 ﬁdem
2872 1162 2931 1216 in
2965 1167 3168 1229 Deum,
3203 1178 3330 1232 quae
3365 1178 3578 1234 magna
3607 1164 3766 1230 sunt,

2121 1253 2588 1324 praetermittam.

2191 1340 2374 1412 (Vers.
2427 1342 2541 1408 24).
2597 1364 2623 1389 ‹‹
2675 1340 2861 1396 Duces
2919 1341 3072 1408 caeci,
3122 1339 3452 1396 excolantes
3499 1341 3767 1411 culicem,

2121 1429 2410 1485 camelum
2485 1434 2680 1484 autem
2748 1429 3085 1502 glutientes.
3166 1453 3193 1476 ››
3262 1429 3560 1486 Camelum
3629 1435 3769 1502 puto

2122 1535 2269 1585 esse,
2299 1520 2624 1573 secundum
2655 1536 2895 1574 sensum
2928 1518 3233 1590 praesentis
3270 1518 3400 1586 loci,
3441 1523 3500 1575 et
3543 1519 3771 1592 magni-

2119 1607 2388 1663 tudinem
2449 1612 2894 1678 przcceptorum,
2945 1608 3262 1678 judicium,
3330 1614 3387 1663 et
3443 1609 3772 1665 misericor-

2122 1697 2302 1762 diam,
2336 1701 2395 1752 et
2425 1697 2620 1752 ﬁdem.
2664 1695 2919 1751 Culicem
2950 1701 3143 1752 autem
3195 1697 3452 1753 decimas
3498 1698 3770 1768 menthaa,

2123 1785 2342 1852 anethi,
2375 1785 2614 1855 eymini,
2647 1790 2703 1839 et
2734 1785 3096 1856 reliquorum
3127 1784 3329 1840 vilium
3361 1785 3607 1842 olerum.
3642 1787 3774 1842 Haec

2121 1879 2326 1930 contra
2349 1878 2701 1946 praeceptum
2741 1874 2864 1941 Dei,
2899 1891 3026 1946 quae
3078 1891 3294 1946 magna
3341 1878 3500 1944 sunt,
3533 1875 3772 1933 devora-

358 1960 453 2016 bis
475 1961 666 2016 visum
701 1960 1195 2032 est,exposuimus
1216 1960 1357 2032 quid
1389 1961 1744 2034 signiﬁcaret
1776 1962 2010 2018 traditio
2043 1999 2091 2062 B
2123 1981 2256 2019 mus
2284 1968 2460 2034 atque
2493 1963 2864 2034 negligimus,
2908 1967 2966 2017 et
3013 1962 3344 2034 opinionem
3377 1963 3678 2037 religionis
3710 1965 3770 2020 in

358 2049 809 2116 Pharisaeorum,
861 2049 1178 2105 dicentium
1233 2068 1244 2105 :
1298 2052 1509 2105 Donum
1546 2051 1905 2123 quodcunque
1933 2054 2011 2106 est

357 2156 430 2195 ea:
460 2155 562 2209 me,
593 2140 702 2195 tibi
727 2139 970 2209 proderit
996 2140 1209 2210 (Matth.
1245 2154 1338 2207 xv,
1369 2141 1425 2210 5)
1455 2157 1468 2207 ;
1501 2156 1656 2194 nunc
1686 2139 1921 2212 duplex,
1956 2144 2012 2194 et

359 2229 433 2285 ad
463 2245 642 2284 unam
689 2228 942 2284 avaritiae
986 2228 1351 2285 occasionem
1395 2229 1656 2300 trahens,
1693 2229 2010 2285 Pharisaeo-

359 2335 488 2373 rum
507 2317 742 2380 traditio
775 2318 1219 2384 condemnatur,
1239 2321 1304 2372 ut
1325 2323 1650 2390 arguantur
1675 2323 1886 2374 cuneta
1907 2335 2011 2390 pro

359 2407 522 2463 lucro
553 2408 760 2472 facere,
789 2411 846 2462 et
871 2423 986 2462 non
1021 2423 1122 2479 pro
1155 2407 1364 2462 timore
1395 2407 1514 2462 Dei.
1554 2407 1717 2463 Sicut
1763 2408 1918 2462 enim
1952 2407 2011 2462 in

359 2495 733 2570 pbylacteriis
776 2499 833 2551 et
871 2488 1122 2552 fimbriis
1175 2494 1434 2552 dilatatis
1492 2496 1686 2568 opinio
1744 2497 2017 2552 sanctita-

358 2586 437 2643 tis
487 2587 758 2658 captabat
804 2586 1077 2658 gloriam,
1128 2589 1186 2640 et
1236 2603 1339 2658 per
1395 2585 1760 2642 occasionem
1817 2585 2013 2658 glorias

360 2675 658 2748 quaerebat
680 2674 873 2730 lucra:
891 2675 974 2731 sic
997 2675 1112 2730 alia
1132 2674 1464 2731 traditionis
1489 2675 1728 2730 inventa
1750 2674 2012 2745 stropha,

359 2764 681 2837 impietatis
714 2763 909 2835 arguit
930 2767 1330 2835 praeceptores.
1355 2763 1413 2819 Si
1437 2763 1570 2835 quis
1601 2763 1660 2817 in
1691 2763 2014 2819 contentio-

361 2871 452 2922 ne,
489 2870 589 2909 seu
620 2854 680 2908 in
711 2852 907 2925 aliquo
932 2853 1152 2925 jurgio,
1175 2852 1264 2908 vel
1295 2853 1354 2907 in
1387 2869 1577 2908 causae
1606 2852 1905 2925 ambiguo,
1925 2853 2016 2922 ju-

360 2948 553 2999 rasset
581 2943 640 2997 in
672 2942 914 3014 templo,
945 2946 1002 2998 et
1045 2946 1249 3014 postea
1296 2941 1595 2997 convictus
1648 2947 1802 2997 esset
1850 2959 2013 2997 men-

363 3033 539 3099 dacii,
591 3049 705 3088 non
759 3032 1070 3088 tenebatur
1097 3031 1362 3087 criminis
1392 3048 1526 3087 reus
1562 3031 1672 3098 [Αι.
1705 3032 1878 3102 ejus].
1913 3030 2015 3086 Sin

361 3127 553 3178 autem
581 3122 852 3192 jurasset
879 3120 939 3176 in
972 3137 1114 3176 auro
1146 3125 1203 3176 et
1232 3119 1501 3191 pecunia,
1536 3137 1663 3192 quas
1696 3119 1756 3174 in
1798 3118 2017 3190 templo

359 3211 768 3267 sacerdotibus
798 3211 1169 3278 offerebatur,
1205 3209 1403 3265 statim
1435 3208 1493 3263 id
1535 3209 1593 3263 in
1635 3225 1749 3280 quo
1785 3210 2017 3280 jurave-

358 3305 468 3371 rat,
503 3301 820 3373 cogebatur
847 3299 1160 3355 exsolvere.
1195 3300 1451 3354 Rursum
1487 3315 1499 3353 :
1533 3298 1593 3354 Si
1647 3299 1779 3370 quis
1824 3300 2025 3370 juras_

358 3394 448 3446 set
477 3389 536 3444 in
567 3371 756 3456 altari,
788 3388 1027 3461 periurii
1059 3405 1224 3444 reum
1255 3404 1426 3444 nemo
1456 3387 1692 3443 tenebat
1724 3388 1829 3456 [Αι.
1865 3387 2004 3443 reti—
2036 3371 2098 3438 .C

361 3479 551 3546 nebat]
591 3496 604 3534 ε
637 3478 729 3534 sin
761 3483 957 3534 autem
989 3477 1348 3550 perjurasset
1373 3476 1430 3531 in
1463 3477 1638 3542 dono,
1668 3476 1759 3530 vel
1775 3475 1835 3531 in
1855 3475 2012 3531 ’obla-

361 3568 644 3636 tionibus,
693 3566 802 3623 hoc
851 3570 940 3622 est
986 3567 1046 3621 in
1099 3565 1328 3632 hostiis,
1362 3565 1420 3620 in
1449 3563 1723 3630 victimis,
1756 3569 1812 3620 et
1842 3564 1901 3619 in
1933 3564 2012 3619 si-

363 3656 503 3713 mila
526 3661 584 3713 et
612 3657 834 3713 caeteris
880 3672 1008 3728 quae
1053 3655 1381 3712 offeruntur
1426 3653 1543 3709 Deo
1588 3670 1765 3725 super
1809 3653 2009 3708 altare.

363 3746 482 3802 haec
513 3745 916 3802 studiosisime
946 3744 1366 3816 repetebuntur
1380 3743 1878 3814 [ALrepetebant].
1905 3747 2010 3796 Ar-

360 3835 488 3908 guit
515 3852 652 3908 ergo
684 3852 783 3892 eos
813 3834 1120 3903 Dominus,
1141 3837 1197 3890 et
1218 3833 1480 3889 stultitiae
1501 3836 1558 3888 et
1583 3832 1746 3888 fraud
1759 3830 2010 3903 ulentiaa,

361 3925 518 3998 quod
540 3923 728 3981 multo
749 3926 945 3996 majus
967 3923 1046 3979 sit
1067 3922 1355 4002 templum
1379 3938 1557 3994 quam
1589 3938 1824 3991 aurum,
1857 3922 2033 3992 quod.

363 4013 767 4071 sanctificatur
796 4030 832 4068 a
860 4012 1101 4085 templo,
1133 4017 1190 4068 et
1219 4012 1402 4068 altare
1425 4027 1605 4083 quam
1638 4010 1840 4066 hostiae
1885 4026 2010 4081 quia

363 4105 512 4160 181
565 4103 1009 4160 sanctiﬁcantur
1039 4102 1110 4158 ab
1141 4100 1330 4157 altari.
1363 4102 1575 4156 Totum
1610 4103 1804 4155 autem
1838 4099 2010 4154 facie-

359 4195 522 4260 bant,
555 4209 672 4249 non
703 4193 776 4248 ob
807 4192 910 4249 Dei
939 4192 1233 4259 timorem,
1285 4191 1385 4246 sed
1436 4191 1509 4245 ob
1539 4188 1877 4245 divitiarum
1909 4205 2010 4244 cu-

359 4282 690 4355 piditatem.

434 4371 616 4442 (Vers.
649 4371 764 4442 23.)
796 4393 822 4420 ‹‹
857 4370 953 4424 Vae
990 4368 1176 4439 vobis,
1226 4368 1438 4424 Scribae
1482 4372 1539 4423 et
1585 4367 1860 4424 Pharisaei
1908 4367 2012 4440 hy-

360 4461 621 4534 pocrita,
652 4459 790 4533 quia
819 4458 1126 4515 decimatis
1169 4457 1471 4514 mentham
1521 4461 1579 4512 et
1625 4457 1907 4513 anethum
1957 4461 2014 4512 et

360 4550 685 4623 cyminum,
719 4556 773 4606 et
807 4547 1126 4620 reliquistis
1179 4563 1304 4618 quae
1350 4545 1615 4619 graviora
1647 4550 1785 4601 sunt
1817 4546 2010 4618 Legis,

354 4640 671 4712 judicium,
717 4644 774 4694 et
821 4636 1304 4706 misericordiam,
1352 4640 1408 4691 et
1459 4635 1652 4690 fidem.
1689 4636 1817 4690 llaec
1850 4652 2015 4706 opor-

356 4731 473 4786 tuit
503 4731 713 4798 facere,
754 4732 811 4784 et
858 4726 958 4783 illa
988 4743 1102 4783 non
1144 4724 1430 4781 omittere.
1483 4746 1510 4773 ››
1556 4724 1742 4780 Multa
1774 4725 1831 4779 in
1870 4730 2013 4797 Lege

358 4822 654 4893 praecepta
695 4821 852 4886 sunt,
911 4834 1036 4890 quae
1087 4821 1256 4888 typos
1306 4814 1622 4888 praeferunt
1664 4815 2015 4869 futurorum.

357 4907 494 4966 Alia
523 4925 657 4965 vero
702 4909 901 4980 aperta
949 4909 1090 4962 sunt
1122 4906 1292 4976 juxta
1341 4903 1713 4961 Psalmistam
1745 4906 1786 4970 ¹,
1818 4904 2019 4960 dicen-

358 5003 480 5054 tem
517 5017 529 5053 :
562 4996 892 5053 Mandatum
922 4995 1148 5051 Domini
1191 4993 1460 5056 tucidum,
1508 4993 1841 5048 illuminans
1889 5009 2017 5059 oon;

360 5090 442 5144 los
473 5086 652 5159 (Psal.
686 5099 844 5154 xvm,
893 5085 972 5154 9),
1013 5100 1138 5155 quae
1189 5083 1387 5137 statim
1442 5100 1616 5153 opera
1663 5081 2019 5142 desiderant,

358 5176 540 5233 Verbi
569 5175 758 5250 gratia
791 5193 804 5230 :
837 5174 963 5230 Non
991 5171 1381 5228 adulterabis:
1408 5188 1522 5226 non
1551 5171 1774 5226 furtum
1800 5171 1976 5225 facies
2007 5177 2020 5217 ε

358 5285 480 5326 nan
507 5263 910 5324 testimonium
931 5262 1146 5320 falsum
1167 5261 1326 5318 dices
1349 5261 1879 5333 (Emod.xx,13-ls‘j),
1908 5264 2016 5314 etc.

358 5356 640 5417 Pbariswi
676 5358 871 5411 autem
903 5351 1042 5425 quia
1070 5354 1421 5423 praeceperat
1450 5349 1734 5406 Dominus
1760 5350 1848 5420 (ut
1878 5348 2019 5404 inte-

359 5449 476 5505 rim
495 5444 826 5502 intellectus
843 5442 1118 5515 mysticos
1144 5439 1540 5508 dimittamus)
1565 5443 1797 5512 propter
1819 5437 2019 5493 alimo-

360 5536 529 5596 niam
563 5533 933 5591 sacerdotum
969 5535 1025 5585 et
1056 5529 1384 5586 Levitarum
1436 5545 1687 5599 quorum
1731 5543 1866 5599 pars
1897 5531 2022 5582 erat

359 5626 656 5685 Dominus
687 5624 876 5695 (Num.
926 5637 1086 5687 xxm,
1134 5620 1226 5690 20)
1271 5619 1541 5674 omnium
1587 5635 1781 5673 rerum
1827 5615 2019 5672 olferri

361 5718 425 5774 in
450 5712 670 5786 templo
691 5711 948 5768 decimas
969 5708 1160 5781 (Exod.
1184 5725 1320 5777 xxn,
1353 5708 1443 5778 29)
1469 5724 1481 5762 :
1508 5707 1617 5763 hoc
1640 5723 1824 5762 unum
1847 5706 2018 5762 habe-

443 5861 461 5897 ί
497 5854 799 5916 Interserit
826 5851 996 5920 Rab.,
1027 5855 1080 5910 et
1107 5851 1433 5909 illuminant
1461 5851 1660 5909 oculos.

2119 2053 2336 2125 parvis,
2382 2069 2509 2123 qua}
2561 2052 2792 2108 lucrum
2833 2052 3071 2119 habent,
3106 2052 3469 2124 diligentiam
3496 2054 3772 2111 demons-

2121 2147 2372 2197 tramus.

2193 2230 2378 2300 (Vers.
2411 2231 2499 2299 25,
2532 2230 2648 2299 '26.)
2682 2251 2708 2277 ‹‹
2756 2229 2850 2284 Vae
2898 2229 3082 2294 vobis,
3131 2229 3342 2285 Scriba:
3390 2235 3448 2285 et
3492 2229 3771 2286 Pharisaei

2121 2318 2454 2390 bypocritze,
2479 2318 2618 2389 quia
2649 2317 2949 2373 mundatis
2972 2318 3125 2388 quod
3150 2318 3364 2374 deforis
3385 2322 3475 2375 est
3497 2317 3696 2374 calicis
3715 2322 3776 2374 et

2124 2406 2480 2480 paropsidis,
2512 2407 2674 2462 intus
2707 2413 2900 2461 autem
2936 2406 3087 2478 pleni
3120 2407 3263 2462 estis
3309 2406 3514 2479 rapina
3555 2411 3612 2463 et
3658 2407 3775 2462 im-

2123 2495 2434 2550 munditia.
2467 2495 2756 2550 Phariszce
2788 2511 2959 2560 caece,
2991 2495 3217 2550 munda
3268 2496 3430 2568 prius
3479 2497 3633 2568 quod
3683 2496 3774 2551 in-

2121 2587 2221 2638 tus
2251 2588 2341 2639 est
2365 2583 2567 2639 calieis
2613 2588 2670 2638 et
2700 2583 3052 2655 paropsidis,
3087 2587 3150 2638 ut
3182 2585 3287 2639 ﬁat
3316 2589 3372 2639 et
3399 2585 3456 2639 id
3488 2585 3642 2656 quod
3675 2585 3778 2640 de-

2124 2672 2265 2728 foris
2301 2677 2390 2727 est
2420 2674 2726 2728 mundum.
2765 2695 2789 2720 ››
2822 2673 3076 2728 Diversis
3105 2673 3318 2738 verbis,
3350 2674 3553 2729 eodem
3597 2689 3776 2730 sensu

2126 2778 2242 2833 quo
2293 2779 2494 2833 supra,
2547 2762 2740 2832 arguit
2800 2762 3118 2817 Pharisaeos
3164 2762 3556 2818 simulationis
3600 2765 3777 2835 atque

2125 2849 2433 2920 mendacii,
2465 2851 2620 2921 quod
2653 2849 2811 2905 aliud
2844 2854 3137 2906 ostentent
3166 2853 3186 2885 ²
3218 2851 3559 2907 hominibus
3607 2853 3770 2919 foris,

2125 2939 2284 2995 aliud
2317 2939 2474 2994 domi
2505 2944 2701 3012 agant.
2734 2941 2859 2995 Non
2892 2941 3046 3011 quod
3078 2939 3134 2994 in
3167 2940 3345 2996 calice
3375 2945 3432 2996 et
3460 2941 3774 3013 paropside

2126 3044 2327 3083 eorum
2360 3028 2700 3100 superstitio
2729 3034 3088 3096 moraretur;
3123 3030 3224 3084 sed
3256 3029 3408 3085 188
3442 3029 3595 3101 quod
3633 3030 3774 3085 foris

2127 3117 2470 3173 hominibus
2514 3118 2888 3172 ostenderent
2933 3118 3326 3190 sanctitatem,
3359 3117 3419 3174 in
3451 3117 3681 3187 habitu,
3715 3118 3774 3174 in

2129 3223 2419 3277 sermone,
2451 3207 2510 3261 in
2541 3206 2940 3278 phylaeteriis,
2961 3207 3020 3261 in
3055 3207 3324 3278 ﬁmbriis,
3353 3207 3410 3263 in
3445 3207 3777 3265 orationum

2131 3295 2519 3368 longitudine,
2551 3301 2608 3350 et
2638 3296 2862 3351 caeteris
2893 3295 3258 3367 hujusmodi,
3288 3296 3643 3354 intrinsecus
3673 3313 3776 3353 au-

2135 3388 2250 3440 tem
2285 3389 2481 3441 essent
2510 3385 2784 3440 vitiorum
2816 3385 3090 3440 sordibus
3121 3385 3299 3458 pleni.

2195 3475 2381 3544 (Vers.
2414 3476 2505 3540 ‘27,
2537 3475 2651 3543 28.)
2694 3494 2720 3526 ‹‹
2751 3473 2845 3527 Vas
2891 3475 3078 3540 vobis,
3131 3473 3344 3530 Scribaa
3393 3478 3451 3529 et
3498 3474 3778 3532 Pharisaei

2123 3561 2459 3634 hypocritae,
2496 3561 2635 3632 quia
2665 3560 2890 3616 similes
2936 3562 3082 3617 estis
3131 3561 3419 3633 sepulcris
3466 3561 3778 3634 dealbatis,

2123 3667 2251 3721 quae
2285 3667 2318 3704 a
2349 3649 2488 3705 foris
2521 3655 2727 3721 parent
2756 3650 3096 3706 hominibus
3129 3650 3411 3722 speciosa,
3445 3651 3608 3707 intus
3646 3667 3778 3710 vero

2123 3740 2297 3812 plena
2327 3744 2466 3794 sunt
2495 3739 2729 3795 ossibus
2762 3743 3149 3809 mortuorum,
3181 3744 3238 3795 et
3270 3741 3431 3796 omni
3471 3741 3775 3813 spurcitia.

2123 3830 2218 3885 Sic
2251 3833 2308 3884 et
2338 3846 2439 3885 vos
2472 3847 2505 3884 a
2535 3829 2676 3884 foris
2708 3829 2946 3900 quidem
2981 3829 3197 3900 paretis
3227 3829 3731 3902 hominibusjusti
3760 3847 3774 3886 :

2121 3919 2281 3974 intus
2325 3923 2521 3974 autem
2572 3917 2726 3989 pleni
2775 3919 2916 3974 estis
2966 3917 3258 3991 hypocrisi
3289 3923 3345 3975 et
3376 3919 3708 3993 iniquitate.
3747 3941 3776 3970 »

2121 4008 2282 4072 Quod
2316 4007 2376 4062 in
2407 4007 2584 4062 calice
2615 4014 2672 4062 et
2702 4008 3008 4078 paropside
3039 4008 3491 4077 demonstrarat,
3522 4025 3588 4066 eo
3615 4009 3772 4082 quod

2122 4097 2263 4153 foris
2296 4096 2396 4151 loti
2427 4099 2644 4161 essent,
2677 4101 2734 4151 et
2766 4095 3117 4151 intrinsecus
3164 4097 3408 4162 sordidi,
3456 4098 3566 4153 hoc
3615 4114 3772 4154 nunc

2121 4202 2224 4258 per
2246 4183 2576 4257 exemplum
2597 4183 3000 4254 sepulcrorum
3019 4184 3286 4254 replicat;
3310 4187 3466 4257 quod
3479 4187 3773 4258 quomodo

2122 4274 2395 4347 sepulcra
2426 4273 2752 4330 forinsecus
2783 4272 2887 4327 lita
2918 4276 3056 4327 sunt
3086 4272 3263 4339 calce,
3291 4279 3350 4328 et
3381 4277 3586 4330 ornata
3617 4291 3774 4330 mar-

2122 4365 2388 4422 moribus
2448 4368 2505 4419 et
2561 4379 2724 4426 auro,
2792 4361 3201 4432 coloribusque
3258 4361 3551 4433 distincta,
3613 4363 3775 4418 intus

2123 4459 2320 4512 autem
2353 4453 2530 4526 plena
2559 4455 2700 4508 sunt
2727 4451 2963 4508 ossibus
2995 4456 3396 4520 mortuorum;
3430 4452 3514 4508 sic
3541 4454 3600 4509 et
3643 4467 3774 4524 per-

2120 4543 2273 4600 versi
2325 4541 2614 4614 magistri,
2665 4540 2765 4612 qui
2819 4539 2934 4595 alia
2981 4539 3210 4605 docent,
3259 4545 3313 4595 et
3365 4539 3481 4597 alia
3532 4541 3776 4610 faciunt,

2125 4631 2480 4688 munditiam
2509 4630 2712 4686 habitu
2747 4629 2947 4695 vestis,
2992 4635 3051 4684 et
3096 4630 3409 4686 verborum
3440 4630 3778 4688 humilitate

2127 4723 2535 4778 demonstrant
2572 4737 2583 4774 :
2620 4720 2780 4775 intus
2812 4723 3008 4774 autem
3040 4718 3196 4790 pleni
3227 4724 3366 4776 sunt
3407 4720 3568 4776 omni
3607 4737 3778 4795 spur-

2134 4811 2290 4874 citia,
2326 4813 2384 4865 et
2410 4809 2674 4864 libidine.
2723 4809 2981 4878 Denique
3028 4808 3396 4865 manifestius
3441 4809 3550 4867 hoc
3581 4810 3777 4883 ipsum

2130 4899 2420 4972 exprimit,
2456 4898 2712 4953 inferens
2746 4913 2757 4951 :
2793 4897 2882 4952 Sic
2904 4905 2952 4952 et
2985 4914 3073 4954 vos
3101 4915 3133 4954 a
3170 4898 3313 4971 foris
3359 4899 3580 4971 quidem
3621 4914 3781 4971 pare-

2130 4991 2200 5044 tis
2231 4988 2546 5044 hominibus
2573 4989 2718 5058 iusti
2746 5005 2763 5041 :
2793 4988 2943 5041 intus
2967 4991 3150 5042 autem
3173 4989 3326 5059 pleni
3348 4990 3477 5044 estis
3505 4987 3784 5060 hypocrisi

2128 5087 2179 5133 et
2211 5079 2516 5150 iniquitate.

2203 5167 2388 5233 (Vers.
2422 5169 2490 5220 2‘.)
2522 5167 2708 5236 seqq.)
2742 5187 2769 5212 «
2802 5163 2896 5219 Vae
2927 5164 3112 5234 vobis,
3145 5165 3357 5221 Scribae
3397 5169 3455 5222 et
3500 5161 3776 5219 Pharisaei

2130 5253 2611 5329 hypocritaz,quia
2643 5253 2942 5308 aedificetis
2972 5255 3238 5326 sepulcra
3269 5253 3777 5326 propbetarum,et

2129 5345 2351 5403 ornatis
2383 5349 2765 5401 monumenta
2787 5345 3110 5413 ju'storum,
3137 5344 3403 5399 etdicitis
3432 5359 3446 5397 :
3480 5341 3539 5397 Si
3570 5339 3776 5397 fuisse-

2130 5453 2264 5491 mus
2296 5436 2351 5489 in
2385 5434 2592 5490 diebus
2624 5439 2856 5504 patrum
2889 5439 3244 5498 nostrorum,
3294 5448 3406 5485 non
3457 5429 3778 5487 fuissemus

2131 5524 2269 5580 socii
2321 5540 2518 5579 eorum
2571 5522 2627 5576 in
2678 5521 2964 5593 sanguine
2996 5521 3432 5591 prophetarum.
3464 5520 3668 5593 Itaque
3692 5524 3777 5577 te-

2130 5612 2404 5669 stimonio
2427 5609 2568 5667 estis
2600 5609 3072 5681 vobismetipsis:
3105 5607 3242 5678 quia
3274 5607 3376 5662 filii
3408 5607 3549 5665 estis
3572 5626 3777 5666 eorum

2130 5703 2230 5775 qui
2260 5700 2963 5775 prephetas.occiderunt.
3012 5718 3038 5745 »
3090 5697 3556 5757 Prudentissimo
3603 5699 3778 5773 syllo-

2199 5849 2221 5882 ²
2243 5847 2430 5904 Antea
2459 5848 2602 5916 erat,
2636 5840 2807 5926 Aliud
2835 5838 3147 5897 ostendant.
