4304 6598
508 450 627 515 179

502 676 618 749 ipsi
649 675 927 748 opinione
958 675 1237 733 bonitatis
1268 681 1323 732 et
1352 676 1546 749 gloriaa
1577 677 1636 732 in
1670 677 1915 750 pepulos
1955 676 2148 749 sepul-

505 782 606 821 cra
645 764 936 821 aediﬁcant
968 765 1403 837 prophetarum,
1446 784 1593 838 quos
1651 768 1901 837 majores
1948 784 2150 822 eorum

508 853 952 925 interfecerunt,
1002 859 1059 910 et
1109 854 1314 910 dicunt
1360 872 1372 911 :
1421 856 1478 911 Si
1530 856 1847 910 fuissemus
1892 861 2153 927 tempore

510 942 630 1010 illo,
664 960 783 999 non
815 943 1159 1000 fecissemus
1190 960 1255 999 ea
1286 961 1412 1015 qua:
1447 945 1705 999 fecerunt
1722 949 1914 1015 patres
1944 944 2149 999 nostri.

511 1029 630 1088 Hoc
653 1037 851 1089 autem
884 1032 1116 1088 etiamsi
1157 1050 1423 1088 sermone
1454 1050 1566 1088 non
1599 1034 1811 1100 dicant,
1854 1050 2025 1104 opere
2067 1033 2150 1088 lo-

512 1126 796 1194 quuntur,
832 1138 901 1177 ex
930 1138 996 1177 eo
1027 1123 1180 1193 quod
1208 1122 1513 1177 ambitiose
1544 1126 1600 1176 et
1630 1121 1935 1193 magniﬁce
1966 1121 2149 1175 aediﬁ-

512 1215 645 1267 cent
674 1211 987 1266 memorias
1019 1211 1367 1275 occisorum,
1387 1228 1534 1281 quos
1561 1228 1593 1264 a
1620 1210 1882 1282 patribus
1915 1211 2038 1267 suis
2068 1227 2153 1266 es-

511 1316 573 1356 se
600 1297 901 1372 jugulatos
931 1315 1046 1354 non
1079 1303 1311 1370 negant.

587 1407 609 1436 ι
641 1390 707 1443 Et
736 1404 836 1442 vos
868 1386 1103 1458 implete
1138 1403 1471 1442 mensuram
1502 1392 1734 1459 patrum
1765 1392 2147 1443 vestrorum.»

509 1476 753 1533 Probato
784 1476 1185 1547 superioribus
1228 1476 1419 1546 dictis,
1457 1478 1609 1547 quod
1662 1477 1762 1530 filii
1807 1482 2003 1531 essent
2050 1477 2152 1531 ho-

509 1566 875 1635 micidarum,
926 1568 982 1620 et
1029 1580 1230 1620 eorum
1283 1564 1385 1636 qui
1434 1565 1750 1637 prophetas
1781 1566 2152 1635 occidissent,

507 1670 663 1711 nunc
693 1653 991 1710 concludit
1034 1655 1188 1724 quod
1228 1654 1510 1723 voluerat,
1543 1660 1599 1709 et
1639 1655 1805 1726 quasi
1838 1658 2153 1710 extremam

510 1742 834 1817 syllogismi
886 1746 1109 1814 partem
1161 1744 1342 1814 ponit.
1372 1747 1435 1798 Et
1466 1761 1553 1798 vos
1584 1745 1803 1815 implete
1843 1760 2159 1799 mensuram

510 1837 735 1902 patrum
762 1838 1081 1888 vestrorum.
1102 1832 1253 1887 189
1285 1833 1445 1896 Quod
1478 1832 1595 1888 illis
1621 1831 1821 1902 defuit,
1842 1850 1942 1889 vos
1977 1832 2158 1889 adim-

1757 451 1821 513 S.
1869 448 2179 515 EUSEBII
2228 450 2667 515 HIERONYMI

503 586 694 660 gismo
743 585 1011 659 coarguit
1040 601 1140 643 eos
1170 585 1320 643 ﬁlios
1351 602 1474 643 esse
1515 586 1964 657 homicidarum,
2011 589 2151 643 dum
2182 586 2236 653 Α
2267 586 2665 659 apostolorum
2712 585 2985 661 discipuli
3035 588 3169 657 (Act.
3219 605 3275 654 v,
3327 587 3415 659 40)
3456 602 3469 643 :

3791 444 3913 516 180

3515 589 3573 643 et
3620 585 3912 660 persecuti

2261 692 2359 731 eos
2391 680 2539 731 sunt
2569 677 2640 732 de
2671 678 2898 732 civitate
2938 677 2995 731 in
3029 677 3324 733 civitatem
3374 695 3388 732 :
3436 676 3793 749 expsllentes
3841 675 3915 731 de

2263 764 2469 820 Judaao
2504 782 2515 819 :
2549 771 2613 821 ut
2644 767 2713 821 ad
2744 766 3004 837 gentium
3038 766 3321 838 populum
3351 766 3859 838 transmigrarent.

2333 854 2520 923 (Vers.
2573 856 2662 919 35,
2715 856 2827 925 36.)
2880 877 2906 905 «
2967 854 3038 910 Ut
3094 854 3286 911 veniat
3333 870 3510 927 super
3562 871 3665 910 vos
3719 853 3915 910 omnis

2263 943 2507 1013 sanguis
2550 943 2778 1013 justus,
2830 943 2926 1014 qui
2980 944 3201 1000 effusus
3248 949 3335 998 est
3382 960 3560 1016 super
3605 946 3843 1013 terram,
3878 960 3913 999 a

2262 1030 2548 1101 sanguine
2581 1031 2718 1086 Abel
2739 1032 2887 1102 justi
2923 1048 3109 1103 usque
3139 1032 3208 1087 ad
3239 1033 3587 1103 sanguinem
3618 1032 3910 1088 Zachariae

2260 1118 2365 1173 ﬁlii
2397 1120 2711 1190 Baracliiae,
2746 1136 2918 1191 quem
2969 1119 3265 1175 occidistis
3318 1121 3471 1175 inter
3516 1119 3804 1192 templum
3853 1124 3911 1175 et

2260 1206 2462 1262 altare.
2497 1215 2679 1263 Amen
2720 1209 2849 1264 dico
2881 1210 3068 1274 vobis,
3091 1209 3321 1265 venient
3351 1209 3473 1264 haec
3505 1209 3704 1265 omnia
3734 1224 3914 1281 super

2261 1297 2695 1367 generationem
2746 1298 2940 1353 istam.
2992 1320 3020 1347 »
3075 1299 3229 1353 190
3285 1300 3365 1354 De
3417 1298 3558 1354 Abel
3612 1298 3774 1354 nulla
3820 1300 3913 1353 est

2263 1386 2643 1457 ambiguitas,
2701 1385 2842 1458 quin
2894 1387 2943 1443 is
2996 1386 3073 1442 sit
3123 1403 3298 1459 quem
3356 1386 3495 1442 Cain
3526 1388 3755 1443 ’frater
3781 1388 3912 1458 ejus

2263 1475 2539 1531 occiderit
2570 1476 2720 1545 (Gen.
2756 1492 2828 1543 IV,
2862 1477 2935 1545 8).
2967 1476 3172 1531 Justus
3202 1479 3398 1530 autem
3444 1491 3559 1531 non
3608 1475 3801 1531 solum
3844 1492 3913 1531 ex

2264 1564 2495 1619 Domini
2521 1580 2676 1619 nunc
2706 1564 3015 1632 sententia,
3051 1566 3149 1619 sed
3184 1581 3251 1619 ex
3282 1565 3525 1620 Genesis
3576 1564 3911 1620 testimonio

2265 1653 2698 1724 comprobatur,
2733 1653 2830 1707 ubi
2882 1658 3118 1725 accepta
3166 1655 3292 1724 ejus
3344 1669 3376 1708 a
3433 1657 3547 1709 Deo
3596 1658 3915 1709 narrantur

2267 1758 2513 1797 munera
2543 1742 2706 1812 (Ibid.
2740 1744 2815 1811 5).
2851 1742 3175 1805 Quaerimus
3219 1743 3352 1814 quis
3402 1742 3513 1798 iste
3563 1742 3644 1797 sit
3697 1743 3914 1799 Zacha-

2264 1831 2402 1898 rias,
2438 1831 2593 1886 ﬁlius
2620 1830 2930 1901 Barachiie,
2967 1831 3107 1903 quia
3137 1834 3355 1887 multos
3401 1831 3652 1902 legimus
3695 1832 3911 1887 Zacha-

512 1918 685 1991 plete.
720 1918 809 1975 Illi
838 1920 1250 1976 interfecerunt
1282 1938 1475 1977 servos
1511 1938 1523 1976 :
1556 1938 1657 1978 vos
1688 1922 1999 1978 Dominum
2032 1939 2157 1977 cru-
2189 1955 2235 2019 Β
2270 1920 2402 1975 rias.
2436 1921 2504 1974 Et
2537 1935 2607 1975 ne
2634 1920 2815 1975 libera
2838 1921 3006 1975 nobis
3029 1920 3384 1975 tribueretur
3406 1919 3620 1975 erroris
3643 1920 3909 1989 facultas,

513 2007 751 2081 oiﬁgite.
785 2007 871 2063 Illi
910 2009 1254 2081 prophetas:
1284 2028 1387 2066 vos
1430 2027 1563 2067 eum
1607 2012 1706 2082 qui
1762 2028 1796 2067 a
1853 2011 2156 2084 prophetis

514 2096 862 2169 praedicatus
891 2101 997 2152 est.
2080 2171 2086 2177 _

589 2184 772 2257 (Vers.
806 2188 919 2257 33.)
952 2209 980 2236 «
1013 2188 1342 2259 Serpentes,
1376 2187 1485 2257 (Al.
1520 2189 1756 2244 additur
1810 2191 1879 2259 et)
1910 2188 2155 2259 genimi-

514 2288 591 2330 na
615 2274 969 2347 viperarum,
1001 2277 1292 2348 quomodo
1324 2277 1557 2348 fugietis
1601 2295 1630 2332 a
1670 2278 1894 2347 judicio
1936 2278 2156 2349 gehen-

514 2363 644 2418 nae?
668 2385 694 2413 η
722 2365 838 2419 Hoc
868 2362 1063 2435 ipsum
1096 2370 1152 2419 et
1179 2365 1435 2420 Joannes
1468 2366 1729 2437 Baptista
1758 2367 1981 2422 dixerat
2002 2372 2153 2435 (Luc.

514 2468 601 2520 in,
630 2453 708 2523 7).
733 2452 899 2507 Sicut
918 2467 1055 2524 ergo
1081 2453 1151 2507 de
1171 2452 1384 2525 viperis
1409 2460 1733 2509 nascuntur
1754 2456 2070 2526 viperiezsic
2087 2456 2158 2510 de

517 2538 830 2595 homicidis
864 2540 1277 2611 patribus,vos,
1304 2540 1647 2612 inquit,nati
1670 2542 1810 2597 estis
1832 2541 2154 2597 homicidae.
2197 2607 2203 2613 .

586 2627 773 2698 (Vers.
793 2628 941 2699 34.)‹‹
960 2628 1092 2683 Ideo
1121 2645 1252 2685 ecce
1282 2646 1387 2701 ego
1412 2630 1577 2685 mitto
1604 2631 1674 2685 ad
1698 2648 1798 2686 vos
1821 2631 2157 2702 prophetas,

516 2719 574 2772 et.
603 2717 917 2788 sapientes,
951 2722 1008 2772 et
1028 2718 1271 2788 scribas,
1305 2725 1361 2774 et
1390 2737 1457 2775 ex
1487 2718 1605 2775 illis
1636 2721 1910 2776 occidetis
1932 2725 1988 2775 et
2026 2737 2156 2775 cru-

514 2803 781 2878 eiﬁgetis,
818 2810 874 2861 et
901 2822 969 2861 ex
997 2806 1080 2861 eis
1105 2807 1477 2878 ﬁagellabitis
1506 2808 1563 2863 in
1595 2810 1906 2881 synagogis
1952 2808 2159 2865 vestris

514 2898 574 2950 et
609 2894 1037 2966 persequamini
1090 2897 1160 2951 de
1208 2897 1438 2952 civitate
1490 2898 1547 2951 in
1597 2897 1908 2953 civitatem.
1958 2919 1986 2949 ››
2040 2892 2157 2953 Hoc

516 2983 669 3052 quod
701 2988 872 3038 antea
901 2983 1257 3053 dixeramus,
1306 2987 1527 3057 Implete
1572 3003 1892 3043 mensuram
1934 2992 2159 3059 patrum

516 3074 837 3136 vestrorum,
861 3071 932 3126 ad
957 3087 1264 3142 personam
1295 3073 1525 3129 Domini
1558 3075 1864 3147 pertinere,
1897 3093 1963 3131 eo
2000 3078 2156 3147 quod

520 3160 875 3215 occidendus
902 3162 1056 3215 esset
1087 3162 1158 3216 ab
1189 3161 1492 3233 eis,potest
1511 3168 1567 3217 et
1588 3165 1657 3219 ad
1687 3164 2006 3236 discipulos
2029 3166 2157 3236 ejus

517 3248 741 3317 referri,
773 3249 844 3303 de
875 3248 1089 3320 quibus
1121 3266 1276 3305 nunc
1308 3251 1484 3306 dicit:
1511 3256 1642 3307 Ecce
1669 3269 1770 3323 ego
1801 3255 1959 3308 mitto
1980 3254 2047 3308 ad
2070 3270 2156 3309 vos

2266 2010 2531 2064 additum
2564 2013 2651 2063 est
2686 2026 2699 2063 :
2734 2012 2901 2077 Quem
2924 2010 3197 2065 occidistis
3228 2012 3373 2065 inter
3401 2010 3661 2080 templum
3689 2012 3739 2065 et
3767 2010 3910 2064 alta-

2266 2115 2342 2153 re.
2380 2098 2439 2153 ln
2472 2096 2717 2153 diversis
2749 2098 2977 2152 diversa
3020 2098 3155 2169 legi,
3205 2102 3262 2154 et
3310 2098 3493 2154 debeo
3541 2098 3911 2171 singulorum

2267 2187 2572 2259 opiniones
2605 2202 2837 2258 ponere.
2873 2186 2983 2240 Alii
3027 2186 3367 2242 Zachariam
3401 2187 3588 2242 filium
3621 2186 3913 2242 Baracbiaa

2265 2276 2491 2344 dicunt,
2526 2276 2623 2345 qui
2656 2276 2714 2329 in
2750 2274 3055 2329 duodecim
3090 2274 3386 2347 prophetis
3425 2274 3773 2330 undecimus
3803 2281 3912 2342 est,

2267 2365 2567 2437 patrisque
2600 2364 2655 2418 in
2690 2380 2755 2419 eo
2786 2379 2998 2419 nomen
3041 2363 3369 2419 consentiat
3416 2365 3523 2435 [ΑΙ.
3564 2364 3912 2433 consentit];

2267 2454 2366 2509 sed
2400 2454 2497 2508 ubi
2532 2453 2761 2509 occisus
2793 2453 2867 2507 sit
2900 2453 3053 2507 inter
3080 2453 3367 2525 tempulm
3415 2459 3472 2509 et
3517 2452 3721 2518 altare,
3770 2451 3918 2508 Scri-

2266 2546 2437 2613 ptura
2468 2558 2582 2596 non
2614 2540 2905 2612 loquitur;
2941 2540 3194 2598 maxime
3225 2558 3359 2597 cum
3392 2540 3758 2613 temporibus
3789 2542 3917 2611 ejus

2265 2630 2358 2685 vix
2389 2630 2570 2685 ruina)
2618 2629 2821 2700 templi
2874 2629 3107 2684 fuerint.
3155 2629 3269 2684 Alii
3317 2628 3654 2685 Zachariam
3688 2633 3915 2702 patrem

2264 2718 2506 2774 Joannis
2539 2717 2784 2790 intelligi
2822 2716 3045 2785 volunt,
3080 2733 3143 2772 ex
3178 2718 3533 2789 quibusdam
3556 2717 3916 2789 apocrypho-

2266 2825 2396 2863 rum
2430 2807 2673 2863 somniis
2704 2806 3119 2878 approbantes,
3150 2808 3306 2878 quod
3342 2811 3645 2879 propterea
3685 2806 3918 2863 occisus

2266 2898 2363 2964 sit,
2418 2896 2554 2968 quia
2612 2894 2925 2952 Salvatoris
2982 2896 3312 2968 prazdicarit
3377 2895 3482 2967 [AL
3552 2896 3915 2968 prazdiearet]

2265 2987 2601 3043 adventum.
2622 2989 2740 3040 Hoc
2768 2984 2905 3057 quia
2924 2985 2993 3039 de
3015 2984 3332 3057 Scripturis
3352 3002 3467 3041 non
3485 2984 3703 3041 habent
3723 2989 3920 3041 aucto-

2266 3074 2517 3139 ritatem,
2550 3074 2752 3129 eadem
2795 3073 3071 3130 facilitate
3109 3073 3521 3142 contemnitur,
3555 3090 3671 3145 qua
3702 3075 3919 3145 proba-

2264 3168 2379 3220 tur.
2413 3162 2524 3218 Alii
2556 3164 2737 3217 istum
2769 3162 2971 3218 volunt
2998 3163 3358 3233 Zachariam,
3410 3162 3510 3235 qui
3558 3163 3788 3219 occisus
3828 3167 3920 3219 est

2273 3270 2307 3309 a
2336 3253 2473 3309 Joas
2525 3266 2658 3322 rege
2706 3250 2873 3305 Judae
2904 3252 3058 3307 inter
3086 3251 3372 3324 templum
3403 3254 3460 3307 et
3488 3250 3668 3309 altare
3698 3262 3739 3319 8,
3769 3251 3924 3307 sicut

518 3332 830 3408 prophetas,
863 3318 919 3392 et
942 3339 1234 3424 sapientes,
1266 3343 1317 3394 et
1346 3342 1573 3408 scribas,
1594 3318 1729 3396 etei
1750 3342 1864 3397 illis
1885 3343 2163 3409 occidetis,
2194 3318 2499 3414 C-Regum
2558 3318 2755 3395 narrat
2802 3338 3066 3396 historia.
3118 3318 3229 3395 Sed
3282 3318 3733 3412 observandum,
3765 3340 3922 3412 quod

515 3427 568 3481 ἐι
595 3426 949 3497 eruci/igetis,
984 3430 1038 3481 et
1078 3428 1442 3497 ﬂagellabitis
1488 3431 1550 3485 in
1600 3434 1902 3504 synagogis
1948 3435 2163 3501 vestris,

516 3523 567 3570 et
608 3518 959 3587 persequemi
997 3515 1061 3572 de
1100 3519 1417 3582 civitate,in
1448 3519 1743 3586 civitatem,
1780 3525 1844 3575 ut
1874 3520 2167 3592 impleatis

517 3605 858 3660 mensuram
903 3609 1136 3676 patrum
1182 3613 1531 3662 vestrorum.
1577 3610 1880 3680 Simulque
1923 3612 2168 3665 observa

509 3694 680 3763 juxta
698 3691 1041 3762 Apostolum
1067 3694 1417 3749 scribentem
1441 3697 1510 3749 ad
1536 3697 1921 3769 Corinthios(l
1938 3699 2164 3764 Comm,

520 3781 572 3846 1,
604 3781 639 3833 8
669 3782 725 3835 et
754 3781 1099 3851 seq.),varia
1128 3796 1257 3835 esse
1287 3784 1441 3838 dona
1470 3783 1891 3855 discipulorum
1924 3785 2167 3853 Christi;

521 3868 670 3925 alios
702 3868 1034 3940 prophetas,
1079 3869 1175 3939 qui
1210 3874 1453 3925 ventura
1481 3873 1798 3943 prmdicant
1825 3875 1876 3941 3;
1912 3874 2055 3930 alios
2086 3891 2173 3929 sa-

2276 3431 2371 3486 ille
2401 3429 2709 3485 Zacharias
2756 3445 2872 3484 non
2921 3428 2999 3484 sit
3046 3429 3204 3486 ﬁlius
3250 3429 3565 3497 Baraehiae,
3616 3430 3719 3485 sed
3770 3428 3929 3484 ﬁlius

2272 3520 2489 3575 Joiada:
2539 3517 2881 3573 sacerdotis.
2938 3519 3102 3574 Unde
3149 3522 3206 3573 et
3247 3519 3548 3591 Scriptura
3580 3520 3781 3586 refert;
3813 3520 3929 3574 Non

2277 3613 2392 3681 fuit
2421 3609 2741 3663 recordatus
2778 3614 2911 3665 Joas
2960 3611 3140 3679 patris
3187 3610 3307 3678 ejus
3350 3609 3593 3676 Joaidse,
3618 3610 3747 3681 quia
3776 3608 3886 3664 sibi
3915 3609 3936 3642 ⁴

2280 3699 2499 3772 fecisset
2532 3698 2667 3752 bona
2702 3698 2779 3768 (11
2809 3698 2999 3761 Paret,
3032 3714 3185 3764 xxxv,
3230 3699 3345 3767 2'3),
3385 3698 3529 3752 Cum
3581 3712 3718 3771 ergo
3748 3703 3805 3753 et
3832 3701 3935 3751 Za-

2280 3785 2537 3841 chariam
2586 3789 2912 3850 teneamus,
2949 3790 3005 3840 et
3049 3786 3361 3842 occisionis
3391 3787 3720 3841 consentiat
3748 3786 3935 3853 locus,

2280 3874 2601 3946 quaerimus
2624 3890 2804 3944 quare
2823 3874 3117 3929 Barachiie
3136 3876 3367 3930 dicatur
3386 3873 3627 3941 ﬁlius,et
3650 3890 3765 3930 non
3785 3875 3937 3930 Joia-

524 3955 772 4028 pientes,
807 3956 907 4027 qui
943 3958 1209 4012 noverint
1239 3961 1473 4030 quando
1502 3961 1750 4017 debeant
1780 3964 2035 4035 proferre
2057 3963 2407 4020 ser-\das?
2439 3963 2715 4017 Barac/tia
2744 3961 2946 4033 lingua
2978 3967 3180 4019 nostra
3204 3964 3511 4019 benedictus
3540 3964 3761 4019 Domini
3791 3962 3934 4018 dici-

526 4062 794 4113 monem;
829 4045 974 4101 alios
1008 4047 1232 4102 scribas
1264 4048 1320 4102 in
1355 4048 1479 4121 lege
1527 4050 1919 4116 doctissimos,
1952 4069 2020 4107 ex
2049 4053 2178 4124 qui-

526 4133 637 4189 bus
667 4133 964 4206 lapidatus
1017 4140 1105 4190 est
1157 4137 1484 4208 Stephanus
1512 4140 1648 4209 (Act.
1682 4157 1782 4209 vn,
1815 4143 1927 4212 58),
1963 4141 2175 4197 Paulus

525 4222 775 4288 occisus,
834 4224 1148 4279 cruciﬁxus
1204 4225 1429 4294 Petrus,
1488 4227 1758 4299 ﬁagellati
1819 4230 1876 4283 in
1937 4231 2177 4285 Actibus

604 4331 617 4364 ¹
650 4329 749 4385 llic
772 4346 1013 4454 (quoque
1042 4335 1167 4385 erat
1198 4332 1393 4385 minus
1443 4337 1596 4387 recte
1642 4339 1831 4400 antea,
1861 4338 2178 4405 prmdicent,

604 4417 769 4454 curae
811 4404 976 4454 icant.
1004 4403 1158 4454 quod
1192 4418 1335 4454 mss.
1370 4403 1736 4454 substituunt
1769 4422 1780 4454 :
1816 4412 1881 4454 ut.
1919 4414 1975 4454 nt
2022 4425 2178 4454 mmm.

531 4418 634 4472 pro
654 4403 976 4471 praedicant,
1004 4403 1158 4472 quod
1192 4418 1335 4457 mss.
1370 4403 1736 4458 substituunt
1769 4422 1780 4458 :
1816 4403 1881 4461 ut
1919 4414 1975 4461 et
2022 4403 2181 4463 nove-

534 4479 802 4551 rangpro
833 4472 1359 4551 noverinttaliaque
1391 4474 1444 4528 id
1471 4492 1655 4551 genus
1688 4476 1899 4534 leviora
1938 4481 2181 4551 passim.

606 4541 627 4616 ξ
659 4541 801 4616 Bab.
836 4544 979 4609 Quin
1007 4545 1077 4596 sit
1097 4541 1297 4613 justus,
1332 4541 1489 4614 quem
1522 4546 1679 4616 Cain,
1711 4553 1819 4602 etc.

608 4613 630 4644 ³
688 4612 813 4693 llaec
881 4630 1072 4693 porro,
1098 4612 1466 4693 ’Lquam‘eb
1501 4612 1915 4693 Hieronymus
1954 4623 2180 4693 prohat,

537 4684 774 4760 propior
857 4685 940 4760 ad
1009 4684 1310 4760 veritatem
1376 4687 1605 4743 videtur
1671 4684 1979 4760 sententia,

538 4755 876 4834 Zachariam
909 4755 1198 4834 Barachize
1235 4758 1439 4824 lilium,
1482 4762 1557 4834 de
1593 4778 1719 4834 quo
1770 4755 1975 4819 Matth;
2019 4755 2183 4834 xxiii,

542 4826 633 4892 35,
668 4826 950 4906 eumdem
991 4826 1097 4881 laci
1143 4845 1280 4906 esse
1319 4846 1451 4906 cum
1479 4826 1755 4906 Zach'aria
1791 4836 2020 4891 Joaadae
2045 4826 2182 4906 ﬁlio,

534 4913 660 4950 non
692 4894 799 4950 levi
839 4897 1195 4968 suﬁragante
1241 4902 1967 4963 llebraiciNazareenorum
2028 4894 2185 4963 cedi:

2281 4055 2462 4107 turzet
2482 4051 2801 4107 sacerdotis
2821 4049 3288 4123 Joiadazjustitia,
3304 4052 3541 4108 Hebraeo
3555 4066 3824 4108 sermone
3841 4052 3936 4108 de-

2286 4144 2650 4196 monstratur
2677 4140 2717 4194 “.
2752 4139 2813 4194 In
2846 4140 3157 4211 Evangelio
3190 4156 3306 4212 quo
3337 4145 3588 4196 utuntur
3614 4141 3935 4208 Nazareni,

2288 4246 2391 4301 pro
2420 4230 2535 4299 [ilio
2566 4229 2873 4293 Barachiaz,
2925 4231 3107 4298 ﬁlium
3151 4229 3363 4287 Joiadae
3411 4229 3736 4301 reperimus
3782 4230 3932 4286 191

2291 4336 2673 4391 occidentem.
2709 4335 2813 4389 llic
2844 4351 2977 4389 vero
3009 4351 3075 4389 ex
3102 4334 3311 4407 Joiada
3358 4339 3595 4407 parente
3632 4339 3839 4407 gnatus,
3881 4336 3940 4407 in

2292 4409 2435 4463 atrio
2479 4407 2956 4478 domueromini,
3007 4407 3165 4477 quod
3213 4406 3544 4478 signiﬁcare
3588 4406 3837 4477 videtur,
3881 4406 3940 4461 in

2294 4478 2442 4533 atrio
2502 4477 2723 4548 populi.
2786 4477 3284 4548 Paralipomenon
3329 4478 3478 4534 libro
3535 4483 3703 4546 teste,
3768 4478 3945 4546 fuerit

2295 4549 2544 4623 occisus.
2576 4549 2970 4623 Nihilominus
3003 4549 3292 4622 perplacet
3324 4549 3423 4605 illa
3453 4549 3789 4623 Hieronymi
3819 4565 3946 4607 sen-

2296 4621 2497 4691 tentia,
2534 4620 2591 4675 in
2624 4637 2811 4693 eaque
2838 4622 3000 4675 sisto.

2057 4687 2185 4766 quae
2214 4687 2262 4751 D
2363 4693 2385 4726 ὀ
2416 4687 2648 4747 Rectius
2681 4687 2751 4747 ad
2783 4692 3047 4747 Grmcum
3078 4695 3300 4747 textum
3334 4690 3514 4747 nostri
3549 4708 3692 4748 mss.
3726 4709 3847 4763 quae
3876 4694 3948 4747 si-

2296 4766 2370 4828 bi,
2403 4769 2537 4835 etc,,
2570 4779 2673 4835 pro
2703 4766 2853 4835 quia.

2367 4838 2386 4868 δ
2419 4832 2501 4890 Ita
2531 4832 2671 4905 legit
2702 4832 2813 4890 ins.
2857 4835 3046 4890 Codex
3073 4833 3375 4890 Beccensis
3408 4850 3421 4889 :
3452 4832 3550 4890 alii
3582 4850 3717 4890 cum
3747 4835 3945 4901 editis,

2296 4908 2518 4963 Hebraeo
2550 4908 2777 4980 nomine
2805 4906 3232 4961 demens/ratur.
3264 4905 3457 4980 Joiada
3477 4905 3689 4980 itaque
3717 4905 3947 4980 signiﬁ-

539 4968 622 5043 cis
656 4968 1110 5043 auctoritate,_in
1142 4987 1256 5042 quo
1290 4973 1713 5043 proBaracliiie
1747 4979 2000 5043 nomine,
2031 4980 2185 5035 Joia-

538 5041 623 5096 die
658 5055 870 5093 nomen
902 5040 957 5094 S.
1015 5039 1181 5095 Pater
1224 5039 1464 5099 invenit.
1512 5047 1859 5103 Concessere
1908 5039 2100 5105 autem
2128 5051 2184 5105 in

535 5109 690 5191 hanc
722 5111 911 5191 ipsam
942 5112 2040 5191 sententiamjamprideminterpretes
2073 5140 2188 5176 ma-

581 5184 642 5255 ni_
692 5182 948 5255 nominis
986 5198 1137 5253 quos
1203 5182 1501 5255 sigillatiin
1554 5188 1792 5246 laudare
1833 5182 1946 5246 non
1998 5199 2186 5249 vacat.

581 5201 639 5238 ni
692 5201 948 5239 nominis
986 5201 1137 5253 quos
1203 5201 1501 5255 sigillatun
1555 5201 1792 5246 laudare
1833 5208 1946 5246 non
1998 5201 2186 5249 vacat.

539 5201 811 5339 ignifero
844 5253 1039 5339 aliain.
1074 5256 1145 5310 ab
1178 5255 1284 5310 hac
1321 5266 1707 5339 propugnant,
1742 5268 2187 5339 praeter_vetus-

546 5326 909 5381 tissimorum
946 5327 1179 5380 Patrum
1224 5326 1651 5395 anetroritatem,
1697 5326 1795 5395 qui
1850 5334 2186 5390 Zachariam

546 5396 787 5475 Joannis
821 5399 1092 5475 Baptistae
1127 5404 1349 5469 patrem
1378 5400 1467 5454 hic
1502 5418 1533 5455 a
1572 5396 1835 5459 Matthiae
1869 5407 2186 5475 signiﬁcari

550 5467 978 5545 vulgoputant,
1002 5470 1057 5524 id
1091 5467 1322 5545 quoque
1344 5479 1663 5545 opponunt,
1698 5478 1851 5545 quod
1880 5467 2187 5533 Zacharias

548 5539 677 5620 iste,
710 5539 779 5592 de
810 5556 921 5620 quo
951 5539 1524 5620 loquiturIClirisl'us,
1558 5539 1855 5601 summum
1894 5550 2188 5617 pontifica-

547 5613 672 5691 tum
695 5613 1005 5691 iges‘sisse“
1035 5631 1147 5691 non
1184 5616 1455 5691 dicatur,
1516 5632 1687 5691 quem
1717 5613 1931 5691 .tennit
1992 5638 2187 5675 revera

544 5678 655 5760 iste
684 5678 898 5760 Joiadae
934 5682 1200 5760 lilius.1_\d
1235 5687 1353 5741 haec
1386 5686 1480 5760 ille
1514 5678 1913 5760 necitr'aditus
1937 5691 2184 5760 dicatur,

560 5751 980 5831 utentem-ptum
1012 5758 1289 5831 etattare,
1324 5759 1476 5829 quod
1506 5764 1626 5831 est,
1652 5759 1800 5814 inter
1831 5751 2181 5819 vestibulum

558 5820 831 5891 empli,et
861 5821 1042 5879 altare
1074 5820 1704 5900 holocaus'torum,sive
1727 5832 1792 5887 ad
1820 5834 1948 5904 ejus
1980 5834 2181 5890 altaris

2297 4981 2389 5032 cat
2430 4977 2653 5049 Domini
2710 4980 3102 5049 cognitionem,
3146 4993 3257 5031 non
3298 4977 3609 5047 justitiam}
3660 4981 3726 5033 ut
3779 4977 3950 5033 testis

2297 5054 2385 5104 est
2427 5048 2811 5118 Hieronymus
2862 5048 2919 5102 in
2966 5048 3114 5104 libro
3167 5049 3553 5104 Ilebraicorum
3600 5050 3899 5105 Nominum
3932 5067 3949 5102 :

2297 5121 2398 5175 sed
2449 5120 2766 5175 sacerdotis
2825 5120 3040 5174 Joiadae
3090 5120 3325 5187 justitia
3383 5120 3619 5175 Hebraeo
3676 5136 3951 5177 sermone

2297 5193 2751 5256 demonstratur,
2784 5192 2924 5261 quia
2953 5194 3105 5263 apud
3141 5193 3408 5247 Hebraeos
3455 5193 3683 5248 scientia
3724 5193 3954 5249 Domini

2296 5263 2582 5334 accipitur
2630 5281 2732 5335 pro
2776 5263 2988 5335 iustitia
3039 5279 3107 5317 ac
3157 5264 3386 5334 pietate.
3438 5263 3595 5319 Isaia:
3644 5281 3700 5319 xi
3757 5281 3770 5320 :
3832 5264 3947 5319 Non

2297 5333 2579 5395 nocebunt,
2613 5333 2798 5389 etnon
2836 5333 3078 5389 occident
3124 5333 3184 5389 in
3232 5335 3486 5389 universo
3530 5340 3716 5390 monte
3765 5344 3953 5391 sancto

2295 5423 2454 5470 nico;
2485 5407 2613 5476 quia
2646 5407 2852 5477 repleta
2893 5414 2969 5459 est
3019 5413 3190 5477 terra,
3244 5405 3488 5477 scientia
3527 5405 3782 5472 Domini,
3808 5409 3954 5462 sicut

2295 5494 2448 5546 aquae
2482 5479 2651 5550 maris
2681 5476 3008 5550 aperientes.
3040 5476 3142 5550 Hic
3172 5481 3227 5530 et
3258 5476 3417 5550 alibi,
3466 5480 3703 5550 scientia
3732 5478 3949 5550 accipi-

2295 5553 2391 5603 tur
2423 5564 2525 5619 pro
2545 5548 2789 5619 justitia,
2823 5548 2980 5602 cultu
3038 5549 3131 5602 Dei
3183 5564 3249 5601 ac
3290 5547 3521 5619 pietate.
3561 5549 3746 5605 MART.
3781 5547 3947 5605 -Ἰῐι

2294 5618 2657 5695 Cisterciensi
2696 5637 2829 5695 ms.,
2866 5621 3222 5695 [ieiuniorum
3242 5618 3470 5695 nomine
3492 5620 3672 5695 :‘olim
3701 5620 3946 5695 vulgati,

2297 5691 2526 5746 Hebraeo
2602 5694 2841 5762 nomine.
2898 5691 3179 5762 Equidem
3238 5691 3380 5758 scio,
3435 5690 3683 5750 Joiadah
3737 5690 3949 5749 sonare

2294 5762 2556 5835 Dominus
2594 5763 2762 5816 novit.
2798 5761 2972 5835 Unde
3005 5768 3063 5835 et
3108 5762 3588 5835 Hieronymusin
3618 5763 3738 5820 Lib.
3770 5765 3940 5822 Nom.

2294 5833 2520 5889 Domini
2547 5834 2913 5902 cognitionem
2946 5828 3381 5905 interpretatur.
3425 5828 3531 5899 Q’ui
3572 5852 3704 5892 vero
3756 5836 3974 5909 possin
