4304 6628
428 479 541 543 tsi

906 476 1426 545 COMMENTAR.
1472 482 1553 544 ΙΝ
1599 479 2113 545 EVANGELIUM
2158 482 2538 546 MATTH/El
2582 485 2729 547 LIB.
2777 484 2877 548 IV.
2927 485 3098 549 CAP.
3144 486 3359 551 XXIV.

3716 486 3830 553 189

426 612 733 687 scriptum.
767 612 1167 687 Simpliciores
1194 615 1403 671 fratres
1434 615 1587 670 inter
1634 615 1837 687 ruinas
1868 613 2075 687 templi
2103 614 2155 683 Α
2192 616 2486 673 Desertam
2510 618 2543 673 J
2550 619 2848 673 udurorum
2862 619 3127 685 domum,
3155 619 3214 674 id
3235 622 3637 695 est,templum
3659 622 3830 692 illud,

429 706 487 757 et
515 701 734 774 altaris,
768 701 888 758 sive
938 703 999 757 in
1029 708 1335 775 portarum
1366 702 1638 774 exitibus,
1671 720 1799 775 quae
1855 703 2075 760 Siloam

429 793 674 863 ducunt,
690 792 869 853 rubra
889 808 1030 849 saxa
1059 792 1767 863 monstrantes,Zachariaa
1789 792 2077 865 sanguine

426 884 640 957 putant
666 897 797 939 esse
827 881 1070 954 polluta.
1103 881 1230 938 Non
1279 882 1742 939 condemnamus
1798 899 2073 951 errorem,

428 970 533 1044 qui
562 971 632 1026 de
659 970 791 1027 odio
818 970 1178 1039 Judteorum,
1210 975 1268 1027 et
1295 970 1430 1027 ﬁdei
1485 971 1697 1045 pietate
1753 972 2071 1029 descendit.

427 1059 710 1116 Dicamus
739 1059 1011 1129 breviter,
1044 1077 1226 1134 quare
1248 1046 1499 1134 sanguis
1520 1061 1663 1118 Abel
1685 1063 1857 1134 justi,
1890 1077 2079 1134 usque

425 1148 500 1204 ad
530 1148 870 1206 Zachariam
901 1149 1089 1206 ﬁlium
1124 1150 1413 1207 Barachiaa
1444 1150 1516 1206 ab
1546 1150 1646 1208 illa
1702 1150 2077 1224 generatione

429 1236 790 1309 requiratur,
820 1255 955 1295 cum
988 1242 1262 1295 neutrum
1293 1255 1496 1296 eorum
1527 1240 1820 1296 occiderit.
1854 1238 2077 1311 Regula

425 1325 867 1399 Scripturarum
915 1332 1027 1396 est,
1086 1329 1234 1386 duas
1301 1329 1701 1401 generationes
1761 1346 1973 1402 ponere
2032 1330 2076 1395 ί,

425 1415 717 1472 bonorum
749 1416 836 1474 vel
868 1416 1186 1489 malorum,
1216 1417 1325 1473 hoc
1355 1418 1840 1490 est,singulorum
1872 1418 2073 1490 singu-

424 1502 538 1561 las.
569 1510 648 1562 De
676 1506 850 1563 bonis
882 1524 1172 1565 sumanus
1203 1506 1472 1579 exempla
1504 1523 1518 1562 :
1551 1509 1684 1576 Quis
1732 1508 1986 1564 ascendet
2017 1509 2077 1563 in

425 1594 671 1652 montem
695 1596 922 1653 Domini
950 1600 979 1652 ?
1005 1602 1102 1653 aut
1125 1599 1248 1670 quis
1276 1596 1573 1669 requiescet
1600 1600 1662 1651 in
1680 1601 1864 1653 monte
1890 1600 2077 1652 sancto

427 1686 549 1757 ejus
579 1684 753 1757 (Psal.
785 1702 947 1759 XXIII,
982 1685 1086 1759 3)?
1115 1686 1381 1759 Cumque
1410 1686 1609 1760 plures
1639 1687 1741 1759 qui
1774 1685 2077 1743 escensuri

428 1774 650 1830 suntin
681 1779 938 1831 montem
969 1774 1666 1847 Domini,descripsisset,
1700 1774 1801 1846 qui
1831 1772 2077 1829 diversis

426 1862 591 1920 fuere
631 1865 921 1934 aetatibus,
973 1869 1178 1936 postea
1231 1864 1406 1920 infert
1435 1880 1448 1921 :
1482 1866 1612 1935 Hac
1666 1873 1743 1922 est
1795 1864 2077 1934 generatio

2188 704 2344 776 quod
2377 705 2637 778 fulgebat
2667 706 2979 779 augustius
3010 709 3049 776 ⁵,
3085 707 3270 763 oculis
3325 712 3779 783 comprobamus
3811 729 3825 769 :

2186 794 2324 864 quia
2352 793 2745 863 habitatorem
2777 795 3075 851 Christum
3106 797 3381 868 perdidit.
3413 802 3470 853 et
3523 799 3829 857 haeredita-

2183 886 2302 938 tem
2336 883 2644 955 praeripere
2674 885 2951 957 gestiens,
2993 886 3204 944 occidit
3235 886 3542 945 haeredem.

2257 972 2274 1042 (
2306 972 2473 1028 Vers.
2504 974 2620 1042 39.)
2657 997 2677 1023 ει
2712 974 2852 1030 Dico
2882 976 3041 1031 enim
3071 976 3254 1032 vobis:
3289 994 3404 1033 non
3436 993 3529 1035 me
3556 978 3830 1036 videbitis

2184 1061 2415 1129 amodo,
2450 1062 2632 1118 donec
2662 1063 2872 1120 dicatis
2907 1082 2919 1132 ;
2956 1064 3304 1121 Benedictus
3336 1066 3431 1135 qui
3459 1067 3617 1123 venit
3645 1067 3704 1124 in
3731 1084 3832 1124 no-

2184 1149 2343 1207 mine
2378 1150 2607 1207 Domini
2636 1153 2678 1209 “.
2714 1175 2741 1202 »
2771 1155 2856 1208 Ad
2880 1153 3207 1210 Jerusalem
3236 1154 3518 1227 loquitur,
3547 1160 3603 1212 et
3631 1157 3703 1214 ad
3734 1174 3834 1231 po-

2185 1239 2392 1311 pulum
2424 1240 2781 1297 Judzeorum.
2816 1242 3185 1299 Versiculum
3225 1250 3421 1301 autem
3478 1245 3681 1313 istum,
3713 1263 3831 1319 quo

2185 1333 2242 1384 et
2271 1328 2499 1401 parvuli
2532 1333 2707 1402 atque
2738 1330 3018 1388 lactentes
3057 1332 3117 1388 in
3177 1334 3444 1406 ingressu
3503 1336 3830 1394 Jerusalem

2185 1417 2417 1473 Domini
2447 1419 2761 1476 Salvatoris
2793 1421 2882 1477 usi
2914 1426 3071 1478 sunt.
3108 1424 3343 1495 quando
3383 1424 3654 1481 dixerunt
3688 1442 3702 1483 :
3733 1428 3834 1483 Be-

2184 1507 2431 1563 nedictus
2489 1511 2584 1579 qui
2634 1512 2785 1565 venit
2838 1513 2899 1566 in
2954 1513 3178 1568 nomine
3232 1514 3474 1581 Domini,
3524 1530 3744 1572 osanna
3772 1518 3834 1572 in

2185 1599 2410 1652 excelsis
2434 1597 2640 1668 (Matth.
2675 1616 2789 1667 χχι,
2822 1600 2898 1669 9),
2942 1601 3198 1673 sumpsit
3253 1602 3323 1657 de
3379 1602 3697 1660 centesimo
3731 1590 3832 1661 de-

2188 1683 2340 1743 cimo
2372 1686 2622 1757 septimo
2654 1687 2884 1758 psalmo
2918 1689 3075 1758 (vers.
3118 1690 3230 1761 26),
3262 1690 3362 1761 qui
3419 1692 3731 1748 manifeste
3759 1693 3831 1749 de

2186 1775 2438 1831 adventu
2467 1776 2692 1831 Domini
2722 1776 2979 1849 scriptus
3031 1782 3138 1833 est.
3172 1780 3239 1833 Et
3297 1782 3452 1851 quod
3511 1780 3672 1849 dicit,
3722 1781 3835 1839 hoc

2184 1862 2309 1918 vult
2338 1863 2583 1938 intelligi
2621 1880 2635 1921 :
2662 1865 2785 1922 Nisi
2818 1867 3223 1938 paenitentiam
3256 1867 3490 1940 egeritis
3522 1871 3671 1941 (Luc.
3702 1887 3832 1939 XIII,

428 1954 794 2026 quaerentium
819 1955 1134 2025 Dominum,
1166 1956 1535 2025 quaerentium
1589 1955 1791 2024 faciem
1845 1954 1944 2009 Dei
1968 1957 2073 2011 Ja-
2106 1989 2155 2054 Β
2189 1952 2266 2025 3),
2298 1956 2357 2008 et
2386 1953 2639 2009 confessi
2671 1954 2898 2009 fueritis
2928 1954 3124 2027 ipsum
3157 1972 3249 2011 me
3278 1973 3426 2024 esse,
3460 1958 3531 2013 de
3560 1975 3676 2030 quo
3707 1975 3836 2031 pro-

428 2042 544 2099 cob.
568 2042 639 2098 Et
665 2043 725 2098 in
757 2042 872 2100 alio
903 2043 1029 2099 loco
1058 2044 1130 2100 de
1160 2044 1437 2100 omnibus
1491 2045 1711 2101 sanctis
1744 2060 1755 2098 :
1785 2044 2078 2100 Generatio

424 2134 703 2202 justorum
734 2132 1082 2189 benedicetur
1108 2132 1278 2206 (Psal.
1312 2151 1421 2201 cxx,
1453 2134 1529 2201 2).
1588 2137 1666 2187 De
1695 2132 1867 2189 malis
1920 2149 2075 2202 vero,

437 2227 503 2278 ut
530 2221 592 2278 in
623 2222 895 2294 praesenti
924 2222 1050 2278 loco
1083 2240 1095 2278 :
1122 2222 1410 2279 Generatio
1434 2224 1751 2295 viperarum
1770 2224 1939 2293 (Vers.
1965 2222 2076 2294 33).

430 2312 537 2368 Et:
571 2312 936 2383 Requirentur
962 2313 1154 2367 omnia
1176 2329 1211 2367 a
1234 2313 1593 2383 generatione
1615 2314 1739 2368 ista.
1755 2313 1825 2368 Et
1852 2311 1911 2366 in
1933 2313 2079 2366 Eze-

428 2399 604 2469 chiel,
635 2417 771 2458 cum
801 2406 1041 2475 peccata
1068 2405 1235 2458 terrae
1266 2401 1698 2474 descripsisset,
1723 2418 1914 2458 sermo
1946 2418 2079 2474 pro-

430 2488 699 2563 pheticus
730 2490 980 2561 adjecit:
1013 2491 1079 2548 Si
1101 2494 1238 2556 Noe,
1269 2496 1323 2548 et
1350 2492 1468 2561 Job,
1500 2500 1554 2547 et
1582 2492 1802 2563 Daniel,
1834 2488 1923 2547 ibi
1957 2494 2078 2563 fue-

430 2580 557 2635 rint
585 2581 819 2650 inventi,
849 2596 959 2636 non
988 2580 1274 2637 dimittam
1303 2588 1532 2653 peccata
1556 2584 1720 2638 terra:
1748 2582 1837 2636 illi
1866 2580 2076 2652 (Ezech.

432 2685 546 2740 Iuv,
580 2669 667 2740 14)
702 2687 715 2737 ;
758 2669 974 2726 Omnes
995 2670 1194 2742 justos
1224 2670 1326 2742 qui
1356 2669 1582 2726 similes
1636 2668 1825 2727 forent
1855 2670 2082 2726 virtuti-

434 2758 547 2814 bus
578 2773 779 2816 eorum
802 2760 929 2831 per3
952 2758 1069 2817 Noe
1099 2764 1156 2815 et
1183 2760 1294 2816 Job
1325 2762 1381 2815 et
1408 2759 1611 2817 Daniel
1644 2758 1841 2817 volens
1867 2758 2080 2815 intelli-

431 2848 515 2920 gi.
545 2847 694 2921 Ergo
725 2852 784 2904 et
811 2849 910 2904 isti
945 2848 1047 2921 qui
1065 2847 1286 2906 similia
1305 2848 1446 2906 Cain
1477 2854 1535 2906 et
1563 2848 1702 2906 Joas
1723 2852 1924 2904 contra
1943 2866 2081 2920 apo-

433 2935 617 2993 stolos
647 2937 1040 3010 gesserint,de
1072 2954 1188 2993 una
1207 2937 1583 3010 generatione
1604 2953 1732 2994 esse
1750 2938 2085 2994 referuntur

504 3024 667 3082 Vers.
697 3026 817 3098 37.)
853 3046 875 3076 α
902 3026 1250 3095 Jerusalem,
1282 3026 1631 3097 Jerusalem,
1684 3043 1811 3098 quae
1868 3026 2085 3082 occidis

428 3115 775 3188 prophetas,
806 3120 863 3174 et
890 3115 1122 3188 lepidas
1153 3133 1254 3173 eos
1284 3116 1387 3188 qui
1417 3117 1490 3173 ad
1550 3122 1606 3172 te
1673 3115 1840 3173 missi
1895 3120 2035 3174 sunt
2068 3133 2080 3171 :

434 3205 664 3277 quoties
691 3204 848 3262 volui
879 3220 1233 3279 congregare
1288 3206 1441 3261 ﬁlios
1489 3208 1643 3275 tuos,
1704 3206 2084 3277 quemadmo-

432 3295 581 3351 dum
611 3294 833 3368 gallina
860 3298 1176 3369 congregat
1202 3293 1397 3367 pullos
1428 3311 1568 3352 suos
1597 3295 1709 3351 sub
1741 3294 1886 3361 alas,
1917 3298 1974 3350 et
1989 3311 2088 3350 no-

2187 2040 2373 2113 phetce
2427 2042 2784 2113 cecinerunt,
2858 2042 3068 2098 Filium
3148 2044 3565 2118 omnipotentis
3620 2046 3830 2115 Patris,

2189 2134 2381 2186 meam
2413 2131 2619 2188 faciem
2651 2150 2767 2188 non
2795 2132 3085 2188 videbitis.
3135 2134 3360 2191 [labent
3412 2134 3597 2192 Judaei
3629 2136 3833 2193 datum

2194 2219 2306 2276 sibi
2327 2224 2562 2294 tempus
2592 2221 2940 2294 poenitentiae
2976 2238 2987 2278 :
3023 2224 3415 2280 conﬁteantur
3459 2225 3834 2282 benedictum

2189 2310 2289 2383 qui
2316 2310 2474 2367 venit
2502 2311 2559 2366 in
2593 2310 2828 2367 nomine
2848 2311 3103 2381 Domini,
3136 2316 3192 2367 et
3227 2312 3444 2370 Christi
3475 2330 3577 2369 ora
3605 2314 3837 2388 conspi-

2189 2401 2363 2457 cient.

2261 2490 2399 2562 Cap.
2433 2489 2626 2545 XXIV.
2662 2520 2728 2529 ——
2757 2489 2922 2545 Vers.
2959 2490 3008 2557 1,
3042 2490 3120 2560 2.)
3155 2514 3181 2540 α
3214 2491 3284 2545 Et
3337 2506 3610 2564 egressus
3668 2491 3840 2550 Jesus

2189 2580 2261 2636 de
2289 2579 2532 2652 templo,
2566 2579 2708 2634 ibat.
2743 2579 2808 2633 Et
2839 2584 3215 2635 accesserunt
3261 2580 3535 2653 discipuli
3591 2583 3741 2653 ejus,
3778 2587 3841 2641 ut

2191 2669 2569 2726 ostenderent
2600 2668 2652 2723 ei
2684 2668 3101 2723 mdiﬁcationes
3132 2667 3496 2741 templi.Ipse
3524 2674 3719 2727 autem
3750 2688 3838 2728 re-

2192 2759 2511 2831 spondens,
2546 2757 2692 2812 dixit
2721 2756 2840 2812 illis
2875 2775 2887 2823 ;
2919 2756 3146 2812 Videtis
3204 2758 3325 2813 haec
3381 2758 3630 2814 omnia?
3660 2761 3839 2818 Amen

2192 2848 2322 2904 dico
2353 2847 2520 2903 vobis
2560 2865 2573 2915 ;
2606 2863 2721 2901 non
2756 2844 3124 2916 relinquetur
3155 2844 3250 2900 hic
3280 2845 3431 2918 lapis
3489 2863 3668 2921 super
3693 2847 3839 2921 lapi-

2193 2939 2349 3008 dem,
2382 2936 2481 3008 qui
2513 2952 2629 2991 non
2662 2936 3016 2990 destruatur.
3053 2957 3080 2986 »
3113 2935 3290 2991 Juxta
3345 2935 3652 2993 historiam
3709 2953 3842 2994 ma-

2195 3025 2444 3082 nifestus
2474 3030 2562 3080 est
2591 3041 2821 3080 sensus.
2859 3022 3185 3079 Reoedente
3240 3028 3436 3080 autem
3496 3028 3740 3083 Domino
3771 3026 3843 3084 de

2195 3115 2642 3188 templo,omnia
2669 3113 2814 3184 legis
2846 3112 3112 3181 aediﬁcia,
3134 3117 3192 3168 et
3222 3113 3565 3187 compositio
3596 3117 3843 3173 manda-

2193 3211 2388 3262 torum
2421 3204 2502 3259 ita
2531 3205 2834 3259 destructa
2863 3206 2971 3268 est,
3005 3206 3069 3256 ut
3117 3200 3265 3257 nihil
3296 3220 3330 3258 a
3382 3202 3602 3261 Judaais
3658 3206 3847 3276 possit

2196 3294 2429 3368 impleri
2463 3312 2478 3350 :
2514 3298 2571 3348 et
2601 3293 2790 3365 capite
2812 3291 3068 3361 sublato,
3102 3292 3376 3348 universa
3405 3292 3557 3349 inter
3576 3310 3639 3350 se
3668 3310 3851 3352 mem-

442 3358 655 3441 luistivl
690 3406 718 3434 ››
746 3358 1110 3451 Jerusalem:
1129 3358 1246 3441 non
1276 3400 1417 3441 saxa
1445 3388 1504 3440 et
1544 3383 1787 3468 aediﬁcia
1812 3358 2083 3453 civitatis,
2117 3358 2160 3426 (ἶ
2199 3358 2307 3440 bra
2336 3358 2755 3455 compugnent.

436 3473 544 3531 sed
576 3472 939 3532 habitatores
966 3476 1150 3541 vocat,
1182 3489 1361 3545 quam
1390 3472 1617 3546 plangit
1642 3472 1826 3546 patris
1856 3472 2088 3540 affectu,

420 3562 594 3618 sicut
623 3567 678 3619 et
699 3563 758 3619 in
788 3563 903 3621 alio
936 3562 1063 3619 loco
1092 3561 1368 3635 legimus,
1401 3563 1559 3634 quod
1587 3563 1793 3618 videns
1823 3563 1954 3617 e'am
1988 3562 2091 3617 ﬂe-

436 3652 585 3709 verit
612 3651 761 3725 (Luc.
791 3670 909 3723 xxv,
941 3652 1049 3725 41).
1091 3653 1156 3708 In
1187 3669 1253 3709 eo
1281 3656 1477 3708 autem
1511 3651 1665 3724 quod
1718 3649 1863 3706 dicit
1894 3666 1907 3706 :
1947 3650 2088 3719 Quo-

306 3800 309 3803 ,
436 3742 539 3798 lies
564 3742 715 3798 volui
742 3757 1068 3813 congregare
1096 3740 1240 3812 ﬁlios
1282 3746 1425 3806 tuos,
1485 3755 1690 3797 omnes
1747 3743 1898 3795 retro
1953 3754 2089 3811 pro-

338 3864 343 3865 ί
420 3830 645 3903 pbetas
673 3848 709 3887 a
737 3847 800 3887 se
821 3830 1039 3887 missos
1067 3846 1198 3887 esse
1226 3833 1493 3886 testatur.
1555 3822 1796 3885 Gallinas
1855 3843 2090 3901 quoque

417 3919 882 3977 similitudinem
908 3920 1323 3995 congregantis
1355 3919 1467 3976 sub
1514 3917 1640 3975 alas
1670 3916 1863 3990 pullos
1923 3933 2084 3987 suos,

418 4009 483 4065 in
515 4009 743 4067 cantico
770 4007 1214 4066 Deuteronomii
1245 4007 1500 4081 legimus
1526 4022 1541 4062 :
1576 4006 1728 4063 Sicut
1755 4006 1951 4078 aquila
1964 4021 2090 4078 pro-

417 4100 562 4168 tegit
589 4099 786 4155 nidum
814 4115 1000 4168 suum,
1032 4102 1098 4154 at
1128 4113 1296 4171 super
1318 4097 1501 4169 pullos
1530 4113 1660 4154 suos
1685 4095 2016 4152 desideravit
2042 4096 2085 4165 ³,

425 4190 752 4262 expandens
778 4189 902 4245 alas
929 4204 1065 4245 suas
1091 4188 1330 4260 suscepit
1377 4189 1427 4244 et
1475 4185 1615 4241 tulit
1660 4201 1827 4258 super
1872 4200 2085 4257 pennas

411 4294 441 4333 s
456 4294 558 4334 uas
586 4280 766 4351 (Deut.
801 4295 979 4345 xxxu,
1012 4278 1069 4334 il
1084 4279 1121 4349 ).

494 4368 652 4425 192
682 4371 703 4438 (
730 4368 897 4425 Vers.
932 4368 1048 4439 30.)
1083 4389 1113 4418 «
1145 4371 1287 4423 Ecce
1345 4364 1711 4437 relinquetur
1763 4363 1926 4420 vobis
1979 4364 2080 4419 do-

414 4473 555 4514 mus
580 4460 784 4514 vestra
817 4457 1054 4514 desera.
1092 4476 1122 4506 ››
1154 4459 1274 4513 Hoc
1304 4454 1498 4527 ipsum
1519 4470 1589 4510 ex
1612 4470 1904 4527 personna
1929 4453 2082 4511 Jere—

420 4546 556 4603 mia
579 4546 705 4616 jam
733 4550 870 4604 ante
907 4546 1171 4603 dixerat:
1211 4544 1430 4616 Reliqui
1483 4543 1703 4600 domum
1756 4560 1957 4611 meam,
1987 4543 2079 4599 di-

416 4639 551 4693 misi
576 4636 962 4695 haereditatem
1004 4651 1188 4691 meam
1216 4653 1234 4689 :
1264 4636 1416 4706 facta
1464 4637 1546 4690 est
1599 4634 1741 4688 mihi
1787 4633 2080 4689 hwreditas

2275 3473 2462 3545 (Vers.
2492 3472 2549 3540 3,
2582 3473 2660 3538 4.)
2692 3492 2720 3520 ‹‹
2753 3470 3001 3525 Sedente
3031 3472 3227 3526 autem
3259 3486 3325 3526 eo
3382 3487 3561 3543 super
3588 3475 3849 3529 montem

2201 3561 2432 3632 Oliveti,
2464 3562 2838 3616 accesserunt
2868 3558 2938 3613 ad
2970 3575 3102 3613 eum
3153 3558 3426 3630 discipuli
3483 3564 3725 3629 secreto,
3761 3560 3851 3617 di-

2202 3654 2398 3706 centes
2431 3667 2442 3705 :
2476 3648 2578 3704 Dic
2602 3648 2771 3703 nobis
2804 3648 3039 3718 quando
3071 3647 3193 3702 haec
3218 3651 3413 3718 erunt,
3445 3652 3503 3704 et
3559 3649 3713 3720 quod
3767 3649 3848 3706 si-

2199 3757 2380 3814 gnum
2413 3738 2699 3795 adventus
2723 3736 2834 3803 tui,
2856 3740 2914 3792 et
2945 3737 3472 3793 consummationis
3502 3737 3700 3795 saeculi
3731 3738 3759 3793 ‘l
3781 3740 3851 3795 Et

2200 3829 2563 3902 respondens
2609 3828 2803 3894 Iesus,
2861 3825 3005 3881 dixit
3044 3825 3128 3881 eis
3162 3844 3175 3883 :
3208 3826 3411 3882 Videte
3459 3844 3531 3884 ne
3586 3826 3690 3900 qui
3744 3843 3848 3886 vos

2200 3920 2468 3976 seducat.
2507 3939 2535 3966 ››
2564 3917 2735 3971 Sedet
2766 3915 2824 3970 in
2886 3919 3082 3972 monte
3111 3914 3339 3983 Oliveti,
3397 3916 3499 3972 ubi
3527 3932 3730 3974 verum
3755 3916 3846 3975 Iu-

2198 4026 2332 4065 men
2391 4006 2645 4064 scientiis
2704 4004 3076 4071 nascebatur,
3123 4008 3179 4060 et
3236 4006 3519 4062 accedunt
3582 4006 3654 4062 ad
3711 4022 3848 4064 eum

2197 4081 2352 4154 ἱθῧ
2383 4094 2659 4166 discipuli
2691 4097 2934 4160 secreto,
2966 4093 3067 4164 qui
3097 4094 3378 4165 mysteria
3405 4097 3463 4151 et
3509 4095 3846 4153 futurorum

2195 4184 2609 4242 revelationem
2638 4198 2810 4237 nosse
2840 4181 3170 4252 cupiebant,
3203 4185 3259 4237 et
3288 4182 3656 4255 interrogant
3684 4183 3799 4240 tria
3829 4200 3844 4250 ;

2194 4276 2317 4341 Quo
2350 4280 2609 4345 tempore
2638 4268 2967 4327 Jerusalem
3000 4269 3356 4325 destruenda
3410 4270 3488 4325 sit
3519 4288 3533 4338 ;
3561 4287 3678 4343 quo
3706 4287 3846 4327 ven-

2195 4369 2364 4421 turus
2396 4361 2666 4419 Christus
2701 4377 2714 4428 ;
2749 4376 2862 4431 quo
2907 4358 3336 4415 consummatio
3393 4357 3589 4415 saeculi
3648 4359 3845 4417 futura

2190 4455 2287 4513 sit.

2261 4543 2449 4613 (Vers.
2481 4542 2561 4610 5.)
2612 4560 2637 4591 ‹‹
2668 4538 2834 4595 Multi
2864 4538 3018 4594 enim
3071 4536 3306 4593 venient
3334 4537 3393 4592 in
3442 4536 3679 4595 nomine
3711 4554 3839 4596 meo

2189 4634 2448 4690 dicentes
2482 4648 2495 4686 :
2530 4632 2648 4701 Ego
2680 4646 2812 4685 sum
2845 4628 3136 4694 Christus,
3179 4632 3237 4683 et
3284 4626 3503 4685 multos
3531 4628 3835 4685 seducent.

416 4743 541 4784 mea
598 4728 768 4800 quasi
802 4727 1064 4799 spelunca
1128 4724 1343 4798 hywnae
1404 4724 1425 4758 "
1491 4723 1711 4795 (Jerem.
1780 4740 1881 4791 x11,
1948 4724 2002 4792 7,
2033 4724 2067 4777 8
2097 4732 2145 4798 D
2176 4727 2434 4792 Quorum
2493 4736 2648 4775 unus
2708 4722 2793 4775 est
2841 4718 3041 4774 Simon
3081 4716 3506 4785 Samaritanus,
3538 4734 3716 4790 quem
3774 4718 3836 4775 in

418 4850 754 4926 signiﬁcare
770 4851 1070 4926 justitiam,
1129 4853 1262 4906 ante
1317 4847 1717 4926 Martianaeum
1774 4846 2067 4926 Victorius

417 4920 722 4997 ut‘cunqne
751 4920 1058 4997 ostendere
1100 4925 1346 4997 conatus
1402 4924 1492 4997 est
1547 4937 1638 4997 ea
1671 4936 1759 4990 eo,
1817 4920 1974 4997 quod
2003 4920 2065 4975 in

416 4991 738 5076 Scripturis
766 4996 996 5076 scientia
1022 4994 1264 5076 Domini,
1305 5010 1409 5076 pro
1446 4992 1674 5076 justitia
1732 5008 1797 5047 ac
1831 4991 2068 5076 veritate

417 5063 762 5141 accipiatur.
798 5070 932 5122 Late
961 5066 1145 5141 enim,
1173 5063 1411 5141 inquit,
1435 5063 1683 5141 justitiae
1743 5080 1850 5141 vox
1887 5068 2066 5141 patet,

418 5136 576 5197 unde
600 5138 868 5195 Psalmus
896 5153 1034 5193 XVIII
1067 5153 1079 5191 :
1113 5138 1351 5193 Iustitiae
1383 5136 1605 5192 Domini
1662 5140 1839 5205 rectas,
1892 5136 2071 5206 laetiﬁ-

414 5220 600 5270 cantes
627 5211 794 5269 corda
824 5228 844 5265 :
875 5215 1219 5281 Praeceptum
1233 5209 1455 5281 Domini
1481 5206 2073 5281 lucidumitluminans

415 5285 620 5353 oculos,
652 5281 909 5339 similem
940 5278 1118 5338 habet
1148 5278 1635 5353 signiﬁcationem
1693 5278 1931 5353 Vosque
1960 5280 2068 5336 He-

416 5350 618 5414 braica
643 5354 726 5412 ibi
754 5369 872 5411 non
906 5356 996 5411 est
1026 5350 1319 5441 ipwr,sed
1350 5361 1542 5439 mpn.
1577 5350 1740 5407 Sicut
1771 5350 2070 5423 Psal.xvn,

415 5451 481 5506 Et
494 5448 770 5521 justitias
795 5446 918 5521 ejus
940 5460 1053 5521 non
1078 5444 1267 5521 populi
1294 5460 1329 5499 a
1356 5460 1474 5513 me;
1506 5459 1610 5514 pro
1633 5441 1899 5514 justitias
1920 5442 2069 5514 ejus,

414 5516 627 5608 ΊΊΓῙῚΡΠ
660 5516 873 5608 legitur
902 5516 961 5573 in
991 5516 1248 5608 Hebraeo.

489 5611 507 5646 ¹
542 5602 688 5665 Tres
720 5607 904 5663 Palat.
942 5623 1111 5676 mss.,
1144 5606 1350 5675 Regula
1381 5605 1799 5676 Scripturarum
1824 5602 2074 5668 est,duas

420 5682 806 5757 generationes
836 5675 1102 5735 bonorum
1128 5682 1183 5734 et
1209 5678 1486 5734 malorum
1507 5675 1797 5747 ’nosse,hoc
1833 5683 1929 5741 est,
1963 5677 2071 5729 etc.

494 5774 519 5807 ²
542 5766 826 5828 Voculam
852 5783 977 5842 per,
1003 5768 1275 5841 ignorant
1303 5765 1551 5824 Palatini
1582 5783 1726 5825 mss.

497 5862 525 5895 ³
548 5860 734 5920 Iidem
766 5874 938 5932 mss.,
967 5857 1237 5918 desirerat
1266 5872 1282 5928 ;
1306 5855 1524 5916 rectius
1552 5871 1689 5914 vero
1708 5853 1781 5913 ad
1812 5852 2074 5911 Graecum

2177 4852 2426 4915 textum,
2460 4861 2597 4918 cum
2615 4844 2767 4918 olim
2798 4843 3078 4918 vulgatis,
3108 4843 3284 4900 verbo
3314 4845 3576 4918 suscepit,
3608 4844 3837 4901 addunt

2178 4938 2264 4979 eos
2288 4939 2306 4976 :
2338 4912 2548 4986 Graece,
2583 4912 2794 4984 ἐδέξατο
2818 4912 3032 4975 αὖτόύς.

2249 4994 2270 5027 ⁴
2302 4993 2365 5047 In
2396 4983 2733 5046 vetustioris
2765 4989 2947 5059 Palat.
2983 4986 3202 5043 codicis
3233 4986 3366 5044 albo
3396 4986 3455 5043 in
3488 4986 3646 5045 calce
3674 4983 3834 5059 pagi-

2178 5083 2264 5121 na:
2297 5063 2409 5137 huc
2442 5063 2764 5137 revocanda
2793 5058 2853 5114 in
2886 5063 3105 5137 textqu
3138 5059 3260 5114 hzoc
3304 5057 3825 5137 subdunturglos-

2181 5134 2392 5194 satoris
2418 5135 2593 5190 verba
2626 5150 2638 5187 :
2679 5155 2699 5182 α
2735 5137 2833 5186 Est
2890 5129 3109 5187 animal
3169 5132 3323 5202 quod
3381 5136 3573 5202 Graece
3611 5128 3827 5182 dicitur

2180 5210 2403 5281 hyaena,
2438 5206 2638 5261 Latine
2671 5203 2883 5271 bellua,
2918 5204 2989 5258 de
3022 5200 3268 5281 quale;
3307 5202 3492 5281 dicit“:
3525 5200 3641 5254 Non
3670 5213 3825 5278 man-

2180 5271 2407 5336 ditcabis
2435 5280 2714 5350 hyaenam,
2748 5291 2923 5350 neque
2953 5271 3093 5350 quod
3114 5276 3297 5350 simile
3320 5281 3397 5329 est
3425 5271 3545 5350 illi,
3565 5271 3828 5350 quoniam

2184 5338 2531 5408 immundum
2559 5338 2772 5405 animal
2814 5338 2911 5402 est.
2950 5338 3679 5419 r‘Physiologusudicit‘ﬁe
3734 5354 3822 5406 eo,

2182 5424 2463 5497 quoniam
2496 5423 2644 5497 duas
2675 5424 2916 5497 naturas
2945 5409 3123 5497 habet
3139 5409 3824 5497 quodaliquandqmas:

2184 5482 2352 5552 Euius
2379 5499 2486 5560 est,
2521 5492 2837 5567 aliquando
2872 5490 3104 5567 femina.
3136 5482 3490 5567 Cuisimiles
3548 5482 3823 5567 aestimati

2184 5574 2323 5624 sunt
2355 5552 2689 5631 lilii'Israél,
2723 5562 3002 5633 quoniam
3032 5562 3102 5635 ab
3133 5555 3294 5635 initio
3345 5552 3583 5635 quidem
3607 5554 3826 5635 servie-

2184 5645 2323 5695 runt
2351 5643 2465 5693 Deo
2496 5637 2644 5701 vivo,
2679 5624 2879 5706 postea
2909 5648 3040 5687 vero
3071 5625 3290 5683 deliciis
3321 5629 3378 5681 et
3428 5624 3677 5684 luxuriis
3725 5629 3823 5684 de-

2184 5711 2311 5775 diti,
2343 5708 2499 5765 idola
2529 5707 2830 5763 coluerint.
2870 5727 2890 5751 »ι

2256 5784 2277 5818 ⁵
2299 5767 2374 5837 ‘In
2406 5780 2588 5837 Palat.
2621 5794 2789 5841 mss.,
2822 5771 2971 5842 Quod
2998 5778 3126 5826 ante
3155 5767 3414 5841 fulgebat
3440 5777 3752 5845 augustum.

2254 5856 2278 5891 ⁶
2303 5854 2428 5913 Duo
2460 5868 2628 5921 mss.,
2661 5851 2756 5921 qui
2783 5851 3043 5901 venturus
3070 5846 3171 5899 est.
3488 5886 3492 5891 .
