4304 6640
473 433 589 500 183

1720 438 1787 502 S.
1831 436 2147 502 EUSEBII
2190 437 2634 502 HIERONYMI

3756 430 3873 493 184

470 568 710 625 Actibus
738 568 1138 642 apostolorum
1169 569 1440 643 legimus,
1473 570 1574 644 qui
1603 587 1666 627 se
1717 587 1991 643 magnam
2023 570 2115 625 di-
2144 572 2199 638 Α
2229 570 2390 643 regni
2424 571 2481 626 in
2515 571 2780 626 uoiverso
2811 570 2970 636 orbe,
3004 568 3065 624 in
3123 563 3527 623 testimonium
3584 563 3867 621 omnibus

476 658 644 715 cebat
672 674 802 714 sese
830 659 930 716 Dei
960 660 1239 716 virtutem
1278 662 1414 729 (Act.
1470 678 1593 727 vui,
1656 662 1761 731 10),
1821 661 1944 715 hinc
1974 677 2115 731 quo-

485 764 599 819 que
654 746 807 802 inter
863 749 969 817 [Αἰ.
1021 748 1098 821 et]
1155 754 1361 805 caetera
1419 750 1476 804 in
1535 750 1660 805 suis
1720 748 2118 803 voluminibus

479 836 705 908 scripta
734 836 1037 893 dimittens
1070 855 1082 893 :
1117 840 1225 910 Ego
1280 856 1399 894 sum
1454 855 1627 894 sermo
1685 840 1801 905 Dei,
1855 853 1948 908 ego
1998 854 2118 892 sum

475 927 752 998 speciosus
782 942 875 998 ego
902 929 1234 999 paracletus,
1267 945 1368 1002 ego
1395 931 1752 999 omnipotens,
1811 942 1908 998 ego
1935 928 2120 982 omnia

474 1015 592 1070 Dei.
627 1014 739 1070 Sed
776 1020 831 1070 et
861 1016 1118 1071 Joannes
1149 1017 1449 1090 apostolus
1482 1018 1539 1072 in
1592 1016 1839 1088 epistola
1889 1032 1996 1071 sua
2040 1015 2118 1070 lo-

475 1102 729 1174 quitur:
793 1105 1035 1160 Audistis
1086 1108 1217 1176 quia
1274 1107 1641 1161 .-lntichristus
1698 1113 1958 1160 venturus
2015 1112 2115 1169 est,

478 1208 629 1247 nunc
659 1201 841 1248 autem
873 1193 1190 1249 Antichristi
1218 1196 1383 1249 multi
1427 1198 1553 1249 sunt
1612 1196 1654 1261 (Ι
1684 1196 1847 1249 Ιοαη.
1912 1211 1971 1259 ιι,
2008 1193 2116 1263 18).

479 1280 596 1352 Ego
645 1298 776 1336 reor
827 1298 1027 1337 omnes
1083 1282 1496 1338 haeresiarchas
1528 1281 1917 1337 Antichristos
1966 1298 2116 1336 esse.

479 1373 537 1424 et
566 1370 675 1425 sub
707 1371 939 1425 nomine
971 1370 1183 1425 Christi
1233 1387 1301 1426 ea
1362 1372 1589 1436 docere,
1647 1387 1774 1442 qua:
1831 1369 2123 1425 contraria

478 1463 618 1513 sunt
638 1457 884 1514 Christo.
913 1463 1027 1515 Nec
1055 1461 1269 1514 mirum
1305 1460 1353 1515 si
1386 1460 1615 1532 aliquos
1671 1461 1741 1514 ab
1799 1459 1893 1513 his
1924 1456 2121 1514 videa~

479 1562 612 1603 mus
642 1548 861 1618 seduci,
887 1565 1023 1603 cum
1058 1550 1343 1604 Dominus
1376 1548 1623 1604 dixerit:
1658 1550 1721 1604 Et
1741 1550 1939 1603 multos
1967 1548 2123 1603 sedu-

476 1639 615 1690 cent.

549 1724 734 1796 (Vers.
766 1725 845 1795 6.)
881 1744 906 1776 α
938 1724 1213 1780 Audituri
1242 1726 1398 1781 enim
1458 1726 1600 1781 estis
1637 1725 1852 1798 praelia,
1914 1730 1971 1781 et
2001 1725 2123 1797 opi-

478 1812 683 1868 niones
706 1811 1041 1884 praeliorum
1075 1814 1304 1869 :videte
1364 1832 1435 1868 ne
1497 1814 1835 1870 turbemini.
1890 1814 2127 1886 Oportet

478 1899 637 1956 enim
671 1900 791 1955 haec
824 1901 946 1957 ﬁeri
983 1920 995 1970 ;
1032 1902 1131 1957 sed
1158 1903 1420 1957 nondum
1452 1909 1539 1959 est
1572 1903 1729 1959 ﬁnis.
1769 1926 1788 1951 ι
1826 1904 1971 1958 Cum
2005 1903 2125 1957 haec

482 1988 664 2061 igitur
692 1990 817 2045 ﬁeri
847 1989 1187 2059 viderimus,
1222 2008 1337 2047 non
1378 1998 1665 2064 “putemus
1723 1992 1875 2048 diem
1907 1992 2127 2048 instare

478 2077 715 2149 judicii,
748 2081 850 2135 sed
880 2077 942 2133 in
1002 2084 1236 2153 tempus
1292 2080 1436 2136 illud
1495 2082 1796 2148 reservari,
1848 2083 2016 2151 cujus
2049 2082 2125 2136 si-

487 2183 670 2240 gnum
701 2169 1008 2241 perspicue
1039 2169 1096 2223 in
1124 2171 1623 2242 consequentibus
1655 2171 1911 2242 ponitur.

558 2256 738 2327 (Vers.
760 2258 814 2323 7,
842 2260 922 2327 8.)
956 2279 982 2308 «
1016 2258 1344 2331 Consurget
1372 2260 1526 2315 enim
1586 2270 1730 2332 gens
1759 2266 1960 2315 contra
1989 2274 2128 2331 gen-

485 2348 627 2412 tem,
658 2348 715 2401 et
745 2362 989 2420 regnum
1022 2352 1224 2402 contra
1255 2365 1521 2419 regnum,
1555 2354 1612 2403 et
1642 2353 1809 2403 erunt
1850 2348 2126 2418 pestilen-

486 2433 580 2488 tiae
611 2438 668 2489 et
697 2435 902 2502 fames,
937 2440 993 2489 et
1020 2441 1184 2491 terra:
1218 2440 1413 2491 motus
1445 2453 1545 2507 per
1603 2436 1746 2491 loca.
1780 2460 1807 2484 ‹‹
1844 2436 1971 2490 Haec
2028 2452 2129 2489 au-

488 2524 608 2577 tem
642 2522 839 2577 omnia
866 2522 1037 2580 initia
1067 2526 1206 2578 sunt
1248 2524 1534 2582 dolorum.
1571 2546 1599 2573 ››
1631 2525 1754 2579 Non
1815 2523 2046 2595 ambigo
2077 2527 2134 2578 et

494 2609 617 2666 hac
659 2612 897 2682 quidem
946 2612 1117 2683 juxta
1169 2612 1419 2669 litteram
1479 2615 1671 2669 futura
1731 2630 1856 2685 qua:
1918 2613 2135 2683 scripta

487 2704 628 2756 sunt
661 2717 673 2755 :
708 2700 809 2756 sed
842 2701 984 2755 mihi
1016 2701 1247 2757 videtur
1275 2719 1520 2773 regnum
1553 2707 1756 2758 contra
1778 2719 2043 2774 regnum,
2078 2704 2135 2757 et

486 2788 821 2862 pestilentia
851 2806 1076 2857 eorum,
1109 2807 1359 2862 quorum
1394 2808 1584 2847 sermo
1617 2792 1800 2863 serpit
1830 2796 1896 2845 ut
1926 2807 2135 2846 cancer

485 2878 561 2948 (Il
596 2879 728 2933 Tim.
764 2895 827 2945 11,
863 2879 972 2949 17),
1033 2883 1091 2933 et
1144 2880 1327 2934 fames
1386 2879 1659 2934 audiendi
1717 2880 1957 2935 verbum
2009 2878 2131 2943 Dei,

489 2969 546 3021 et
576 2966 889 3021 commotio
922 2967 1204 3022 universae
1235 2972 1422 3032 terrae,
1457 2972 1513 3022 et
1546 2985 1580 3022 a
1635 2984 1770 3022 vera
1826 2968 1937 3022 ﬁde
1965 2983 2130 3040 sepa-

492 3054 668 3115 ratio.
700 3054 761 3108 in
792 3052 1079 3110 haereticis
1128 3054 1317 3126 magis
1374 3054 1641 3126 intelligi,
1697 3055 1794 3126 qui
1840 3059 2042 3111 contra
2073 3071 2135 3110 se

500 3141 749 3197 invicem
781 3141 1150 3210 dimicantes,
1205 3143 1471 3197 Ecclesia:
1531 3144 1833 3198 victoriam
1893 3144 2131 3198 faciunt.

490 3230 653 3295 Quod
694 3234 889 3285 autem
937 3230 1076 3285 dirit.
1108 3247 1119 3285 :
1157 3232 1275 3287 Haec
1331 3240 1515 3287 autem
1568 3235 1760 3287 omnia
1816 3234 1979 3287 initia
2010 3240 2137 3287 sunt

496 3318 769 3388 dolorum,
832 3317 1044 3374 melius
1102 3321 1471 3389 transfertur,
1523 3322 2009 3393 parturitionum:
2067 3305 2201 3376 utC

488 3407 656 3479 quasi
691 3412 1005 3478 conceptus
1035 3408 1276 3479 quidam
1308 3408 1592 3464 adventus
1620 3409 1984 3480 Antichristi,
2018 3427 2131 3466 non

485 3502 688 3567 partus
720 3496 1100 3568 intelligatur.

558 3586 742 3657 (Vers.
776 3586 855 3655 9.)
890 3608 917 3636 «
950 3586 1111 3641 Tunc
1142 3587 1373 3642 tradent
1410 3603 1511 3642 vos
1560 3588 1618 3641 in
1668 3586 2130 3658 tribulationem,

485 3677 543 3729 et
570 3674 838 3729 occident
865 3691 967 3729 vos
1002 3692 1015 3741 ;
1048 3680 1105 3729 et
1141 3674 1301 3729 eritis
1354 3675 1486 3729 odio
1544 3676 1821 3730 omnibus
1861 3677 2136 3747 gentibus

492 3762 650 3816 194
681 3767 917 3833 prepter
946 3779 1157 3817 nomen
1194 3778 1411 3817 meum.
1446 3785 1473 3812 ‹‹
1511 3764 1614 3818 Per
1660 3764 1956 3836 apostolos
2006 3781 2133 3819 om-

495 3850 659 3905 nium
692 3849 1057 3905 credentium
1106 3867 1356 3921 persona
1405 3852 1690 3921 signatur,
1751 3848 1865 3907 non
1924 3868 2039 3924 quo
2071 3869 2187 3953 εκ

2186 3954 2225 3995 ἡ-

490 3945 755 4009 tempore
785 3937 1031 4009 apostoli
1063 3939 1121 3993 in
1155 3955 1393 4010 corpore
1424 3940 1748 4012 reperiendi
1771 3942 1910 3997 sint.

565 4027 751 4096 (Vers.
787 4028 874 4097 12,
908 4026 1019 4098 13.)
1054 4050 1078 4077 ι‹
1114 4029 1182 4083 Et
1207 4027 1481 4098 quoniam
1541 4029 1865 4085 abundabit
1921 4030 2135 4103 iniqui-

493 4118 606 4182 tas,
642 4115 977 4188 refrigescet
1004 4115 1257 4172 charitas
1290 4117 1741 4182 multorum.Qui
1775 4124 1969 4175 autem
2004 4136 2138 4192 per-

495 4206 843 4261 severaverit
902 4222 1090 4278 usque
1147 4207 1220 4262 ad
1278 4208 1479 4273 finem,
1548 4206 1641 4262 hic
1695 4209 1890 4264 salvus
1946 4209 2074 4263 erit.
2111 4230 2132 4257 ιι

493 4293 623 4350 Non
656 4295 918 4350 omnium
947 4297 1181 4367 negavit
1206 4296 1402 4362 fidem,
1446 4296 1545 4351 sed
1596 4296 1938 4351 multorum.
1974 4295 2140 4351 Multi

494 4383 651 4438 enim
685 4384 891 4451 vocati,
926 4384 1092 4455 pauci
1124 4401 1258 4439 vero
1291 4383 1480 4439 electi.
1541 4385 1687 4438 Nam
1746 4385 1800 4439 in
1862 4385 2140 4456 apostolis

497 4475 557 4526 et
587 4470 882 4526 similibus
914 4488 1116 4525 eorum
1156 4489 1544 4544 permansura
1598 4478 1685 4528 est
1739 4472 2012 4542 charitas,
2070 4476 2140 4531 de

498 4575 615 4631 qua
638 4558 923 4631 scriptum
954 4563 1044 4614 est
1075 4576 1087 4613 :
1118 4561 1282 4631 Aquae
1334 4562 1522 4615 multis
1575 4578 1687 4617 non
1741 4568 1997 4630 poterunt
2049 4580 2142 4620 erc-

500 4649 783 4718 stinguere
813 4648 834 4680 ²
862 4646 1185 4702 eharitatem
1214 4648 1391 4713 (Cant.
1427 4666 1543 4715 vm,
1582 4652 1658 4721 7).
1693 4652 1760 4705 Et
1818 4652 1941 4722 ipse
2000 4654 2139 4710 Pau-

497 4734 592 4789 lus
626 4752 638 4789 :
672 4735 814 4805 Quis
848 4750 947 4789 nos
974 4737 1257 4805 separabit
1283 4753 1317 4789 α.
1369 4737 1630 4793 σΙιανὶίιιίε
1679 4738 1885 4793 Christi
1912 4743 1938 4793 .9
1964 4741 2137 4795 tribu-

499 4824 652 4893 latio,
685 4840 759 4877 an
788 4826 1067 4893 angustia,
1102 4842 1178 4878 an
1231 4827 1404 4895 [alnos
1465 4828 1643 4897 (Rom.
1703 4845 1825 4897 Vlll,
1882 4829 1996 4900 35.)
2028 4829 2055 4884 ?
2085 4834 2142 4884 et

498 4910 745 4982 reliqua.

570 4999 753 5071 (Vers.
788 5000 900 5070 14.)
930 5023 959 5051 ‹‹
997 5002 1064 5055 Et
1120 5002 1534 5074 praedicabitur
1593 5004 1701 5060 hoc
1760 5006 2139 5079 Evangelium

573 5180 839 5265 ‘Aucto‘r
856 5179 1345 5275 νςιξηδιίιιιιίφιαη]
1404 5182 1695 5275 ίίλωδίοζῐρζ
1746 5178 1980 5275 σίδαμεῖ
2037 5185 2137 5257 γὰρ

500 5245 666 5325 ὅτι-οξ
697 5245 1080 5325 περὶᾼΣίιλωνα
1132 5251 1221 5303 καὶ
1282 5245 1538 5305 Κλεὸὃιον
1598 5250 1733 5322 ἰώδη
1796 5245 2137 5325 συκίτάξανὲεξ

504 5319 693 5399 βιρλία
726 5319 806 5375 eis
837 5319 1063 5393 ὀνόματι
1122 5327 1372 5399 lignatio,
1424 5323 1513 5378 καί
1562 5328 1668 5377 τῶν
1724 5319 1985 5396 ’μαθητῶῦ
2048 5326 2138 5380 αὖε

500 5392 1046 5469 ’ἑοῖ-περιφέροῡσιν
1106 5392 1181 5469 sic
1236 5392 1473 5469 ἀπάτην,
1533 5401 1640 5451 etc.
1696 5392 1912 5453 Scimus
1969 5402 2137 5465 enim,

503 5464 644 5535 quod
668 5464 761 5534 qui
788 5464 1067 5522 Simonem
1099 5466 1486 5536 Cleobimnque
1529 5473 1822 5534 sectantur,
1856 5464 2139 5526 venenatos

503 5546 870 5613 componentes
902 5538 1071 5593 libros
1100 5538 1199 5592 sub
1235 5537 1442 5613 Christi
1469 5543 1522 5592 et
1559 5539 1975 5613 discipulorum
2021 5544 2138 5613 ejus

511 5608 734 5660 nomine
761 5608 1154 5678 circumferunt
1184 5609 1254 5664 ad
1290 5610 1628 5681 decipiendos
1689 5608 1793 5666 vus.
1859 5608 2139 5668 Memorat

506 5692 737 5761 quoque
757 5680 980 5761 .A'uctor
1005 5682 1319 5761 de‘Dlivinis
1342 5680 1810 5761 nomilzibusmap.
1844 5682 2137 5761 6_2_.‘.‘.iy.w-

505 5766 599 5806 νος
630 5747 1029 5823 ἀντιῤῥητικνῦς
1078 5748 1298 5826 λόγους.
1362 5759 1422 5809 In
1483 5747 1707 5809 Prmfat.
1758 5747 2028 5813 'Arabica'
2064 5759 2133 5813 ad

2227 661 2503 732 gentibus
2541 677 2555 728 ;
2586 665 2645 716 et
2671 664 2810 715 tunc
2840 657 3029 714 veniet
3072 654 3522 713 consummatio.
3556 674 3582 706 ιι
3625 655 3868 726 Signum

2227 749 2515 804 Dominici
2547 751 2831 805 adventus
2861 752 2968 814 est,
3004 745 3381 817 Evangelium
3438 745 3497 799 in
3552 747 3674 798 toto
3732 744 3871 797 orbe

2228 837 2528 909 praedicari
2555 841 2620 892 ut
2649 837 2845 892 nullus
2877 836 2954 891 sit
2985 832 3332 890 excusabilis
3366 851 3378 900 ;
3413 832 3568 904 quod
3621 836 3723 886 aut
3745 832 3870 903 jam

2229 925 2604 998 completum,
2632 930 2734 981 aut
2762 926 2819 980 in
2853 924 3010 979 brevi
3042 923 3337 979 cernimus
3395 938 3525 977 esse
3574 920 3871 992 complen-

2228 1015 2391 1070 dum.
2426 1016 2549 1070 Non
2583 1015 2739 1070 enim
2772 1018 2913 1086 puto
2945 1013 3201 1084 aliquam
3230 1010 3583 1068 remansisse
3612 1013 3868 1083 gentem,

2229 1121 2357 1175 qua:
2389 1104 2601 1159 Christi
2663 1120 2876 1159 nomen
2935 1104 3182 1174 ignoret.
3243 1105 3310 1155 Et
3364 1115 3705 1172 quanquam
3757 1114 3873 1154 non

2229 1194 2499 1249 habuerit
2528 1193 2988 1266 praedicatorem,
3020 1197 3215 1247 tamen
3248 1208 3316 1246 ex
3372 1189 3580 1245 vicinis
3621 1188 3874 1244 nationi-

2230 1283 2341 1338 bus
2373 1282 2706 1354 opinionem
2740 1282 2875 1337 fidei
2903 1298 3015 1337 non
3051 1285 3241 1353 potest
3274 1280 3561 1354 ignorare.

2302 1372 2487 1440 (Vers.
2524 1373 2636 1439 15.)
2672 1394 2697 1419 ››
2727 1375 2869 1425 Cum
2904 1386 3042 1442 ergo
3072 1368 3331 1424 videritis
3381 1365 3875 1423 abominationem

2231 1458 2633 1528 desolationis,
2666 1476 2791 1530 qua:
2848 1458 3005 1513 dicta
3053 1463 3142 1513 est
3199 1475 3233 1513 a
3283 1455 3513 1513 Daniele
3571 1456 3879 1529 propheta,

2232 1552 2484 1605 stantem
2542 1548 2599 1602 in
2650 1548 2775 1603 loco
2824 1552 3046 1615 sancto,
3103 1546 3203 1618 qui
3259 1546 3422 1618 legit,
3474 1545 3785 1617 intelligat.
3850 1566 3879 1593 »

2232 1638 2474 1702 Quando
2509 1637 2579 1693 ad
2612 1636 3057 1708 intelligentiam
3106 1651 3509 1708 provocamur,
3562 1634 3877 1707 mysticum

2235 1730 2601 1785 monstratur
2628 1743 2756 1781 esse
2786 1727 2943 1798 quod
2970 1726 3195 1781 dictum
3227 1729 3333 1780 est.
3378 1723 3652 1797 Legimus
3683 1731 3879 1779 autem

2234 1816 2292 1871 in
2325 1814 2562 1871 Daniele
2592 1815 2700 1870 hoc
2758 1816 2931 1869 modo
2962 1831 2974 1869 :
3008 1817 3083 1870 Et
3114 1816 3170 1867 in
3230 1813 3477 1870 dimidio
3534 1812 3882 1868 hebdomadis

2234 1905 2519 1980 auferetur
2545 1905 2883 1959 sacrificium
2909 1912 2959 1959 et
2990 1904 3290 1969 libamina,
3324 1907 3374 1958 et
3420 1904 3483 1956 in
3528 1903 3727 1973 tempto
3756 1902 3883 1956 abo-

2235 1994 2888 2050 minatiodesolationum
2943 1995 3046 2047 erit
3099 2008 3271 2063 usque
3324 1992 3393 2046 ad
3449 1992 3881 2047 consummatio-

2234 2099 2360 2139 nem
2389 2085 2671 2154 temporis,
2695 2088 2745 2137 et
2776 2083 3176 2137 consummatio
3231 2080 3455 2136 dabitur
3494 2096 3662 2153 super
3687 2080 3884 2134 solitu-

2237 2172 2424 2227 dinem
2448 2171 2613 2242 (Dan.
2648 2188 2725 2237 ix,
2755 2172 2833 2238 7).
2867 2170 2947 2224 De
2973 2170 3081 2224 hoc
3131 2174 3187 2224 et
3231 2168 3542 2241 Apostolus
3588 2166 3873 2239 loquitur.

2239 2262 2394 2332 quod
2426 2260 2599 2315 homo
2630 2259 2960 2331 iniquitatis
2989 2263 3045 2314 et
3074 2258 3445 2315 adversarius
3469 2256 3783 2313 elevandus
3806 2255 3884 2312 sit

2240 2353 2444 2405 contra
2473 2365 2645 2405 omne
2676 2348 2831 2420 quod
2864 2347 3085 2403 dicitur
3114 2351 3282 2413 Deus,
3333 2350 3390 2402 et
3418 2346 3629 2402 colitur
3661 2362 3675 2411 ;
3708 2346 3789 2399 ita
3820 2348 3887 2399 ut

2241 2438 2452 2493 audeat
2482 2441 2634 2492 stare
2687 2437 2747 2491 in
2779 2436 2996 2508 templo
3054 2435 3176 2500 Dei,
3235 2440 3292 2490 et
3343 2435 3647 2491 ostendere
3675 2434 3698 2468 ³
3727 2432 3883 2505 quod

2240 2526 2365 2599 ipse
2398 2526 2473 2582 sit
2502 2526 2655 2582 Deus
2685 2528 2761 2596 (II
2816 2525 2989 2580 Thess.
3054 2542 3117 2591 ιι,
3167 2525 3220 2585 3,
3252 2524 3329 2593 Δ),
3386 2524 3554 2593 cujus
3602 2523 3885 2577 adventus

2243 2616 2566 2671 secundum
2599 2616 2996 2685 operationem
3049 2612 3274 2667 Satanae
3314 2612 3579 2667 destruat
3634 2627 3755 2675 eos,
3819 2615 3881 2666 et

2242 2705 2314 2759 ad
2352 2703 2443 2758 Dei
2502 2702 2883 2758 solitudinem
2938 2700 3183 2772 redigat,
3246 2699 3347 2771 qui
3392 2715 3455 2754 se
3513 2699 3886 2771 susceperint

2243 2792 2400 2863 (Ibid.
2427 2793 2481 2858 8,
2514 2792 2589 2860 9).
2627 2792 2815 2846 Potest
2844 2794 3038 2845 autem
3072 2788 3417 2860 simpliciter
3471 2792 3573 2843 aut
3628 2788 3698 2843 de
3728 2786 3886 2842 Anti-

2244 2880 2464 2936 christo
2523 2879 2729 2951 accipi,
2790 2882 2891 2933 aut
2946 2879 3018 2933 de
3075 2878 3329 2950 imagine
3378 2877 3639 2945 Gtssaris,
3699 2891 3883 2948 quam

2245 2968 2469 3024 Pilatus
2500 2969 2696 3040 posuit
2724 2967 2782 3022 in
2824 2966 3042 3039 templo
3078 2984 3091 3034 ;
3126 2971 3227 3021 aut
3282 2966 3353 3021 de
3412 2964 3653 3021 Adriani
3712 2981 3885 3037 eque-

2244 3058 2349 3113 stri
2382 3061 2593 3125 statua,
2627 3074 2752 3128 quae
2784 3056 2844 3111 in
2894 3057 3043 3113 195
3106 3055 3234 3127 ipso
3290 3059 3489 3110 sancto
3547 3059 3885 3110 sanctorum

2244 3146 2370 3201 loco
2401 3161 2587 3217 usque
2617 3144 2675 3199 in
2708 3150 3053 3217 prmsentem
3086 3144 3238 3199 diem
3281 3144 3460 3200 stetit.
3509 3140 3883 3198 Abominatio

2245 3252 2497 3308 quoque,
2531 3235 2853 3290 secundum
2905 3238 3159 3289 veterem
3217 3232 3604 3305 Scripturam,
3662 3231 3886 3288 idolum

2240 3328 2617 3396 nuncupatur
2649 3338 2662 3378 :
2695 3326 2753 3378 et
2783 3322 2998 3378 idcirco
3029 3322 3287 3387 additur,
3305 3321 3657 3377 desolationis
3683 3337 3697 3387 ;
3730 3319 3886 3391 quod

2242 3414 2300 3468 in
2333 3412 2592 3493 desolato
2623 3412 2840 3484 templo
2889 3416 3064 3483 atque
3121 3411 3419 3467 destructo
3475 3408 3698 3466 idolum
3730 3408 3885 3481 posi-

2242 3506 2367 3558 tum
2395 3502 2491 3557 sit.

2316 3590 2499 3659 (Vers.
2541 3593 2602 3646 t6
2633 3591 2779 3661 seq.)
2835 3612 2856 3639 ι
2902 3589 3067 3644 Tunc
3124 3588 3224 3659 qui
3256 3587 3315 3643 in
3372 3588 3575 3643 Judsea
3603 3591 3760 3653 sunt,
3796 3587 3885 3642 fu-

2245 3681 2409 3751 giant
2438 3681 2506 3734 ad
2543 3684 2772 3734 montes
2806 3696 2819 3745 ;
2852 3682 2908 3732 et
2935 3677 3033 3749 qui
3081 3676 3140 3731 in
3188 3681 3359 3747 tecto,
3410 3693 3523 3731 non
3575 3674 3889 3731 descendat

2245 3768 2448 3823 tollere
2477 3767 2696 3838 aliquid
2729 3767 2801 3821 de
2839 3767 3010 3821 domo
3043 3782 3151 3821 sua
3184 3782 3196 3835 ;
3228 3770 3285 3820 et
3315 3766 3415 3837 qui
3459 3766 3517 3819 in
3576 3780 3739 3837 agro,
3771 3780 3887 3819 non

2247 3860 2569 3911 revertatur
2598 3854 2807 3910 tollere
2865 3854 3126 3909 tunicam
3185 3871 3375 3909 suam.
3438 3876 3464 3901 ››
3523 3851 3889 3909 Abominatio

2247 3942 2624 3999 desolationis
2656 3942 2903 4015 intelligi
2935 3947 3145 4015 potest,
3200 3947 3256 3997 et
3284 3958 3456 3998 omne
3513 3942 3726 4014 dogma
3756 3957 3890 4013 per-

2253 4049 2518 4088 versum:
2545 4031 2700 4103 quod
2733 4048 2866 4087 cum
2889 4030 3210 4086 viderimus
3238 4036 3394 4086 stare
3426 4031 3484 4085 in
3518 4029 3643 4085 loco
3664 4033 3887 4097 sancto,

2250 4125 2358 4176 hoc
2390 4126 2498 4187 est,
2532 4120 2590 4175 in
2623 4119 2899 4190 Ecclesia,
2932 4126 2989 4175 et
3019 4135 3081 4175 se
3111 4120 3418 4175 ostendere
3475 4119 3680 4184 Deum,
3707 4118 3890 4181 {debe-

2252 4227 2382 4265 mus
2416 4210 2614 4281 t’ugere
2637 4210 2706 4264 de
2738 4208 2941 4264 Judzea
2970 4209 3041 4264 ad
3075 4214 3324 4273 montes,
3366 4207 3475 4263 hoc
3499 4212 3610 4274 est,
3642 4208 3891 4263 dimissa

2250 4298 2546 4353 occidente
2576 4296 2773 4353 littera
2813 4301 2870 4352 et
2926 4297 3173 4353 Judaica
3224 4296 3523 4368 pravitate,
3571 4295 3886 4368 apprOpin‘

2250 4402 2430 4457 quare
2460 4386 2761 4441 montibus
2792 4386 3122 4452 zeternis,dc
3153 4385 3369 4457 quibus
3396 4384 3695 4439 illuminat
3721 4385 3891 4440 mira-

2250 4474 2445 4530 biliter
2479 4476 2629 4531 Deus
2663 4476 2833 4546 (Psat.
2871 4492 3032 4545 Lxxv,
3064 4475 3120 4544 5)
3155 4492 3169 4543 ;
3199 4477 3255 4530 et
3283 4490 3407 4531 esse
3454 4474 3511 4529 in
3563 4476 3714 4529 tecto
3744 4477 3801 4529 et
3829 4473 3889 4529 in

2250 4566 2506 4633 domate,
2548 4581 2664 4635 quo
2721 4582 2836 4620 non
2895 4563 3127 4635 possint
3182 4562 3368 4635 ignita
3422 4562 3636 4618 diaboli
3687 4561 3892 4634 jaoula

2169 4676 2219 4739 ι)
2249 4654 2598 4725 pervenire;
2646 4670 2750 4709 nec
2798 4652 3148 4709 descendere
3202 4657 3261 4707 et
3314 4650 3515 4708 tollere
3572 4650 3791 4722 aliquid
3821 4650 3893 4706 de

2249 4744 2422 4798 domo
2454 4742 2911 4799 conversationis
2961 4740 3215 4814 pristinae
3251 4758 3263 4795 :
3297 4757 3401 4796 nec
3455 4755 3710 4813 quaerere
3765 4757 3892 4813 quae

2249 4836 2570 4887 retrorsum
2603 4833 2742 4885 sunt
2776 4848 2789 4896 ;
2824 4831 2922 4885 sed
2959 4828 3144 4900 magis
3205 4846 3396 4886 serere
3435 4828 3493 4884 in
3553 4844 3692 4901 agro
3722 4827 3892 4901 spiri-

2247 4919 2497 4974 tualium
2533 4918 2989 4990 Scripturarum,
3023 4923 3088 4975 ut
3118 4920 3345 4974 fructus
3372 4918 3675 4990 capiamus
3705 4934 3775 4973 ex
3803 4933 3892 4973 eo.

2248 5009 2363 5064 Nec
2391 5007 2591 5064 tollere
2621 5008 2866 5064 alteram
2899 5007 3367 5079 tunicam,quam
3398 5006 3647 5078 apostoli
3679 5006 3892 5064 habere

2247 5183 2565 5240 Concilium
2626 5185 2924 5243 Nicaenum
2958 5201 2971 5239 :
3007 5207 3034 5235 ‹‹
3095 5183 3217 5240 Sibi
3278 5189 3473 5240 autem
3529 5183 3735 5256 perﬁdi
3791 5184 3890 5241 isti

2249 5256 2542 5313 Simonitae
2576 5257 2949 5330 Evangelium
2982 5257 3514 5330 eflinxerunt,qu0d
3549 5257 3608 5311 in
3640 5261 3891 5328 quatuor

2249 5333 2438 5383 tomos
2469 5327 2762 5398 secantes,
2788 5329 3004 5383 librum
3036 5331 3287 5398 quatuor
3317 5327 3672 5399 angulorum
3699 5332 3892 5384 etcar-

2248 5401 2452 5473 diuum
2486 5401 2691 5473 mundi
2723 5399 3110 5473 appellarunt.
3140 5421 3169 5473 Διι

2319 5472 2339 5504 ²
2367 5470 2634 5543 Plerique
2666 5470 2833 5540 mssf,
2867 5487 3009 5542 aqua
3037 5470 3212 5525 multa
3268 5485 3378 5523 non
3428 5474 3635 5541 poterit
3688 5474 3892 5527 exstin-

2286 5558 2429 5597 uere.

2246 5560 2533 5686 guf’énus
2566 5612 2835 5686 Palatia,
2869 5613 3009 5685 quod
3038 5615 3155 5686 ipse
3182 5614 3255 5668 sit
3287 5611 3563 5686 Christus,
3596 5630 3700 5685 pro
3728 5614 3888 5671 Deus.

2248 5685 2316 5739 Et
2348 5684 2519 5756 paulo
2550 5689 2700 5756 post,
2731 5685 2808 5756 ad
2840 5684 3197 5741 solitudinem
3256 5684 3490 5753 redigat,
3544 5684 3763 5756 absque
3794 5686 3889 5742 Dei

2247 5755 2872 5825 interjecto’vocabulo.
