4304 6612
318 477 435 544 185

807 483 1325 549 COMMENTAR.
1374 485 1453 547 IN
1498 482 2014 549 EVANGELIUM
2060 482 2439 546 MATTHJEI
2483 486 2628 547 LIB.
2675 484 2780 548 IV.
2819 486 2991 547 CAP.
3037 486 3254 549 XXIV.

3621 482 3736 549 186

319 613 729 688 prohibentur.
762 621 840 673 De
870 616 978 673 hoc
1006 617 1154 689 loco,
1184 618 1241 673 id
1276 621 1386 687 est,
1437 621 1506 674 de
1539 618 1973 675 abominatione
1997 618 2058 701 ,Α
2089 621 2334 695 pliciter,
2368 625 2434 678 ut
2471 628 2604 678 ante
2648 622 2770 692 jam
2819 620 2954 691 dixi,
3005 619 3170 676 locus
3216 619 3311 675 hic
3356 618 3734 676 disserendus

323 704 723 772 desolationis,
775 722 902 778 qua:
961 706 1120 763 dicta
1173 713 1261 763 est
1319 725 1353 763 a
1394 707 1630 763 Daniele
1670 707 1972 780 propheta,

322 797 516 850 stante
561 794 621 849 in
678 793 805 851 loco
866 800 1094 865 sancto,
1155 796 1343 853 multa
1390 797 1747 870 Porphyrius
1804 796 1974 851 tertio

322 883 550 939 decimo
599 884 790 956 operis
823 885 913 941 sui
953 885 1248 942 volumine
1291 891 1494 942 contra
1539 903 1645 941 nos
1697 886 1973 957 blasphe-

323 972 524 1042 mavit,
577 973 671 1029 cui
719 974 1009 1031 Eusebius
1039 975 1412 1031 Caesariensis
1445 975 1758 1048 episcopus
1786 974 1976 1030 tribus

323 1062 626 1134 respondit
676 1062 1096 1134 voluminibus,
1158 1064 1386 1121 decimo
1443 1069 1663 1132 octavo,
1750 1062 1975 1119 decimo

321 1166 497 1221 nono,
546 1156 603 1206 et
653 1152 952 1210 vicesimo.
999 1153 1353 1226 Apollinaris
1412 1156 1520 1227 [AL
1553 1152 1974 1227 Apollinarius]

322 1256 557 1312 quoque
588 1241 827 1313 scripsit
856 1241 1228 1314 plenissime:
1273 1244 1682 1315 superﬂueque
1736 1246 1978 1298 conatus

320 1332 411 1385 est
441 1346 558 1385 uno
591 1330 849 1403 capitulo
875 1330 1025 1387 velle
1054 1331 1361 1399 disserere,
1395 1332 1466 1387 de
1497 1348 1612 1403 quo
1639 1332 1820 1388 tantis
1849 1348 1974 1386 ver-

319 1435 496 1475 suum
529 1419 794 1476 millibus
826 1420 1194 1493 disputatum
1226 1425 1331 1477 est.

394 1517 579 1585 (Vers.
637 1519 749 1590 19.)
802 1539 829 1570 α
877 1519 976 1573 Vze
1020 1523 1216 1574 autem
1271 1519 1711 1591 praegnantibus
1760 1523 1817 1575 et
1864 1538 1974 1574 nu—

318 1606 639 1663 trientibus
663 1607 722 1662 in
753 1606 873 1663 illis
903 1607 1132 1663 diebus.
1169 1630 1196 1657 ››
1230 1609 1322 1662 Va:
1354 1607 1470 1663 illis
1500 1608 1832 1673 animabus,
1849 1624 1976 1680 qua:

320 1711 439 1752 non
467 1694 528 1750 in
562 1695 885 1769 perfectum
934 1695 1123 1751 virum
1184 1713 1293 1752 sua
1345 1696 1646 1768 genimina
1694 1698 1975 1768 perduxe-

319 1787 479 1851 runt,
522 1784 623 1840 sed
673 1784 842 1839 initia
885 1784 1106 1841 habent
1150 1784 1306 1853 ﬁdei,
1340 1790 1407 1841 ut
1437 1785 1792 1841 enutritione
1821 1786 1974 1841 indi-

320 1877 496 1948 geant
525 1873 965 1946 magistrorum.
998 1874 1115 1930 Hoc
1146 1891 1377 1947 quoque
1425 1874 1541 1930 dici
1572 1879 1783 1947 potest,
1818 1876 1973 1945 quod

319 1963 380 2018 in
412 1962 816 2035 persecutione
853 1963 1220 2031 Antichristi,
1255 1981 1356 2019 seu
1410 1965 1683 2020 Romanae
1731 1965 1972 2036 captivi-
2004 1994 2053 2059 B

318 2051 457 2107 tatis
515 2056 883 2125 praegnantes
925 2057 983 2108 et
1024 2053 1371 2125 nutrientcs,
1418 2054 1566 2109 uteri
1615 2058 1670 2108 et
1717 2053 1972 2109 filiorum

318 2140 550 2198 sarcina
578 2142 944 2215 prwgrsvati,
974 2143 1305 2215 expeditam
1352 2144 1548 2216 fugam
1603 2144 1817 2200 habere
1856 2160 1971 2199 non

318 2228 633 2302 quiverint.
818 2296 819 2299 η
1910 2228 1916 2233 ”

389 2317 574 2389 (Vers.
621 2319 735 2390 20.)
787 2339 816 2370 «
876 2319 1049 2375 Orate
1097 2322 1316 2384 autem,
1367 2323 1433 2375 ut
1497 2336 1611 2375 non
1676 2320 1779 2375 ﬁat
1838 2320 1976 2393 fuga

316 2410 512 2463 vestra
552 2406 763 2480 hieme,
816 2407 903 2463 vel
957 2408 1231 2464 Sabbato.
1287 2430 1313 2457 ››
1376 2407 1430 2462 Si
1504 2410 1577 2463 de
1642 2408 1975 2481 captivitate

316 2495 641 2553 Jerusalem
673 2495 1037 2553 voluerimus
1081 2496 1363 2569 accipere,
1415 2498 1650 2569 quando
1684 2514 1717 2553 a
1748 2498 1875 2554 Tito
1916 2502 1976 2555 et

318 2586 677 2658 Vespasiano
731 2588 901 2658 capta
955 2589 1063 2654 est,
1134 2603 1299 2642 orare
1373 2587 1605 2653 debent,
1693 2603 1765 2642 ne
1836 2587 1975 2659 fuga

318 2690 523 2731 eorum
568 2675 782 2743 hieme,
831 2674 920 2730 vel
970 2675 1230 2731 Sabbato
1281 2676 1424 2743 ﬁat;
1477 2675 1619 2742 quia
1676 2674 1736 2730 in
1792 2674 1972 2731 altero

319 2764 538 2819 duritia
568 2763 800 2837 frigoris
852 2764 1124 2836 prohibet
1175 2765 1246 2820 ad
1308 2763 1655 2820 solitudines
1713 2780 1971 2836 pergere,

319 2854 475 2909 196
505 2856 562 2908 et
590 2852 649 2908 in
681 2853 982 2909 montibus
1034 2853 1403 2926 desertisque
1452 2853 1723 2909 latitare:
1780 2855 1838 2908 in
1884 2852 1972 2909 al-
2008 2848 2011 2851 λ

317 2947 465 3009 tero,
496 2946 599 2999 aut
651 2942 1040 3016 transgressio
1073 2943 1242 3015 Legis
1273 2947 1381 3013 est,
1428 2941 1478 2998 si
1528 2944 1727 3015 fugere
1776 2942 1973 2998 volue-

318 3032 458 3098 rint,
491 3035 592 3087 aut
622 3048 782 3088 mors
812 3032 1152 3099 imminens,
1177 3031 1229 3088 si
1255 3031 1665 3088 remanserint.
1687 3034 1745 3087 Si
1777 3037 1969 3088 autem

316 3121 392 3177 de
421 3122 928 3178 consummatione
959 3122 1165 3178 mundi
1194 3121 1561 3194 intelligitur,
1614 3121 1723 3177 hoc
1769 3129 1969 3193 praeci-

316 3211 423 3283 pit,
451 3216 515 3265 ut
545 3227 661 3266 non
691 3209 1031 3281 refrigescat
1061 3211 1206 3266 fides
1237 3213 1440 3266 nostra
1464 3214 1522 3265 et
1562 3209 1623 3264 in
1672 3210 1971 3266 Christum

315 3298 594 3367 charitas,
629 3316 820 3373 neque
841 3306 907 3356 ut
936 3300 1107 3356 otiosi
1157 3299 1216 3354 in
1268 3315 1439 3372 opere
1484 3299 1584 3355 Dei
1633 3303 1972 3371 torpeamus

313 3388 601 3444 virtutum
631 3368 908 3445 Sabbato.
1307 3368 1324 3372 Ψ
1728 3368 1745 3371 “
2002 3368 2045 3436 C

388 3481 576 3547 (Vers.
604 3478 724 3548 22.)
765 3498 793 3530 ι
839 3478 910 3532 Et
957 3476 1071 3533 nisi
1101 3477 1341 3533 breviati
1410 3476 1660 3533 fuissent
1698 3477 1822 3534 dies
1867 3477 1972 3545 illi,

316 3583 435 3623 non
466 3566 634 3622 ﬁeret
661 3565 822 3622 salva
868 3565 1061 3621 omnis
1112 3582 1286 3633 caro;
1336 3567 1436 3622 sed
1486 3570 1720 3639 propter
1761 3566 1974 3623 electos

316 3655 742 3713 breviabuntur
769 3655 898 3711 dies
925 3654 1033 3711 illi.
1068 3675 1096 3705 »
1128 3654 1506 3711 Abbreviatos
1556 3656 1701 3722 dies,
1735 3673 1848 3711 non
1883 3673 1972 3711 se-

314 3745 575 3802 cundum
651 3743 1040 3801 deliramenta
1112 3745 1505 3816 quorumdam
1583 3745 1706 3817 (qui
1766 3749 1983 3818 putant‘

2085 717 2211 782 est;
2245 717 2346 768 aut
2377 713 2448 767 de
2478 716 2739 784 tempore
2786 711 3112 768 obsidionis
3155 711 3466 777 Romanae;
3514 713 3619 764 aut
3666 711 3736 765 de

2085 802 2589 859 consummatione
2619 802 2864 869 mundi;
2901 806 3000 856 aut
3039 802 3108 856 de
3150 799 3555 855 haereticorum
3597 813 3734 855 con-

2085 896 2176 947 tra
2222 891 2536 948 Ecclesiam
2586 907 2802 964 pugna,
2847 896 2904 946 et
2953 888 3285 945 istiusmodi
3349 887 3733 954 antichristis,

2086 980 2187 1052 qui
2218 982 2328 1037 sub
2360 981 2634 1053 opinione
2665 980 2821 1037 falsa:
2880 979 3132 1035 scientiae
3178 981 3381 1034 contra
3437 976 3733 1034 Christum

2088 1071 2387 1126 dimicant.
2404 1107 2419 1116 -

2158 1161 2343 1231 (Vers.
2376 1163 2466 1229 25,
2499 1161 2613 1232 26.)
2653 1182 2673 1209 «
2707 1162 2764 1217 Si
2793 1177 2926 1232 ergo
2957 1158 3210 1215 dixerint
3254 1156 3441 1224 vobis,
3495 1172 3625 1213 ecce
3672 1156 3732 1211 in

2086 1250 2316 1305 deserto
2360 1254 2468 1316 est,
2519 1249 2695 1305 nolite
2743 1250 2934 1315 exire;
2988 1265 3119 1304 ecce
3182 1247 3242 1303 in
3316 1245 3732 1318 penetralibus,

2087 1339 2266 1395 nolite
2296 1341 2548 1395 credere.
2587 1363 2613 1388 »
2646 1338 2705 1394 Si
2736 1339 2869 1410 quis
2916 1336 3250 1410 promiserit
3292 1336 3455 1391 vobis
3486 1335 3640 1407 quod
3674 1335 3733 1389 in

2085 1430 2313 1485 deserto
2343 1428 2651 1499 gentilium
2683 1433 2739 1484 et
2764 1427 3246 1501 philosophorum
3277 1425 3549 1497 dogmate
3571 1424 3735 1480 Chri-

2088 1523 2214 1574 stus
2260 1523 2552 1585 moretur;
2605 1522 2707 1573 aut
2753 1519 2810 1572 in
2856 1517 3259 1572 haereticorum
3310 1513 3732 1587 penetralibus,

2086 1608 2183 1678 qui
2236 1609 2330 1663 Dei
2386 1608 2740 1680 pollicentur
2788 1622 3020 1673 arcana,
3074 1605 3252 1661 nolite
3312 1603 3485 1669 exire,
3557 1601 3735 1659 nolite

2087 1698 2320 1754 credere
2343 1715 2362 1759 ,·
2410 1698 2531 1753 sive
2580 1697 2741 1769 (quia
2786 1694 3209 1768 persecutionis
3239 1697 3296 1749 et
3325 1691 3731 1765 angustiarum

2086 1790 2347 1858 tempore
2396 1804 2628 1859 semper
2678 1784 3200 1859 pseudopropheten
3252 1782 3580 1854 decipiendi
3644 1780 3734 1835 in-

2083 1875 2328 1931 veniunt
2385 1876 2627 1947 locum)
2689 1876 2737 1931 si
2818 1874 2952 1946 quis
3027 1873 3137 1929 sub
3207 1871 3445 1927 nomine
3520 1869 3733 1926 Christi
3828 1896 3831 1899 ν

2084 1981 2146 2021 se
2195 1966 2421 2036 jactare
2491 1964 2756 2030 voluerit,
2821 1982 2936 2021 non
3008 1965 3204 2018 statim
3280 1959 3735 2017 accommodatis

2084 2053 2278 2109 ﬁdem.
3526 2048 3527 2051 “

2154 2145 2338 2217 (Vers.
2370 2145 2486 2216 27.)
2525 2163 2546 2192 ι
2596 2144 2760 2200 Sicut
2805 2142 2964 2200 enim
3011 2140 3208 2215 fulgur
3235 2141 3350 2197 exit
3377 2140 3450 2195 ab
3479 2139 3731 2205 Oriente,

2084 2238 2141 2290 et
2172 2238 2337 2307 paret
2367 2250 2553 2306 usque
2581 2233 2638 2288 in
2671 2233 3081 2297 Occidentem,
3132 2230 3216 2286 ita
3261 2229 3372 2285 erit
3416 2233 3473 2284 et
3520 2228 3732 2283 adven-

2082 2330 2182 2379 tus
2220 2322 2348 2378 Filii
2398 2322 2676 2378 hominis.
2731 2345 2754 2374 »
2813 2320 3003 2378 Nolite
3062 2319 3235 2387 exire,
3268 2317 3447 2374 nolite
3476 2317 3731 2380 credere,

2084 2413 2238 2487 quod
2270 2412 2452 2469 Filius
2482 2411 2741 2467 hominis
2772 2410 2861 2466 vel
2892 2412 3040 2467 197
3077 2410 3136 2464 in
3185 2410 3412 2464 deserto
3469 2406 3728 2476 gentium

2084 2502 2178 2571 sit,
2212 2500 2297 2557 vel
2357 2500 2417 2556 in
2476 2499 2872 2572 penetralibus
2930 2498 3377 2564 haereticorum;
3424 2496 3521 2551 sed
3574 2494 3732 2567 quod

2082 2591 2155 2646 ab
2186 2590 2417 2647 Oriente
2449 2592 2638 2661 usque
2665 2589 2725 2645 in
2758 2589 3153 2654 Occidentem,
3212 2587 3358 2642 ﬁdes
3387 2585 3515 2655 ejus
3546 2584 3605 2639 in
3637 2600 3733 2640 ca-

2081 2679 2314 2736 tholicis
2362 2679 2634 2735 Ecclesiis
2687 2678 2923 2751 fulgeat.
2968 2678 3086 2733 Hoc
3130 2690 3363 2747 quoque
3393 2673 3729 2740 dicendum,

2084 2770 2239 2841 quod
2274 2770 2567 2825 secundus
2598 2766 2916 2824 Salvatoris
2947 2766 3230 2822 adventus
3260 2781 3376 2820 non
3428 2762 3487 2818 in
3534 2762 3731 2817 humi—

2082 2857 2247 2914 litate
2294 2862 2359 2913 ut
2408 2857 2591 2929 prius,
2642 2858 2741 2913 sed
2791 2856 2850 2912 in
2892 2856 3078 2929 gloria
3108 2853 3601 2912 demonstrandus
3632 2851 3728 2907 sit.

2085 2947 2338 3004 Stultum
2370 2951 2459 3003 est
2488 2947 2685 3018 itaque
2715 2963 2847 3001 eum
2879 2946 2939 3000 in
2970 2961 3147 3017 parvo
3176 2943 3302 2999 loco
3349 2940 3436 2998 vel
3486 2940 3730 2997 abscon-

2083 3037 2205 3092 dito
2228 3052 2503 3108 quaerere,
2538 3036 2637 3108 qui
2665 3035 2847 3091 totius
2880 3034 3084 3090 mundi
3118 3034 3312 3088 lumen
3348 3031 3441 3087 sit.

2153 3125 2337 3196 (Vers.
2386 3126 2504 3193 28.)
2556 3146 2584 3176 «
2634 3124 2977 3195 Ubicunque
3049 3121 3225 3178 fuerit
3288 3136 3522 3192 corpus,
3589 3117 3731 3173 illuc

2082 3215 2596 3287 congregabantur
2639 3218 2697 3268 et
2743 3212 2971 3286 aquilae.
3022 3234 3049 3261 »
3079 3216 3156 3268 De
3186 3209 3449 3282 exemplo
3480 3207 3731 3265 naturali

2083 3305 2239 3374 quod
2284 3302 2544 3375 quotidie
2575 3302 2892 3374 cernimus,
2925 3300 3137 3357 Christi
3164 3299 3514 3356 instruimur
3546 3313 3734 3354 sacra-

2085 3397 2302 3448 mento.
2366 3392 2586 3463 Aquilae
2660 3395 2718 3447 et
2772 3390 3036 3446 vultures
3102 3389 3276 3445 etiam
3334 3392 3499 3444 trans
3548 3387 3736 3443 maria

2085 3480 2362 3536 dicuntur
2390 3481 2605 3537 sentire
2636 3481 2935 3543 cadavera,
2983 3482 3040 3534 et
3086 3479 3157 3533 ad
3206 3493 3399 3533 escam
3457 3475 3732 3546 hujusce-

2085 3570 2242 3625 modi
2292 3569 2654 3642 congregari.
2700 3568 2757 3623 Si
2803 3584 2938 3641 ergo
2988 3563 3419 3622 irrationabiles
3467 3563 3734 3619 volucres

2084 3657 2336 3714 naturali
2386 3674 2560 3714 sensu
2611 3657 2792 3713 tantis
2839 3661 3129 3712 terrarum
3159 3654 3385 3725 spatiis,
3436 3657 3491 3708 et
3552 3652 3733 3708 maris

2084 3747 2359 3803 ﬂuctibus
2387 3752 2688 3818 separatae,
2737 3763 2984 3819 parvum
3033 3745 3277 3801 cadaver
3325 3742 3590 3799 sentiunt
3631 3742 3732 3797 ubi

314 3838 650 3907 temporum
726 3837 1024 3891 momenta
1088 3833 1346 3902 mutari;
1413 3849 1520 3889 nec
1590 3835 1975 3890 recordentur
2074 3837 2305 3908 jaceat:
2358 3841 2575 3909 quanto
2621 3837 2810 3908 magis
2860 3854 2967 3892 nos
3025 3839 3082 3892 et
3136 3832 3329 3892 omnis
3414 3833 3733 3890 multitudo

315 3922 478 3980 illius
507 3923 711 3996 scripti
740 3941 752 3979 :
789 3924 1147 3980 Ordinatione
1175 3932 1274 3980 tua
1296 3931 1585 3996 permanet
1626 3924 1741 3980 dies
1801 3925 1969 3993 [PsaL

316 4028 506 4081 cxvm,
551 4012 664 4083 91],
718 4013 820 4069 sed
866 4014 1037 4085 juxta
1078 4018 1412 4086 temporum
1464 4012 1806 4084 qualitatem
1839 4030 1971 4069 sen-

314 4101 425 4157 tire
470 4102 774 4168 debemus,
825 4102 884 4158 id
932 4108 1045 4169 est,
1093 4102 1463 4158 abbreviatos
1513 4119 1628 4158 non
1671 4119 1968 4173 mensura,

314 4191 416 4248 sed
464 4208 749 4259 numero;
802 4196 869 4247 ut
912 4192 1204 4264 quomodo
1255 4192 1315 4246 in
1380 4191 1785 4248 benedictione
1834 4191 1973 4247 dici-

314 4284 453 4336 tur:
510 4281 875 4353 Longiludz'ne
921 4281 1133 4338 dierum
1183 4282 1398 4353 replebo
1448 4298 1574 4337 eum
1635 4282 1806 4353 (Psal.
1876 4298 1970 4350 xc,

316 4369 444 4440 16);
502 4364 593 4427 sic
637 4374 696 4426 et
743 4386 901 4425 nunc
957 4369 1275 4426 abbreviati
1326 4368 1452 4426 dies
1524 4369 1966 4443 intelligantur:

312 4474 388 4514 ne
434 4462 767 4532 temporum
837 4475 1037 4529 mora,
1073 4459 1217 4515 ﬁdes
1290 4460 1659 4515 concutiatur
1728 4460 1970 4515 creden-

310 4547 486 4603 tium.

386 4637 707 4709 (Vers.>23.)
739 4659 770 4687 «
801 4638 966 4693 Tunc
1019 4638 1069 4693 si
1128 4636 1268 4710 quis,
1320 4636 1486 4693 vobis
1540 4636 1787 4693 dixerit:
1840 4654 1969 4694 ecce

2083 3926 2447 3983 credentium
2481 3927 2652 3981 debet
2684 3926 2955 3981 festinare
2985 3925 3057 3981 ad
3106 3941 3263 3995 eum,
3313 3923 3482 3994 cujus
3536 3921 3736 3994 fulgur

2082 4014 2198 4069 exit
2246 4016 2318 4069 ab
2366 4014 2617 4078 Oriente,
2675 4018 2732 4069 ct
2781 4018 2947 4086 paret
2994 4029 3183 4084 usque
3222 4013 3290 4069 ad
3320 4010 3728 4068 Occidentem!

2083 4104 2403 4159 Possumus
2431 4108 2626 4159 autem
2659 4119 2891 4174 corpus,
2924 4102 2981 4156 id
3014 4107 3101 4157 est
3152 4100 3560 4172 malignhqmd
3612 4099 3728 4171 sig-

2081 4192 2420 4248 niﬁcantius
2456 4191 2649 4246 Latine
2680 4190 2893 4247 dicitur
2918 4191 3169 4254 cadaver,
3203 4191 3273 4245 ab
3304 4206 3370 4244 co
3419 4188 3576 4260 quod
3630 4204 3733 4258 per

2082 4285 2328 4337 mortem
2394 4282 2618 4347 cadat',
2688 4278 3020 4352 passionem
3086 4276 3298 4331 Christi
3384 4273 3727 4345 intelligere,

2081 4371 2153 4427 ad
2205 4387 2383 4443 quam
2432 4385 2855 4443 provocamur;
2903 4372 2969 4423 ut
3007 4366 3344 4438 ubicunque
3374 4364 3434 4419 in
3466 4362 3728 4434 Scriptu-

2081 4460 2163 4515 ris
2211 4459 2447 4532 legitur,
2509 4473 2950 4531 congregemur,
3003 4460 3060 4512 et
3125 4473 3227 4528 per
3300 4454 3462 4510 illam
3534 4451 3732 4509 venire

2080 4548 2381 4620 possimus
2413 4549 2484 4602 ad
2517 4547 2775 4603 Verbum
2810 4545 2930 4617 Dei,
2980 4550 3044 4601 ut
3091 4549 3181 4601 est
3222 4543 3407 4599 illud:
3461 4542 3732 4599 Foderunt

2079 4654 2277 4694 manus
2319 4654 2467 4693 meas
2517 4643 2567 4692 et
2611 4635 2772 4708 pedes
2817 4652 2962 4691 meos
3022 4635 3193 4703 (Psal.
3240 4652 3355 4699 xxx,
3404 4633 3512 4705 17).
3562 4636 3630 4687 Et
3669 4631 3728 4686 in

309 4726 411 4783 hic
458 4726 749 4796 Christus,
798 4730 900 4783 aut
947 4726 1107 4795 illic;
1160 4726 1338 4783 nolite
1398 4726 1651 4782 credere.
1718 4747 1747 4776 »
1804 4727 1969 4783 Multi
2000 4743 2047 4808 D
2080 4727 2269 4782 Isaia:
2307 4725 2456 4782 Sicut
2483 4727 2595 4781 ovis
2621 4726 2690 4781 ad
2720 4727 2999 4781 victimam
3047 4725 3241 4780 ductus
3292 4726 3422 4796 (15a.
3469 4737 3591 4793 Lm,
3633 4724 3729 4789 7);

310 4814 668 4887 captivitatis
715 4814 974 4872 Judaicze
1021 4818 1283 4888 tempore
1332 4815 1628 4887 principes
1678 4816 1969 4886 exstitere,

310 4903 416 4976 qui
482 4902 743 4961 Christos
808 4921 938 4961 esse
1013 4921 1077 4962 se
1146 4905 1445 4961 dicerent:
1538 4906 1833 4963 intentum
1906 4911 1972 4962 ut

310 4993 725 5050 obsidentibus
771 4994 1072 5061 Romanis,
1119 4999 1239 5051 tres
1291 4994 1455 5051 intus
1503 4995 1721 5052 fuerint
1767 4996 1968 5052 factio-

310 5098 441 5140 nes.
470 5082 582 5140 Sed
614 5082 823 5141 melius
852 5084 924 5140 de
954 5084 1458 5141 consummaticne
1501 5085 1706 5141 mundi
1756 5084 1970 5141 intelli-

308 5171 490 5245 gitur.

385 5260 567 5333 (Vers.
618 5260 735 5334 24.)
804 5284 832 5313 ‹‹
895 5267 1149 5337 Surgent
1216 5261 1373 5320 enim
1442 5262 1874 5335 pseudochristi
1915 5270 1973 5320 et

309 5350 856 5424 pseudoprophetae,
889 5356 948 5409 et
977 5352 1203 5410 dabunt
1248 5351 1418 5425 signa
1467 5367 1682 5425 magna
1729 5355 1788 5407 et
1833 5368 1971 5423 pro-

312 5439 510 5517 digia;
568 5440 650 5496 ita
706 5444 773 5497 ut
830 5440 889 5497 in
948 5458 1202 5499 errorem
1264 5441 1641 5506 inducantur,
1728 5440 1775 5496 si
1844 5442 1971 5497 ﬁeri

311 5531 525 5601 potest,
577 5529 752 5596 etiam
796 5529 983 5587 electi.
1033 5532 1177 5587 Ecce
1225 5529 1475 5604 praedexi
1534 5531 1717 5585 vobis.
1773 5551 1801 5578 >›
1850 5530 1971 5585 Tri-

388 5691 405 5763 f
441 5689 693 5747 Sanctus
727 5707 990 5763 quoque
1060 5691 1315 5747 Hilarius
1384 5690 1463 5763 in,
1502 5691 1659 5747 hunc
1730 5690 1921 5747 locum
1954 5708 1966 5747 :

312 5785 341 5812 ‹‹
376 5762 645 5839 sanctos,
722 5761 937 5839 inquit,
999 5763 1069 5818 de
1132 5763 1327 5819 volatu
1376 5762 1969 5839 spiritalisucorporis

312 5832 545 5907 aquilas
587 5832 965 5909 nuncupavit,
1017 5850 1269 5906 quorum
1316 5832 1829 5913 congregantibus
1858 5853 1967 5896 an-

2081 4820 2141 4870 et
2189 4818 2395 4870 czetera
2438 4813 2533 4870 his
2578 4812 2812 4868 similia.
2864 4812 3088 4885 Aquilae
3132 4816 3329 4869 autem
3362 4810 3735 4885 appellantur

2083 4904 2292 4971 sancti,
2326 4902 2541 4975 quibus
2570 4902 2844 4958 innovate
2874 4906 2964 4957 est
2984 4902 3264 4971 juventus
3295 4906 3359 4957 ut
3397 4899 3605 4974 aquilae
3633 4918 3645 4966 ;
3681 4903 3737 4954 et

2083 4994 2185 5066 qui
2234 4994 2406 5063 juxta
2442 4992 2650 5048 Isaiam
2702 4992 3096 5064 plumescunt,
3146 4997 3203 5048 et
3259 4994 3573 5047 assumunt
3609 4988 3735 5043 alas

2085 5084 2236 5154 (15a.
2300 5101 2388 5151 xc,
2437 5082 2554 5155 31)
2621 5086 2687 5137 ut
2761 5081 2832 5136 ad
2899 5080 3111 5137 Christi
3185 5080 3426 5136 veniant
3503 5076 3730 5150 passio-

2081 5188 2236 5228 nem.

2152 5259 2338 5333 (Vere.
2372 5260 2488 5331 29.)
2541 5282 2569 5311 ‹‹
2628 5260 2834 5316 Statim
2884 5265 3078 5317 autem
3128 5263 3262 5332 post
3293 5253 3729 5315 tribulationem

2081 5351 2311 5406 dierum
2366 5349 2600 5405 illorum
2670 5349 2753 5405 sol
2803 5350 3235 5419 obscuratiitur,
3304 5351 3361 5401 et
3409 5343 3549 5398 luna
3617 5357 3733 5397 non

2080 5441 2242 5497 dabit
2288 5442 2487 5495 lumen
2534 5456 2731 5509 suum,
2790 5444 2848 5494 et
2903 5439 3085 5495 stella»
3143 5438 3348 5492 cadent
3379 5434 3449 5488 de
3480 5430 3645 5498 caelo,
3679 5435 3736 5487 et

2080 5529 2325 5586 virtutes
2357 5528 2633 5586 caelorum
2666 5529 3203 5584 commovebuntur.
3269 5546 3296 5573 ››
3349 5519 3445 5577 Sol
3494 5524 3551 5576 et
3595 5519 3737 5576 luna

2081 5689 2249 5763 gelis,
2300 5692 2653 5763 conventum
2706 5674 3020 5763 facturum
3057 5683 3282 5763 inloco
3327 5681 3738 5763 passionisos-

2080 5754 2288 5839 tendit.
2326 5784 2353 5812 ››
2384 5762 2533 5819 Illud
2563 5777 2697 5819 vero
2728 5757 2927 5829 πτῶμα
2985 5755 3278 5830 Originem
3328 5754 3509 5831 sapit.
3568 5754 3732 5821 Vide,

2080 5840 2189 5893 etc.
