4304 6610
590 463 702 524 187

584 596 1076 667 obscurabuntur,
1134 603 1187 655 el
1234 616 1348 656 non
1401 600 1626 657 dabunt
1675 599 1872 658 lumen
1924 617 2138 668 suum;
2171 604 2228 655 et
2256 595 2312 662 Α

584 689 793 741 caetera
850 690 1008 743 astra
1055 688 1263 744 cadent
1318 690 1389 746 de
1435 690 1598 761 coelo,
1644 690 2004 762 virtutesque
2066 689 2226 745 coelo-

586 791 719 830 rum
765 777 1305 848 commovebuntur,
1357 796 1471 834 non
1533 780 1919 835 diminutione
1988 780 2227 835 luminis

584 864 892 936 (alioquin
951 866 1202 938 legimus
1258 868 1439 924 solem
1517 868 1810 940 septulum
1887 869 2226 924 habiturum

586 952 830 1009 luminis
863 955 1017 1025 (Ibid.
1053 974 1182 1022 xxx,
1227 958 1339 1027 26),
1387 958 1485 1013 sed
1537 959 1690 1029 quod
1741 959 1810 1013 ad
1841 958 2225 1029 comparatio-

587 1058 719 1097 nem
778 1060 922 1098 verzc
979 1043 1127 1100 lucis
1183 1046 1380 1101 omnia
1433 1047 1584 1101 visui
1635 1047 1939 1102 tenebrosa
1992 1052 2132 1101 sint.
2166 1045 2223 1101 Si

583 1128 783 1203 itaque
813 1132 922 1188 iste
953 1133 1058 1200 sol,
1094 1134 1192 1205 qui
1225 1151 1379 1189 nunc
1417 1151 1519 1206 per
1546 1138 1733 1189 totum
1767 1136 1968 1190 urbem
2003 1135 2223 1200 rutilat,

586 1224 643 1274 et
701 1220 839 1276 luna
896 1238 1021 1292 qua
1071 1223 1393 1277 secundum
1442 1231 1525 1277 est
1575 1223 1881 1293 luminare,
1931 1228 1987 1278 et
2043 1223 2224 1279 stella;

592 1325 720 1379 quae
769 1310 839 1364 ad
895 1309 1170 1368 solatium.
1206 1311 1391 1365 noctis
1437 1327 1691 1366 accensae
1725 1316 1881 1379 sunt,
1906 1328 2228 1381 omnesque

584 1396 824 1451 virtutes
898 1398 1098 1468 (quas
1171 1397 1511 1469 angelorum
1590 1401 1999 1456 multitudines
2072 1400 2226 1456 I98

584 1484 989 1555 intelligimus)
1047 1488 1105 1541 in
1165 1488 1414 1543 adventu
1463 1489 1675 1545 Christi
1724 1490 1784 1545 in
1830 1490 2101 1545 tenebras
2139 1507 2226 1544 re-

584 1573 981 1643 putabuntur:
1032 1576 1361 1633 decutiatur
1417 1576 1796 1649 supercilium
1855 1595 2076 1645 eorum,
2128 1578 2227 1649 qui

583 1677 645 1717 se
702 1667 938 1718 sanctos
1010 1665 1363 1721 arbitrantes
1421 1667 1788 1737 praesentiam
1838 1668 2227 1738 judicis~non

582 1749 917 1806 formidant.

657 1839 839 1910 (Vere.
873 1842 987 1913 30.)
1021 1865 1048 1892 «
1081 1844 1151 1900 Et
1191 1848 1329 1900 tunc
1360 1845 1586 1917 parebit
1614 1845 1848 1918 signum
1883 1847 2007 1901 Filii
2039 1846 2228 1902 homi-

512 1928 677 2003 \nis
707 1929 765 1983 in
789 1930 949 1986 coelo.
988 1954 1015 1981 »
1056 1932 1296 2005 Signum
1330 1935 1441 2001 hic,
1478 1941 1580 1990 aut
1609 1936 1799 1992 crucis
1831 1936 2231 2009 intelligamus
2262 1969 2308 2035 Β

586 2023 652 2073 ut
681 2019 913 2076 videant
934 2022 1103 2091 juxta
1130 2022 1464 2079 Zachariam
1496 2025 1684 2092 (Zach.
1722 2043 1822 2093 xn,
1855 2027 1944 2095 37)
1974 2031 2030 2081 et
2056 2031 2229 2081 Joan-

589 2124 722 2164 nem
762 2110 941 2179 (Joan.
977 2126 1092 2178 XIX,
1140 2114 1226 2181 10)
1254 2113 1440 2167 Judaei
1492 2130 1667 2184 quem
1726 2119 2228 2187 compunxerunt;

589 2202 690 2251 aut
717 2196 990 2254 vexillum
1020 2199 1268 2255 victoriae
1299 2201 1738 2273 triumphantis.

658 2308 687 2335 ‹‹
722 2287 789 2342 Et
827 2290 966 2343 tunc
988 2288 1266 2361 plangent
1294 2300 1498 2347 omnes
1527 2291 1716 2347 tribus
1747 2296 1933 2359 terrae,
1987 2298 2045 2349 et
2072 2292 2231 2349 vide-

588 2376 739 2431 bunt
795 2376 1007 2433 Filium
1063 2378 1323 2435 hominis
1377 2380 1701 2437 venientem
1729 2381 1786 2436 in
1815 2382 2074 2438 nubibus
2104 2381 2231 2437 coeli

590 2481 724 2520 cum
764 2465 979 2521 virtute
1010 2467 1197 2523 multa
1226 2474 1280 2524 et
1312 2470 1633 2540 majestate.
1666 2493 1694 2522 ››
1730 2471 2015 2543 Plangent
2041 2468 2101 2526 hi
2133 2471 2231 2543 qui

594 2555 1020 2628 municipatum
1053 2575 1167 2614 non
1211 2559 1466 2615 habuere
1518 2562 1579 2615 in
1636 2561 1817 2630 ccelis,
1877 2563 1977 2618 sed
2035 2546 2232 2632 scripti

588 2648 727 2700 sunt
755 2643 815 2699 in
847 2650 1019 2703 terra.

663 2736 845 2807 (Vers.
878 2736 992 2807 31.)
1031 2739 1145 2792 «Et
1173 2737 1365 2794 mittet
1422 2740 1659 2813 angelos
1707 2758 1845 2797 suos
1902 2758 2036 2796 cum
2093 2741 2236 2797 tuba

587 2826 643 2879 et
698 2840 834 2880 voce
891 2842 1142 2898 magna;
1205 2832 1260 2883 et
1318 2831 1754 2902 congregabunt
1801 2830 2014 2887 electos
2043 2831 2236 2902 ejusa

586 2917 839 2985 quatuor
866 2916 1079 2986 ventis,
1111 2933 1145 2971 a
1187 2916 1439 2973 summis
1468 2919 1743 2975 cmlorum
1777 2935 1963 2991 usque
1994 2920 2066 2975 ad
2116 2924 2230 2975 ter-

590 3000 783 3057 minos
832 3019 1056 3059 eorum.
1110 3026 1138 3053 ››
1186 3005 1266 3060 De
1304 3005 1412 3061 hac
1442 3007 1583 3063 tuba
1613 3012 1669 3062 et
1697 3008 2015 3080 Apostolus
2046 3006 2233 3079 loqui-

589 3094 688 3145 tur
717 3091 765 3160 (I
793 3092 911 3146 Cor.
944 3108 1036 3160 xv,
1068 3094 1175 3159 52;
1209 3095 1234 3148 I
1261 3094 1435 3149 Thess.
1470 3112 1544 3160 ιν,
1580 3097 1689 3167 15),
1711 3101 1769 3151 et
1797 3097 1857 3151 in
1887 3097 2233 3169 Apocalypsi

593 3177 840 3234 Joannis
872 3179 1122 3251 legimus
1165 3182 1349 3253 (Apoc.
1381 3200 1502 3249 vm,
1549 3186 1643 3255 5):
1693 3190 1749 3239 et
1790 3185 1849 3240 in
1880 3185 2065 3241 Veteri
2096 3187 2232 3241 Tes-

592 3270 849 3324 tamento
878 3269 1062 3340 (Num.
1104 3288 1160 3341 x,
1190 3272 1266 3343 2),
1300 3272 1488 3329 turbae
1534 3274 1779 3331 ductiles
1837 3291 1906 3331 ex
1963 3292 2127 3340 auro,
2180 3279 2237 3330 et

1831 466 1895 525 S.
1943 463 2253 527 EUSEBll
2298 461 2740 525 HIERONYMI

3863 462 3985 526 188

2414 598 2599 667 (Vers.
2631 597 2799 668 34.)‹‹
2831 599 3012 654 Amen
3051 597 3182 653 dico
3235 596 3424 667 vobis,
3472 597 3614 670 quia
3667 614 3784 654 non
3843 614 3984 671 pra-

2334 686 2530 741 teribit
2576 687 2871 757 generatio
2920 687 3060 757 haec,
3111 687 3292 743 donec
3342 687 3540 743 omnia
3588 688 3703 743 ista
3751 690 3914 743 fiant.
3947 710 3978 741 ιι

2334 777 2523 848 Supra
2553 776 2806 831 diximus
2835 776 3236 848 generationes
3280 776 3591 844 bonorum,
3631 781 3691 833 et
3716 783 3979 833 econtra-

2335 866 2420 919 rio
2465 864 2753 920 malorum
2802 881 2930 920 esse
2972 865 3236 937 singulas
3287 866 3448 936 (vers.
3497 867 3609 937 36).
3645 867 3830 938 Igitur
3879 870 3983 921 aut

2335 970 2507 1008 omne
2536 969 2721 1024 genus
2768 953 3073 1009 hominum
3122 954 3438 1025 significat,
3497 958 3598 1010 aut
3650 954 3982 1026 specialiter

2331 1042 2684 1097 Iudaeorum.

2405 1131 2588 1202 (Vers.
2622 1132 2737 1201 35.)
2769 1154 2797 1181 ‹‹
2846 1131 3065 1187 Caelum
3114 1136 3171 1188 et
3214 1137 3367 1188 terra
3414 1133 3772 1204 transibunt,
3803 1134 3982 1189 verba

2334 1224 2527 1274 autem
2589 1236 2721 1275 mea
2772 1236 2887 1275 non
2939 1221 3337 1292 praeteribunt.
3403 1245 3424 1270 ι»
3476 1220 3699 1279 leum
3742 1225 3799 1277 et
3830 1226 3984 1277 terra

2332 1309 2672 1365 transibunt
2702 1309 3134 1379 immutatione,
3168 1327 3282 1365 non
3318 1310 3629 1367 abolitione
3656 1310 3786 1366 sui:
3837 1309 3982 1366 alio-

2336 1397 2477 1468 quin
2510 1398 2802 1469 quomodo
2850 1397 2935 1454 sol
2968 1401 3120 1455 199
3152 1400 3581 1468 obscurabitur,
3610 1402 3668 1456 et
3698 1399 3838 1455 luna
3867 1415 3983 1455 non

2335 1486 2498 1542 dabit
2526 1487 2725 1543 lumen
2759 1504 2955 1554 suum,
2988 1492 3044 1543 et
3073 1487 3251 1544 stellae
3311 1490 3538 1559 cadent,
3572 1488 3621 1545 si
3652 1488 3863 1545 ccelum
3920 1489 3981 1544 in

2336 1591 2453 1646 quo
2483 1576 2593 1631 ista
2624 1581 2763 1631 sunt
2790 1581 3060 1649 terraque
3086 1594 3199 1632 non
3230 1578 3451 1634 fuerit?

2408 1667 2593 1736 (Vers.
2626 1667 2740 1736 36.)
2781 1689 2808 1715 «
2848 1667 2921 1722 De
2976 1667 3070 1723 die
3122 1671 3319 1722 autem
3378 1666 3478 1723 illa
3517 1670 3575 1723 et
3603 1667 3780 1724 hora8
3810 1682 3983 1724 nemo

2338 1755 2468 1821 scit,
2503 1772 2688 1827 neque
2718 1756 2909 1827 angeli
2941 1755 3241 1822 ccelorum,
3273 1755 3386 1811 nisi
3423 1755 3586 1812 solus
3617 1756 3801 1811 Pater.
3837 1778 3864 1803 ››
3919 1755 3984 1811 In

2340 1844 2695 1914 quibusdam
2725 1845 2945 1901 Latinis
2986 1845 3285 1901 codicibus
3316 1844 3582 1901 additum
3634 1849 3746 1909 est,
3811 1860 3986 1916 neque

2338 1935 2544 1989 Filius‘
2590 1951 2723 1990 cum
2782 1935 2842 1990 in
2892 1935 3124 2002 Grszcis,
3184 1940 3241 1990 et
3285 1934 3539 1990 maxime
3567 1934 3989 1990 Adamantiiet

2339 2022 2508 2078 Pierii
2540 2022 2991 2095 exemplaribus,
3023 2024 3132 2079 hoc
3150 2036 3268 2079 non
3290 2023 3619 2080 habeantur
3640 2022 3985 2095 ascriptum:

2340 2114 2440 2167 sed
2472 2111 2609 2183 quia
2638 2112 2696 2167 in
2728 2111 3008 2168 nonnulis
3037 2110 3270 2184 legitur,
3301 2112 3706 2169 disserendum
3737 2110 3985 2167 videtur.

2341 2202 2611 2258 Gaudent
2633 2201 2811 2257 Arius
2842 2204 2899 2256 et
2929 2201 3274 2267 Eunomius,
3307 2201 3477 2273 quasi
3505 2200 3839 2273 ignorantia
3868 2216 3990 2257 mo-

2342 2289 2530 2363 gistri,
2562 2288 2747 2362 glaria
2774 2288 3194 2362 discipulorum
3226 2289 3324 2357 sit,
3351 2295 3410 2346 et
3441 2290 3678 2345 dicunt:
3729 2289 3853 2346 Non
3886 2305 3988 2362 po-

2343 2384 2457 2435 test
2486 2378 2725 2450 aequalis
2755 2394 2884 2435 esse
2909 2378 3012 2450 qui
3042 2379 3220 2445 novit,
3253 2382 3309 2434 et
3339 2378 3439 2449 qui
3469 2378 3718 2451 ignorat.
3777 2378 3990 2434 Contra

2343 2484 2491 2539 quos
2521 2467 2768 2523 breviter
2797 2468 2911 2523 ista
2942 2468 3188 2523 dicenda
3216 2473 3388 2523 sunt:
3420 2471 3565 2523 Cum
3611 2467 3810 2523 omnia
3837 2472 3988 2523 tem-

2343 2574 2485 2630 pora
2516 2558 2717 2613 fecerit
2743 2561 2936 2623 Jesus,
2968 2556 3079 2612 hoc
3109 2561 3218 2627 est,
3275 2556 3533 2613 Verbum
3591 2556 3690 2613 Dei
3718 2572 3731 2612 :
3792 2556 3991 2613 Omnia

2342 2648 2493 2702 enim
2528 2663 2630 2717 per
2684 2648 2865 2717 ipsum
2909 2649 3059 2717 facta
3098 2653 3241 2712 sunt,
3290 2653 3340 2701 et
3385 2647 3505 2701 sine
3534 2647 3652 2714 ipso
3679 2648 3892 2716 factum
3916 2654 3992 2701 est

2341 2737 2487 2791 nihil
2533 2738 2709 2807 (Joan.
2762 2753 2800 2805 ι,
2853 2736 2930 2806 3),
2976 2735 3035 2790 in
3069 2734 3344 2791 omnibus
3373 2739 3569 2791 autem
3599 2735 3988 2805 temporibus,

2343 2826 2519 2881 etiam
2568 2825 2693 2880 dies
2740 2824 2951 2894 judicii
3011 2824 3122 2880 sit:
3161 2840 3277 2896 qua
3328 2824 3747 2896 consequentia
3801 2828 3995 2896 potest

2343 2915 2472 2985 ejus
2506 2914 2775 2986 ignorare
2823 2917 3069 2985 partem,
3111 2914 3281 2986 cujus
3321 2918 3509 2970 totum
3558 2913 3825 2970 noverit?
3873 2915 3992 2971 Hoc

2343 3020 2573 3075 quoque
2604 3002 2914 3058 dicendum
2946 3006 3036 3059 est
3063 3018 3075 3056 :
3108 3003 3256 3068 Quid
3287 3006 3377 3059 est
3405 3004 3622 3074 majus,
3653 3003 3862 3059 notitia
3891 3006 3994 3059 Pa-

2344 3092 2471 3161 tris,
2506 3109 2579 3147 an
2628 3091 2837 3162 judicii
2862 3092 2891 3146 ?
2921 3091 2981 3148 Si
3011 3093 3205 3163 majus
3235 3091 3413 3159 novit,
3439 3092 3731 3164 quomodo
3760 3092 3996 3165 ignorat

2345 3182 2499 3253 quod
2536 3182 2734 3237 minus
2765 3181 2899 3237 est?
2943 3179 3232 3253 Scriptum
3284 3180 3572 3253 legimus:
3623 3180 3823 3236 Omnia
3867 3196 3997 3252 qua

2343 3272 2528 3327 Patris
2553 3275 2703 3337 sunt,
2733 3270 2876 3325 mihi
2902 3269 3109 3324 tradita
3135 3278 3265 3325 sunt
3292 3271 3445 3342 (Luc.
3488 3288 3545 3339 x,
3593 3270 3704 3339 22).
3757 3269 3818 3325 Si
3864 3286 3993 3326 om-

595 3373 705 3413 aare
756 3338 1114 3430 argentoque
1142 3338 1280 3416 'ﬁe’ri
1340 3362 1777 3435 prmcipiuntur,
1838 3368 1903 3419 ut
1958 3338 2236 3422 sublimia
2265 3338 2308 3405 C
2346 3361 2443 3416 nia
2474 3359 2661 3416 Patris
2693 3358 2820 3415 Filii
2850 3362 3007 3430 sunt,
3041 3374 3158 3429 qua
3204 3338 3431 3415 ratione
3468 3338 3645 3415 unius
3700 3359 3813 3415 sibi
3877 3359 3994 3415 diei

588 3445 987 3502 doctrinarum
1022 3454 1294 3505 resonent
1323 3457 1706 3508 sacramenta.

659 3534 843 3603 (Vere.
878 3538 966 3609 32,
999 3539 1112 3608 33.)
1173 3561 1200 3588 ‹‹
1258 3540 1342 3595 Ab
1397 3541 1602 3597 arbore
1660 3546 1853 3599 autem
1906 3542 1999 3598 fici
2030 3543 2235 3598 discite

587 3624 966 3695 parabolam:
1001 3643 1136 3681 cum
1168 3629 1294 3698 jam
1317 3645 1517 3685 ramus
1555 3631 1683 3700 ejus
1714 3635 1879 3687 tener
1924 3632 2118 3700 fuerit,
2181 3636 2237 3688 et

590 3712 728 3768 folia
757 3715 911 3781 nata,
944 3714 1106 3771 scitis
1136 3715 1275 3786 quia
1303 3734 1512 3788 propre
1543 3721 1632 3773 est
1661 3723 1851 3774 aestas.
1887 3720 1974 3775 Ita
2024 3723 2081 3776 et
2135 3735 2237 3775 vos

592 3816 727 3855 cum
758 3800 1017 3856 videritis
1047 3801 1168 3857 haec
1200 3804 1415 3875 omnia,
1469 3806 1672 3861 scitote
1722 3807 1862 3878 quia
1917 3824 2094 3880 prope
2151 3812 2239 3864 est

590 3886 651 3943 in
674 3888 897 3959 januis.
935 3910 956 3938 ιι
990 3889 1109 3945 Sub
1139 3890 1403 3962 exemplo
1446 3892 1692 3959 arboris,
1735 3893 1933 3950 docuit
1962 3911 2237 3951 consum-

584 3976 869 4034 mationis
927 3978 1256 4034 adventum.
1318 3980 1637 4052 Quomodo,
1699 3981 1955 4055 inquit,.
2005 3985 2239 4056 quando

596 4066 774 4122 teneri
806 4066 1022 4129 fuerint
1051 4067 1109 4123 in
1143 4069 1348 4125 arbore
1381 4070 1525 4126 ficus
1555 4068 1880 4141 cauliculi‘,
1923 4076 1980 4128 et
2007 4088 2240 4145 gemma

596 4156 849 4229 erumpit
880 4157 937 4212 in
969 4156 1193 4226 ﬂorem,
1227 4162 1536 4231 cortexque
1566 4159 1705 4217 folia
1752 4160 2022 4232 parturit,
2067 4160 2239 4217 intel-

588 4245 770 4319 ligitis
827 4247 1049 4303 aestatis
1128 4250 1462 4316 adventum,
1541 4254 1598 4304 et
1666 4250 1875 4306 favonii
1951 4268 2017 4306 ac
2090 4250 2240 4306 veris

588 4334 896 4393 introitum
925 4354 937 4392 :
988 4337 1071 4392 ita
1119 4352 1253 4392 cum
1298 4336 1418 4391 hinc
1449 4337 1646 4393 omnia
1672 4355 1799 4410 quae
1832 4338 2049 4410 scripta
2076 4344 2236 4408 sunt,

586 4424 868 4495 videritis,
910 4425 1087 4481 nolite
1118 4430 1320 4497 putare
1344 4426 1472 4496 jam
1531 4426 1734 4483 adesse
1782 4429 2238 4483 consummatio-

589 4529 723 4567 nem
750 4512 978 4584 mundi,
1029 4514 1131 4569 sed
1166 4514 1332 4585 quasi
1367 4514 1649 4586 prooemio
1706 4519 1763 4571 et
1819 4519 2242 4587 praecursorss’

589 4600 876 4671 quosdam
909 4601 1137 4669 venire;
1173 4606 1238 4657 ut
1266 4603 1576 4659 ostendant
1601 4604 1756 4676 quod
1788 4622 1965 4677 prope
1997 4605 2073 4661 sit
2097 4611 2154 4662 et
2181 4607 2239 4662 in

584 4703 805 4759 Januls.

666 4816 682 4892 ξ
716 4814 935 4892 Vitiosa
968 4815 1338 4872 Martiantens
1368 4817 1765 4892 calicidiglegit
1805 4822 1880 4892 ;et
1909 4818 2241 4892 Erasmum,

592 4882 983 4962 cuigplacuit,
1044 4895 1324 4962 teneres...
1377 4882 1984 4962 claviculifcastigat.
2037 4882 2241 4947 Veram

591 4954 920 5027 lectionem,
954 4954 1084 5028 post
1113 4959 1456 5029 Victorium,
1485 4954 1844 5017 mss—nostri
1868 4954 2244 5017 Substituunt

592 5028 692 5105 qui
747 5033 803 5085 et
861 5029 1080 5105 legunt,
1125 5034 1179 5105 et
1224 5048 1440 5102 gemma
1500 5048 1688 5105 eorum
1741 5036 1946 5105 erupit,
2006 5037 2111 5089 etc.
2173 5064 2242 5075 —-

590 5101 716 5161 Non
750 5100 1094 5176 recteflegit
1123 5100 1423 5176 Erasmus,
1479 5104 1693 5174 quando
1751 5100 1959 5159 teneres
2015 5107 2241 5176 fuerunt

590 5176 650 5227 in
679 5172 873 5229 arbore
900 5172 1035 5243 ficus
1063 5175 1345 5229 cauliculi.
1379 5172 1673 5232 Marianus
1732 5176 1991 5231 restituit
2015 5172 2023 5176 ⁷
2044 5193 2236 5232 veram

586 5243 940 5371 Il‘aectionem;
998 5261 1176 5315 quam
1247 5246 1499 5303 retinent
1568 5247 1952 5319 manuscripti
2030 5249 2236 5305 nostri.

644 5333 773 5371 sar.

644 5333 773 5372 ΛΒΤ.

657 5388 873 5471 ἠυιῳε
904 5388 1172 5456 Palatin.,
1201 5391 1361 5471 quasi
1381 5389 1612 5471 ρνεῖυέα,
1638 5394 1709 5471 ἐἰ
1727 5404 2093 5471 praecursores
2124 5393 2232 5471 etc.

588 5460 984 5532 —*—_0ptimum
1016 5459 1313 5532 exemplar
1360 5459 1467 5515 ms.
1526 5459 1788 5516 Ecclesiae
1840 5461 2235 5517 Narbonensis

588 5530 799 5585 retinet
827 5531 977 5587 hanc
1007 5530 1338 5595 lectionem,
1369 5534 1529 5604 quasi
1554 5535 1789 5603 prazvz'os
1819 5541 1868 5588 et
1922 5548 2230 5605 prwcztrso-

584 5605 1090 5687 Te€,£tC.MART..
1514 5677 1523 5687 _
1591 5675 1601 5685 ,
2019 5676 2054 5687 ,η
2181 5676 2191 5687 .

655 5671 915 5746 3_Yoc_cs,_
964 5680 1013 5730 et
1071 5674 1224 5746 hora,
1285 5690 1409 5746 quze
1475 5677 1533 5729 et
1587 5675 1644 5728 in
1687 5675 1982 5731 nonnullis
2014 5676 2227 5733 Graecis

588 5743 1220 5818 codd._d_esidcrantur,
1252 5745 1347 5818 hic
1377 5745 1490 5818 duo
1518 5746 1763 5803 Palatini
1794 5749 2082 5804 nesciunt.

653 5815 674 5847 ⁴
700 5813 1001 5889 Additum,
1034 5813 1215 5890 neque
1231 5817 1424 5888 Filius,
1456 5817 1647 5892 legere
1673 5823 1761 5879 est
1813 5820 2132 5883 hodienum
2162 5821 2225 5879 in

2346 3449 2611 3507 notitiam
2673 3449 3008 3513 reservavit,
3066 3453 3122 3503 et
3167 3446 3355 3503 noluit
3392 3462 3519 3504 eam
3559 3447 3996 3504 communicare

2343 3554 2478 3595 cum
2514 3539 2654 3594 Filio
2675 3538 2704 3591 ‘I
2724 3537 2834 3593 Sed
2865 3541 2921 3593 et
2952 3536 3062 3592 hoc
3082 3535 3453 3593 inferendum
3478 3553 3492 3591 :
3515 3536 3574 3592 Si
3603 3535 3991 3601 novissimum

2343 3628 2497 3685 diem
2529 3618 2861 3699 temporum
2891 3625 3140 3697 ignorat,
3173 3625 3404 3697 ignorat
3434 3630 3491 3681 et
3517 3640 3663 3697 pene
3692 3625 3991 3695 ultimum,

2345 3722 2403 3773 et
2431 3721 2751 3773 retrorsum
2782 3730 3005 3771 omnes.
3039 3714 3165 3770 Non
3195 3712 3352 3770 enim
3383 3718 3575 3786 potest
3620 3714 3765 3781 ﬁeri,
3797 3717 3862 3769 ut
3890 3713 3995 3786 qui

2347 3805 2604 3878 primum
2635 3804 2885 3875 ignorat,
2918 3802 3067 3859 sciat
3095 3802 3235 3874 quid
3266 3803 3590 3859 secundum
3649 3802 3746 3859 sit.
3804 3803 4015 3876 Igitur,

2347 3894 2487 3966 quia
2513 3892 2887 3965 probavimus
2917 3909 3031 3947 non
3062 3892 3331 3964 ignorare
3362 3891 3571 3948 Filium
3612 3892 3719 3960 [Αἱ.
3764 3892 4000 3949 additur

2348 3983 2470 4051 Dei]
2520 3979 3044 4038 consummationis
3093 3980 3283 4037 diem:
3332 3996 3513 4037 causa
3569 3981 3866 4037 reddenda
3910 3985 4006 4038 est

2348 4089 2454 4128 cur
2498 4071 2767 4142 ignorare
2817 4070 3065 4125 dicatur.
3112 4068 3428 4141 Apostolus
3488 4084 3666 4141 super
3711 4069 4009 4127 Sslvatore

2349 4160 2585 4216 scribit:
2634 4161 2698 4215 In
2746 4174 2847 4230 quo
2901 4163 3031 4214 sunt
3079 4174 3267 4215 omnes
3315 4158 3560 4215 thesauri
3622 4159 3918 4231 sapientia:
3956 4167 4011 4215 et

2348 4250 2593 4305 scientia:
2638 4247 2942 4303 abscondili
2991 4247 3218 4319 (Coloss.
3252 4265 3314 4319 ιι,
3345 4248 3420 4316 3).
3452 4247 3607 4304 Sunt
3641 4262 3778 4321 ergo
3803 4265 4010 4305 omnes

2349 4337 2612 4394 thesauri
2643 4336 2703 4391 in
2735 4336 2966 4393 Christo
2998 4337 3307 4409 sapientiae
3349 4342 3408 4393 et
3433 4336 3708 4409 scientias,
3741 4336 3842 4394 sed
3874 4337 4009 4393 abs-

2346 4427 2566 4484 conditi
2598 4430 2753 4482 sunt.
2788 4428 2977 4491 Quare
3005 4424 3335 4483 absconditi
3383 4426 3568 4482 sunt?
3613 4426 3752 4483 Post
3807 4440 4010 4482 resur-

2351 4516 2665 4573 rectionem
2716 4515 3109 4586 interrogatus
3152 4515 3224 4571 ab
3267 4514 3565 4588 apostolis,
3598 4515 3670 4572 de
3701 4514 3792 4571 die
3820 4516 4008 4572 mani-

2352 4605 2557 4662 festius
2614 4604 2954 4676 respondit:
3003 4603 3120 4660 Non
3166 4610 3246 4660 est
3289 4608 3531 4661 vestrum
3570 4606 3711 4661 scire
3761 4608 4005 4677 tempora

2268 4706 2315 4771 D
2343 4697 2429 4753 vel
2456 4703 2750 4762 momenta,
2781 4709 2903 4764 qua!
2944 4697 3107 4749 Pater
3150 4696 3339 4764 posuit
3364 4694 3424 4750 in
3447 4710 3550 4750 sua
3573 4697 3834 4765 potestate
3861 4695 3996 4766 (Act.

2353 4818 2766 4891 antiquissimo
2786 4816 3571 4891 VeronensiEvangeliorum
3593 4816 4000 4890 exemplariln

2352 4908 2418 4947 eo
2450 4888 2603 4963 quod
2636 4890 3008 4963 Martianzsus
3036 4888 3238 4963 edidit,
3288 4888 3517 4963 Italica,
3571 4892 3636 4945 ut
3660 4888 3849 4959 vocat,
3882 4904 4004 4946 ver-

2351 4960 2535 5019 sionis
2559 4961 2827 5028 habetur,
2859 4962 2949 5016 sed
2985 4976 3083 5016 nec
3110 4962 3305 5017 Filius.
3332 4962 3418 5017 Ad
3450 4960 3608 5017 hunc
3649 4974 3788 5019 vero
3828 4964 3997 5019 Com-

2352 5032 2622 5089 mentarii
2653 5031 3087 5105 Hieronymiani
3105 5030 3295 5088 locum
3317 5031 3622 5105 Beccensis
3636 5044 3998 5105 peneseum-y

2350 5106 2482 5161 dem
2515 5100 2916 5161 Martianaeufn
2951 5103 3150 5172 codex,
3180 5121 3353 5175 neque
3407 5104 3591 5175 Filius
3629 5100 3889 5161 hominis.
3939 5100 3999 5161 Si

2349 5177 2546 5233 Graeca
2590 5175 2863 5231 consulas
2912 5174 3284 5246 exemplaria,
3343 5179 3433 5232 est
3469 5174 3530 5230 in
3562 5191 3678 5232 uno
3705 5176 4003 5232 Cantabri-

2345 5249 2511 5321 gensi
2539 5246 2960 5321 Graeco-Latino
2993 5242 3117 5321 esse
3147 5242 3174 5321 ό
3205 5242 3350 5321 rise,
3379 5262 3568 5321 neque
3588 5246 3771 5321 Filius
3793 5267 3812 5302 .·
3844 5249 4000 5321 quod

2342 5318 2401 5376 et
2430 5320 2554 5393 ipse
2584 5319 3037 5393 Chrysostomus
3066 5318 3649 5393 legit.iNihi_losecius
3674 5320 3734 5377 S.
3758 5318 4001 5393 Ambro-

2345 5390 2490 5459 sius,
2513 5393 2582 5447 de
2610 5390 2770 5461 Fide,
2804 5391 2905 5448 lib.
2939 5408 2994 5461 v,
3026 5390 3153 5463 capi.
3188 5392 3277 5458 16,
3307 5390 3656 5463 Arianorum
3690 5391 3999 5463 fraudibus

2343 5463 2452 5518 hoc
2483 5462 2691 5518 tribuit
2720 5462 3186 5519 additamentum
3214 5478 3226 5518 :
3262 5484 3290 5511 ‹‹
3340 5462 3597 5531 Veteres,
3630 5462 3842 5532 inquit,
3876 5480 3994 5521 non

2340 5533 2570 5606 habent
2586 5534 2813 5606 codices
2844 5534 3047 5606 Grzcci,
3077 5535 3207 5606 quia
3235 5550 3334 5590 nec
3363 5532 3581 5590 Filius:
3618 5532 3729 5591 sed
3749 5551 3864 5591 non
3888 5537 3995 5592 mi-

2338 5621 2491 5672 rum,
2513 5604 2575 5688 si
2596 5608 2663 5687 .et
2692 5604 2813 5688 hoc
2829 5604 3134 5688 falsarun't,
3181 5606 3280 5688 qui
3311 5606 3643 5688 Scripturas
3671 5607 3990 5688 interpola-

2336 5674 2742 5751 vereudivinas.
2777 5680 2900 5751 Qua
2928 5678 3151 5751 ratione
3181 5674 3377 5751 autem
3404 5674 3669 5751 videatur
3688 5674 3986 5751 adjectum

2333 5746 2632 5878 ὃ)ζὲῗὲῗῶ
2654 5748 2795 5806 dum
2828 5749 2900 5807 ad
2928 5748 3468 5825 interpretationem
3513 5750 3663 5810 tanti
3692 5746 3987 5826 sacrilegii

2374 5832 2649 5879 envatur.
3174 5852 3181 5855 Α
