  <div class='ocr_page' id='page_1' title='image "/cluster/home/n/w/nwhite01/storage/ocr_20150623/26/umn.31951002477320a/100.png"; bbox 0 0 4304 6594; ppageno 0'>
   <div class='ocr_carea' id='block_1_1' title="bbox 304 456 447 527">
    <p class='ocr_par' dir='ltr' id='par_1_1' title="bbox 304 456 447 527">
     <span class='ocr_line' id='line_1_1' title="bbox 304 456 447 527; baseline 0.056 -8"><span class='ocrx_word' id='word_1_1' title='bbox 304 456 447 527; x_wconf 66' lang='lat'>.189</span> 
     </span>
    </p>
   </div>
   <div class='ocr_carea' id='block_1_2' title="bbox 812 461 3264 535">
    <p class='ocr_par' dir='ltr' id='par_1_2' title="bbox 812 461 3264 535">
     <span class='ocr_line' id='line_1_2' title="bbox 812 461 3264 535; baseline 0.002 -8"><span class='ocrx_word' id='word_1_2' title='bbox 812 461 1333 529; x_wconf 79' lang='lat' dir='ltr'>COMMENTAR.</span> <span class='ocrx_word' id='word_1_3' title='bbox 1380 466 1460 527; x_wconf 90' lang='lat' dir='ltr'>IN</span> <span class='ocrx_word' id='word_1_4' title='bbox 1506 462 2022 531; x_wconf 77' lang='lat' dir='ltr'>EVANGELIUM</span> <span class='ocrx_word' id='word_1_5' title='bbox 2069 462 2447 530; x_wconf 65' lang='lat' dir='ltr'>MATTHZEI</span> <span class='ocrx_word' id='word_1_6' title='bbox 2494 469 2645 531; x_wconf 86' lang='lat' dir='ltr'>LIB.</span> <span class='ocrx_word' id='word_1_7' title='bbox 2694 469 2799 533; x_wconf 89' lang='lat' dir='ltr'>IV.</span> <span class='ocrx_word' id='word_1_8' title='bbox 2845 470 3017 533; x_wconf 85' lang='lat' dir='ltr'>CAP.</span> <span class='ocrx_word' id='word_1_9' title='bbox 3065 471 3264 535; x_wconf 86' lang='lat' dir='ltr'>XXV.</span> 
     </span>
    </p>
   </div>
   <div class='ocr_carea' id='block_1_3' title="bbox 3636 469 3757 534">
    <p class='ocr_par' dir='ltr' id='par_1_3' title="bbox 3636 469 3757 534">
     <span class='ocr_line' id='line_1_3' title="bbox 3636 469 3757 534; baseline -0.008 0"><span class='ocrx_word' id='word_1_10' title='bbox 3636 469 3757 534; x_wconf 78' lang='grc'>190</span> 
     </span>
    </p>
   </div>
   <div class='ocr_carea' id='block_1_4' title="bbox 326 596 3755 677">
    <p class='ocr_par' dir='ltr' id='par_1_4' title="bbox 326 596 3755 677">
     <span class='ocr_line' id='line_1_4' title="bbox 326 596 3755 677; baseline 0.003 -26"><span class='ocrx_word' id='word_1_11' title='bbox 326 612 366 668; x_wconf 82' lang='lat'>1,</span> <span class='ocrx_word' id='word_1_12' title='bbox 389 596 469 670; x_wconf 90' lang='lat'>7).</span> <span class='ocrx_word' id='word_1_13' title='bbox 504 596 746 664; x_wconf 80' lang='lat' dir='ltr'>Quando</span> <span class='ocrx_word' id='word_1_14' title='bbox 776 597 937 667; x_wconf 80' lang='lat' dir='ltr'>dicit,</span> <span class='ocrx_word' id='word_1_15' title='bbox 985 613 1097 654; x_wconf 83' lang='lat' dir='ltr'>non</span> <span class='ocrx_word' id='word_1_16' title='bbox 1143 602 1220 656; x_wconf 85' lang='lat' dir='ltr'>est</span> <span class='ocrx_word' id='word_1_17' title='bbox 1277 607 1515 656; x_wconf 82' lang='lat' dir='ltr'>vestrum</span> <span class='ocrx_word' id='word_1_18' title='bbox 1541 602 1703 669; x_wconf 85' lang='lat' dir='ltr'>scire,</span> <span class='ocrx_word' id='word_1_19' title='bbox 1729 600 1985 656; x_wconf 80' lang='lat' dir='ltr'>ostendit</span> <span class='ocrx_word' id='word_1_20' title='bbox 2010 596 2068 668; x_wconf 81' lang='grc' dir='ltr'><strong>Α</strong></span> <span class='ocrx_word' id='word_1_21' title='bbox 2096 616 2197 656; x_wconf 88' lang='lat' dir='ltr'>rus</span> <span class='ocrx_word' id='word_1_22' title='bbox 2228 601 2323 657; x_wconf 87' lang='lat' dir='ltr'>sit.</span> <span class='ocrx_word' id='word_1_23' title='bbox 2356 603 2426 657; x_wconf 90' lang='lat' dir='ltr'>Et</span> <span class='ocrx_word' id='word_1_24' title='bbox 2456 618 2571 675; x_wconf 80' lang='lat' dir='ltr'>non</span> <span class='ocrx_word' id='word_1_25' title='bbox 2603 602 2766 670; x_wconf 85' lang='lat' dir='ltr'>dixit,</span> <span class='ocrx_word' id='word_1_26' title='bbox 2798 606 2932 675; x_wconf 85' lang='lat' dir='ltr'>quia</span> <span class='ocrx_word' id='word_1_27' title='bbox 2980 606 3258 661; x_wconf 83' lang='lat' dir='ltr'>nescimus</span> <span class='ocrx_word' id='word_1_28' title='bbox 3311 619 3419 677; x_wconf 70' lang='lat' dir='ltr'>qna</span> <span class='ocrx_word' id='word_1_29' title='bbox 3447 605 3578 662; x_wconf 88' lang='lat' dir='ltr'>hora</span> <span class='ocrx_word' id='word_1_30' title='bbox 3622 621 3755 662; x_wconf 87' lang='lat' dir='ltr'>ven-</span> 
     </span>
    </p>
   </div>
   <div class='ocr_carea' id='block_1_5' title="bbox 324 686 1990 763">
    <p class='ocr_par' dir='ltr' id='par_1_5' title="bbox 324 686 1990 763">
     <span class='ocr_line' id='line_1_5' title="bbox 324 686 1990 763; baseline 0.002 -22"><span class='ocrx_word' id='word_1_31' title='bbox 324 688 483 757; x_wconf 88' lang='lat' dir='ltr'>quod</span> <span class='ocrx_word' id='word_1_32' title='bbox 515 687 641 759; x_wconf 91' lang='lat' dir='ltr'>ipse</span> <span class='ocrx_word' id='word_1_33' title='bbox 669 686 835 756; x_wconf 81' lang='lat' dir='ltr'><strong>sciat,</strong></span> <span class='ocrx_word' id='word_1_34' title='bbox 868 688 970 745; x_wconf 87' lang='lat' dir='ltr'>sed</span> <span class='ocrx_word' id='word_1_35' title='bbox 1001 705 1116 745; x_wconf 87' lang='lat' dir='ltr'>non</span> <span class='ocrx_word' id='word_1_36' title='bbox 1144 689 1421 761; x_wconf 82' lang='lat' dir='ltr'>expediat</span> <span class='ocrx_word' id='word_1_37' title='bbox 1467 708 1642 747; x_wconf 89' lang='lat' dir='ltr'>nosse</span> <span class='ocrx_word' id='word_1_38' title='bbox 1692 689 1990 763; x_wconf 81' lang='lat' dir='ltr'>apostolis,</span> 
     </span>
    </p>
   </div>
   <div class='ocr_carea' id='block_1_6' title="bbox 324 775 1992 853">
    <p class='ocr_par' dir='ltr' id='par_1_6' title="bbox 324 775 1992 853">
     <span class='ocr_line' id='line_1_6' title="bbox 324 775 1992 853; baseline 0.001 -22"><span class='ocrx_word' id='word_1_39' title='bbox 324 778 646 847; x_wconf 88' lang='lat' dir='ltr'>utsemper</span> <span class='ocrx_word' id='word_1_40' title='bbox 690 775 895 833; x_wconf 82' lang='lat' dir='ltr'>incerti</span> <span class='ocrx_word' id='word_1_41' title='bbox 932 777 1003 832; x_wconf 90' lang='lat' dir='ltr'>de</span> <span class='ocrx_word' id='word_1_42' title='bbox 1060 777 1312 833; x_wconf 87' lang='lat' dir='ltr'>adventu</span> <span class='ocrx_word' id='word_1_43' title='bbox 1363 779 1596 849; x_wconf 89' lang='lat' dir='ltr'>judicis,</span> <span class='ocrx_word' id='word_1_44' title='bbox 1656 780 1739 835; x_wconf 90' lang='lat' dir='ltr'>sic</span> <span class='ocrx_word' id='word_1_45' title='bbox 1797 778 1992 853; x_wconf 84' lang='lat' dir='ltr'>quoti-</span> 
     </span>
    </p>
   </div>
   <div class='ocr_carea' id='block_1_7' title="bbox 326 861 1992 939">
    <p class='ocr_par' dir='ltr' id='par_1_7' title="bbox 326 861 1992 939">
     <span class='ocr_line' id='line_1_7' title="bbox 326 861 1992 939; baseline 0.004 -20"><span class='ocrx_word' id='word_1_46' title='bbox 326 861 425 920; x_wconf 96' lang='lat' dir='ltr'>die</span> <span class='ocrx_word' id='word_1_47' title='bbox 448 864 662 932; x_wconf 88' lang='lat' dir='ltr'>vivant,</span> <span class='ocrx_word' id='word_1_48' title='bbox 696 866 865 937; x_wconf 89' lang='lat' dir='ltr'>quasi</span> <span class='ocrx_word' id='word_1_49' title='bbox 908 866 1002 922; x_wconf 90' lang='lat' dir='ltr'>die</span> <span class='ocrx_word' id='word_1_50' title='bbox 1033 866 1193 923; x_wconf 64' lang='grc' dir='ltr'>πο</span> <span class='ocrx_word' id='word_1_51' title='bbox 1234 866 1350 924; x_wconf 88' lang='lat' dir='ltr'>alia</span> <span class='ocrx_word' id='word_1_52' title='bbox 1372 869 1680 939; x_wconf 88' lang='lat' dir='ltr'>judicandi</span> <span class='ocrx_word' id='word_1_53' title='bbox 1713 869 1851 925; x_wconf 89' lang='lat' dir='ltr'>sint.</span> <span class='ocrx_word' id='word_1_54' title='bbox 1884 868 1992 925; x_wconf 82' lang='lat' dir='ltr'>De-</span> 
     </span>
    </p>
   </div>
   <div class='ocr_carea' id='block_1_8' title="bbox 327 954 1995 1031">
    <p class='ocr_par' dir='ltr' id='par_1_8' title="bbox 327 954 1995 1031">
     <span class='ocr_line' id='line_1_8' title="bbox 327 954 1995 1031; baseline 0.004 -23"><span class='ocrx_word' id='word_1_55' title='bbox 327 954 505 1025; x_wconf 88' lang='lat' dir='ltr'>nique</span> <span class='ocrx_word' id='word_1_56' title='bbox 530 957 588 1009; x_wconf 90' lang='lat' dir='ltr'>et</span> <span class='ocrx_word' id='word_1_57' title='bbox 618 970 987 1028; x_wconf 90' lang='lat' dir='ltr'>consequens</span> <span class='ocrx_word' id='word_1_58' title='bbox 1041 956 1337 1029; x_wconf 80' lang='lat' dir='ltr'>Evangelii</span> <span class='ocrx_word' id='word_1_59' title='bbox 1370 974 1561 1013; x_wconf 85' lang='lat' dir='ltr'><strong>sermo</strong></span> <span class='ocrx_word' id='word_1_60' title='bbox 1618 958 1878 1031; x_wconf 88' lang='lat' dir='ltr'>idipsum</span> <span class='ocrx_word' id='word_1_61' title='bbox 1906 974 1995 1014; x_wconf 88' lang='lat' dir='ltr'>co-</span> 
     </span>
    </p>
   </div>
   <div class='ocr_carea' id='block_1_9' title="bbox 327 1041 1991 1117">
    <p class='ocr_par' dir='ltr' id='par_1_9' title="bbox 327 1041 1991 1117">
     <span class='ocr_line' id='line_1_9' title="bbox 327 1041 1991 1117; baseline 0.003 -20"><span class='ocrx_word' id='word_1_62' title='bbox 327 1042 413 1116; x_wconf 84' lang='lat' dir='ltr'>git</span> <span class='ocrx_word' id='word_1_63' title='bbox 439 1041 922 1117; x_wconf 87' lang='lat' dir='ltr'>intelligi,dicens</span> <span class='ocrx_word' id='word_1_64' title='bbox 952 1059 1186 1117; x_wconf 83' lang='lat' dir='ltr'>quoque</span> <span class='ocrx_word' id='word_1_65' title='bbox 1216 1048 1447 1102; x_wconf 87' lang='lat' dir='ltr'>Patrem</span> <span class='ocrx_word' id='word_1_66' title='bbox 1478 1046 1671 1103; x_wconf 88' lang='lat' dir='ltr'>solum</span> <span class='ocrx_word' id='word_1_67' title='bbox 1705 1064 1898 1104; x_wconf 88' lang='lat' dir='ltr'>nosse:</span> <span class='ocrx_word' id='word_1_68' title='bbox 1932 1046 1991 1102; x_wconf 92' lang='lat' dir='ltr'>in</span> 
     </span>
    </p>
   </div>
   <div class='ocr_carea' id='block_1_10' title="bbox 327 1128 1990 1209">
    <p class='ocr_par' dir='ltr' id='par_1_10' title="bbox 327 1128 1990 1209">
     <span class='ocr_line' id='line_1_10' title="bbox 327 1128 1990 1209; baseline 0.002 -23"><span class='ocrx_word' id='word_1_69' title='bbox 327 1135 497 1188; x_wconf 85' lang='lat' dir='ltr'>Patre</span> <span class='ocrx_word' id='word_1_70' title='bbox 521 1133 966 1206; x_wconf 86' lang='lat' dir='ltr'>comprehendit</span> <span class='ocrx_word' id='word_1_71' title='bbox 993 1140 1050 1191; x_wconf 91' lang='lat' dir='ltr'>et</span> <span class='ocrx_word' id='word_1_72' title='bbox 1089 1135 1320 1190; x_wconf 79' lang='lat' dir='ltr'>Filium.</span> <span class='ocrx_word' id='word_1_73' title='bbox 1381 1136 1586 1192; x_wconf 89' lang='lat' dir='ltr'>Omnis</span> <span class='ocrx_word' id='word_1_74' title='bbox 1618 1136 1774 1193; x_wconf 90' lang='lat' dir='ltr'>enim</span> <span class='ocrx_word' id='word_1_75' title='bbox 1802 1128 1990 1209; x_wconf 71' lang='lat' dir='ltr'>pater,</span> 
     </span>
    </p>
   </div>
   <div class='ocr_carea' id='block_1_11' title="bbox 327 1220 815 1279">
    <p class='ocr_par' dir='ltr' id='par_1_11' title="bbox 327 1220 815 1279">
     <span class='ocr_line' id='line_1_11' title="bbox 327 1220 815 1279; baseline 0.008 -4"><span class='ocrx_word' id='word_1_76' title='bbox 327 1220 435 1276; x_wconf 81' lang='lat' dir='ltr'>ﬁlii</span> <span class='ocrx_word' id='word_1_77' title='bbox 466 1237 679 1278; x_wconf 87' lang='lat' dir='ltr'><strong>nomen</strong></span> <span class='ocrx_word' id='word_1_78' title='bbox 706 1227 815 1279; x_wconf 91' lang='lat' dir='ltr'>est.</span> 
     </span>
    </p>
   </div>
   <div class='ocr_carea' id='block_1_12' title="bbox 399 1310 1994 1384">
    <p class='ocr_par' dir='ltr' id='par_1_12' title="bbox 399 1310 1994 1384">
     <span class='ocr_line' id='line_1_12' title="bbox 399 1310 1994 1384; baseline 0.005 -21"><span class='ocrx_word' id='word_1_79' title='bbox 399 1310 583 1381; x_wconf 86' lang='lat' dir='ltr'>(Vers.</span> <span class='ocrx_word' id='word_1_80' title='bbox 617 1313 686 1367; x_wconf 77' lang='lat'>37</span> <span class='ocrx_word' id='word_1_81' title='bbox 719 1315 869 1384; x_wconf 90' lang='lat' dir='ltr'>seq.)</span> <span class='ocrx_word' id='word_1_82' title='bbox 900 1335 926 1362; x_wconf 85' lang='grc'><strong>››</strong></span> <span class='ocrx_word' id='word_1_83' title='bbox 985 1312 1148 1369; x_wconf 81' lang='lat' dir='ltr'><strong>Sicut</strong></span> <span class='ocrx_word' id='word_1_84' title='bbox 1186 1317 1380 1369; x_wconf 91' lang='lat' dir='ltr'>autem</span> <span class='ocrx_word' id='word_1_85' title='bbox 1412 1314 1472 1368; x_wconf 90' lang='lat' dir='ltr'>in</span> <span class='ocrx_word' id='word_1_86' title='bbox 1504 1313 1712 1371; x_wconf 88' lang='lat' dir='ltr'>diebus</span> <span class='ocrx_word' id='word_1_87' title='bbox 1743 1315 1882 1381; x_wconf 91' lang='lat' dir='ltr'>Noe,</span> <span class='ocrx_word' id='word_1_88' title='bbox 1912 1316 1994 1371; x_wconf 81' lang='lat' dir='ltr'>ita</span> 
     </span>
    </p>
   </div>
   <div class='ocr_carea' id='block_1_13' title="bbox 326 1399 1990 1460">
    <p class='ocr_par' dir='ltr' id='par_1_13' title="bbox 326 1399 1990 1460">
     <span class='ocr_line' id='line_1_13' title="bbox 326 1399 1990 1460; baseline 0.002 -4"><span class='ocrx_word' id='word_1_89' title='bbox 326 1399 438 1456; x_wconf 83' lang='lat' dir='ltr'>erit</span> <span class='ocrx_word' id='word_1_90' title='bbox 464 1404 521 1456; x_wconf 89' lang='lat' dir='ltr'>et</span> <span class='ocrx_word' id='word_1_91' title='bbox 548 1401 835 1458; x_wconf 77' lang='lat' dir='ltr'>adventus</span> <span class='ocrx_word' id='word_1_92' title='bbox 868 1401 995 1458; x_wconf 80' lang='lat' dir='ltr'>Filii</span> <span class='ocrx_word' id='word_1_93' title='bbox 1054 1401 1329 1458; x_wconf 88' lang='lat' dir='ltr'>hominis.</span> <span class='ocrx_word' id='word_1_94' title='bbox 1362 1403 1518 1458; x_wconf 87' lang='lat' dir='ltr'>Sicut</span> <span class='ocrx_word' id='word_1_95' title='bbox 1550 1404 1706 1459; x_wconf 90' lang='lat' dir='ltr'>enim</span> <span class='ocrx_word' id='word_1_96' title='bbox 1738 1408 1905 1459; x_wconf 90' lang='lat' dir='ltr'>erant</span> <span class='ocrx_word' id='word_1_97' title='bbox 1932 1406 1990 1460; x_wconf 89' lang='lat' dir='ltr'>in</span> 
     </span>
    </p>
   </div>
   <div class='ocr_carea' id='block_1_14' title="bbox 327 1488 1988 1567">
    <p class='ocr_par' dir='ltr' id='par_1_14' title="bbox 327 1488 1988 1567">
     <span class='ocr_line' id='line_1_14' title="bbox 327 1488 1988 1567; baseline 0.003 -23"><span class='ocrx_word' id='word_1_98' title='bbox 327 1488 536 1545; x_wconf 91' lang='lat' dir='ltr'>diebus</span> <span class='ocrx_word' id='word_1_99' title='bbox 565 1496 698 1546; x_wconf 91' lang='lat' dir='ltr'>ante</span> <span class='ocrx_word' id='word_1_100' title='bbox 751 1492 1039 1567; x_wconf 86' lang='lat' dir='ltr'>diluvium</span> <span class='ocrx_word' id='word_1_101' title='bbox 1072 1493 1442 1548; x_wconf 89' lang='lat' dir='ltr'>comedentes</span> <span class='ocrx_word' id='word_1_102' title='bbox 1473 1496 1531 1549; x_wconf 88' lang='lat' dir='ltr'>et</span> <span class='ocrx_word' id='word_1_103' title='bbox 1559 1493 1845 1560; x_wconf 82' lang='lat' dir='ltr'>bibentes,</span> <span class='ocrx_word' id='word_1_104' title='bbox 1880 1511 1988 1549; x_wconf 78' lang='grc' dir='ltr'>ωι-</span> 
     </span>
    </p>
   </div>
   <div class='ocr_carea' id='block_1_15' title="bbox 338 1578 1993 1654">
    <p class='ocr_par' dir='ltr' id='par_1_15' title="bbox 338 1578 1993 1654">
     <span class='ocr_line' id='line_1_15' title="bbox 338 1578 1993 1654; baseline 0.004 -21"><span class='ocrx_word' id='word_1_105' title='bbox 338 1578 545 1635; x_wconf 89' lang='lat' dir='ltr'>beutes</span> <span class='ocrx_word' id='word_1_106' title='bbox 577 1582 633 1635; x_wconf 92' lang='lat' dir='ltr'>et</span> <span class='ocrx_word' id='word_1_107' title='bbox 660 1581 871 1653; x_wconf 89' lang='lat' dir='ltr'>nuptui</span> <span class='ocrx_word' id='word_1_108' title='bbox 906 1579 1014 1652; x_wconf 85' lang='grc' dir='ltr'>[Λι.</span> <span class='ocrx_word' id='word_1_109' title='bbox 1048 1585 1323 1654; x_wconf 89' lang='lat' dir='ltr'>nuptum]</span> <span class='ocrx_word' id='word_1_110' title='bbox 1354 1583 1672 1649; x_wconf 75' lang='lat' dir='ltr'>tradentes,</span> <span class='ocrx_word' id='word_1_111' title='bbox 1704 1599 1891 1654; x_wconf 87' lang='lat' dir='ltr'>usque</span> <span class='ocrx_word' id='word_1_112' title='bbox 1921 1584 1993 1638; x_wconf 88' lang='lat' dir='ltr'>ad</span> 
     </span>
    </p>
   </div>
   <div class='ocr_carea' id='block_1_16' title="bbox 332 1668 1990 1743">
    <p class='ocr_par' dir='ltr' id='par_1_16' title="bbox 332 1668 1990 1743">
     <span class='ocr_line' id='line_1_16' title="bbox 332 1668 1990 1743; baseline 0.004 -21"><span class='ocrx_word' id='word_1_113' title='bbox 332 1681 470 1723; x_wconf 89' lang='lat' dir='ltr'>eum</span> <span class='ocrx_word' id='word_1_114' title='bbox 493 1668 673 1735; x_wconf 89' lang='lat' dir='ltr'>diem,</span> <span class='ocrx_word' id='word_1_115' title='bbox 706 1686 818 1741; x_wconf 91' lang='lat' dir='ltr'>quo</span> <span class='ocrx_word' id='word_1_116' title='bbox 876 1670 1113 1726; x_wconf 85' lang='lat' dir='ltr'>intravit</span> <span class='ocrx_word' id='word_1_117' title='bbox 1161 1670 1281 1727; x_wconf 88' lang='lat' dir='ltr'>Noe</span> <span class='ocrx_word' id='word_1_118' title='bbox 1312 1671 1371 1726; x_wconf 89' lang='lat' dir='ltr'>in</span> <span class='ocrx_word' id='word_1_119' title='bbox 1421 1687 1638 1743; x_wconf 86' lang='lat' dir='ltr'>arcam,</span> <span class='ocrx_word' id='word_1_120' title='bbox 1667 1676 1723 1726; x_wconf 88' lang='lat' dir='ltr'>et</span> <span class='ocrx_word' id='word_1_121' title='bbox 1752 1689 1866 1728; x_wconf 90' lang='lat' dir='ltr'>non</span> <span class='ocrx_word' id='word_1_122' title='bbox 1896 1688 1990 1728; x_wconf 62' lang='grc' dir='ltr'>(τοι</span> 
     </span>
    </p>
   </div>
   <div class='ocr_carea' id='block_1_17' title="bbox 328 1758 1989 1829">
    <p class='ocr_par' dir='ltr' id='par_1_17' title="bbox 328 1758 1989 1829">
     <span class='ocr_line' id='line_1_17' title="bbox 328 1758 1989 1829; baseline 0.002 -18"><span class='ocrx_word' id='word_1_123' title='bbox 328 1762 661 1829; x_wconf 84' lang='lat' dir='ltr'>gnoverunt</span> <span class='ocrx_word' id='word_1_124' title='bbox 693 1758 875 1814; x_wconf 89' lang='lat' dir='ltr'>donec</span> <span class='ocrx_word' id='word_1_125' title='bbox 932 1760 1090 1814; x_wconf 85' lang='lat' dir='ltr'>venit</span> <span class='ocrx_word' id='word_1_126' title='bbox 1142 1759 1451 1828; x_wconf 88' lang='lat' dir='ltr'>diluvium,</span> <span class='ocrx_word' id='word_1_127' title='bbox 1485 1765 1542 1815; x_wconf 91' lang='lat' dir='ltr'>et</span> <span class='ocrx_word' id='word_1_128' title='bbox 1572 1760 1707 1827; x_wconf 88' lang='lat' dir='ltr'>tulit</span> <span class='ocrx_word' id='word_1_129' title='bbox 1752 1775 1989 1817; x_wconf 89' lang='lat' dir='ltr'>omnes:</span> 
     </span>
    </p>
   </div>
   <div class='ocr_carea' id='block_1_18' title="bbox 338 1844 1994 1923">
    <p class='ocr_par' dir='ltr' id='par_1_18' title="bbox 338 1844 1994 1923">
     <span class='ocr_line' id='line_1_18' title="bbox 338 1844 1994 1923; baseline 0.002 -22"><span class='ocrx_word' id='word_1_130' title='bbox 338 1844 420 1901; x_wconf 86' lang='lat' dir='ltr'>ita</span> <span class='ocrx_word' id='word_1_131' title='bbox 450 1845 561 1903; x_wconf 91' lang='lat' dir='ltr'>erit</span> <span class='ocrx_word' id='word_1_132' title='bbox 590 1852 647 1902; x_wconf 90' lang='lat' dir='ltr'>et</span> <span class='ocrx_word' id='word_1_133' title='bbox 677 1847 962 1904; x_wconf 77' lang='lat' dir='ltr'>adventus</span> <span class='ocrx_word' id='word_1_134' title='bbox 1001 1848 1127 1903; x_wconf 89' lang='lat' dir='ltr'>Filii</span> <span class='ocrx_word' id='word_1_135' title='bbox 1158 1849 1416 1905; x_wconf 87' lang='lat' dir='ltr'>hominis</span> <span class='ocrx_word' id='word_1_136' title='bbox 1464 1873 1491 1900; x_wconf 82' lang='lat'>»</span> <span class='ocrx_word' id='word_1_137' title='bbox 1527 1851 1817 1915; x_wconf 64' lang='lat' dir='ltr'>Quaeritur</span> <span class='ocrx_word' id='word_1_138' title='bbox 1846 1867 1994 1923; x_wconf 92' lang='lat' dir='ltr'>quo-</span> 
     </span>
    </p>
   </div>
   <div class='ocr_carea' id='block_1_19' title="bbox 328 1935 2070 2040">
    <p class='ocr_par' dir='ltr' id='par_1_19' title="bbox 328 1935 2070 2040">
     <span class='ocr_line' id='line_1_19' title="bbox 328 1935 2070 2040; baseline 0.003 -51"><span class='ocrx_word' id='word_1_139' title='bbox 328 1935 504 1991; x_wconf 82' lang='lat' dir='ltr'>modo</span> <span class='ocrx_word' id='word_1_140' title='bbox 529 1952 709 2008; x_wconf 80' lang='lat' dir='ltr'>supra</span> <span class='ocrx_word' id='word_1_141' title='bbox 737 1937 1025 2010; x_wconf 87' lang='lat' dir='ltr'>scriptum</span> <span class='ocrx_word' id='word_1_142' title='bbox 1057 1938 1133 1993; x_wconf 89' lang='lat' dir='ltr'>sit</span> <span class='ocrx_word' id='word_1_143' title='bbox 1157 1954 1169 1993; x_wconf 95' lang='lat'>:</span> <span class='ocrx_word' id='word_1_144' title='bbox 1232 1938 1436 2011; x_wconf 80' lang='lat' dir='ltr'>Surget</span> <span class='ocrx_word' id='word_1_145' title='bbox 1465 1941 1615 1995; x_wconf 86' lang='lat' dir='ltr'>enim</span> <span class='ocrx_word' id='word_1_146' title='bbox 1645 1956 1776 2010; x_wconf 82' lang='lat' dir='ltr'>gens</span> <span class='ocrx_word' id='word_1_147' title='bbox 1804 1944 1994 1996; x_wconf 80' lang='lat' dir='ltr'>contra</span> <span class='ocrx_word' id='word_1_148' title='bbox 2023 1974 2070 2040; x_wconf 79' lang='grc' dir='ltr'><strong>Β</strong></span> 
     </span>
    </p>
   </div>
   <div class='ocr_carea' id='block_1_20' title="bbox 325 2028 1989 2101">
    <p class='ocr_par' dir='ltr' id='par_1_20' title="bbox 325 2028 1989 2101">
     <span class='ocr_line' id='line_1_20' title="bbox 325 2028 1989 2101; baseline 0.004 -22"><span class='ocrx_word' id='word_1_149' title='bbox 325 2028 563 2095; x_wconf 77' lang='lat' dir='ltr'>gentem,</span> <span class='ocrx_word' id='word_1_150' title='bbox 592 2035 643 2082; x_wconf 85' lang='lat' dir='ltr'>et</span> <span class='ocrx_word' id='word_1_151' title='bbox 672 2042 905 2097; x_wconf 80' lang='lat' dir='ltr'>regnum</span> <span class='ocrx_word' id='word_1_152' title='bbox 952 2036 1141 2083; x_wconf 84' lang='lat' dir='ltr'>contra</span> <span class='ocrx_word' id='word_1_153' title='bbox 1185 2044 1413 2099; x_wconf 82' lang='lat' dir='ltr'>regnum</span> <span class='ocrx_word' id='word_1_154' title='bbox 1443 2046 1462 2084; x_wconf 92' lang='lat'>:</span> <span class='ocrx_word' id='word_1_155' title='bbox 1491 2037 1543 2085; x_wconf 89' lang='lat' dir='ltr'>et</span> <span class='ocrx_word' id='word_1_156' title='bbox 1597 2039 1763 2085; x_wconf 84' lang='lat' dir='ltr'>erunt</span> <span class='ocrx_word' id='word_1_157' title='bbox 1816 2033 1989 2101; x_wconf 77' lang='lat' dir='ltr'>pesti-</span> 
     </span>
    </p>
   </div>
   <div class='ocr_carea' id='block_1_21' title="bbox 329 2113 1993 2189">
    <p class='ocr_par' dir='ltr' id='par_1_21' title="bbox 329 2113 1993 2189">
     <span class='ocr_line' id='line_1_21' title="bbox 329 2113 1993 2189; baseline 0.004 -21"><span class='ocrx_word' id='word_1_158' title='bbox 329 2113 540 2181; x_wconf 55' lang='lat' dir='ltr'>lentia,</span> <span class='ocrx_word' id='word_1_159' title='bbox 569 2124 620 2171; x_wconf 87' lang='lat' dir='ltr'>et</span> <span class='ocrx_word' id='word_1_160' title='bbox 640 2118 838 2186; x_wconf 82' lang='lat' dir='ltr'>fames,</span> <span class='ocrx_word' id='word_1_161' title='bbox 868 2122 922 2173; x_wconf 82' lang='lat' dir='ltr'>et</span> <span class='ocrx_word' id='word_1_162' title='bbox 953 2125 1109 2173; x_wconf 80' lang='lat' dir='ltr'>terrae</span> <span class='ocrx_word' id='word_1_163' title='bbox 1156 2126 1329 2174; x_wconf 84' lang='lat' dir='ltr'>motus</span> <span class='ocrx_word' id='word_1_164' title='bbox 1351 2118 1499 2188; x_wconf 83' lang='lat' dir='ltr'>(vers</span> <span class='ocrx_word' id='word_1_165' title='bbox 1528 2120 1559 2174; x_wconf 90' lang='lat'><strong>7</strong></span> <span class='ocrx_word' id='word_1_166' title='bbox 1586 2120 1623 2189; x_wconf 87' lang='lat'>;)</span> <span class='ocrx_word' id='word_1_167' title='bbox 1657 2124 1714 2175; x_wconf 91' lang='lat' dir='ltr'>et</span> <span class='ocrx_word' id='word_1_168' title='bbox 1742 2136 1897 2175; x_wconf 90' lang='lat' dir='ltr'>nunc</span> <span class='ocrx_word' id='word_1_169' title='bbox 1926 2136 1993 2175; x_wconf 88' lang='lat' dir='ltr'>ea</span> 
     </span>
    </p>
   </div>
   <div class='ocr_carea' id='block_1_22' title="bbox 331 2204 1992 2279">
    <p class='ocr_par' dir='ltr' id='par_1_22' title="bbox 331 2204 1992 2279">
     <span class='ocr_line' id='line_1_22' title="bbox 331 2204 1992 2279; baseline 0.003 -21"><span class='ocrx_word' id='word_1_170' title='bbox 331 2204 536 2260; x_wconf 89' lang='lat' dir='ltr'>futura</span> <span class='ocrx_word' id='word_1_171' title='bbox 593 2209 994 2262; x_wconf 87' lang='lat' dir='ltr'>memorentur</span> <span class='ocrx_word' id='word_1_172' title='bbox 1022 2223 1151 2279; x_wconf 84' lang='lat' dir='ltr'>quae</span> <span class='ocrx_word' id='word_1_173' title='bbox 1199 2206 1361 2278; x_wconf 87' lang='lat' dir='ltr'>pacis</span> <span class='ocrx_word' id='word_1_174' title='bbox 1412 2206 1629 2263; x_wconf 90' lang='lat' dir='ltr'>indicia</span> <span class='ocrx_word' id='word_1_175' title='bbox 1686 2212 1842 2263; x_wconf 89' lang='lat' dir='ltr'>sunt.</span> <span class='ocrx_word' id='word_1_176' title='bbox 1882 2210 1992 2265; x_wconf 90' lang='lat' dir='ltr'>Sed</span> 
     </span>
    </p>
   </div>
   <div class='ocr_carea' id='block_1_23' title="bbox 334 2292 1990 2370">
    <p class='ocr_par' dir='ltr' id='par_1_23' title="bbox 334 2292 1990 2370">
     <span class='ocr_line' id='line_1_23' title="bbox 334 2292 1990 2370; baseline 0.004 -23"><span class='ocrx_word' id='word_1_177' title='bbox 334 2292 815 2363; x_wconf 87' lang='lat' dir='ltr'>existimandum,</span> <span class='ocrx_word' id='word_1_178' title='bbox 839 2296 1008 2367; x_wconf 79' lang='lat' dir='ltr'>juxta</span> <span class='ocrx_word' id='word_1_179' title='bbox 1026 2295 1395 2368; x_wconf 88' lang='lat' dir='ltr'>Apostolum,</span> <span class='ocrx_word' id='word_1_180' title='bbox 1412 2298 1565 2368; x_wconf 89' lang='lat' dir='ltr'>quod</span> <span class='ocrx_word' id='word_1_181' title='bbox 1586 2302 1721 2370; x_wconf 88' lang='lat' dir='ltr'>post</span> <span class='ocrx_word' id='word_1_182' title='bbox 1740 2312 1990 2370; x_wconf 89' lang='lat' dir='ltr'>pugnas,</span> 
     </span>
    </p>
   </div>
   <div class='ocr_carea' id='block_1_24' title="bbox 327 2382 1993 2457">
    <p class='ocr_par' dir='ltr' id='par_1_24' title="bbox 327 2382 1993 2457">
     <span class='ocr_line' id='line_1_24' title="bbox 327 2382 1993 2457; baseline 0.004 -20"><span class='ocrx_word' id='word_1_183' title='bbox 327 2386 389 2437; x_wconf 83' lang='lat' dir='ltr'>et</span> <span class='ocrx_word' id='word_1_184' title='bbox 415 2382 837 2455; x_wconf 80' lang='lat' dir='ltr'>dissensiones,</span> <span class='ocrx_word' id='word_1_185' title='bbox 871 2389 927 2440; x_wconf 91' lang='lat' dir='ltr'>et</span> <span class='ocrx_word' id='word_1_186' title='bbox 965 2384 1350 2457; x_wconf 86' lang='lat' dir='ltr'>pestilentias,</span> <span class='ocrx_word' id='word_1_187' title='bbox 1382 2390 1440 2441; x_wconf 90' lang='lat' dir='ltr'>et</span> <span class='ocrx_word' id='word_1_188' title='bbox 1471 2386 1675 2457; x_wconf 89' lang='lat' dir='ltr'>fames,</span> <span class='ocrx_word' id='word_1_189' title='bbox 1707 2390 1764 2443; x_wconf 90' lang='lat' dir='ltr'>et</span> <span class='ocrx_word' id='word_1_190' title='bbox 1793 2392 1993 2444; x_wconf 59' lang='lat' dir='ltr'>terrai-</span> 
     </span>
    </p>
   </div>
   <div class='ocr_carea' id='block_1_25' title="bbox 332 2474 1989 2547">
    <p class='ocr_par' dir='ltr' id='par_1_25' title="bbox 332 2474 1989 2547">
     <span class='ocr_line' id='line_1_25' title="bbox 332 2474 1989 2547; baseline 0.003 -21"><span class='ocrx_word' id='word_1_191' title='bbox 332 2475 551 2541; x_wconf 88' lang='lat' dir='ltr'>motus,</span> <span class='ocrx_word' id='word_1_192' title='bbox 581 2476 640 2528; x_wconf 88' lang='lat' dir='ltr'>et</span> <span class='ocrx_word' id='word_1_193' title='bbox 669 2478 877 2529; x_wconf 54' lang='lat' dir='ltr'>caetera</span> <span class='ocrx_word' id='word_1_194' title='bbox 892 2474 1113 2545; x_wconf 89' lang='lat' dir='ltr'>quibus</span> <span class='ocrx_word' id='word_1_195' title='bbox 1132 2490 1317 2547; x_wconf 89' lang='lat' dir='ltr'>genus</span> <span class='ocrx_word' id='word_1_196' title='bbox 1347 2478 1611 2531; x_wconf 85' lang='lat' dir='ltr'>vastatur</span> <span class='ocrx_word' id='word_1_197' title='bbox 1639 2475 1989 2545; x_wconf 88' lang='lat' dir='ltr'>humanum,</span> 
     </span>
    </p>
   </div>
   <div class='ocr_carea' id='block_1_26' title="bbox 335 2559 1994 2637">
    <p class='ocr_par' dir='ltr' id='par_1_26' title="bbox 335 2559 1994 2637">
     <span class='ocr_line' id='line_1_26' title="bbox 335 2559 1994 2637; baseline 0.004 -22"><span class='ocrx_word' id='word_1_198' title='bbox 335 2559 495 2616; x_wconf 82' lang='lat' dir='ltr'>brevi</span> <span class='ocrx_word' id='word_1_199' title='bbox 534 2562 638 2633; x_wconf 79' lang='grc' dir='ltr'>[Αι.</span> <span class='ocrx_word' id='word_1_200' title='bbox 674 2562 863 2618; x_wconf 89' lang='lat' dir='ltr'>brevis</span> <span class='ocrx_word' id='word_1_201' title='bbox 869 2568 885 2634; x_wconf 79' lang='lat' dir='ltr'>J</span> <span class='ocrx_word' id='word_1_202' title='bbox 918 2564 1307 2620; x_wconf 89' lang='lat' dir='ltr'>subsecutura</span> <span class='ocrx_word' id='word_1_203' title='bbox 1338 2563 1417 2620; x_wconf 88' lang='lat' dir='ltr'>sit</span> <span class='ocrx_word' id='word_1_204' title='bbox 1446 2581 1577 2636; x_wconf 85' lang='lat' dir='ltr'>pax,</span> <span class='ocrx_word' id='word_1_205' title='bbox 1611 2581 1742 2637; x_wconf 79' lang='lat' dir='ltr'>quae</span> <span class='ocrx_word' id='word_1_206' title='bbox 1797 2565 1994 2637; x_wconf 89' lang='lat' dir='ltr'>quieta</span> 
     </span>
    </p>
   </div>
   <div class='ocr_carea' id='block_1_27' title="bbox 337 2650 1991 2727">
    <p class='ocr_par' dir='ltr' id='par_1_27' title="bbox 337 2650 1991 2727">
     <span class='ocr_line' id='line_1_27' title="bbox 337 2650 1991 2727; baseline 0.002 -20"><span class='ocrx_word' id='word_1_207' title='bbox 337 2650 537 2707; x_wconf 88' lang='lat' dir='ltr'>omnia</span> <span class='ocrx_word' id='word_1_208' title='bbox 567 2653 960 2724; x_wconf 85' lang='lat' dir='ltr'>repromittat,</span> <span class='ocrx_word' id='word_1_209' title='bbox 989 2658 1056 2708; x_wconf 90' lang='lat' dir='ltr'>ut</span> <span class='ocrx_word' id='word_1_210' title='bbox 1076 2654 1221 2708; x_wconf 83' lang='lat' dir='ltr'>fides</span> <span class='ocrx_word' id='word_1_211' title='bbox 1252 2653 1614 2709; x_wconf 86' lang='lat' dir='ltr'>credentium</span> <span class='ocrx_word' id='word_1_212' title='bbox 1645 2655 1991 2727; x_wconf 84' lang='lat' dir='ltr'>comprobe-</span> 
     </span>
    </p>
   </div>
   <div class='ocr_carea' id='block_1_28' title="bbox 334 2741 1991 2815">
    <p class='ocr_par' dir='ltr' id='par_1_28' title="bbox 334 2741 1991 2815">
     <span class='ocr_line' id='line_1_28' title="bbox 334 2741 1991 2815; baseline 0.004 -20"><span class='ocrx_word' id='word_1_213' title='bbox 334 2744 451 2807; x_wconf 89' lang='lat' dir='ltr'>tur,</span> <span class='ocrx_word' id='word_1_214' title='bbox 473 2744 674 2797; x_wconf 88' lang='lat' dir='ltr'>utrum</span> <span class='ocrx_word' id='word_1_215' title='bbox 706 2742 1020 2799; x_wconf 81' lang='lat' dir='ltr'>transactis</span> <span class='ocrx_word' id='word_1_216' title='bbox 1050 2741 1245 2810; x_wconf 88' lang='lat' dir='ltr'>malis,</span> <span class='ocrx_word' id='word_1_217' title='bbox 1276 2748 1515 2814; x_wconf 80' lang='lat' dir='ltr'>sperent</span> <span class='ocrx_word' id='word_1_218' title='bbox 1551 2743 1811 2815; x_wconf 89' lang='lat' dir='ltr'>judicem</span> <span class='ocrx_word' id='word_1_219' title='bbox 1862 2761 1991 2801; x_wconf 85' lang='lat' dir='ltr'>esse</span> 
     </span>
    </p>
   </div>
   <div class='ocr_carea' id='block_1_29' title="bbox 321 2829 1985 2905">
    <p class='ocr_par' dir='ltr' id='par_1_29' title="bbox 321 2829 1985 2905">
     <span class='ocr_line' id='line_1_29' title="bbox 321 2829 1985 2905; baseline 0.004 -22"><span class='ocrx_word' id='word_1_220' title='bbox 321 2832 655 2884; x_wconf 85' lang='lat' dir='ltr'>venturum.</span> <span class='ocrx_word' id='word_1_221' title='bbox 690 2829 808 2886; x_wconf 88' lang='lat' dir='ltr'>Hoc</span> <span class='ocrx_word' id='word_1_222' title='bbox 848 2835 937 2887; x_wconf 90' lang='lat' dir='ltr'>est</span> <span class='ocrx_word' id='word_1_223' title='bbox 965 2831 1123 2888; x_wconf 91' lang='lat' dir='ltr'>enim</span> <span class='ocrx_word' id='word_1_224' title='bbox 1175 2832 1332 2903; x_wconf 90' lang='lat' dir='ltr'>quod</span> <span class='ocrx_word' id='word_1_225' title='bbox 1394 2831 1453 2888; x_wconf 92' lang='lat' dir='ltr'>in</span> <span class='ocrx_word' id='word_1_226' title='bbox 1483 2832 1665 2889; x_wconf 88' lang='lat' dir='ltr'>Paulo</span> <span class='ocrx_word' id='word_1_227' title='bbox 1696 2832 1985 2905; x_wconf 86' lang='lat' dir='ltr'>legimus:</span> 
     </span>
    </p>
   </div>
   <div class='ocr_carea' id='block_1_30' title="bbox 327 2917 1989 2994">
    <p class='ocr_par' dir='ltr' id='par_1_30' title="bbox 327 2917 1989 2994">
     <span class='ocr_line' id='line_1_30' title="bbox 327 2917 1989 2994; baseline 0.003 -21"><span class='ocrx_word' id='word_1_228' title='bbox 327 2917 556 2987; x_wconf 80' lang='lat' dir='ltr'>Quando</span> <span class='ocrx_word' id='word_1_229' title='bbox 586 2919 850 2986; x_wconf 69' lang='lat' dir='ltr'>dixerint,</span> <span class='ocrx_word' id='word_1_230' title='bbox 907 2937 1022 2993; x_wconf 66' lang='lat' dir='ltr'>pax</span> <span class='ocrx_word' id='word_1_231' title='bbox 1047 2925 1100 2977; x_wconf 88' lang='lat' dir='ltr'>et</span> <span class='ocrx_word' id='word_1_232' title='bbox 1145 2923 1430 2989; x_wconf 76' lang='lat' dir='ltr'>securitas,</span> <span class='ocrx_word' id='word_1_233' title='bbox 1492 2930 1623 2977; x_wconf 83' lang='lat' dir='ltr'>tunc</span> <span class='ocrx_word' id='word_1_234' title='bbox 1667 2925 1989 2994; x_wconf 79' lang='lat' dir='ltr'>repentinus</span> 
     </span>
    </p>
   </div>
   <div class='ocr_carea' id='block_1_31' title="bbox 324 3008 1989 3083">
    <p class='ocr_par' dir='ltr' id='par_1_31' title="bbox 324 3008 1989 3083">
     <span class='ocr_line' id='line_1_31' title="bbox 324 3008 1989 3083; baseline 0.002 -19"><span class='ocrx_word' id='word_1_235' title='bbox 324 3008 405 3064; x_wconf 79' lang='lat' dir='ltr'>eis</span> <span class='ocrx_word' id='word_1_236' title='bbox 432 3010 775 3081; x_wconf 80' lang='lat' dir='ltr'>superveniet</span> <span class='ocrx_word' id='word_1_237' title='bbox 811 3012 1088 3082; x_wconf 82' lang='lat' dir='ltr'>interitus,</span> <span class='ocrx_word' id='word_1_238' title='bbox 1143 3012 1283 3066; x_wconf 80' lang='lat' dir='ltr'>sicut</span> <span class='ocrx_word' id='word_1_239' title='bbox 1313 3009 1474 3067; x_wconf 85' lang='lat' dir='ltr'>dolor</span> <span class='ocrx_word' id='word_1_240' title='bbox 1524 3013 1906 3083; x_wconf 80' lang='lat' dir='ltr'>parturientis,</span> <span class='ocrx_word' id='word_1_241' title='bbox 1937 3018 1989 3067; x_wconf 89' lang='lat' dir='ltr'>et</span> 
     </span>
    </p>
   </div>
   <div class='ocr_carea' id='block_1_32' title="bbox 322 3097 1192 3171">
    <p class='ocr_par' dir='ltr' id='par_1_32' title="bbox 322 3097 1192 3171">
     <span class='ocr_line' id='line_1_32' title="bbox 322 3097 1192 3171; baseline 0.005 -18"><span class='ocrx_word' id='word_1_242' title='bbox 322 3110 437 3154; x_wconf 75' lang='lat' dir='ltr'>non</span> <span class='ocrx_word' id='word_1_243' title='bbox 460 3097 722 3171; x_wconf 74' lang='lat' dir='ltr'>effugient</span> <span class='ocrx_word' id='word_1_244' title='bbox 752 3099 803 3171; x_wconf 88' lang='grc' dir='ltr'>(Ι</span> <span class='ocrx_word' id='word_1_245' title='bbox 828 3100 1000 3156; x_wconf 72' lang='lat' dir='ltr'>Thess.</span> <span class='ocrx_word' id='word_1_246' title='bbox 1029 3117 1084 3169; x_wconf 87' lang='lat' dir='ltr'>v,</span> <span class='ocrx_word' id='word_1_247' title='bbox 1116 3103 1192 3171; x_wconf 89' lang='lat'>3).</span> 
     </span>
    </p>
   </div>
   <div class='ocr_carea' id='block_1_33' title="bbox 395 3185 1986 3263">
    <p class='ocr_par' dir='ltr' id='par_1_33' title="bbox 395 3185 1986 3263">
     <span class='ocr_line' id='line_1_33' title="bbox 395 3185 1986 3263; baseline 0.004 -24"><span class='ocrx_word' id='word_1_248' title='bbox 395 3185 582 3257; x_wconf 91' lang='lat' dir='ltr'>(Vers.</span> <span class='ocrx_word' id='word_1_249' title='bbox 611 3189 697 3252; x_wconf 82' lang='grc'>40,</span> <span class='ocrx_word' id='word_1_250' title='bbox 730 3188 844 3260; x_wconf 89' lang='grc'>41.)</span> <span class='ocrx_word' id='word_1_251' title='bbox 889 3211 909 3239; x_wconf 79' lang='grc' dir='ltr'><strong><em>ο</em></strong></span> <span class='ocrx_word' id='word_1_252' title='bbox 937 3191 1101 3246; x_wconf 89' lang='lat' dir='ltr'>Tunc</span> <span class='ocrx_word' id='word_1_253' title='bbox 1158 3192 1275 3247; x_wconf 92' lang='lat' dir='ltr'>duo</span> <span class='ocrx_word' id='word_1_254' title='bbox 1303 3195 1477 3247; x_wconf 87' lang='lat' dir='ltr'>erunt</span> <span class='ocrx_word' id='word_1_255' title='bbox 1528 3190 1586 3246; x_wconf 91' lang='lat' dir='ltr'>in</span> <span class='ocrx_word' id='word_1_256' title='bbox 1621 3205 1797 3263; x_wconf 87' lang='lat' dir='ltr'>agro:</span> <span class='ocrx_word' id='word_1_257' title='bbox 1831 3206 1986 3246; x_wconf 89' lang='lat' dir='ltr'>unus</span> 
     </span>
    </p>
   </div>
   <div class='ocr_carea' id='block_1_34' title="bbox 323 3278 1985 3352">
    <p class='ocr_par' dir='ltr' id='par_1_34' title="bbox 323 3278 1985 3352">
     <span class='ocr_line' id='line_1_34' title="bbox 323 3278 1985 3352; baseline 0.002 -21"><span class='ocrx_word' id='word_1_258' title='bbox 323 3281 685 3345; x_wconf 75' lang='lat' dir='ltr'>assumetur,</span> <span class='ocrx_word' id='word_1_259' title='bbox 717 3282 776 3333; x_wconf 91' lang='lat' dir='ltr'>et</span> <span class='ocrx_word' id='word_1_260' title='bbox 804 3294 961 3334; x_wconf 89' lang='lat' dir='ltr'>unus</span> <span class='ocrx_word' id='word_1_261' title='bbox 1013 3278 1398 3352; x_wconf 87' lang='lat' dir='ltr'>relinquetur.</span> <span class='ocrx_word' id='word_1_262' title='bbox 1432 3281 1573 3336; x_wconf 86' lang='lat' dir='ltr'>Duae</span> <span class='ocrx_word' id='word_1_263' title='bbox 1619 3279 1901 3336; x_wconf 89' lang='lat' dir='ltr'>molentes</span> <span class='ocrx_word' id='word_1_264' title='bbox 1926 3280 1985 3335; x_wconf 89' lang='lat' dir='ltr'>in</span> 
     </span>
    </p>
   </div>
   <div class='ocr_carea' id='block_1_35' title="bbox 2101 692 3751 767">
    <p class='ocr_par' dir='ltr' id='par_1_35' title="bbox 2101 692 3751 767">
     <span class='ocr_line' id='line_1_35' title="bbox 2101 692 3751 767; baseline 0.002 -21"><span class='ocrx_word' id='word_1_265' title='bbox 2101 696 2259 746; x_wconf 87' lang='lat' dir='ltr'>turus</span> <span class='ocrx_word' id='word_1_266' title='bbox 2288 692 2361 747; x_wconf 82' lang='lat' dir='ltr'>sit</span> <span class='ocrx_word' id='word_1_267' title='bbox 2401 693 2713 759; x_wconf 81' lang='lat' dir='ltr'>Dominus;</span> <span class='ocrx_word' id='word_1_268' title='bbox 2775 694 2876 748; x_wconf 87' lang='lat' dir='ltr'>sed</span> <span class='ocrx_word' id='word_1_269' title='bbox 2908 693 3146 749; x_wconf 80' lang='lat' dir='ltr'>nescitis.</span> <span class='ocrx_word' id='word_1_270' title='bbox 3192 693 3615 767; x_wconf 67' lang='lat' dir='ltr'>Przemissoque</span> <span class='ocrx_word' id='word_1_271' title='bbox 3649 710 3751 766; x_wconf 87' lang='lat' dir='ltr'>pa-</span> 
     </span>
    </p>
   </div>
   <div class='ocr_carea' id='block_1_36' title="bbox 2100 779 3754 853">
    <p class='ocr_par' dir='ltr' id='par_1_36' title="bbox 2100 779 3754 853">
     <span class='ocr_line' id='line_1_36' title="bbox 2100 779 3754 853; baseline 0.002 -18"><span class='ocrx_word' id='word_1_272' title='bbox 2100 779 2466 836; x_wconf 83' lang='lat' dir='ltr'>trisfamilias</span> <span class='ocrx_word' id='word_1_273' title='bbox 2497 780 2782 853; x_wconf 89' lang='lat' dir='ltr'>exemplo,</span> <span class='ocrx_word' id='word_1_274' title='bbox 2817 799 2921 837; x_wconf 91' lang='lat' dir='ltr'>cur</span> <span class='ocrx_word' id='word_1_275' title='bbox 2953 782 3189 838; x_wconf 80' lang='lat' dir='ltr'>reticeat</span> <span class='ocrx_word' id='word_1_276' title='bbox 3221 783 3754 839; x_wconf 88' lang='lat' dir='ltr'>consummationis</span> 
     </span>
    </p>
   </div>
   <div class='ocr_carea' id='block_1_37' title="bbox 2100 869 3141 941">
    <p class='ocr_par' dir='ltr' id='par_1_37' title="bbox 2100 869 3141 941">
     <span class='ocr_line' id='line_1_37' title="bbox 2100 869 3141 941; baseline 0.003 -17"><span class='ocrx_word' id='word_1_277' title='bbox 2100 869 2278 941; x_wconf 90' lang='lat' dir='ltr'>diem,</span> <span class='ocrx_word' id='word_1_278' title='bbox 2312 870 2681 926; x_wconf 85' lang='lat' dir='ltr'>manifestius</span> <span class='ocrx_word' id='word_1_279' title='bbox 2711 870 2879 941; x_wconf 84' lang='lat' dir='ltr'>docet</span> <span class='ocrx_word' id='word_1_280' title='bbox 2904 871 3102 927; x_wconf 89' lang='lat' dir='ltr'>dicens</span> <span class='ocrx_word' id='word_1_281' title='bbox 3127 887 3141 927; x_wconf 89' lang='lat'>:</span> 
     </span>
    </p>
   </div>
   <div class='ocr_carea' id='block_1_38' title="bbox 2178 959 3755 1032">
    <p class='ocr_par' dir='ltr' id='par_1_38' title="bbox 2178 959 3755 1032">
     <span class='ocr_line' id='line_1_38' title="bbox 2178 959 3755 1032; baseline 0.004 -23"><span class='ocrx_word' id='word_1_282' title='bbox 2178 982 2199 1009; x_wconf 75' lang='grc' dir='ltr'>(ι</span> <span class='ocrx_word' id='word_1_283' title='bbox 2235 960 2367 1015; x_wconf 92' lang='lat' dir='ltr'>Ideo</span> <span class='ocrx_word' id='word_1_284' title='bbox 2390 965 2447 1014; x_wconf 91' lang='lat' dir='ltr'>et</span> <span class='ocrx_word' id='word_1_285' title='bbox 2501 976 2601 1015; x_wconf 90' lang='lat' dir='ltr'>vos</span> <span class='ocrx_word' id='word_1_286' title='bbox 2633 963 2819 1015; x_wconf 89' lang='lat' dir='ltr'>estote</span> <span class='ocrx_word' id='word_1_287' title='bbox 2876 960 3098 1032; x_wconf 87' lang='lat' dir='ltr'>parati:</span> <span class='ocrx_word' id='word_1_288' title='bbox 3162 961 3301 1032; x_wconf 88' lang='lat' dir='ltr'>quia</span> <span class='ocrx_word' id='word_1_289' title='bbox 3360 959 3602 1017; x_wconf 87' lang='lat' dir='ltr'>nescitis</span> <span class='ocrx_word' id='word_1_290' title='bbox 3635 976 3755 1032; x_wconf 88' lang='lat' dir='ltr'>qua</span> 
     </span>
    </p>
   </div>
   <div class='ocr_carea' id='block_1_39' title="bbox 2101 1048 3756 1122">
    <p class='ocr_par' dir='ltr' id='par_1_39' title="bbox 2101 1048 3756 1122">
     <span class='ocr_line' id='line_1_39' title="bbox 2101 1048 3756 1122; baseline 0 -17"><span class='ocrx_word' id='word_1_291' title='bbox 2101 1048 2245 1105; x_wconf 89' lang='lat' dir='ltr'>hora</span> <span class='ocrx_word' id='word_1_292' title='bbox 2274 1048 2458 1105; x_wconf 90' lang='lat' dir='ltr'>Filius</span> <span class='ocrx_word' id='word_1_293' title='bbox 2479 1048 2735 1105; x_wconf 90' lang='lat' dir='ltr'>hominis</span> <span class='ocrx_word' id='word_1_294' title='bbox 2766 1054 3046 1106; x_wconf 86' lang='lat' dir='ltr'>venturus</span> <span class='ocrx_word' id='word_1_295' title='bbox 3101 1055 3208 1106; x_wconf 90' lang='lat' dir='ltr'>est.</span> <span class='ocrx_word' id='word_1_296' title='bbox 3241 1050 3402 1118; x_wconf 88' lang='lat' dir='ltr'>Quis,</span> <span class='ocrx_word' id='word_1_297' title='bbox 3436 1055 3631 1122; x_wconf 83' lang='lat' dir='ltr'>putas,</span> <span class='ocrx_word' id='word_1_298' title='bbox 3663 1053 3756 1107; x_wconf 88' lang='lat' dir='ltr'>est</span> 
     </span>
    </p>
   </div>
   <div class='ocr_carea' id='block_1_40' title="bbox 2101 1137 3755 1211">
    <p class='ocr_par' dir='ltr' id='par_1_40' title="bbox 2101 1137 3755 1211">
     <span class='ocr_line' id='line_1_40' title="bbox 2101 1137 3755 1211; baseline 0.002 -19"><span class='ocrx_word' id='word_1_299' title='bbox 2101 1137 2292 1194; x_wconf 81' lang='lat' dir='ltr'>fidelis</span> <span class='ocrx_word' id='word_1_300' title='bbox 2318 1155 2520 1195; x_wconf 87' lang='lat' dir='ltr'>servus</span> <span class='ocrx_word' id='word_1_301' title='bbox 2539 1141 2597 1194; x_wconf 89' lang='lat' dir='ltr'>et</span> <span class='ocrx_word' id='word_1_302' title='bbox 2625 1139 2905 1210; x_wconf 85' lang='lat' dir='ltr'>prudens,</span> <span class='ocrx_word' id='word_1_303' title='bbox 2932 1155 3104 1211; x_wconf 89' lang='lat' dir='ltr'>quem</span> <span class='ocrx_word' id='word_1_304' title='bbox 3135 1139 3439 1195; x_wconf 87' lang='lat' dir='ltr'>constituit</span> <span class='ocrx_word' id='word_1_305' title='bbox 3467 1139 3755 1195; x_wconf 79' lang='lat' dir='ltr'>Dominus</span> 
     </span>
    </p>
   </div>
   <div class='ocr_carea' id='block_1_41' title="bbox 2100 1226 3750 1299">
    <p class='ocr_par' dir='ltr' id='par_1_41' title="bbox 2100 1226 3750 1299">
     <span class='ocr_line' id='line_1_41' title="bbox 2100 1226 3750 1299; baseline 0.001 -18"><span class='ocrx_word' id='word_1_306' title='bbox 2100 1227 2228 1297; x_wconf 88' lang='lat' dir='ltr'>ejus</span> <span class='ocrx_word' id='word_1_307' title='bbox 2286 1243 2465 1299; x_wconf 89' lang='lat' dir='ltr'>super</span> <span class='ocrx_word' id='word_1_308' title='bbox 2505 1226 2687 1283; x_wconf 80' lang='lat' dir='ltr'>ﬁliam</span> <span class='ocrx_word' id='word_1_309' title='bbox 2745 1243 2936 1295; x_wconf 90' lang='lat' dir='ltr'>suam,</span> <span class='ocrx_word' id='word_1_310' title='bbox 2997 1232 3063 1282; x_wconf 92' lang='lat' dir='ltr'>ut</span> <span class='ocrx_word' id='word_1_311' title='bbox 3120 1228 3219 1283; x_wconf 90' lang='lat' dir='ltr'>det</span> <span class='ocrx_word' id='word_1_312' title='bbox 3272 1226 3392 1284; x_wconf 87' lang='lat' dir='ltr'>illis</span> <span class='ocrx_word' id='word_1_313' title='bbox 3434 1228 3631 1283; x_wconf 89' lang='lat' dir='ltr'>cibum</span> <span class='ocrx_word' id='word_1_314' title='bbox 3688 1227 3750 1282; x_wconf 89' lang='lat' dir='ltr'>in</span> 
     </span>
    </p>
   </div>
   <div class='ocr_carea' id='block_1_42' title="bbox 2101 1316 3756 1389">
    <p class='ocr_par' dir='ltr' id='par_1_42' title="bbox 2101 1316 3756 1389">
     <span class='ocr_line' id='line_1_42' title="bbox 2101 1316 3756 1389; baseline -0.001 -17"><span class='ocrx_word' id='word_1_315' title='bbox 2101 1316 2409 1387; x_wconf 84' lang='lat' dir='ltr'>tempore?</span> <span class='ocrx_word' id='word_1_316' title='bbox 2458 1317 2668 1373; x_wconf 88' lang='lat' dir='ltr'>Beatus</span> <span class='ocrx_word' id='word_1_317' title='bbox 2699 1316 2794 1373; x_wconf 90' lang='lat' dir='ltr'>ille</span> <span class='ocrx_word' id='word_1_318' title='bbox 2849 1334 3073 1383; x_wconf 84' lang='lat' dir='ltr'>servus,</span> <span class='ocrx_word' id='word_1_319' title='bbox 3107 1333 3280 1389; x_wconf 87' lang='lat' dir='ltr'>quem</span> <span class='ocrx_word' id='word_1_320' title='bbox 3340 1333 3474 1372; x_wconf 89' lang='lat' dir='ltr'>cum</span> <span class='ocrx_word' id='word_1_321' title='bbox 3531 1316 3756 1372; x_wconf 86' lang='lat' dir='ltr'>venerit</span> 
     </span>
    </p>
   </div>
   <div class='ocr_carea' id='block_1_43' title="bbox 2102 1405 3752 1476">
    <p class='ocr_par' dir='ltr' id='par_1_43' title="bbox 2102 1405 3752 1476">
     <span class='ocr_line' id='line_1_43' title="bbox 2102 1405 3752 1476; baseline 0 -15"><span class='ocrx_word' id='word_1_322' title='bbox 2102 1405 2388 1461; x_wconf 88' lang='lat' dir='ltr'>Dominus</span> <span class='ocrx_word' id='word_1_323' title='bbox 2420 1407 2571 1476; x_wconf 85' lang='lat' dir='ltr'>ejus,</span> <span class='ocrx_word' id='word_1_324' title='bbox 2603 1405 2889 1462; x_wconf 90' lang='lat' dir='ltr'>invenerit</span> <span class='ocrx_word' id='word_1_325' title='bbox 2929 1405 3013 1461; x_wconf 87' lang='lat' dir='ltr'>sic</span> <span class='ocrx_word' id='word_1_326' title='bbox 3044 1407 3370 1461; x_wconf 88' lang='lat' dir='ltr'>facientem.</span> <span class='ocrx_word' id='word_1_327' title='bbox 3404 1407 3591 1461; x_wconf 76' lang='lat' dir='ltr'>Amen</span> <span class='ocrx_word' id='word_1_328' title='bbox 3622 1405 3752 1461; x_wconf 92' lang='lat' dir='ltr'>dico</span> 
     </span>
    </p>
   </div>
   <div class='ocr_carea' id='block_1_44' title="bbox 2098 1494 3754 1566">
    <p class='ocr_par' dir='ltr' id='par_1_44' title="bbox 2098 1494 3754 1566">
     <span class='ocr_line' id='line_1_44' title="bbox 2098 1494 3754 1566; baseline 0.001 -18"><span class='ocrx_word' id='word_1_329' title='bbox 2098 1494 2289 1562; x_wconf 85' lang='lat' dir='ltr'>vobis,</span> <span class='ocrx_word' id='word_1_330' title='bbox 2321 1495 2597 1565; x_wconf 90' lang='lat' dir='ltr'>quoniam</span> <span class='ocrx_word' id='word_1_331' title='bbox 2655 1512 2833 1566; x_wconf 88' lang='lat' dir='ltr'>super</span> <span class='ocrx_word' id='word_1_332' title='bbox 2872 1496 3070 1551; x_wconf 88' lang='lat' dir='ltr'>omnia</span> <span class='ocrx_word' id='word_1_333' title='bbox 3112 1496 3264 1551; x_wconf 88' lang='lat' dir='ltr'>bona</span> <span class='ocrx_word' id='word_1_334' title='bbox 3291 1510 3399 1550; x_wconf 89' lang='lat' dir='ltr'>sua</span> <span class='ocrx_word' id='word_1_335' title='bbox 3435 1494 3754 1551; x_wconf 83' lang='lat' dir='ltr'>constituet</span> 
     </span>
    </p>
   </div>
   <div class='ocr_carea' id='block_1_45' title="bbox 2100 1582 3749 1655">
    <p class='ocr_par' dir='ltr' id='par_1_45' title="bbox 2100 1582 3749 1655">
     <span class='ocr_line' id='line_1_45' title="bbox 2100 1582 3749 1655; baseline -0.002 -16"><span class='ocrx_word' id='word_1_336' title='bbox 2100 1599 2256 1639; x_wconf 89' lang='lat' dir='ltr'>eum.</span> <span class='ocrx_word' id='word_1_337' title='bbox 2290 1605 2317 1633; x_wconf 83' lang='grc'>››</span> <span class='ocrx_word' id='word_1_338' title='bbox 2354 1583 2589 1640; x_wconf 88' lang='lat' dir='ltr'>Plenius</span> <span class='ocrx_word' id='word_1_339' title='bbox 2643 1584 2900 1640; x_wconf 89' lang='lat' dir='ltr'>inculcat</span> <span class='ocrx_word' id='word_1_340' title='bbox 2928 1588 2984 1639; x_wconf 89' lang='lat' dir='ltr'>et</span> <span class='ocrx_word' id='word_1_341' title='bbox 3022 1583 3281 1655; x_wconf 88' lang='lat' dir='ltr'>replicat,</span> <span class='ocrx_word' id='word_1_342' title='bbox 3316 1599 3496 1655; x_wconf 90' lang='lat' dir='ltr'>quare</span> <span class='ocrx_word' id='word_1_343' title='bbox 3552 1584 3623 1639; x_wconf 92' lang='lat' dir='ltr'>de</span> <span class='ocrx_word' id='word_1_344' title='bbox 3653 1582 3749 1637; x_wconf 89' lang='lat' dir='ltr'>die</span> 
     </span>
    </p>
   </div>
   <div class='ocr_carea' id='block_1_46' title="bbox 2102 1672 3753 1745">
    <p class='ocr_par' dir='ltr' id='par_1_46' title="bbox 2102 1672 3753 1745">
     <span class='ocr_line' id='line_1_46' title="bbox 2102 1672 3753 1745; baseline 0 -18"><span class='ocrx_word' id='word_1_345' title='bbox 2102 1673 2631 1730; x_wconf 85' lang='lat' dir='ltr'>consummationis</span> <span class='ocrx_word' id='word_1_346' title='bbox 2661 1678 2718 1728; x_wconf 89' lang='lat' dir='ltr'>et</span> <span class='ocrx_word' id='word_1_347' title='bbox 2747 1674 2886 1730; x_wconf 88' lang='lat' dir='ltr'>hora</span> <span class='ocrx_word' id='word_1_348' title='bbox 2932 1690 3035 1729; x_wconf 92' lang='lat' dir='ltr'>nec</span> <span class='ocrx_word' id='word_1_349' title='bbox 3067 1672 3326 1745; x_wconf 84' lang='lat' dir='ltr'>angelos,</span> <span class='ocrx_word' id='word_1_350' title='bbox 3378 1688 3483 1728; x_wconf 88' lang='lat' dir='ltr'>nec</span> <span class='ocrx_word' id='word_1_351' title='bbox 3509 1688 3571 1728; x_wconf 88' lang='lat' dir='ltr'>se</span> <span class='ocrx_word' id='word_1_352' title='bbox 3600 1672 3753 1728; x_wconf 91' lang='lat' dir='ltr'>scire</span> 
     </span>
    </p>
   </div>
   <div class='ocr_carea' id='block_1_47' title="bbox 2101 1761 3753 1834">
    <p class='ocr_par' dir='ltr' id='par_1_47' title="bbox 2101 1761 3753 1834">
     <span class='ocr_line' id='line_1_47' title="bbox 2101 1761 3753 1834; baseline -0.001 -18"><span class='ocrx_word' id='word_1_353' title='bbox 2101 1762 2501 1834; x_wconf 61' lang='lat' dir='ltr'>predixerit“;</span> <span class='ocrx_word' id='word_1_354' title='bbox 2535 1763 2636 1819; x_wconf 90' lang='lat' dir='ltr'>sed</span> <span class='ocrx_word' id='word_1_355' title='bbox 2670 1761 2861 1818; x_wconf 87' lang='lat' dir='ltr'>solum</span> <span class='ocrx_word' id='word_1_356' title='bbox 2921 1766 3173 1832; x_wconf 87' lang='lat' dir='ltr'>Patrem,</span> <span class='ocrx_word' id='word_1_357' title='bbox 3208 1762 3364 1834; x_wconf 92' lang='lat' dir='ltr'>quod</span> <span class='ocrx_word' id='word_1_358' title='bbox 3423 1778 3537 1817; x_wconf 90' lang='lat' dir='ltr'>non</span> <span class='ocrx_word' id='word_1_359' title='bbox 3587 1777 3753 1832; x_wconf 82' lang='lat' dir='ltr'>expe-</span> 
     </span>
    </p>
   </div>
   <div class='ocr_carea' id='block_1_48' title="bbox 2102 1849 3752 1924">
    <p class='ocr_par' dir='ltr' id='par_1_48' title="bbox 2102 1849 3752 1924">
     <span class='ocr_line' id='line_1_48' title="bbox 2102 1849 3752 1924; baseline -0.001 -18"><span class='ocrx_word' id='word_1_360' title='bbox 2102 1851 2225 1906; x_wconf 87' lang='lat' dir='ltr'>diat</span> <span class='ocrx_word' id='word_1_361' title='bbox 2254 1852 2402 1907; x_wconf 87' lang='lat' dir='ltr'>scire</span> <span class='ocrx_word' id='word_1_362' title='bbox 2441 1850 2761 1923; x_wconf 87' lang='lat' dir='ltr'>apostolis:</span> <span class='ocrx_word' id='word_1_363' title='bbox 2819 1855 2875 1907; x_wconf 90' lang='lat' dir='ltr'>et</span> <span class='ocrx_word' id='word_1_364' title='bbox 2904 1850 3238 1924; x_wconf 83' lang='lat' dir='ltr'>exemplum</span> <span class='ocrx_word' id='word_1_365' title='bbox 3287 1849 3752 1923; x_wconf 83' lang='lat' dir='ltr'>patrisfamilias,</span> 
     </span>
    </p>
   </div>
   <div class='ocr_carea' id='block_1_49' title="bbox 2103 1938 3752 2011">
    <p class='ocr_par' dir='ltr' id='par_1_49' title="bbox 2103 1938 3752 2011">
     <span class='ocr_line' id='line_1_49' title="bbox 2103 1938 3752 2011; baseline -0.002 -14"><span class='ocrx_word' id='word_1_366' title='bbox 2103 1941 2210 1997; x_wconf 89' lang='lat' dir='ltr'>hoc</span> <span class='ocrx_word' id='word_1_367' title='bbox 2240 1944 2348 2007; x_wconf 88' lang='lat' dir='ltr'>est,</span> <span class='ocrx_word' id='word_1_368' title='bbox 2380 1940 2474 1997; x_wconf 90' lang='lat' dir='ltr'>sui</span> <span class='ocrx_word' id='word_1_369' title='bbox 2505 1945 2561 1997; x_wconf 89' lang='lat' dir='ltr'>et</span> <span class='ocrx_word' id='word_1_370' title='bbox 2589 1941 2849 1997; x_wconf 84' lang='lat' dir='ltr'>fidelium</span> <span class='ocrx_word' id='word_1_371' title='bbox 2876 1957 3199 2007; x_wconf 79' lang='lat' dir='ltr'>servorum,</span> <span class='ocrx_word' id='word_1_372' title='bbox 3226 1940 3283 1995; x_wconf 91' lang='lat' dir='ltr'>id</span> <span class='ocrx_word' id='word_1_373' title='bbox 3315 1944 3424 2006; x_wconf 90' lang='lat' dir='ltr'>est,</span> <span class='ocrx_word' id='word_1_374' title='bbox 3459 1938 3752 2011; x_wconf 89' lang='lat' dir='ltr'>apostolo-</span> 
     </span>
    </p>
   </div>
   <div class='ocr_carea' id='block_1_50' title="bbox 2106 2027 3757 2101">
    <p class='ocr_par' dir='ltr' id='par_1_50' title="bbox 2106 2027 3757 2101">
     <span class='ocr_line' id='line_1_50' title="bbox 2106 2027 3757 2101; baseline -0.002 -15"><span class='ocrx_word' id='word_1_375' title='bbox 2106 2047 2259 2101; x_wconf 89' lang='lat' dir='ltr'>rum,</span> <span class='ocrx_word' id='word_1_376' title='bbox 2293 2032 2365 2086; x_wconf 87' lang='lat' dir='ltr'>ad</span> <span class='ocrx_word' id='word_1_377' title='bbox 2395 2029 2861 2086; x_wconf 88' lang='lat' dir='ltr'>cohortationcm.</span> <span class='ocrx_word' id='word_1_378' title='bbox 2900 2030 3163 2087; x_wconf 76' lang='lat' dir='ltr'>sollicitas</span> <span class='ocrx_word' id='word_1_379' title='bbox 3194 2030 3407 2086; x_wconf 87' lang='lat' dir='ltr'>mentis</span> <span class='ocrx_word' id='word_1_380' title='bbox 3438 2027 3757 2095; x_wconf 88' lang='lat' dir='ltr'>interserit,</span> 
     </span>
    </p>
   </div>
   <div class='ocr_carea' id='block_1_51' title="bbox 2101 2118 3757 2193">
    <p class='ocr_par' dir='ltr' id='par_1_51' title="bbox 2101 2118 3757 2193">
     <span class='ocr_line' id='line_1_51' title="bbox 2101 2118 3757 2193; baseline -0.002 -18"><span class='ocrx_word' id='word_1_381' title='bbox 2101 2124 2166 2175; x_wconf 89' lang='lat' dir='ltr'>ut</span> <span class='ocrx_word' id='word_1_382' title='bbox 2186 2136 2287 2193; x_wconf 90' lang='lat' dir='ltr'>spe</span> <span class='ocrx_word' id='word_1_383' title='bbox 2317 2120 2689 2193; x_wconf 83' lang='lat' dir='ltr'>praemiorum</span> <span class='ocrx_word' id='word_1_384' title='bbox 2715 2119 3050 2175; x_wconf 88' lang='lat' dir='ltr'>ministrent</span> <span class='ocrx_word' id='word_1_385' title='bbox 3079 2119 3376 2176; x_wconf 85' lang='lat' dir='ltr'>conservis</span> <span class='ocrx_word' id='word_1_386' title='bbox 3402 2118 3464 2174; x_wconf 91' lang='lat' dir='ltr'>in</span> <span class='ocrx_word' id='word_1_387' title='bbox 3494 2122 3757 2190; x_wconf 89' lang='lat' dir='ltr'>tempore</span> 
     </span>
    </p>
   </div>
   <div class='ocr_carea' id='block_1_52' title="bbox 2101 2208 2894 2266">
    <p class='ocr_par' dir='ltr' id='par_1_52' title="bbox 2101 2208 2894 2266">
     <span class='ocr_line' id='line_1_52' title="bbox 2101 2208 2894 2266; baseline -0.003 -1"><span class='ocrx_word' id='word_1_388' title='bbox 2101 2227 2209 2266; x_wconf 91' lang='lat' dir='ltr'>suo</span> <span class='ocrx_word' id='word_1_389' title='bbox 2242 2209 2460 2265; x_wconf 88' lang='lat' dir='ltr'>cibaria</span> <span class='ocrx_word' id='word_1_390' title='bbox 2494 2208 2894 2264; x_wconf 87' lang='lat' dir='ltr'>doctrinarum</span> 
     </span>
    </p>
   </div>
   <div class='ocr_carea' id='block_1_53' title="bbox 2173 2288 3760 2369">
    <p class='ocr_par' dir='ltr' id='par_1_53' title="bbox 2173 2288 3760 2369">
     <span class='ocr_line' id='line_1_53' title="bbox 2173 2288 3760 2369; baseline -0.001 -17"><span class='ocrx_word' id='word_1_391' title='bbox 2173 2299 2359 2369; x_wconf 89' lang='lat' dir='ltr'>(Vers.</span> <span class='ocrx_word' id='word_1_392' title='bbox 2392 2298 2481 2365; x_wconf 77' lang='grc'>48,</span> <span class='ocrx_word' id='word_1_393' title='bbox 2511 2297 2624 2369; x_wconf 81' lang='grc'>49.)</span> <span class='ocrx_word' id='word_1_394' title='bbox 2674 2317 2703 2347; x_wconf 91' lang='grc'>‹‹</span> <span class='ocrx_word' id='word_1_395' title='bbox 2732 2297 2791 2353; x_wconf 82' lang='lat' dir='ltr'>Si</span> <span class='ocrx_word' id='word_1_396' title='bbox 2822 2288 3021 2353; x_wconf 82' lang='lat' dir='ltr'>autem</span> <span class='ocrx_word' id='word_1_397' title='bbox 3054 2296 3266 2354; x_wconf 83' lang='lat' dir='ltr'>dixerit</span> <span class='ocrx_word' id='word_1_398' title='bbox 3330 2295 3525 2353; x_wconf 89' lang='lat' dir='ltr'>malus</span> <span class='ocrx_word' id='word_1_399' title='bbox 3556 2311 3760 2352; x_wconf 89' lang='lat' dir='ltr'>servus</span> 
     </span>
    </p>
   </div>
   <div class='ocr_carea' id='block_1_54' title="bbox 2103 2386 3757 2458">
    <p class='ocr_par' dir='ltr' id='par_1_54' title="bbox 2103 2386 3757 2458">
     <span class='ocr_line' id='line_1_54' title="bbox 2103 2386 3757 2458; baseline -0.002 -15"><span class='ocrx_word' id='word_1_400' title='bbox 2103 2387 2204 2444; x_wconf 89' lang='lat' dir='ltr'>ille</span> <span class='ocrx_word' id='word_1_401' title='bbox 2234 2388 2292 2443; x_wconf 89' lang='lat' dir='ltr'>in</span> <span class='ocrx_word' id='word_1_402' title='bbox 2327 2388 2500 2444; x_wconf 91' lang='lat' dir='ltr'>corde</span> <span class='ocrx_word' id='word_1_403' title='bbox 2531 2404 2657 2458; x_wconf 89' lang='lat' dir='ltr'>suo,</span> <span class='ocrx_word' id='word_1_404' title='bbox 2690 2402 2917 2443; x_wconf 90' lang='lat' dir='ltr'>moram</span> <span class='ocrx_word' id='word_1_405' title='bbox 2975 2386 3113 2443; x_wconf 84' lang='lat' dir='ltr'>facit</span> <span class='ocrx_word' id='word_1_406' title='bbox 3159 2386 3435 2442; x_wconf 89' lang='lat' dir='ltr'>dominus</span> <span class='ocrx_word' id='word_1_407' title='bbox 3465 2401 3633 2441; x_wconf 90' lang='lat' dir='ltr'>meus</span> <span class='ocrx_word' id='word_1_408' title='bbox 3660 2400 3757 2439; x_wconf 86' lang='lat' dir='ltr'>ve-</span> 
     </span>
    </p>
   </div>
   <div class='ocr_carea' id='block_1_55' title="bbox 2104 2474 3761 2549">
    <p class='ocr_par' dir='ltr' id='par_1_55' title="bbox 2104 2474 3761 2549">
     <span class='ocr_line' id='line_1_55' title="bbox 2104 2474 3761 2549; baseline -0.002 -16"><span class='ocrx_word' id='word_1_409' title='bbox 2104 2478 2250 2544; x_wconf 82' lang='lat' dir='ltr'>nire,</span> <span class='ocrx_word' id='word_1_410' title='bbox 2284 2481 2340 2533; x_wconf 89' lang='lat' dir='ltr'>et</span> <span class='ocrx_word' id='word_1_411' title='bbox 2363 2476 2599 2549; x_wconf 64' lang='lat' dir='ltr'>coeperit</span> <span class='ocrx_word' id='word_1_412' title='bbox 2628 2480 2929 2548; x_wconf 88' lang='lat' dir='ltr'>percutere</span> <span class='ocrx_word' id='word_1_413' title='bbox 2958 2492 3269 2532; x_wconf 88' lang='lat' dir='ltr'>conservos</span> <span class='ocrx_word' id='word_1_414' title='bbox 3317 2492 3478 2540; x_wconf 87' lang='lat' dir='ltr'>suos,</span> <span class='ocrx_word' id='word_1_415' title='bbox 3509 2474 3761 2530; x_wconf 88' lang='lat' dir='ltr'>mandu-</span> 
     </span>
    </p>
   </div>
   <div class='ocr_carea' id='block_1_56' title="bbox 2101 2563 3760 2636">
    <p class='ocr_par' dir='ltr' id='par_1_56' title="bbox 2101 2563 3760 2636">
     <span class='ocr_line' id='line_1_56' title="bbox 2101 2563 3760 2636; baseline -0.003 -13"><span class='ocrx_word' id='word_1_416' title='bbox 2101 2572 2193 2624; x_wconf 91' lang='lat' dir='ltr'>cet</span> <span class='ocrx_word' id='word_1_417' title='bbox 2222 2570 2420 2623; x_wconf 88' lang='lat' dir='ltr'>autem</span> <span class='ocrx_word' id='word_1_418' title='bbox 2462 2570 2519 2621; x_wconf 87' lang='lat' dir='ltr'>et</span> <span class='ocrx_word' id='word_1_419' title='bbox 2551 2565 2717 2622; x_wconf 87' lang='lat' dir='ltr'>bibat</span> <span class='ocrx_word' id='word_1_420' title='bbox 2762 2582 2897 2621; x_wconf 90' lang='lat' dir='ltr'>cum</span> <span class='ocrx_word' id='word_1_421' title='bbox 2929 2565 3128 2621; x_wconf 88' lang='lat' dir='ltr'>ebriis.</span> <span class='ocrx_word' id='word_1_422' title='bbox 3160 2587 3188 2615; x_wconf 82' lang='lat'>»</span> <span class='ocrx_word' id='word_1_423' title='bbox 3221 2566 3298 2620; x_wconf 87' lang='lat' dir='ltr'>Ex</span> <span class='ocrx_word' id='word_1_424' title='bbox 3354 2563 3760 2636; x_wconf 90' lang='lat' dir='ltr'>superioribus</span> 
     </span>
    </p>
   </div>
   <div class='ocr_carea' id='block_1_57' title="bbox 2100 2651 3752 2730">
    <p class='ocr_par' dir='ltr' id='par_1_57' title="bbox 2100 2651 3752 2730">
     <span class='ocr_line' id='line_1_57' title="bbox 2100 2651 3752 2730; baseline -0.003 -18"><span class='ocrx_word' id='word_1_425' title='bbox 2100 2657 2332 2730; x_wconf 89' lang='lat' dir='ltr'>pendet,</span> <span class='ocrx_word' id='word_1_426' title='bbox 2365 2656 2521 2727; x_wconf 90' lang='lat' dir='ltr'>quod</span> <span class='ocrx_word' id='word_1_427' title='bbox 2555 2654 2710 2711; x_wconf 90' lang='lat' dir='ltr'>sicut</span> <span class='ocrx_word' id='word_1_428' title='bbox 2739 2654 3028 2710; x_wconf 89' lang='lat' dir='ltr'>sollicitus</span> <span class='ocrx_word' id='word_1_429' title='bbox 3060 2670 3264 2711; x_wconf 89' lang='lat' dir='ltr'>servus</span> <span class='ocrx_word' id='word_1_430' title='bbox 3302 2657 3360 2709; x_wconf 87' lang='lat' dir='ltr'>et</span> <span class='ocrx_word' id='word_1_431' title='bbox 3387 2668 3619 2725; x_wconf 88' lang='lat' dir='ltr'>semper</span> <span class='ocrx_word' id='word_1_432' title='bbox 3646 2651 3752 2708; x_wconf 85' lang='lat' dir='ltr'>ad-</span> 
     </span>
    </p>
   </div>
   <div class='ocr_carea' id='block_1_58' title="bbox 2097 2739 3753 2815">
    <p class='ocr_par' dir='ltr' id='par_1_58' title="bbox 2097 2739 3753 2815">
     <span class='ocr_line' id='line_1_58' title="bbox 2097 2739 3753 2815; baseline -0.004 -14"><span class='ocrx_word' id='word_1_433' title='bbox 2097 2749 2338 2801; x_wconf 88' lang='lat' dir='ltr'>ventum</span> <span class='ocrx_word' id='word_1_434' title='bbox 2360 2743 2591 2800; x_wconf 89' lang='lat' dir='ltr'>Domini</span> <span class='ocrx_word' id='word_1_435' title='bbox 2616 2742 2984 2815; x_wconf 67' lang='lat' dir='ltr'>praastolans,</span> <span class='ocrx_word' id='word_1_436' title='bbox 3008 2742 3185 2799; x_wconf 85' lang='lat' dir='ltr'>tradit</span> <span class='ocrx_word' id='word_1_437' title='bbox 3215 2742 3506 2798; x_wconf 84' lang='lat' dir='ltr'>conservis</span> <span class='ocrx_word' id='word_1_438' title='bbox 3532 2739 3753 2797; x_wconf 89' lang='lat' dir='ltr'>cibaria</span> 
     </span>
    </p>
   </div>
   <div class='ocr_carea' id='block_1_59' title="bbox 2099 2829 3751 2907">
    <p class='ocr_par' dir='ltr' id='par_1_59' title="bbox 2099 2829 3751 2907">
     <span class='ocr_line' id='line_1_59' title="bbox 2099 2829 3751 2907; baseline -0.003 -17"><span class='ocrx_word' id='word_1_439' title='bbox 2099 2835 2157 2891; x_wconf 91' lang='lat' dir='ltr'>in</span> <span class='ocrx_word' id='word_1_440' title='bbox 2180 2839 2441 2907; x_wconf 90' lang='lat' dir='ltr'>tempore</span> <span class='ocrx_word' id='word_1_441' title='bbox 2462 2838 2656 2901; x_wconf 88' lang='lat' dir='ltr'>suo,et</span> <span class='ocrx_word' id='word_1_442' title='bbox 2686 2837 2889 2904; x_wconf 85' lang='lat' dir='ltr'>postea</span> <span class='ocrx_word' id='word_1_443' title='bbox 2918 2848 3096 2903; x_wconf 89' lang='lat' dir='ltr'>super</span> <span class='ocrx_word' id='word_1_444' title='bbox 3115 2831 3317 2887; x_wconf 91' lang='lat' dir='ltr'>omnia</span> <span class='ocrx_word' id='word_1_445' title='bbox 3346 2832 3500 2887; x_wconf 88' lang='lat' dir='ltr'>bona</span> <span class='ocrx_word' id='word_1_446' title='bbox 3514 2829 3751 2901; x_wconf 88' lang='lat' dir='ltr'>patrifa-</span> 
     </span>
    </p>
   </div>
   <div class='ocr_carea' id='block_1_60' title="bbox 2098 2917 3752 2993">
    <p class='ocr_par' dir='ltr' id='par_1_60' title="bbox 2098 2917 3752 2993">
     <span class='ocr_line' id='line_1_60' title="bbox 2098 2917 3752 2993; baseline -0.004 -14"><span class='ocrx_word' id='word_1_447' title='bbox 2098 2924 2293 2980; x_wconf 82' lang='lat' dir='ltr'>miliae</span> <span class='ocrx_word' id='word_1_448' title='bbox 2314 2922 2709 2978; x_wconf 82' lang='lat' dir='ltr'>constituitur:</span> <span class='ocrx_word' id='word_1_449' title='bbox 2745 2922 2827 2977; x_wconf 90' lang='lat' dir='ltr'>ita</span> <span class='ocrx_word' id='word_1_450' title='bbox 2846 2919 3267 2993; x_wconf 83' lang='lat' dir='ltr'>contrario,qui</span> <span class='ocrx_word' id='word_1_451' title='bbox 3292 2920 3462 2991; x_wconf 84' lang='lat' dir='ltr'>juxta</span> <span class='ocrx_word' id='word_1_452' title='bbox 3484 2917 3752 2974; x_wconf 87' lang='lat' dir='ltr'>Ezechie-</span> 
     </span>
    </p>
   </div>
   <div class='ocr_carea' id='block_1_61' title="bbox 2096 3008 3747 3081">
    <p class='ocr_par' dir='ltr' id='par_1_61' title="bbox 2096 3008 3747 3081">
     <span class='ocr_line' id='line_1_61' title="bbox 2096 3008 3747 3081; baseline -0.005 -13"><span class='ocrx_word' id='word_1_453' title='bbox 2096 3013 2211 3068; x_wconf 88' lang='lat' dir='ltr'>lem</span> <span class='ocrx_word' id='word_1_454' title='bbox 2244 3012 2424 3067; x_wconf 84' lang='lat' dir='ltr'>dixit:</span> <span class='ocrx_word' id='word_1_455' title='bbox 2474 3016 2541 3066; x_wconf 86' lang='lat' dir='ltr'>In</span> <span class='ocrx_word' id='word_1_456' title='bbox 2599 3016 2845 3080; x_wconf 83' lang='lat' dir='ltr'>tempora</span> <span class='ocrx_word' id='word_1_457' title='bbox 2876 3012 3036 3081; x_wconf 84' lang='lat' dir='ltr'>longa</span> <span class='ocrx_word' id='word_1_458' title='bbox 3073 3010 3168 3081; x_wconf 79' lang='lat' dir='ltr'>fiet</span> <span class='ocrx_word' id='word_1_459' title='bbox 3222 3009 3365 3065; x_wconf 87' lang='lat' dir='ltr'>istud</span> <span class='ocrx_word' id='word_1_460' title='bbox 3395 3008 3610 3079; x_wconf 75' lang='lat' dir='ltr'>(Ezech.</span> <span class='ocrx_word' id='word_1_461' title='bbox 3642 3024 3747 3072; x_wconf 76' lang='grc' dir='ltr'><strong>χιι,</strong></span> 
     </span>
    </p>
   </div>
   <div class='ocr_carea' id='block_1_62' title="bbox 2094 3098 3745 3173">
    <p class='ocr_par' dir='ltr' id='par_1_62' title="bbox 2094 3098 3745 3173">
     <span class='ocr_line' id='line_1_62' title="bbox 2094 3098 3745 3173; baseline -0.004 -16"><span class='ocrx_word' id='word_1_462' title='bbox 2094 3102 2209 3173; x_wconf 80' lang='lat'>22,)</span> <span class='ocrx_word' id='word_1_463' title='bbox 2242 3106 2300 3157; x_wconf 90' lang='lat' dir='ltr'>et</span> <span class='ocrx_word' id='word_1_464' title='bbox 2347 3117 2462 3155; x_wconf 88' lang='lat' dir='ltr'>non</span> <span class='ocrx_word' id='word_1_465' title='bbox 2504 3103 2675 3172; x_wconf 83' lang='lat' dir='ltr'>putat</span> <span class='ocrx_word' id='word_1_466' title='bbox 2705 3099 3013 3156; x_wconf 88' lang='lat' dir='ltr'>dominum</span> <span class='ocrx_word' id='word_1_467' title='bbox 3072 3098 3186 3155; x_wconf 89' lang='lat' dir='ltr'>cito</span> <span class='ocrx_word' id='word_1_468' title='bbox 3217 3114 3347 3154; x_wconf 89' lang='lat' dir='ltr'>esse</span> <span class='ocrx_word' id='word_1_469' title='bbox 3391 3101 3745 3161; x_wconf 89' lang='lat' dir='ltr'>venturum;</span> 
     </span>
    </p>
   </div>
   <div class='ocr_carea' id='block_1_63' title="bbox 2102 3186 3748 3261">
    <p class='ocr_par' dir='ltr' id='par_1_63' title="bbox 2102 3186 3748 3261">
     <span class='ocr_line' id='line_1_63' title="bbox 2102 3186 3748 3261; baseline -0.003 -15"><span class='ocrx_word' id='word_1_470' title='bbox 2102 3193 2292 3248; x_wconf 89' lang='lat' dir='ltr'>factus</span> <span class='ocrx_word' id='word_1_471' title='bbox 2322 3190 2603 3255; x_wconf 88' lang='lat' dir='ltr'>securior,</span> <span class='ocrx_word' id='word_1_472' title='bbox 2634 3192 2802 3245; x_wconf 86' lang='lat' dir='ltr'>vacat</span> <span class='ocrx_word' id='word_1_473' title='bbox 2829 3188 3018 3261; x_wconf 88' lang='lat' dir='ltr'>epulis</span> <span class='ocrx_word' id='word_1_474' title='bbox 3047 3192 3224 3260; x_wconf 89' lang='lat' dir='ltr'>atque</span> <span class='ocrx_word' id='word_1_475' title='bbox 3252 3186 3515 3256; x_wconf 75' lang='lat' dir='ltr'>luxuriae,</span> <span class='ocrx_word' id='word_1_476' title='bbox 3545 3189 3602 3243; x_wconf 87' lang='lat' dir='ltr'>et</span> <span class='ocrx_word' id='word_1_477' title='bbox 3632 3202 3748 3242; x_wconf 92' lang='lat' dir='ltr'>non</span> 
     </span>
    </p>
   </div>
   <div class='ocr_carea' id='block_1_64' title="bbox 2092 3275 3751 3351">
    <p class='ocr_par' dir='ltr' id='par_1_64' title="bbox 2092 3275 3751 3351">
     <span class='ocr_line' id='line_1_64' title="bbox 2092 3275 3751 3351; baseline -0.005 -15"><span class='ocrx_word' id='word_1_478' title='bbox 2092 3280 2284 3336; x_wconf 89' lang='lat' dir='ltr'>lenem</span> <span class='ocrx_word' id='word_1_479' title='bbox 2314 3278 2822 3351; x_wconf 87' lang='lat' dir='ltr'>patremfamilias,</span> <span class='ocrx_word' id='word_1_480' title='bbox 2884 3278 2984 3334; x_wconf 87' lang='lat' dir='ltr'>sed</span> <span class='ocrx_word' id='word_1_481' title='bbox 3044 3276 3484 3335; x_wconf 89' lang='lat' dir='ltr'>severissimum</span> <span class='ocrx_word' id='word_1_482' title='bbox 3540 3275 3751 3332; x_wconf 87' lang='lat' dir='ltr'>sentiet</span> 
     </span>
    </p>
   </div>
   <div class='ocr_carea' id='block_1_65' title="bbox 322 3348 2374 3442">
    <p class='ocr_par' dir='ltr' id='par_1_65' title="bbox 322 3348 2374 3442">
     <span class='ocr_line' id='line_1_65' title="bbox 322 3348 2374 3442; baseline 0.001 -22"><span class='ocrx_word' id='word_1_483' title='bbox 322 3365 517 3421; x_wconf 89' lang='lat' dir='ltr'>mola:</span> <span class='ocrx_word' id='word_1_484' title='bbox 553 3383 671 3422; x_wconf 89' lang='lat' dir='ltr'>una</span> <span class='ocrx_word' id='word_1_485' title='bbox 691 3371 1045 3435; x_wconf 87' lang='lat' dir='ltr'>assumetur,</span> <span class='ocrx_word' id='word_1_486' title='bbox 1079 3373 1136 3425; x_wconf 89' lang='lat' dir='ltr'>et</span> <span class='ocrx_word' id='word_1_487' title='bbox 1184 3387 1303 3425; x_wconf 90' lang='lat' dir='ltr'>una</span> <span class='ocrx_word' id='word_1_488' title='bbox 1330 3369 1711 3442; x_wconf 88' lang='lat' dir='ltr'>relinquetur.</span> <span class='ocrx_word' id='word_1_489' title='bbox 1734 3390 1760 3421; x_wconf 73' lang='grc' dir='ltr'><strong>η</strong></span> <span class='ocrx_word' id='word_1_490' title='bbox 1796 3370 1980 3440; x_wconf 89' lang='lat' dir='ltr'>Tunc,</span> <span class='ocrx_word' id='word_1_491' title='bbox 2016 3348 2057 3417; x_wconf 63' lang='grc' dir='ltr'>ε</span> <span class='ocrx_word' id='word_1_492' title='bbox 2088 3370 2374 3442; x_wconf 88' lang='lat' dir='ltr'>judicem.</span> 
     </span>
    </p>
   </div>
   <div class='ocr_carea' id='block_1_66' title="bbox 318 3452 1984 3532">
    <p class='ocr_par' dir='ltr' id='par_1_66' title="bbox 318 3452 1984 3532">
     <span class='ocr_line' id='line_1_66' title="bbox 318 3452 1984 3532; baseline 0.003 -23"><span class='ocrx_word' id='word_1_493' title='bbox 318 3452 537 3527; x_wconf 86' lang='lat' dir='ltr'>inquit,</span> <span class='ocrx_word' id='word_1_494' title='bbox 563 3454 681 3511; x_wconf 92' lang='lat' dir='ltr'>duo</span> <span class='ocrx_word' id='word_1_495' title='bbox 709 3460 884 3511; x_wconf 87' lang='lat' dir='ltr'>erunt</span> <span class='ocrx_word' id='word_1_496' title='bbox 905 3453 964 3512; x_wconf 90' lang='lat' dir='ltr'>in</span> <span class='ocrx_word' id='word_1_497' title='bbox 997 3470 1156 3529; x_wconf 86' lang='lat' dir='ltr'>agro,</span> <span class='ocrx_word' id='word_1_498' title='bbox 1205 3459 1461 3530; x_wconf 85' lang='lat' dir='ltr'>quando,</span> <span class='ocrx_word' id='word_1_499' title='bbox 1493 3463 1756 3532; x_wconf 88' lang='lat' dir='ltr'>tempore</span> <span class='ocrx_word' id='word_1_500' title='bbox 1783 3458 1984 3516; x_wconf 89' lang='lat' dir='ltr'>videli-</span> 
     </span>
    </p>
   </div>
   <div class='ocr_carea' id='block_1_67' title="bbox 320 3544 1986 3621">
    <p class='ocr_par' dir='ltr' id='par_1_67' title="bbox 320 3544 1986 3621">
     <span class='ocr_line' id='line_1_67' title="bbox 320 3544 1986 3621; baseline 0.002 -21"><span class='ocrx_word' id='word_1_501' title='bbox 320 3547 417 3600; x_wconf 88' lang='lat' dir='ltr'>cet</span> <span class='ocrx_word' id='word_1_502' title='bbox 469 3544 1003 3602; x_wconf 88' lang='lat' dir='ltr'>consummationis</span> <span class='ocrx_word' id='word_1_503' title='bbox 1050 3550 1225 3617; x_wconf 89' lang='lat' dir='ltr'>atque</span> <span class='ocrx_word' id='word_1_504' title='bbox 1275 3548 1505 3619; x_wconf 89' lang='lat' dir='ltr'>judicii,</span> <span class='ocrx_word' id='word_1_505' title='bbox 1562 3549 1677 3605; x_wconf 90' lang='lat' dir='ltr'>duo</span> <span class='ocrx_word' id='word_1_506' title='bbox 1728 3550 1789 3605; x_wconf 89' lang='lat' dir='ltr'>in</span> <span class='ocrx_word' id='word_1_507' title='bbox 1846 3565 1986 3621; x_wconf 88' lang='lat' dir='ltr'>agro</span> 
     </span>
    </p>
   </div>
   <div class='ocr_carea' id='block_1_68' title="bbox 318 3631 1988 3709">
    <p class='ocr_par' dir='ltr' id='par_1_68' title="bbox 318 3631 1988 3709">
     <span class='ocr_line' id='line_1_68' title="bbox 318 3631 1988 3709; baseline 0.002 -20"><span class='ocrx_word' id='word_1_508' title='bbox 318 3631 538 3705; x_wconf 88' lang='lat' dir='ltr'>pariter</span> <span class='ocrx_word' id='word_1_509' title='bbox 565 3632 936 3690; x_wconf 89' lang='lat' dir='ltr'>invenientur</span> <span class='ocrx_word' id='word_1_510' title='bbox 960 3636 1234 3692; x_wconf 90' lang='lat' dir='ltr'>eumdem</span> <span class='ocrx_word' id='word_1_511' title='bbox 1284 3636 1567 3694; x_wconf 85' lang='lat' dir='ltr'>habentes</span> <span class='ocrx_word' id='word_1_512' title='bbox 1601 3637 1887 3709; x_wconf 87' lang='lat' dir='ltr'>laborem,</span> <span class='ocrx_word' id='word_1_513' title='bbox 1931 3642 1988 3693; x_wconf 90' lang='lat' dir='ltr'>et</span> 
     </span>
    </p>
   </div>
   <div class='ocr_carea' id='block_1_69' title="bbox 319 3721 1985 3795">
    <p class='ocr_par' dir='ltr' id='par_1_69' title="bbox 319 3721 1985 3795">
     <span class='ocr_line' id='line_1_69' title="bbox 319 3721 1985 3795; baseline 0.004 -18"><span class='ocrx_word' id='word_1_514' title='bbox 319 3721 489 3794; x_wconf 84' lang='lat' dir='ltr'>quasi</span> <span class='ocrx_word' id='word_1_515' title='bbox 517 3736 719 3795; x_wconf 88' lang='lat' dir='ltr'>parem</span> <span class='ocrx_word' id='word_1_516' title='bbox 753 3730 1096 3795; x_wconf 79' lang='lat' dir='ltr'>sementem,</span> <span class='ocrx_word' id='word_1_517' title='bbox 1132 3727 1230 3783; x_wconf 87' lang='lat' dir='ltr'>sed</span> <span class='ocrx_word' id='word_1_518' title='bbox 1263 3727 1489 3783; x_wconf 89' lang='lat' dir='ltr'>fructus</span> <span class='ocrx_word' id='word_1_519' title='bbox 1518 3726 1738 3785; x_wconf 89' lang='lat' dir='ltr'>laboris</span> <span class='ocrx_word' id='word_1_520' title='bbox 1767 3744 1882 3785; x_wconf 89' lang='lat' dir='ltr'>non</span> <span class='ocrx_word' id='word_1_521' title='bbox 1913 3745 1985 3783; x_wconf 86' lang='lat' dir='ltr'>ae-</span> 
     </span>
    </p>
   </div>
   <div class='ocr_carea' id='block_1_70' title="bbox 321 3812 1987 3889">
    <p class='ocr_par' dir='ltr' id='par_1_70' title="bbox 321 3812 1987 3889">
     <span class='ocr_line' id='line_1_70' title="bbox 321 3812 1987 3889; baseline 0.004 -22"><span class='ocrx_word' id='word_1_522' title='bbox 321 3827 434 3884; x_wconf 91' lang='lat' dir='ltr'>que</span> <span class='ocrx_word' id='word_1_523' title='bbox 492 3812 854 3885; x_wconf 82' lang='lat' dir='ltr'>recipientes.</span> <span class='ocrx_word' id='word_1_524' title='bbox 929 3814 1066 3870; x_wconf 83' lang='lat' dir='ltr'>Duae</span> <span class='ocrx_word' id='word_1_525' title='bbox 1144 3832 1378 3889; x_wconf 90' lang='lat' dir='ltr'>quoque</span> <span class='ocrx_word' id='word_1_526' title='bbox 1425 3816 1710 3874; x_wconf 89' lang='lat' dir='ltr'>molentes</span> <span class='ocrx_word' id='word_1_527' title='bbox 1810 3816 1987 3874; x_wconf 89' lang='lat' dir='ltr'>simul</span> 
     </span>
    </p>
   </div>
   <div class='ocr_carea' id='block_1_71' title="bbox 328 3904 1987 3978">
    <p class='ocr_par' dir='ltr' id='par_1_71' title="bbox 328 3904 1987 3978">
     <span class='ocr_line' id='line_1_71' title="bbox 328 3904 1987 3978; baseline 0.005 -23"><span class='ocrx_word' id='word_1_528' title='bbox 328 3904 531 3956; x_wconf 83' lang='lat' dir='ltr'>erant:</span> <span class='ocrx_word' id='word_1_529' title='bbox 563 3917 683 3959; x_wconf 90' lang='lat' dir='ltr'>una</span> <span class='ocrx_word' id='word_1_530' title='bbox 712 3906 1068 3971; x_wconf 89' lang='lat' dir='ltr'>assumetur,</span> <span class='ocrx_word' id='word_1_531' title='bbox 1096 3908 1153 3960; x_wconf 91' lang='lat' dir='ltr'>et</span> <span class='ocrx_word' id='word_1_532' title='bbox 1181 3922 1301 3961; x_wconf 89' lang='lat' dir='ltr'>una</span> <span class='ocrx_word' id='word_1_533' title='bbox 1330 3905 1711 3978; x_wconf 87' lang='lat' dir='ltr'>relinquetur.</span> <span class='ocrx_word' id='word_1_534' title='bbox 1749 3907 1809 3962; x_wconf 93' lang='lat' dir='ltr'>In</span> <span class='ocrx_word' id='word_1_535' title='bbox 1843 3907 1987 3963; x_wconf 88' lang='lat' dir='ltr'>duo-</span> 
     </span>
    </p>
   </div>
   <div class='ocr_carea' id='block_1_72' title="bbox 324 3989 1990 4069">
    <p class='ocr_par' dir='ltr' id='par_1_72' title="bbox 324 3989 1990 4069">
     <span class='ocr_line' id='line_1_72' title="bbox 324 3989 1990 4069; baseline 0.005 -24"><span class='ocrx_word' id='word_1_536' title='bbox 324 3989 437 4046; x_wconf 88' lang='lat' dir='ltr'>bus</span> <span class='ocrx_word' id='word_1_537' title='bbox 467 3990 567 4061; x_wconf 90' lang='lat' dir='ltr'>qui</span> <span class='ocrx_word' id='word_1_538' title='bbox 597 3991 657 4045; x_wconf 92' lang='lat' dir='ltr'>in</span> <span class='ocrx_word' id='word_1_539' title='bbox 689 4006 829 4064; x_wconf 89' lang='lat' dir='ltr'>agro</span> <span class='ocrx_word' id='word_1_540' title='bbox 886 3997 1346 4062; x_wconf 88' lang='lat' dir='ltr'>commorantur,</span> <span class='ocrx_word' id='word_1_541' title='bbox 1393 3999 1453 4051; x_wconf 89' lang='lat' dir='ltr'>et</span> <span class='ocrx_word' id='word_1_542' title='bbox 1490 3995 1549 4050; x_wconf 93' lang='lat' dir='ltr'>in</span> <span class='ocrx_word' id='word_1_543' title='bbox 1599 3996 1830 4052; x_wconf 90' lang='lat' dir='ltr'>duabus</span> <span class='ocrx_word' id='word_1_544' title='bbox 1859 4012 1990 4069; x_wconf 81' lang='lat' dir='ltr'>quae</span> 
     </span>
    </p>
   </div>
   <div class='ocr_carea' id='block_1_73' title="bbox 324 4079 1985 4158">
    <p class='ocr_par' dir='ltr' id='par_1_73' title="bbox 324 4079 1985 4158">
     <span class='ocr_line' id='line_1_73' title="bbox 324 4079 1985 4158; baseline 0.005 -25"><span class='ocrx_word' id='word_1_545' title='bbox 324 4079 545 4150; x_wconf 85' lang='lat' dir='ltr'>pariter</span> <span class='ocrx_word' id='word_1_546' title='bbox 604 4080 852 4152; x_wconf 86' lang='lat' dir='ltr'>molunt,</span> <span class='ocrx_word' id='word_1_547' title='bbox 900 4082 987 4138; x_wconf 91' lang='lat' dir='ltr'>vel</span> <span class='ocrx_word' id='word_1_548' title='bbox 1046 4084 1414 4157; x_wconf 79' lang='lat' dir='ltr'>Synagogam</span> <span class='ocrx_word' id='word_1_549' title='bbox 1461 4084 1744 4158; x_wconf 84' lang='lat' dir='ltr'>intellige,</span> <span class='ocrx_word' id='word_1_550' title='bbox 1792 4090 1851 4141; x_wconf 90' lang='lat' dir='ltr'>et</span> <span class='ocrx_word' id='word_1_551' title='bbox 1879 4087 1985 4157; x_wconf 78' lang='lat' dir='ltr'>[AL</span> 
     </span>
    </p>
   </div>
   <div class='ocr_carea' id='block_1_74' title="bbox 322 4166 1989 4243">
    <p class='ocr_par' dir='ltr' id='par_1_74' title="bbox 322 4166 1989 4243">
     <span class='ocr_line' id='line_1_74' title="bbox 322 4166 1989 4243; baseline 0.005 -21"><span class='ocrx_word' id='word_1_552' title='bbox 322 4166 437 4239; x_wconf 88' lang='lat' dir='ltr'>vel]</span> <span class='ocrx_word' id='word_1_553' title='bbox 457 4166 800 4238; x_wconf 77' lang='lat' dir='ltr'>Ecclesium,</span> <span class='ocrx_word' id='word_1_554' title='bbox 858 4173 1014 4243; x_wconf 87' lang='lat' dir='ltr'>quod</span> <span class='ocrx_word' id='word_1_555' title='bbox 1068 4172 1247 4228; x_wconf 88' lang='lat' dir='ltr'>simul</span> <span class='ocrx_word' id='word_1_556' title='bbox 1295 4173 1512 4230; x_wconf 89' lang='lat' dir='ltr'>molere</span> <span class='ocrx_word' id='word_1_557' title='bbox 1569 4173 1877 4231; x_wconf 89' lang='lat' dir='ltr'>videantur</span> <span class='ocrx_word' id='word_1_558' title='bbox 1928 4174 1989 4231; x_wconf 90' lang='lat' dir='ltr'>in</span> 
     </span>
    </p>
   </div>
   <div class='ocr_carea' id='block_1_75' title="bbox 327 4254 1990 4336">
    <p class='ocr_par' dir='ltr' id='par_1_75' title="bbox 327 4254 1990 4336">
     <span class='ocr_line' id='line_1_75' title="bbox 327 4254 1990 4336; baseline 0.004 -24"><span class='ocrx_word' id='word_1_559' title='bbox 327 4254 497 4330; x_wconf 85' lang='lat' dir='ltr'>Lege,</span> <span class='ocrx_word' id='word_1_560' title='bbox 530 4261 587 4313; x_wconf 88' lang='lat' dir='ltr'>et</span> <span class='ocrx_word' id='word_1_561' title='bbox 615 4259 687 4315; x_wconf 90' lang='lat' dir='ltr'>de</span> <span class='ocrx_word' id='word_1_562' title='bbox 706 4258 926 4316; x_wconf 88' lang='lat' dir='ltr'>eisdem</span> <span class='ocrx_word' id='word_1_563' title='bbox 986 4261 1306 4333; x_wconf 88' lang='lat' dir='ltr'>Scripturis</span> <span class='ocrx_word' id='word_1_564' title='bbox 1358 4262 1604 4319; x_wconf 88' lang='lat' dir='ltr'>farinam</span> <span class='ocrx_word' id='word_1_565' title='bbox 1632 4268 1817 4320; x_wconf 89' lang='lat' dir='ltr'>terere</span> <span class='ocrx_word' id='word_1_566' title='bbox 1843 4280 1990 4336; x_wconf 69' lang='lat' dir='ltr'>pras-</span> 
     </span>
    </p>
   </div>
   <div class='ocr_carea' id='block_1_76' title="bbox 323 4348 1992 4424">
    <p class='ocr_par' dir='ltr' id='par_1_76' title="bbox 323 4348 1992 4424">
     <span class='ocr_line' id='line_1_76' title="bbox 323 4348 1992 4424; baseline 0.004 -22"><span class='ocrx_word' id='word_1_567' title='bbox 323 4350 626 4419; x_wconf 88' lang='lat' dir='ltr'>ceptorum</span> <span class='ocrx_word' id='word_1_568' title='bbox 656 4348 758 4404; x_wconf 90' lang='lat' dir='ltr'>Dei</span> <span class='ocrx_word' id='word_1_569' title='bbox 785 4367 798 4404; x_wconf 91' lang='lat'>:</span> <span class='ocrx_word' id='word_1_570' title='bbox 829 4349 914 4405; x_wconf 87' lang='lat' dir='ltr'>vel</span> <span class='ocrx_word' id='word_1_571' title='bbox 967 4354 1202 4406; x_wconf 54' lang='lat' dir='ltr'>caeteras</span> <span class='ocrx_word' id='word_1_572' title='bbox 1233 4351 1504 4419; x_wconf 81' lang='lat' dir='ltr'>haereses,</span> <span class='ocrx_word' id='word_1_573' title='bbox 1557 4368 1689 4424; x_wconf 66' lang='lat' dir='ltr'>qua:</span> <span class='ocrx_word' id='word_1_574' title='bbox 1740 4354 1814 4409; x_wconf 90' lang='lat' dir='ltr'>de</span> <span class='ocrx_word' id='word_1_575' title='bbox 1838 4359 1992 4409; x_wconf 89' lang='lat' dir='ltr'>utro-</span> 
     </span>
    </p>
   </div>
   <div class='ocr_carea' id='block_1_77' title="bbox 326 4428 1988 4509">
    <p class='ocr_par' dir='ltr' id='par_1_77' title="bbox 326 4428 1988 4509">
     <span class='ocr_line' id='line_1_77' title="bbox 326 4428 1988 4509; baseline 0.004 -17"><span class='ocrx_word' id='word_1_576' title='bbox 326 4450 440 4509; x_wconf 89' lang='lat' dir='ltr'>que</span> <span class='ocrx_word' id='word_1_577' title='bbox 468 4428 863 4509; x_wconf 76' lang='lat' dir='ltr'>Testamento,</span> <span class='ocrx_word' id='word_1_578' title='bbox 895 4443 999 4495; x_wconf 85' lang='lat' dir='ltr'>aut</span> <span class='ocrx_word' id='word_1_579' title='bbox 1028 4434 1099 4495; x_wconf 91' lang='lat' dir='ltr'>de</span> <span class='ocrx_word' id='word_1_580' title='bbox 1128 4439 1308 4496; x_wconf 90' lang='lat' dir='ltr'>altero</span> <span class='ocrx_word' id='word_1_581' title='bbox 1356 4439 1629 4497; x_wconf 89' lang='lat' dir='ltr'>videntur</span> <span class='ocrx_word' id='word_1_582' title='bbox 1659 4442 1874 4499; x_wconf 85' lang='lat' dir='ltr'>molere</span> <span class='ocrx_word' id='word_1_583' title='bbox 1908 4445 1988 4499; x_wconf 86' lang='lat' dir='ltr'>fa-</span> 
     </span>
    </p>
   </div>
   <div class='ocr_carea' id='block_1_78' title="bbox 330 4526 1991 4595">
    <p class='ocr_par' dir='ltr' id='par_1_78' title="bbox 330 4526 1991 4595">
     <span class='ocr_line' id='line_1_78' title="bbox 330 4526 1991 4595; baseline 0.003 -14"><span class='ocrx_word' id='word_1_584' title='bbox 330 4526 949 4595; x_wconf 74' lang='lat' dir='ltr'>rinamdoctrinarum</span> <span class='ocrx_word' id='word_1_585' title='bbox 975 4545 1241 4584; x_wconf 86' lang='lat' dir='ltr'>suarum:</span> <span class='ocrx_word' id='word_1_586' title='bbox 1275 4534 1333 4585; x_wconf 89' lang='lat' dir='ltr'>et</span> <span class='ocrx_word' id='word_1_587' title='bbox 1354 4544 1486 4584; x_wconf 90' lang='lat' dir='ltr'>cum</span> <span class='ocrx_word' id='word_1_588' title='bbox 1519 4546 1703 4586; x_wconf 90' lang='lat' dir='ltr'>unum</span> <span class='ocrx_word' id='word_1_589' title='bbox 1736 4532 1991 4587; x_wconf 89' lang='lat' dir='ltr'>nominis</span> 
     </span>
    </p>
   </div>
   <div class='ocr_carea' id='block_1_79' title="bbox 326 4612 1989 4690">
    <p class='ocr_par' dir='ltr' id='par_1_79' title="bbox 326 4612 1989 4690">
     <span class='ocr_line' id='line_1_79' title="bbox 326 4612 1989 4690; baseline 0.002 -19"><span class='ocrx_word' id='word_1_590' title='bbox 326 4612 643 4672; x_wconf 86' lang='lat' dir='ltr'>Christiani</span> <span class='ocrx_word' id='word_1_591' title='bbox 665 4617 1032 4690; x_wconf 89' lang='lat' dir='ltr'>propositum</span> <span class='ocrx_word' id='word_1_592' title='bbox 1063 4618 1210 4674; x_wconf 65' lang='grc' dir='ltr'>ποι</span> <span class='ocrx_word' id='word_1_593' title='bbox 1248 4618 1525 4683; x_wconf 89' lang='lat' dir='ltr'>habeant,</span> <span class='ocrx_word' id='word_1_594' title='bbox 1574 4635 1692 4675; x_wconf 89' lang='lat' dir='ltr'>non</span> <span class='ocrx_word' id='word_1_595' title='bbox 1723 4620 1989 4677; x_wconf 88' lang='lat' dir='ltr'>eamdem</span> 
     </span>
    </p>
   </div>
   <div class='ocr_carea' id='block_1_80' title="bbox 2164 3452 3748 3530">
    <p class='ocr_par' dir='ltr' id='par_1_80' title="bbox 2164 3452 3748 3530">
     <span class='ocr_line' id='line_1_80' title="bbox 2164 3452 3748 3530; baseline -0.002 -19"><span class='ocrx_word' id='word_1_596' title='bbox 2164 3458 2353 3530; x_wconf 85' lang='lat' dir='ltr'>(Vere.</span> <span class='ocrx_word' id='word_1_597' title='bbox 2374 3458 2466 3523; x_wconf 82' lang='lat'>50,</span> <span class='ocrx_word' id='word_1_598' title='bbox 2491 3455 2606 3527; x_wconf 82' lang='lat' dir='ltr'>5i.)</span> <span class='ocrx_word' id='word_1_599' title='bbox 2643 3477 2671 3506; x_wconf 84' lang='lat'><strong>«</strong></span> <span class='ocrx_word' id='word_1_600' title='bbox 2698 3455 2908 3512; x_wconf 87' lang='lat' dir='ltr'>Veniet</span> <span class='ocrx_word' id='word_1_601' title='bbox 2963 3455 3239 3511; x_wconf 90' lang='lat' dir='ltr'>dominus</span> <span class='ocrx_word' id='word_1_602' title='bbox 3295 3454 3443 3509; x_wconf 86' lang='lat' dir='ltr'>servi</span> <span class='ocrx_word' id='word_1_603' title='bbox 3475 3452 3656 3521; x_wconf 91' lang='lat' dir='ltr'>illius,</span> <span class='ocrx_word' id='word_1_604' title='bbox 3690 3454 3748 3508; x_wconf 90' lang='lat' dir='ltr'>in</span> 
     </span>
    </p>
   </div>
   <div class='ocr_carea' id='block_1_81' title="bbox 2094 3540 3753 3619">
    <p class='ocr_par' dir='ltr' id='par_1_81' title="bbox 2094 3540 3753 3619">
     <span class='ocr_line' id='line_1_81' title="bbox 2094 3540 3753 3619; baseline -0.007 -14"><span class='ocrx_word' id='word_1_605' title='bbox 2094 3548 2188 3605; x_wconf 89' lang='lat' dir='ltr'>die</span> <span class='ocrx_word' id='word_1_606' title='bbox 2210 3564 2326 3619; x_wconf 91' lang='lat' dir='ltr'>qua</span> <span class='ocrx_word' id='word_1_607' title='bbox 2355 3562 2471 3602; x_wconf 92' lang='lat' dir='ltr'>non</span> <span class='ocrx_word' id='word_1_608' title='bbox 2502 3548 2721 3618; x_wconf 89' lang='lat' dir='ltr'>sperat,</span> <span class='ocrx_word' id='word_1_609' title='bbox 2756 3548 2814 3600; x_wconf 89' lang='lat' dir='ltr'>et</span> <span class='ocrx_word' id='word_1_610' title='bbox 2856 3544 3008 3600; x_wconf 84' lang='lat' dir='ltr'>hora</span> <span class='ocrx_word' id='word_1_611' title='bbox 3058 3560 3177 3615; x_wconf 88' lang='lat' dir='ltr'>qua</span> <span class='ocrx_word' id='word_1_612' title='bbox 3222 3543 3488 3614; x_wconf 88' lang='lat' dir='ltr'>ignorat:</span> <span class='ocrx_word' id='word_1_613' title='bbox 3524 3545 3582 3596; x_wconf 87' lang='lat' dir='ltr'>et</span> <span class='ocrx_word' id='word_1_614' title='bbox 3610 3540 3753 3596; x_wconf 79' lang='lat' dir='ltr'>divi-</span> 
     </span>
    </p>
   </div>
   <div class='ocr_carea' id='block_1_82' title="bbox 2108 3628 3749 3707">
    <p class='ocr_par' dir='ltr' id='par_1_82' title="bbox 2108 3628 3749 3707">
     <span class='ocr_line' id='line_1_82' title="bbox 2108 3628 3749 3707; baseline -0.006 -13"><span class='ocrx_word' id='word_1_615' title='bbox 2108 3638 2207 3694; x_wconf 88' lang='lat' dir='ltr'>det</span> <span class='ocrx_word' id='word_1_616' title='bbox 2233 3653 2389 3706; x_wconf 85' lang='lat' dir='ltr'>eum,</span> <span class='ocrx_word' id='word_1_617' title='bbox 2443 3638 2787 3707; x_wconf 89' lang='lat' dir='ltr'>partemque</span> <span class='ocrx_word' id='word_1_618' title='bbox 2838 3634 2967 3704; x_wconf 85' lang='lat' dir='ltr'>ejus</span> <span class='ocrx_word' id='word_1_619' title='bbox 3026 3636 3201 3705; x_wconf 89' lang='lat' dir='ltr'>ponet</span> <span class='ocrx_word' id='word_1_620' title='bbox 3230 3648 3363 3687; x_wconf 89' lang='lat' dir='ltr'>cum</span> <span class='ocrx_word' id='word_1_621' title='bbox 3392 3628 3749 3703; x_wconf 87' lang='lat' dir='ltr'>bypocritis:</span> 
     </span>
    </p>
   </div>
   <div class='ocr_carea' id='block_1_83' title="bbox 2104 3718 3747 3781">
    <p class='ocr_par' dir='ltr' id='par_1_83' title="bbox 2104 3718 3747 3781">
     <span class='ocr_line' id='line_1_83' title="bbox 2104 3718 3747 3781; baseline -0.004 0"><span class='ocrx_word' id='word_1_622' title='bbox 2104 3726 2225 3781; x_wconf 90' lang='lat' dir='ltr'>illic</span> <span class='ocrx_word' id='word_1_623' title='bbox 2275 3725 2385 3781; x_wconf 90' lang='lat' dir='ltr'>erit</span> <span class='ocrx_word' id='word_1_624' title='bbox 2442 3725 2615 3779; x_wconf 85' lang='lat' dir='ltr'>ﬂetus</span> <span class='ocrx_word' id='word_1_625' title='bbox 2664 3726 2721 3778; x_wconf 88' lang='lat' dir='ltr'>et</span> <span class='ocrx_word' id='word_1_626' title='bbox 2767 3722 2986 3779; x_wconf 86' lang='lat' dir='ltr'>stridor</span> <span class='ocrx_word' id='word_1_627' title='bbox 3043 3721 3396 3777; x_wconf 79' lang='lat' dir='ltr'>dentium.»</span> <span class='ocrx_word' id='word_1_628' title='bbox 3447 3720 3600 3777; x_wconf 70' lang='lat'>202</span> <span class='ocrx_word' id='word_1_629' title='bbox 3634 3718 3747 3775; x_wconf 82' lang='lat' dir='ltr'>Hoc</span> 
     </span>
    </p>
   </div>
   <div class='ocr_carea' id='block_1_84' title="bbox 2104 3809 3755 3888">
    <p class='ocr_par' dir='ltr' id='par_1_84' title="bbox 2104 3809 3755 3888">
     <span class='ocr_line' id='line_1_84' title="bbox 2104 3809 3755 3888; baseline -0.004 -16"><span class='ocrx_word' id='word_1_630' title='bbox 2104 3816 2303 3888; x_wconf 88' lang='lat' dir='ltr'>ipsum</span> <span class='ocrx_word' id='word_1_631' title='bbox 2334 3814 2521 3884; x_wconf 87' lang='lat' dir='ltr'>docet,</span> <span class='ocrx_word' id='word_1_632' title='bbox 2554 3816 2620 3869; x_wconf 89' lang='lat' dir='ltr'>ut</span> <span class='ocrx_word' id='word_1_633' title='bbox 2650 3811 2839 3868; x_wconf 88' lang='lat' dir='ltr'>sciant</span> <span class='ocrx_word' id='word_1_634' title='bbox 2888 3811 3121 3883; x_wconf 91' lang='lat' dir='ltr'>quando</span> <span class='ocrx_word' id='word_1_635' title='bbox 3153 3827 3266 3867; x_wconf 90' lang='lat' dir='ltr'>non</span> <span class='ocrx_word' id='word_1_636' title='bbox 3299 3813 3541 3882; x_wconf 87' lang='lat' dir='ltr'>putatur</span> <span class='ocrx_word' id='word_1_637' title='bbox 3567 3809 3755 3866; x_wconf 86' lang='lat' dir='ltr'>domi-</span> 
     </span>
    </p>
   </div>
   <div class='ocr_carea' id='block_1_85' title="bbox 2096 3898 3752 3975">
    <p class='ocr_par' dir='ltr' id='par_1_85' title="bbox 2096 3898 3752 3975">
     <span class='ocr_line' id='line_1_85' title="bbox 2096 3898 3752 3975; baseline -0.005 -14"><span class='ocrx_word' id='word_1_638' title='bbox 2096 3922 2229 3975; x_wconf 88' lang='lat' dir='ltr'>nus,</span> <span class='ocrx_word' id='word_1_639' title='bbox 2260 3908 2401 3959; x_wconf 83' lang='lat' dir='ltr'>tunc</span> <span class='ocrx_word' id='word_1_640' title='bbox 2457 3918 2592 3958; x_wconf 91' lang='lat' dir='ltr'>eum</span> <span class='ocrx_word' id='word_1_641' title='bbox 2649 3917 2778 3957; x_wconf 89' lang='lat' dir='ltr'>esse</span> <span class='ocrx_word' id='word_1_642' title='bbox 2821 3905 3158 3967; x_wconf 90' lang='lat' dir='ltr'>venturum,</span> <span class='ocrx_word' id='word_1_643' title='bbox 3213 3904 3270 3956; x_wconf 90' lang='lat' dir='ltr'>et</span> <span class='ocrx_word' id='word_1_644' title='bbox 3321 3898 3639 3971; x_wconf 69' lang='lat' dir='ltr'>vigilantia:</span> <span class='ocrx_word' id='word_1_645' title='bbox 3683 3914 3752 3953; x_wconf 91' lang='lat' dir='ltr'>ac</span> 
     </span>
    </p>
   </div>
   <div class='ocr_carea' id='block_1_86' title="bbox 2097 3987 3752 4061">
    <p class='ocr_par' dir='ltr' id='par_1_86' title="bbox 2097 3987 3752 4061">
     <span class='ocr_line' id='line_1_86' title="bbox 2097 3987 3752 4061; baseline -0.004 -13"><span class='ocrx_word' id='word_1_646' title='bbox 2097 3990 2513 4050; x_wconf 86' lang='lat' dir='ltr'>sollicitudinis</span> <span class='ocrx_word' id='word_1_647' title='bbox 2571 3991 3009 4061; x_wconf 87' lang='lat' dir='ltr'>dispensatores</span> <span class='ocrx_word' id='word_1_648' title='bbox 3064 3989 3357 4044; x_wconf 89' lang='lat' dir='ltr'>admonet.</span> <span class='ocrx_word' id='word_1_649' title='bbox 3390 3989 3566 4044; x_wconf 91' lang='lat' dir='ltr'>Porro</span> <span class='ocrx_word' id='word_1_650' title='bbox 3596 3987 3752 4058; x_wconf 89' lang='lat' dir='ltr'>quod</span> 
     </span>
    </p>
   </div>
   <div class='ocr_carea' id='block_1_87' title="bbox 2098 4075 3750 4149">
    <p class='ocr_par' dir='ltr' id='par_1_87' title="bbox 2098 4075 3750 4149">
     <span class='ocr_line' id='line_1_87' title="bbox 2098 4075 3750 4149; baseline -0.004 -11"><span class='ocrx_word' id='word_1_651' title='bbox 2098 4082 2258 4149; x_wconf 91' lang='lat' dir='ltr'>dicit,</span> <span class='ocrx_word' id='word_1_652' title='bbox 2291 4080 2494 4136; x_wconf 82' lang='lat' dir='ltr'>dividet</span> <span class='ocrx_word' id='word_1_653' title='bbox 2532 4096 2679 4146; x_wconf 85' lang='lat' dir='ltr'>eum,</span> <span class='ocrx_word' id='word_1_654' title='bbox 2711 4094 2826 4134; x_wconf 93' lang='lat' dir='ltr'>non</span> <span class='ocrx_word' id='word_1_655' title='bbox 2859 4094 2975 4148; x_wconf 89' lang='lat' dir='ltr'>quo</span> <span class='ocrx_word' id='word_1_656' title='bbox 3027 4075 3222 4148; x_wconf 89' lang='lat' dir='ltr'>gladio</span> <span class='ocrx_word' id='word_1_657' title='bbox 3279 4094 3413 4132; x_wconf 90' lang='lat' dir='ltr'>eum</span> <span class='ocrx_word' id='word_1_658' title='bbox 3466 4076 3750 4143; x_wconf 80' lang='lat' dir='ltr'>dissecet;</span> 
     </span>
    </p>
   </div>
   <div class='ocr_carea' id='block_1_88' title="bbox 2098 4165 3756 4243">
    <p class='ocr_par' dir='ltr' id='par_1_88' title="bbox 2098 4165 3756 4243">
     <span class='ocr_line' id='line_1_88' title="bbox 2098 4165 3756 4243; baseline -0.005 -15"><span class='ocrx_word' id='word_1_659' title='bbox 2098 4171 2200 4228; x_wconf 90' lang='lat' dir='ltr'>sed</span> <span class='ocrx_word' id='word_1_660' title='bbox 2232 4184 2348 4243; x_wconf 85' lang='lat' dir='ltr'>quo</span> <span class='ocrx_word' id='word_1_661' title='bbox 2379 4186 2413 4225; x_wconf 88' lang='lat' dir='ltr'>a</span> <span class='ocrx_word' id='word_1_662' title='bbox 2459 4172 2795 4224; x_wconf 88' lang='lat' dir='ltr'>sanctorum</span> <span class='ocrx_word' id='word_1_663' title='bbox 2857 4165 3152 4221; x_wconf 90' lang='lat' dir='ltr'>consortio</span> <span class='ocrx_word' id='word_1_664' title='bbox 3208 4182 3343 4220; x_wconf 90' lang='lat' dir='ltr'>eum</span> <span class='ocrx_word' id='word_1_665' title='bbox 3402 4169 3650 4237; x_wconf 86' lang='lat' dir='ltr'>separet,</span> <span class='ocrx_word' id='word_1_666' title='bbox 3698 4167 3756 4219; x_wconf 90' lang='lat' dir='ltr'>et</span> 
     </span>
    </p>
   </div>
   <div class='ocr_carea' id='block_1_89' title="bbox 2099 4251 3754 4333">
    <p class='ocr_par' dir='ltr' id='par_1_89' title="bbox 2099 4251 3754 4333">
     <span class='ocr_line' id='line_1_89' title="bbox 2099 4251 3754 4333; baseline -0.006 -17"><span class='ocrx_word' id='word_1_667' title='bbox 2099 4264 2324 4333; x_wconf 89' lang='lat' dir='ltr'>partem</span> <span class='ocrx_word' id='word_1_668' title='bbox 2356 4259 2483 4330; x_wconf 90' lang='lat' dir='ltr'>ejus</span> <span class='ocrx_word' id='word_1_669' title='bbox 2514 4260 2692 4329; x_wconf 86' lang='lat' dir='ltr'>ponat</span> <span class='ocrx_word' id='word_1_670' title='bbox 2721 4270 2857 4311; x_wconf 92' lang='lat' dir='ltr'>cum</span> <span class='ocrx_word' id='word_1_671' title='bbox 2886 4253 3204 4327; x_wconf 77' lang='lat' dir='ltr'>hypocritis</span> <span class='ocrx_word' id='word_1_672' title='bbox 3230 4271 3241 4309; x_wconf 95' lang='lat'>:</span> <span class='ocrx_word' id='word_1_673' title='bbox 3267 4270 3400 4308; x_wconf 89' lang='lat' dir='ltr'>cum</span> <span class='ocrx_word' id='word_1_674' title='bbox 3431 4252 3523 4308; x_wconf 88' lang='lat' dir='ltr'>his</span> <span class='ocrx_word' id='word_1_675' title='bbox 3554 4251 3754 4307; x_wconf 91' lang='lat' dir='ltr'>videli-</span> 
     </span>
    </p>
   </div>
   <div class='ocr_carea' id='block_1_90' title="bbox 2098 4336 3749 4421">
    <p class='ocr_par' dir='ltr' id='par_1_90' title="bbox 2098 4336 3749 4421">
     <span class='ocr_line' id='line_1_90' title="bbox 2098 4336 3749 4421; baseline -0.007 -16"><span class='ocrx_word' id='word_1_676' title='bbox 2098 4354 2209 4418; x_wconf 90' lang='lat' dir='ltr'>cet,</span> <span class='ocrx_word' id='word_1_677' title='bbox 2242 4348 2339 4421; x_wconf 77' lang='lat' dir='ltr'>qui</span> <span class='ocrx_word' id='word_1_678' title='bbox 2396 4351 2562 4402; x_wconf 86' lang='lat' dir='ltr'>erant</span> <span class='ocrx_word' id='word_1_679' title='bbox 2611 4344 2669 4400; x_wconf 91' lang='lat' dir='ltr'>in</span> <span class='ocrx_word' id='word_1_680' title='bbox 2702 4361 2862 4417; x_wconf 88' lang='lat' dir='ltr'>agro,</span> <span class='ocrx_word' id='word_1_681' title='bbox 2899 4348 2955 4400; x_wconf 86' lang='lat' dir='ltr'>et</span> <span class='ocrx_word' id='word_1_682' title='bbox 3001 4342 3104 4414; x_wconf 90' lang='lat' dir='ltr'>qui</span> <span class='ocrx_word' id='word_1_683' title='bbox 3136 4336 3433 4399; x_wconf 71' lang='lat' dir='ltr'>[nolebant</span> <span class='ocrx_word' id='word_1_684' title='bbox 3460 4342 3618 4411; x_wconf 83' lang='lat' dir='ltr'>(vers.</span> <span class='ocrx_word' id='word_1_685' title='bbox 3660 4341 3749 4409; x_wconf 72' lang='lat'>40&#39;,</span> 
     </span>
    </p>
   </div>
   <div class='ocr_carea' id='block_1_91' title="bbox 2099 4428 3753 4510">
    <p class='ocr_par' dir='ltr' id='par_1_91' title="bbox 2099 4428 3753 4510">
     <span class='ocr_line' id='line_1_91' title="bbox 2099 4428 3753 4510; baseline -0.007 -15"><span class='ocrx_word' id='word_1_686' title='bbox 2099 4439 2210 4510; x_wconf 75' lang='grc'>44),</span> <span class='ocrx_word' id='word_1_687' title='bbox 2244 4444 2301 4495; x_wconf 88' lang='lat' dir='ltr'>et</span> <span class='ocrx_word' id='word_1_688' title='bbox 2332 4436 2717 4493; x_wconf 87' lang='lat' dir='ltr'>nihilominus</span> <span class='ocrx_word' id='word_1_689' title='bbox 2773 4432 3043 4490; x_wconf 90' lang='lat' dir='ltr'>derelecti</span> <span class='ocrx_word' id='word_1_690' title='bbox 3104 4435 3263 4488; x_wconf 89' lang='lat' dir='ltr'>sunt.</span> <span class='ocrx_word' id='word_1_691' title='bbox 3293 4431 3455 4504; x_wconf 79' lang='lat' dir='ltr'>Saepe</span> <span class='ocrx_word' id='word_1_692' title='bbox 3496 4428 3753 4486; x_wconf 85' lang='lat' dir='ltr'>diximus</span> 
     </span>
    </p>
   </div>
   <div class='ocr_carea' id='block_1_92' title="bbox 2099 4520 3753 4600">
    <p class='ocr_par' dir='ltr' id='par_1_92' title="bbox 2099 4520 3753 4600">
     <span class='ocr_line' id='line_1_92' title="bbox 2099 4520 3753 4600; baseline -0.006 -16"><span class='ocrx_word' id='word_1_693' title='bbox 2099 4527 2463 4600; x_wconf 85' lang='lat' dir='ltr'>hypocritam</span> <span class='ocrx_word' id='word_1_694' title='bbox 2499 4526 2656 4581; x_wconf 87' lang='lat' dir='ltr'>aliud</span> <span class='ocrx_word' id='word_1_695' title='bbox 2691 4542 2840 4593; x_wconf 86' lang='lat' dir='ltr'>esse,</span> <span class='ocrx_word' id='word_1_696' title='bbox 2874 4523 3032 4580; x_wconf 84' lang='lat' dir='ltr'>aliud</span> <span class='ocrx_word' id='word_1_697' title='bbox 3064 4522 3404 4579; x_wconf 88' lang='lat' dir='ltr'>ostendere:</span> <span class='ocrx_word' id='word_1_698' title='bbox 3437 4520 3591 4577; x_wconf 88' lang='lat' dir='ltr'>sicut</span> <span class='ocrx_word' id='word_1_699' title='bbox 3610 4524 3667 4577; x_wconf 89' lang='lat' dir='ltr'>et</span> <span class='ocrx_word' id='word_1_700' title='bbox 3693 4520 3753 4575; x_wconf 91' lang='lat' dir='ltr'>in</span> 
     </span>
    </p>
   </div>
   <div class='ocr_carea' id='block_1_93' title="bbox 2102 4609 3755 4691">
    <p class='ocr_par' dir='ltr' id='par_1_93' title="bbox 2102 4609 3755 4691">
     <span class='ocr_line' id='line_1_93' title="bbox 2102 4609 3755 4691; baseline -0.006 -17"><span class='ocrx_word' id='word_1_701' title='bbox 2102 4635 2263 4691; x_wconf 87' lang='lat' dir='ltr'>agro,</span> <span class='ocrx_word' id='word_1_702' title='bbox 2297 4621 2354 4672; x_wconf 90' lang='lat' dir='ltr'>et</span> <span class='ocrx_word' id='word_1_703' title='bbox 2388 4617 2448 4671; x_wconf 92' lang='lat' dir='ltr'>in</span> <span class='ocrx_word' id='word_1_704' title='bbox 2483 4616 2640 4671; x_wconf 89' lang='lat' dir='ltr'>mola</span> <span class='ocrx_word' id='word_1_705' title='bbox 2669 4614 2825 4670; x_wconf 88' lang='lat' dir='ltr'>idem</span> <span class='ocrx_word' id='word_1_706' title='bbox 2857 4613 3168 4670; x_wconf 90' lang='lat' dir='ltr'>videbatur</span> <span class='ocrx_word' id='word_1_707' title='bbox 3198 4613 3406 4683; x_wconf 86' lang='lat' dir='ltr'>facere,</span> <span class='ocrx_word' id='word_1_708' title='bbox 3439 4609 3590 4682; x_wconf 88' lang='lat' dir='ltr'>quod</span> <span class='ocrx_word' id='word_1_709' title='bbox 3659 4624 3755 4665; x_wconf 90' lang='lat' dir='ltr'>ec-</span> 
     </span>
    </p>
   </div>
   <div class='ocr_carea' id='block_1_94' title="bbox 331 4699 3757 4790">
    <p class='ocr_par' dir='ltr' id='par_1_94' title="bbox 331 4699 3757 4790">
     <span class='ocr_line' id='line_1_94' title="bbox 331 4699 3757 4790; baseline -0.002 -29"><span class='ocrx_word' id='word_1_710' title='bbox 331 4705 1988 4779; x_wconf 79' lang='lat' dir='ltr'>mercedemrecipientzaliisassumptisetaliisderelictis.</span> <span class='ocrx_word' id='word_1_711' title='bbox 2024 4723 2067 4790; x_wconf 82' lang='lat' dir='ltr'><strong>D</strong></span> <span class='ocrx_word' id='word_1_712' title='bbox 2104 4705 2469 4764; x_wconf 87' lang='lat' dir='ltr'>clesiasticus</span> <span class='ocrx_word' id='word_1_713' title='bbox 2498 4704 2605 4773; x_wconf 89' lang='lat' dir='ltr'>vir,</span> <span class='ocrx_word' id='word_1_714' title='bbox 2643 4705 2747 4760; x_wconf 91' lang='lat' dir='ltr'>sed</span> <span class='ocrx_word' id='word_1_715' title='bbox 2778 4703 2968 4760; x_wconf 85' lang='lat' dir='ltr'>exitus</span> <span class='ocrx_word' id='word_1_716' title='bbox 3016 4702 3261 4759; x_wconf 74' lang='lat' dir='ltr'>diversa:</span> <span class='ocrx_word' id='word_1_717' title='bbox 3305 4699 3626 4757; x_wconf 87' lang='lat' dir='ltr'>voluntatis</span> <span class='ocrx_word' id='word_1_718' title='bbox 3653 4716 3757 4771; x_wconf 89' lang='lat' dir='ltr'>ap-</span> 
     </span>
    </p>
   </div>
   <div class='ocr_carea' id='block_1_95' title="bbox 401 4794 1989 4869">
    <p class='ocr_par' dir='ltr' id='par_1_95' title="bbox 401 4794 1989 4869">
     <span class='ocr_line' id='line_1_95' title="bbox 401 4794 1989 4869; baseline 0.003 -19"><span class='ocrx_word' id='word_1_719' title='bbox 401 4794 585 4865; x_wconf 89' lang='lat' dir='ltr'>(Vers.</span> <span class='ocrx_word' id='word_1_720' title='bbox 624 4795 715 4862; x_wconf 68' lang='lat'>42,</span> <span class='ocrx_word' id='word_1_721' title='bbox 745 4795 857 4866; x_wconf 79' lang='grc'>43.)</span> <span class='ocrx_word' id='word_1_722' title='bbox 907 4794 1159 4868; x_wconf 82' lang='lat' dir='ltr'>Vigilate</span> <span class='ocrx_word' id='word_1_723' title='bbox 1207 4812 1366 4869; x_wconf 88' lang='lat' dir='ltr'>ergo,</span> <span class='ocrx_word' id='word_1_724' title='bbox 1397 4796 1537 4869; x_wconf 91' lang='lat' dir='ltr'>quia</span> <span class='ocrx_word' id='word_1_725' title='bbox 1588 4796 1827 4853; x_wconf 89' lang='lat' dir='ltr'>nescitis</span> <span class='ocrx_word' id='word_1_726' title='bbox 1872 4814 1989 4869; x_wconf 89' lang='lat' dir='ltr'>qua</span> 
     </span>
    </p>
   </div>
   <div class='ocr_carea' id='block_1_96' title="bbox 331 4881 1986 4957">
    <p class='ocr_par' dir='ltr' id='par_1_96' title="bbox 331 4881 1986 4957">
     <span class='ocr_line' id='line_1_96' title="bbox 331 4881 1986 4957; baseline 0 -16"><span class='ocrx_word' id='word_1_727' title='bbox 331 4883 479 4945; x_wconf 80' lang='lat' dir='ltr'>hora</span> <span class='ocrx_word' id='word_1_728' title='bbox 505 4881 793 4939; x_wconf 83' lang='lat' dir='ltr'>Dominus</span> <span class='ocrx_word' id='word_1_729' title='bbox 811 4889 1005 4942; x_wconf 86' lang='lat' dir='ltr'>vester</span> <span class='ocrx_word' id='word_1_730' title='bbox 1032 4889 1316 4941; x_wconf 89' lang='lat' dir='ltr'>venturus</span> <span class='ocrx_word' id='word_1_731' title='bbox 1337 4886 1435 4957; x_wconf 80' lang='lat' dir='ltr'>sit.</span> <span class='ocrx_word' id='word_1_732' title='bbox 1468 4884 1615 4942; x_wconf 90' lang='lat' dir='ltr'>Illud</span> <span class='ocrx_word' id='word_1_733' title='bbox 1648 4889 1842 4943; x_wconf 89' lang='lat' dir='ltr'>autem</span> <span class='ocrx_word' id='word_1_734' title='bbox 1875 4887 1986 4943; x_wconf 90' lang='lat' dir='ltr'>sci-</span> 
     </span>
    </p>
   </div>
   <div class='ocr_carea' id='block_1_97' title="bbox 330 4970 1991 5047">
    <p class='ocr_par' dir='ltr' id='par_1_97' title="bbox 330 4970 1991 5047">
     <span class='ocr_line' id='line_1_97' title="bbox 330 4970 1991 5047; baseline 0.002 -20"><span class='ocrx_word' id='word_1_735' title='bbox 330 4976 470 5040; x_wconf 88' lang='lat' dir='ltr'>tote,</span> <span class='ocrx_word' id='word_1_736' title='bbox 506 4970 786 5043; x_wconf 88' lang='lat' dir='ltr'>quaniam</span> <span class='ocrx_word' id='word_1_737' title='bbox 811 4974 860 5030; x_wconf 88' lang='lat' dir='ltr'>si</span> <span class='ocrx_word' id='word_1_738' title='bbox 891 4974 1067 5031; x_wconf 87' lang='lat' dir='ltr'>sciret</span> <span class='ocrx_word' id='word_1_739' title='bbox 1118 4975 1539 5047; x_wconf 85' lang='lat' dir='ltr'>paterfamilias</span> <span class='ocrx_word' id='word_1_740' title='bbox 1578 4992 1695 5047; x_wconf 88' lang='lat' dir='ltr'>qua</span> <span class='ocrx_word' id='word_1_741' title='bbox 1723 4977 1868 5033; x_wconf 89' lang='lat' dir='ltr'>hora</span> <span class='ocrx_word' id='word_1_742' title='bbox 1896 4977 1991 5032; x_wconf 88' lang='lat' dir='ltr'>fur</span> 
     </span>
    </p>
   </div>
   <div class='ocr_carea' id='block_1_98' title="bbox 329 5056 1991 5138">
    <p class='ocr_par' dir='ltr' id='par_1_98' title="bbox 329 5056 1991 5138">
     <span class='ocr_line' id='line_1_98' title="bbox 329 5056 1991 5138; baseline 0.002 -20"><span class='ocrx_word' id='word_1_743' title='bbox 329 5056 618 5118; x_wconf 83' lang='lat' dir='ltr'>venturus</span> <span class='ocrx_word' id='word_1_744' title='bbox 667 5066 844 5132; x_wconf 88' lang='lat' dir='ltr'>esset,</span> <span class='ocrx_word' id='word_1_745' title='bbox 899 5063 1168 5138; x_wconf 87' lang='lat' dir='ltr'>vigilaret</span> <span class='ocrx_word' id='word_1_746' title='bbox 1228 5064 1451 5137; x_wconf 88' lang='lat' dir='ltr'>utique,</span> <span class='ocrx_word' id='word_1_747' title='bbox 1505 5068 1563 5121; x_wconf 88' lang='lat' dir='ltr'>et</span> <span class='ocrx_word' id='word_1_748' title='bbox 1619 5083 1732 5121; x_wconf 90' lang='lat' dir='ltr'>non</span> <span class='ocrx_word' id='word_1_749' title='bbox 1775 5065 1991 5122; x_wconf 79' lang='lat' dir='ltr'>sineret</span> 
     </span>
    </p>
   </div>
   <div class='ocr_carea' id='block_1_99' title="bbox 331 5148 1990 5226">
    <p class='ocr_par' dir='ltr' id='par_1_99' title="bbox 331 5148 1990 5226">
     <span class='ocr_line' id='line_1_99' title="bbox 331 5148 1990 5226; baseline 0.001 -17"><span class='ocrx_word' id='word_1_750' title='bbox 331 5148 556 5226; x_wconf 77' lang='lat' dir='ltr'>perfodi</span> <span class='ocrx_word' id='word_1_751' title='bbox 585 5152 828 5209; x_wconf 90' lang='lat' dir='ltr'>domum</span> <span class='ocrx_word' id='word_1_752' title='bbox 886 5170 1077 5210; x_wconf 88' lang='lat' dir='ltr'>suam.</span> <span class='ocrx_word' id='word_1_753' title='bbox 1111 5174 1139 5204; x_wconf 70' lang='grc' dir='ltr'><strong>η</strong></span> <span class='ocrx_word' id='word_1_754' title='bbox 1174 5153 1487 5226; x_wconf 90' lang='lat' dir='ltr'>Perspicue</span> <span class='ocrx_word' id='word_1_755' title='bbox 1532 5153 1785 5209; x_wconf 90' lang='lat' dir='ltr'>ostendit</span> <span class='ocrx_word' id='word_1_756' title='bbox 1810 5170 1990 5224; x_wconf 87' lang='lat' dir='ltr'>quare</span> 
     </span>
    </p>
   </div>
   <div class='ocr_carea' id='block_1_100' title="bbox 331 5242 1992 5317">
    <p class='ocr_par' dir='ltr' id='par_1_100' title="bbox 331 5242 1992 5317">
     <span class='ocr_line' id='line_1_100' title="bbox 331 5242 1992 5317; baseline -0.001 -17"><span class='ocrx_word' id='word_1_757' title='bbox 331 5259 515 5316; x_wconf 88' lang='lat' dir='ltr'>supra</span> <span class='ocrx_word' id='word_1_758' title='bbox 563 5242 777 5301; x_wconf 84' lang='lat' dir='ltr'>dixerit</span> <span class='ocrx_word' id='word_1_759' title='bbox 818 5246 983 5312; x_wconf 81' lang='lat' dir='ltr'>(vers.</span> <span class='ocrx_word' id='word_1_760' title='bbox 1006 5244 1138 5317; x_wconf 83' lang='lat'>36:)</span> <span class='ocrx_word' id='word_1_761' title='bbox 1170 5244 1247 5301; x_wconf 88' lang='lat' dir='ltr'>De</span> <span class='ocrx_word' id='word_1_762' title='bbox 1269 5243 1357 5300; x_wconf 87' lang='lat' dir='ltr'>die</span> <span class='ocrx_word' id='word_1_763' title='bbox 1384 5248 1570 5299; x_wconf 86' lang='lat' dir='ltr'>autem</span> <span class='ocrx_word' id='word_1_764' title='bbox 1601 5244 1703 5299; x_wconf 84' lang='lat' dir='ltr'>illa</span> <span class='ocrx_word' id='word_1_765' title='bbox 1738 5252 1791 5300; x_wconf 85' lang='lat' dir='ltr'>et</span> <span class='ocrx_word' id='word_1_766' title='bbox 1818 5244 1992 5299; x_wconf 73' lang='lat' dir='ltr'>hora’</span> 
     </span>
    </p>
   </div>
   <div class='ocr_carea' id='block_1_101' title="bbox 330 5333 1994 5405">
    <p class='ocr_par' dir='ltr' id='par_1_101' title="bbox 330 5333 1994 5405">
     <span class='ocr_line' id='line_1_101' title="bbox 330 5333 1994 5405; baseline 0.001 -18"><span class='ocrx_word' id='word_1_767' title='bbox 330 5348 492 5390; x_wconf 85' lang='lat' dir='ltr'>nemo</span> <span class='ocrx_word' id='word_1_768' title='bbox 521 5335 645 5399; x_wconf 83' lang='lat' dir='ltr'>scit,</span> <span class='ocrx_word' id='word_1_769' title='bbox 679 5348 855 5405; x_wconf 83' lang='lat' dir='ltr'>neque</span> <span class='ocrx_word' id='word_1_770' title='bbox 905 5335 1081 5390; x_wconf 73' lang='lat' dir='ltr'>Filius</span> <span class='ocrx_word' id='word_1_771' title='bbox 1127 5333 1387 5400; x_wconf 81' lang='lat' dir='ltr'>hominis,</span> <span class='ocrx_word' id='word_1_772' title='bbox 1442 5349 1616 5405; x_wconf 79' lang='lat' dir='ltr'>neque</span> <span class='ocrx_word' id='word_1_773' title='bbox 1642 5334 1848 5404; x_wconf 83' lang='lat' dir='ltr'>angeli,</span> <span class='ocrx_word' id='word_1_774' title='bbox 1880 5334 1994 5389; x_wconf 84' lang='lat' dir='ltr'>nisi</span> 
     </span>
    </p>
   </div>
   <div class='ocr_carea' id='block_1_102' title="bbox 333 5421 1996 5497">
    <p class='ocr_par' dir='ltr' id='par_1_102' title="bbox 333 5421 1996 5497">
     <span class='ocr_line' id='line_1_102' title="bbox 333 5421 1996 5497; baseline -0.001 -19"><span class='ocrx_word' id='word_1_775' title='bbox 333 5422 503 5479; x_wconf 84' lang='lat' dir='ltr'>Pater</span> <span class='ocrx_word' id='word_1_776' title='bbox 528 5423 676 5479; x_wconf 85' lang='lat' dir='ltr'>solus</span> <span class='ocrx_word' id='word_1_777' title='bbox 697 5442 715 5479; x_wconf 90' lang='lat'>:</span> <span class='ocrx_word' id='word_1_778' title='bbox 747 5423 898 5497; x_wconf 88' lang='lat' dir='ltr'>quod</span> <span class='ocrx_word' id='word_1_779' title='bbox 961 5440 1078 5479; x_wconf 93' lang='lat' dir='ltr'>non</span> <span class='ocrx_word' id='word_1_780' title='bbox 1112 5421 1379 5496; x_wconf 84' lang='lat' dir='ltr'>expediat</span> <span class='ocrx_word' id='word_1_781' title='bbox 1421 5422 1569 5478; x_wconf 91' lang='lat' dir='ltr'>scire</span> <span class='ocrx_word' id='word_1_782' title='bbox 1599 5421 1901 5495; x_wconf 90' lang='lat' dir='ltr'>apostolis,</span> <span class='ocrx_word' id='word_1_783' title='bbox 1928 5425 1996 5477; x_wconf 90' lang='lat' dir='ltr'>ut</span> 
     </span>
    </p>
   </div>
   <div class='ocr_carea' id='block_1_103' title="bbox 336 5512 1992 5586">
    <p class='ocr_par' dir='ltr' id='par_1_103' title="bbox 336 5512 1992 5586">
     <span class='ocr_line' id='line_1_103' title="bbox 336 5512 1992 5586; baseline -0.001 -16"><span class='ocrx_word' id='word_1_784' title='bbox 336 5512 609 5586; x_wconf 73' lang='lat' dir='ltr'>pendulm</span> <span class='ocrx_word' id='word_1_785' title='bbox 647 5513 1099 5586; x_wconf 86' lang='lat' dir='ltr'>exspectationis</span> <span class='ocrx_word' id='word_1_786' title='bbox 1143 5512 1363 5569; x_wconf 84' lang='lat' dir='ltr'>incerto</span> <span class='ocrx_word' id='word_1_787' title='bbox 1420 5527 1652 5585; x_wconf 89' lang='lat' dir='ltr'>semper</span> <span class='ocrx_word' id='word_1_788' title='bbox 1706 5527 1839 5568; x_wconf 90' lang='lat' dir='ltr'>eum</span> <span class='ocrx_word' id='word_1_789' title='bbox 1872 5530 1992 5569; x_wconf 83' lang='lat' dir='ltr'>cre-</span> 
     </span>
    </p>
   </div>
   <div class='ocr_carea' id='block_1_104' title="bbox 339 5602 1997 5675">
    <p class='ocr_par' dir='ltr' id='par_1_104' title="bbox 339 5602 1997 5675">
     <span class='ocr_line' id='line_1_104' title="bbox 339 5602 1997 5675; baseline -0.001 -16"><span class='ocrx_word' id='word_1_790' title='bbox 339 5603 486 5659; x_wconf 87' lang='lat' dir='ltr'>dant</span> <span class='ocrx_word' id='word_1_791' title='bbox 509 5619 639 5661; x_wconf 86' lang='lat' dir='ltr'>esse</span> <span class='ocrx_word' id='word_1_792' title='bbox 672 5607 1009 5671; x_wconf 88' lang='lat' dir='ltr'>venturum,</span> <span class='ocrx_word' id='word_1_793' title='bbox 1034 5618 1206 5675; x_wconf 91' lang='lat' dir='ltr'>quem</span> <span class='ocrx_word' id='word_1_794' title='bbox 1242 5602 1515 5675; x_wconf 89' lang='lat' dir='ltr'>ignorant</span> <span class='ocrx_word' id='word_1_795' title='bbox 1533 5603 1768 5675; x_wconf 86' lang='lat' dir='ltr'>quando</span> <span class='ocrx_word' id='word_1_796' title='bbox 1799 5608 1997 5658; x_wconf 87' lang='lat' dir='ltr'>ventu-</span> 
     </span>
    </p>
   </div>
   <div class='ocr_carea' id='block_1_105' title="bbox 420 5742 1995 5871">
    <p class='ocr_par' dir='ltr' id='par_1_105' title="bbox 420 5742 1995 5871">
     <span class='ocr_line' id='line_1_105' title="bbox 420 5742 1995 5871; baseline -0.002 -68"><span class='ocrx_word' id='word_1_797' title='bbox 420 5747 434 5780; x_wconf 83' lang='lat'>‘</span> <span class='ocrx_word' id='word_1_798' title='bbox 468 5745 837 5871; x_wconf 40' lang='lat' dir='ltr'>Hicauoque</span> <span class='ocrx_word' id='word_1_799' title='bbox 892 5758 1082 5811; x_wconf 88' lang='lat' dir='ltr'>voces,</span> <span class='ocrx_word' id='word_1_800' title='bbox 1109 5747 1161 5800; x_wconf 87' lang='lat' dir='ltr'>et</span> <span class='ocrx_word' id='word_1_801' title='bbox 1216 5745 1369 5811; x_wconf 84' lang='lat' dir='ltr'>hora,</span> <span class='ocrx_word' id='word_1_802' title='bbox 1426 5742 1671 5799; x_wconf 83' lang='lat' dir='ltr'>Palatini</span> <span class='ocrx_word' id='word_1_803' title='bbox 1700 5760 1844 5800; x_wconf 88' lang='lat' dir='ltr'>mss.</span> <span class='ocrx_word' id='word_1_804' title='bbox 1870 5760 1995 5800; x_wconf 89' lang='lat' dir='ltr'>res-</span> 
     </span>
     <span class='ocr_line' id='line_1_106' title="bbox 420 5813 1596 5871; baseline 0 0"><span class='ocrx_word' id='word_1_805' title='bbox 420 5821 551 5871; x_wconf 71' lang='lat' dir='ltr'>Lant.</span> <span class='ocrx_word' id='word_1_806' title='bbox 631 5817 724 5871; x_wconf 91' lang='lat' dir='ltr'>ide</span> <span class='ocrx_word' id='word_1_807' title='bbox 754 5814 1116 5871; x_wconf 69' lang='lat' dir='ltr'>sune‘riorem</span> <span class='ocrx_word' id='word_1_808' title='bbox 1139 5813 1596 5871; x_wconf 88' lang='lat' dir='ltr'>adnotationem.</span> 
     </span>
    </p>
   </div>
   <div class='ocr_carea' id='block_1_106' title="bbox 344 5813 1596 5889">
    <p class='ocr_par' dir='ltr' id='par_1_106' title="bbox 344 5813 1596 5889">
     <span class='ocr_line' id='line_1_107' title="bbox 344 5813 1596 5889; baseline -0.001 -16"><span class='ocrx_word' id='word_1_809' title='bbox 344 5816 551 5889; x_wconf 79' lang='lat' dir='ltr'>puant.</span> <span class='ocrx_word' id='word_1_810' title='bbox 579 5813 724 5873; x_wconf 86' lang='lat' dir='ltr'>Vide</span> <span class='ocrx_word' id='word_1_811' title='bbox 740 5813 1116 5889; x_wconf 45' lang='lat' dir='ltr'>“superiorem</span> <span class='ocrx_word' id='word_1_812' title='bbox 1139 5813 1596 5873; x_wconf 88' lang='lat' dir='ltr'>adnotationem.</span> 
     </span>
    </p>
   </div>
   <div class='ocr_carea' id='block_1_107' title="bbox 2140 4796 2312 4852">
    <p class='ocr_par' dir='ltr' id='par_1_107' title="bbox 2140 4796 2312 4852">
     <span class='ocr_line' id='line_1_108' title="bbox 2140 4796 2312 4852; baseline -0.012 0"><span class='ocrx_word' id='word_1_813' title='bbox 2140 4796 2312 4852; x_wconf 84' lang='lat' dir='ltr'>aruit.</span> 
     </span>
    </p>
   </div>
   <div class='ocr_carea' id='block_1_108' title="bbox 2100 4814 3760 4957">
    <p class='ocr_par' dir='ltr' id='par_1_108' title="bbox 2100 4814 3760 4957">
     <span class='ocr_line' id='line_1_109' title="bbox 2100 4814 3760 4957; baseline -0.005 -16"><span class='ocrx_word' id='word_1_814' title='bbox 2100 4814 2332 4957; x_wconf 46' lang='lat' dir='ltr'>pagi;</span> <span class='ocrx_word' id='word_1_815' title='bbox 2367 4882 2531 4938; x_wconf 83' lang='lat' dir='ltr'>XXV.</span> <span class='ocrx_word' id='word_1_816' title='bbox 2566 4911 2634 4923; x_wconf 67' lang='grc' dir='ltr'>-ο</span> <span class='ocrx_word' id='word_1_817' title='bbox 2667 4880 2829 4937; x_wconf 80' lang='lat' dir='ltr'>Vere.</span> <span class='ocrx_word' id='word_1_818' title='bbox 2884 4881 2909 4935; x_wconf 90' lang='grc'>1</span> <span class='ocrx_word' id='word_1_819' title='bbox 2945 4882 3094 4954; x_wconf 87' lang='lat' dir='ltr'>seq.)</span> <span class='ocrx_word' id='word_1_820' title='bbox 3143 4904 3169 4931; x_wconf 88' lang='grc'><strong>‹‹</strong></span> <span class='ocrx_word' id='word_1_821' title='bbox 3204 4881 3370 4936; x_wconf 92' lang='lat' dir='ltr'>Tunc</span> <span class='ocrx_word' id='word_1_822' title='bbox 3427 4878 3619 4938; x_wconf 87' lang='lat' dir='ltr'>simile</span> <span class='ocrx_word' id='word_1_823' title='bbox 3648 4878 3760 4935; x_wconf 91' lang='lat' dir='ltr'>erit</span> 
     </span>
    </p>
   </div>
   <div class='ocr_carea' id='block_1_109' title="bbox 2099 4968 3756 5047">
    <p class='ocr_par' dir='ltr' id='par_1_109' title="bbox 2099 4968 3756 5047">
     <span class='ocr_line' id='line_1_110' title="bbox 2099 4968 3756 5047; baseline -0.004 -17"><span class='ocrx_word' id='word_1_824' title='bbox 2099 4991 2347 5047; x_wconf 86' lang='lat' dir='ltr'>regnum</span> <span class='ocrx_word' id='word_1_825' title='bbox 2379 4972 2657 5028; x_wconf 80' lang='lat' dir='ltr'>caelorum</span> <span class='ocrx_word' id='word_1_826' title='bbox 2689 4972 2890 5027; x_wconf 89' lang='lat' dir='ltr'>decem</span> <span class='ocrx_word' id='word_1_827' title='bbox 2923 4970 3275 5043; x_wconf 88' lang='lat' dir='ltr'>virginibus,</span> <span class='ocrx_word' id='word_1_828' title='bbox 3313 4987 3438 5043; x_wconf 73' lang='lat' dir='ltr'>quae</span> <span class='ocrx_word' id='word_1_829' title='bbox 3468 4968 3756 5041; x_wconf 88' lang='lat' dir='ltr'>accipien-</span> 
     </span>
    </p>
   </div>
   <div class='ocr_carea' id='block_1_110' title="bbox 2100 5059 3760 5134">
    <p class='ocr_par' dir='ltr' id='par_1_110' title="bbox 2100 5059 3760 5134">
     <span class='ocr_line' id='line_1_111' title="bbox 2100 5059 3760 5134; baseline -0.007 -14"><span class='ocrx_word' id='word_1_830' title='bbox 2100 5070 2188 5121; x_wconf 91' lang='lat' dir='ltr'>tes</span> <span class='ocrx_word' id='word_1_831' title='bbox 2242 5062 2541 5134; x_wconf 84' lang='lat' dir='ltr'>lampades</span> <span class='ocrx_word' id='word_1_832' title='bbox 2600 5076 2758 5127; x_wconf 89' lang='lat' dir='ltr'>suas,</span> <span class='ocrx_word' id='word_1_833' title='bbox 2817 5060 3089 5115; x_wconf 82' lang='lat' dir='ltr'>exierunt</span> <span class='ocrx_word' id='word_1_834' title='bbox 3153 5060 3382 5116; x_wconf 88' lang='lat' dir='ltr'>obviam</span> <span class='ocrx_word' id='word_1_835' title='bbox 3441 5072 3655 5129; x_wconf 86' lang='lat' dir='ltr'>sponso</span> <span class='ocrx_word' id='word_1_836' title='bbox 3702 5059 3760 5110; x_wconf 91' lang='lat' dir='ltr'>et</span> 
     </span>
    </p>
   </div>
   <div class='ocr_carea' id='block_1_111' title="bbox 2101 5147 3757 5227">
    <p class='ocr_par' dir='ltr' id='par_1_111' title="bbox 2101 5147 3757 5227">
     <span class='ocr_line' id='line_1_112' title="bbox 2101 5147 3757 5227; baseline -0.008 -16"><span class='ocrx_word' id='word_1_837' title='bbox 2101 5170 2352 5227; x_wconf 72' lang='lat' dir='ltr'>sponsm.</span> <span class='ocrx_word' id='word_1_838' title='bbox 2408 5151 2676 5223; x_wconf 90' lang='lat' dir='ltr'>Quinque</span> <span class='ocrx_word' id='word_1_839' title='bbox 2736 5153 2933 5206; x_wconf 88' lang='lat' dir='ltr'>autem</span> <span class='ocrx_word' id='word_1_840' title='bbox 2970 5166 3038 5205; x_wconf 85' lang='lat' dir='ltr'>ex</span> <span class='ocrx_word' id='word_1_841' title='bbox 3095 5149 3181 5205; x_wconf 90' lang='lat' dir='ltr'>eis</span> <span class='ocrx_word' id='word_1_842' title='bbox 3243 5154 3411 5205; x_wconf 87' lang='lat' dir='ltr'>erant</span> <span class='ocrx_word' id='word_1_843' title='bbox 3450 5147 3641 5211; x_wconf 70' lang='lat' dir='ltr'>fatum,</span> <span class='ocrx_word' id='word_1_844' title='bbox 3699 5147 3757 5198; x_wconf 92' lang='lat' dir='ltr'>et</span> 
     </span>
    </p>
   </div>
   <div class='ocr_carea' id='block_1_112' title="bbox 2102 5231 3756 5316">
    <p class='ocr_par' dir='ltr' id='par_1_112' title="bbox 2102 5231 3756 5316">
     <span class='ocr_line' id='line_1_113' title="bbox 2102 5231 3756 5316; baseline -0.008 -18"><span class='ocrx_word' id='word_1_845' title='bbox 2102 5243 2363 5316; x_wconf 87' lang='lat' dir='ltr'>quinque</span> <span class='ocrx_word' id='word_1_846' title='bbox 2422 5241 2757 5315; x_wconf 86' lang='lat' dir='ltr'>prudentes.</span> <span class='ocrx_word' id='word_1_847' title='bbox 2793 5238 2903 5294; x_wconf 89' lang='lat' dir='ltr'>Sed</span> <span class='ocrx_word' id='word_1_848' title='bbox 2965 5238 3223 5312; x_wconf 90' lang='lat' dir='ltr'>quinque</span> <span class='ocrx_word' id='word_1_849' title='bbox 3280 5238 3467 5303; x_wconf 67' lang='lat' dir='ltr'>fatuae,</span> <span class='ocrx_word' id='word_1_850' title='bbox 3501 5231 3756 5304; x_wconf 89' lang='lat' dir='ltr'>acceptis</span> 
     </span>
    </p>
   </div>
   <div class='ocr_carea' id='block_1_113' title="bbox 2101 5325 3756 5404">
    <p class='ocr_par' dir='ltr' id='par_1_113' title="bbox 2101 5325 3756 5404">
     <span class='ocr_line' id='line_1_114' title="bbox 2101 5325 3756 5404; baseline -0.008 -16"><span class='ocrx_word' id='word_1_851' title='bbox 2101 5331 2497 5404; x_wconf 87' lang='lat' dir='ltr'>lampadibus,</span> <span class='ocrx_word' id='word_1_852' title='bbox 2532 5347 2645 5385; x_wconf 92' lang='lat' dir='ltr'>non</span> <span class='ocrx_word' id='word_1_853' title='bbox 2697 5332 3079 5401; x_wconf 86' lang='lat' dir='ltr'>sumpserunt</span> <span class='ocrx_word' id='word_1_854' title='bbox 3130 5327 3321 5383; x_wconf 91' lang='lat' dir='ltr'>oleum</span> <span class='ocrx_word' id='word_1_855' title='bbox 3355 5338 3576 5381; x_wconf 87' lang='lat' dir='ltr'>secum.</span> <span class='ocrx_word' id='word_1_856' title='bbox 3609 5325 3756 5376; x_wconf 91' lang='lat' dir='ltr'>Pru-</span> 
     </span>
    </p>
   </div>
   <div class='ocr_carea' id='block_1_114' title="bbox 2103 5411 3755 5491">
    <p class='ocr_par' dir='ltr' id='par_1_114' title="bbox 2103 5411 3755 5491">
     <span class='ocr_line' id='line_1_115' title="bbox 2103 5411 3755 5491; baseline -0.008 -14"><span class='ocrx_word' id='word_1_857' title='bbox 2103 5423 2304 5477; x_wconf 86' lang='lat' dir='ltr'>dentes</span> <span class='ocrx_word' id='word_1_858' title='bbox 2334 5435 2469 5476; x_wconf 91' lang='lat' dir='ltr'>vero</span> <span class='ocrx_word' id='word_1_859' title='bbox 2498 5422 2847 5491; x_wconf 89' lang='lat' dir='ltr'>acceperunt</span> <span class='ocrx_word' id='word_1_860' title='bbox 2901 5418 3090 5473; x_wconf 87' lang='lat' dir='ltr'>oleum</span> <span class='ocrx_word' id='word_1_861' title='bbox 3146 5418 3199 5470; x_wconf 89' lang='lat' dir='ltr'>in</span> <span class='ocrx_word' id='word_1_862' title='bbox 3263 5414 3416 5469; x_wconf 87' lang='lat' dir='ltr'>vasis</span> <span class='ocrx_word' id='word_1_863' title='bbox 3446 5411 3573 5467; x_wconf 83' lang='lat' dir='ltr'>suis</span> <span class='ocrx_word' id='word_1_864' title='bbox 3622 5426 3755 5466; x_wconf 92' lang='lat' dir='ltr'>cum</span> 
     </span>
    </p>
   </div>
   <div class='ocr_carea' id='block_1_115' title="bbox 2105 5500 3752 5583">
    <p class='ocr_par' dir='ltr' id='par_1_115' title="bbox 2105 5500 3752 5583">
     <span class='ocr_line' id='line_1_116' title="bbox 2105 5500 3752 5583; baseline -0.005 -19"><span class='ocrx_word' id='word_1_865' title='bbox 2105 5509 2499 5583; x_wconf 87' lang='lat' dir='ltr'>lampadibus.</span> <span class='ocrx_word' id='word_1_866' title='bbox 2536 5530 2563 5557; x_wconf 85' lang='lat'>»</span> <span class='ocrx_word' id='word_1_867' title='bbox 2595 5508 2755 5564; x_wconf 88' lang='lat' dir='ltr'>Hanc</span> <span class='ocrx_word' id='word_1_868' title='bbox 2796 5505 3153 5579; x_wconf 82' lang='lat' dir='ltr'>parabolam,</span> <span class='ocrx_word' id='word_1_869' title='bbox 3191 5503 3248 5557; x_wconf 88' lang='lat' dir='ltr'>id</span> <span class='ocrx_word' id='word_1_870' title='bbox 3299 5505 3391 5558; x_wconf 86' lang='lat' dir='ltr'>est</span> <span class='ocrx_word' id='word_1_871' title='bbox 3409 5500 3752 5559; x_wconf 88' lang='lat' dir='ltr'>similitudi-</span> 
     </span>
    </p>
   </div>
   <div class='ocr_carea' id='block_1_116' title="bbox 2106 5591 3755 5671">
    <p class='ocr_par' dir='ltr' id='par_1_116' title="bbox 2106 5591 3755 5671">
     <span class='ocr_line' id='line_1_117' title="bbox 2106 5591 3755 5671; baseline -0.005 -15"><span class='ocrx_word' id='word_1_872' title='bbox 2106 5617 2236 5657; x_wconf 87' lang='lat' dir='ltr'>nem</span> <span class='ocrx_word' id='word_1_873' title='bbox 2267 5601 2466 5656; x_wconf 88' lang='lat' dir='ltr'>decem</span> <span class='ocrx_word' id='word_1_874' title='bbox 2498 5597 3117 5671; x_wconf 86' lang='lat' dir='ltr'>virginum,fatuurum</span> <span class='ocrx_word' id='word_1_875' title='bbox 3147 5598 3323 5664; x_wconf 83' lang='lat' dir='ltr'>atque</span> <span class='ocrx_word' id='word_1_876' title='bbox 3346 5591 3755 5664; x_wconf 85' lang='lat' dir='ltr'>prudentium,</span> 
     </span>
    </p>
   </div>
   <div class='ocr_carea' id='block_1_117' title="bbox 2178 5736 3757 5808">
    <p class='ocr_par' dir='ltr' id='par_1_117' title="bbox 2178 5736 3757 5808">
     <span class='ocr_line' id='line_1_118' title="bbox 2178 5736 3757 5808; baseline -0.005 -11"><span class='ocrx_word' id='word_1_877' title='bbox 2178 5743 2199 5776; x_wconf 59' lang='grc' dir='ltr'><strong><em>ι</em></strong></span> <span class='ocrx_word' id='word_1_878' title='bbox 2228 5741 2409 5801; x_wconf 88' lang='lat' dir='ltr'>Penes</span> <span class='ocrx_word' id='word_1_879' title='bbox 2469 5740 2813 5807; x_wconf 82' lang='lat' dir='ltr'>Victoriam,</span> <span class='ocrx_word' id='word_1_880' title='bbox 2862 5752 2959 5792; x_wconf 85' lang='lat' dir='ltr'>nec</span> <span class='ocrx_word' id='word_1_881' title='bbox 3010 5736 3237 5808; x_wconf 79' lang='lat' dir='ltr'>angelos</span> <span class='ocrx_word' id='word_1_882' title='bbox 3302 5737 3560 5796; x_wconf 62' lang='lat' dir='ltr'>caelorum</span> <span class='ocrx_word' id='word_1_883' title='bbox 3614 5737 3757 5793; x_wconf 79' lang='lat' dir='ltr'>scire</span> 
     </span>
    </p>
   </div>
   <div class='ocr_carea' id='block_1_118' title="bbox 2102 5812 2571 5889">
    <p class='ocr_par' dir='ltr' id='par_1_118' title="bbox 2102 5812 2571 5889">
     <span class='ocr_line' id='line_1_119' title="bbox 2102 5812 2571 5889; baseline -0.002 -18"><span class='ocrx_word' id='word_1_884' title='bbox 2102 5812 2451 5887; x_wconf 68' lang='lat' dir='ltr'>praedixerit.</span> <span class='ocrx_word' id='word_1_885' title='bbox 2558 5836 2571 5889; x_wconf 58' lang='grc' dir='ltr'><em>ρ</em></span> 
     </span>
    </p>
   </div>
  </div>
