4304 6592
324 495 433 556 193

837 490 1359 555 COMMENTAR.
1406 495 1484 555 IN
1528 490 2041 557 EVANGELIUM
2085 488 2462 559 ΜΛΤΤΗᾹΞΙ
2509 501 2657 562 LIB.
2706 503 2809 565 IV.
2856 506 3032 568 CAP.
3063 508 3248 573 XXV.

3617 508 3730 576 194

324 640 657 682 occurrere:
689 640 891 681 verum
945 626 1084 697 quia
1119 627 1247 697 jam
1304 627 1537 683 emendi
1594 631 1829 699 tempus
1868 644 1970 683 ex-
1999 629 2053 694 Α
2085 644 2211 699 quae
2244 629 2562 704 unicuique
2590 636 2817 691 traditas
2850 642 3007 694 sunt.
3041 639 3143 695 Vel
3191 642 3248 696 in
3282 644 3490 714 primo,
3525 664 3730 704 omnes

322 716 591 782 cesserat,
620 717 676 770 et
705 714 1047 771 adveniente
1090 715 1300 787 judicii
1354 716 1467 785 die,
1500 715 1663 772 locus
1695 732 1807 773 non
1842 720 1967 772 erat

320 803 686 879 paenitentia,
719 804 1032 860 Psalmista
1087 803 1351 861 dicente:
1385 808 1447 861 In
1501 807 1720 878 inferno
1779 804 1964 861 autem

320 894 440 965 quis
467 893 811 964 conﬁtebitur
857 893 959 949 tibi
1014 894 1187 965 (Psal.
1219 911 1297 964 v1,
1327 894 1384 965 6)
1406 895 1434 949 ?
1465 911 1580 949 non
1613 910 1760 949 nova
1790 911 1966 966 opera

319 984 608 1055 patrare‘,
679 982 780 1038 sed
838 982 1267 1054 praeteritorum
1326 987 1616 1056 coguntur
1674 983 1961 1039 rationem

317 1069 623 1127 exsolvere.
659 1091 688 1122 «
719 1071 786 1127 Et
814 1087 942 1143 quae
975 1075 1185 1144 paratae
1211 1075 1398 1142 erant,
1432 1071 1799 1127 intraverunt
1827 1088 1973 1127 cum

316 1174 379 1215 eo
409 1159 480 1215 ad
512 1160 770 1232 nuptias,
802 1163 859 1215 et
886 1160 1090 1216 clausa
1115 1164 1203 1216 est
1225 1161 1430 1231 janua.
1463 1182 1490 1209 »
1523 1165 1661 1215 Post
1690 1160 1838 1218 205
1866 1162 1961 1233 ju-

315 1247 446 1303 dicii
475 1248 654 1317 diem,
686 1250 975 1305 honorum
1029 1266 1271 1321 operum
1328 1252 1384 1305 et
1431 1249 1675 1320 justitiae
1735 1249 1961 1305 occasio

313 1353 425 1393 non
458 1336 813 1410 relinquitur
843 1338 949 1410 [Αἰ.
982 1337 1390 1410 relinquetur].
1564 1355 1572 1364 '
1934 1334 1941 1341 ’

379 1425 565 1499 (Vers.
606 1428 713 1502 11.)
746 1450 774 1477 ‹‹
808 1427 1133 1483 Novissime
1179 1444 1313 1483 vero
1368 1427 1612 1483 veniunt
1640 1432 1696 1482 et
1725 1427 1961 1500 reliquae

312 1514 591 1587 virgines,
627 1517 922 1572 dicentes:
960 1516 1219 1583 Domine,
1259 1517 1516 1581 Domine,
1542 1516 1697 1588 aperi
1731 1518 1954 1573 nobis.»

310 1604 549 1677 Egregia
581 1606 817 1677 quidem
849 1606 909 1660 in
955 1605 1180 1661 Domini
1226 1604 1616 1678 appellatione
1647 1606 1958 1677 confessio,

306 1693 583 1766 idemque
614 1693 953 1767 repetitum,
985 1693 1271 1750 indicium
1326 1694 1461 1750 ﬁdei
1518 1699 1623 1750 est.
1655 1696 1766 1750 Sed
1819 1695 1961 1767 quid

303 1784 544 1856 prodest
572 1798 711 1839 voce
738 1782 1025 1853 invocare,
1052 1799 1225 1855 quem
1260 1784 1536 1856 cperibus
1568 1801 1745 1857 neges
1764 1784 1792 1839 ?

373 1872 560 1943 (Vers.
596 1873 709 1944 12.)
742 1894 771 1921 ‹‹
803 1875 878 1927 At
905 1871 1002 1928 ille
1030 1874 1413 1945 respondens,
1448 1874 1566 1929 ait:
1611 1877 1796 1929 Amen
1828 1875 1959 1930 dico

305 1961 490 2028 vobis,
517 1962 713 2017 nescio
745 1978 864 2017 vos.
904 1984 931 2011 »

2079 733 2291 773 sensus
2322 721 2719 779 examinatos:
2754 725 2812 779 in
2862 729 3143 795 secundo,
3192 730 3641 803 intelligentiam
3674 744 3733 793 et

2075 821 2284 877 opera:
2320 808 2377 863 in
2410 810 2604 881 tertio,
2639 813 2947 884 rationem,
2979 834 3095 889 qua
3141 818 3411 876 homines
3459 840 3492 878 a
3523 824 3728 883 bestiis

2074 911 2443 966 separamur.

2144 984 2329 1056 (Vers.
2372 989 2479 1061 16.)
2511 1011 2540 1039 ‹‹
2573 991 2731 1047 Abiit
2786 998 2981 1050 autem
3043 997 3143 1067 qui
3204 999 3463 1071 quinque
3514 1002 3733 1059 talenta

2073 1080 2395 1147 acceperat,
2430 1085 2487 1132 et
2519 1086 2792 1151 cperatus
2843 1088 2932 1139 est
2980 1084 3037 1139 in
3088 1086 3205 1155 eis;
3242 1092 3297 1143 et
3343 1088 3610 1146 lucratus
3642 1096 3731 1147 est

2073 1162 2180 1217 alia
2212 1165 2556 1237 quinque.»
2616 1172 2886 1242 Acceptis
2932 1176 3183 1230 terrenis
3234 1178 3512 1235 sensibus
3562 1180 3730 1237 coale-

2072 1253 2254 1308 stium
2284 1255 2395 1309 sibi
2430 1257 2689 1313 notitiam
2742 1260 3058 1332 duplicavit
3087 1280 3153 1318 ex
3202 1268 3518 1324 creaturis:
3553 1268 3726 1325 intel-

2073 1340 2259 1412 ligens
2290 1343 2660 1402 Creatorem:
2711 1366 2776 1403 ex
2827 1351 3249 1422 corporalibus,
3299 1355 3724 1429 incorporalia:

2071 1445 2139 1485 ex
2165 1432 2470 1502 visibibus,
2503 1434 2857 1494 invisibilia:
2883 1457 2951 1493 ex
2982 1440 3279 1513 brevibus,
3311 1450 3544 1501 aeterna.

2144 1521 2331 1591 (Vers.
2368 1523 2483 1590 17.)
2531 1547 2553 1573 ι
2614 1526 2896 1582 Similiter
2951 1530 3051 1601 qui
3108 1532 3223 1587 duo
3284 1539 3607 1606 acceperat,
3639 1535 3730 1592 lu-

2072 1613 2268 1666 oratus
2301 1616 2389 1666 est
2418 1611 2535 1668 alia
2564 1614 2701 1669 duo.
2738 1638 2765 1664 ››
2789 1617 2857 1670 Et
2882 1617 2991 1672 iste
3044 1637 3148 1690 pro
3177 1621 3401 1677 viribus
3432 1625 3727 1697 quidquid

2073 1697 2129 1752 in
2180 1698 2326 1771 Lege
2382 1701 2686 1765 didicerat,
2721 1705 2779 1759 in
2838 1707 3144 1779 Evangelio
3201 1710 3555 1782 duplicavit:
3605 1716 3725 1771 sive

2071 1787 2379 1845 scientiam
2411 1795 2466 1846 ct
2496 1808 2670 1865 Opera
2702 1797 3004 1865 prazsentis
3047 1796 3197 1865 vita},
3231 1800 3441 1857 futurze
3475 1803 3724 1859 beatitu-

2071 1877 2225 1933 dinis
2256 1883 2425 1951 typos
2456 1880 2756 1938 intellexit.

987 1962 1157 2066 quit
1211 1962 1503 2066 Dominus.
1550 1978 1648 2063 eos
1702 1964 1815 2066 qui.
1833 1965 1960 2066 ejus
1990 2000 2038 2066 Β
2073 2055 2096 2066 ﬂ
2142 1966 2328 2066 (Yers.
2365 1970 2477 2038 18.)
2508 1993 2535 2020 ‹‹
2570 1971 2685 2066 Qui
2711 1977 2910 2066 autem
2940 1992 3123 2032 unum
3164 1985 3488 2051 acceperat.
3524 1982 3728 2040 abiens

308 2054 444 2107 sunt
478 2051 551 2124 (II
579 2052 711 2106 Tim.
748 2067 810 2117 II,
872 2052 980 2124 19),
1023 2055 1080 2106 et
1128 2053 1226 2123 qui
1281 2053 1530 2125 ignorat,
1592 2053 1959 2125 ignorabitur
1990 2051 2038 2066 "
2068 2055 2293 2111 foditin
2314 2061 2615 2125 terram,ct
2636 2062 2942 2118 abscondit
2966 2065 3271 2136 pecuniam
3298 2068 3520 2125 domini
3556 2072 3669 2128 sui.
3700 2096 3720 2123 ι

306 2141 353 2212 (ἰ
382 2140 507 2196 Cor.
542 2157 658 2207 xIx,
689 2140 801 2213 38).
832 2141 1028 2197 Nescit
1078 2141 1365 2198 Dominus
1407 2143 1703 2215 operarios
1733 2143 1956 2214 iniqui-

305 2230 445 2286 tatis
480 2247 493 2285 :
520 2234 576 2286 et
603 2229 737 2286 licet
763 2230 1020 2303 virgines
1050 2231 1191 2299 sint,
1217 2235 1275 2286 et
1305 2232 1633 2287 secundum
1663 2230 1956 2303 duplicem

308 2317 759 2392 intelligentiam
814 2319 884 2374 de
932 2320 1193 2392 corporis
1245 2320 1516 2393 puritate,
1551 2325 1608 2375 et
1639 2320 1710 2376 de
1741 2320 1960 2376 confes-

309 2408 473 2465 sione
501 2425 649 2465 veraa
678 2408 1005 2481 gloriantur
1025 2408 1160 2465 fidei
1186 2413 1412 2479 ;tamen
1444 2409 1586 2481 quia
1614 2410 1806 2466 oleum
1840 2426 1956 2465 non

307 2496 529 2554 habent
555 2498 832 2566 scientiae,
860 2498 1079 2554 sufﬁcit
1108 2498 1195 2555 eis
1243 2516 1347 2571 pro
1397 2516 1568 2573 perna
1614 2501 1767 2573 quod
1800 2500 1958 2573 igno-

308 2592 516 2644 rantur
544 2604 577 2643 a
606 2604 842 2660 sponso.

376 2677 568 2750 (Vers.
603 2677 712 2748 13.)
744 2700 772 2727 ‹‹
803 2676 1051 2751 Vigilate
1097 2678 1316 2751 itaque,
1351 2677 1491 2751 quia
1530 2679 1771 2735 nescitis
1803 2679 1957 2735 diem

306 2783 496 2839 neque
524 2766 751 2823 horam.
788 2788 817 2816 »
848 2767 1198 2824 Prudentem
1248 2785 1480 2840 semper
1528 2769 1812 2825 admoneo
1844 2768 1957 2823 lec-

306 2860 516 2928 torem,
548 2860 614 2911 ut
660 2873 776 2913 non
824 2856 1249 2929 superstitiosis
1296 2857 1631 2930 acquiescat
1673 2857 1957 2929 interpre-

306 2936 663 3014 tationibus,
688 2950 746 3002 et
793 2962 920 3018 quae
967 2946 1311 3002 commatice
1354 2963 1457 3018 pro
1486 2946 1835 3019 fingentium
1866 2946 1959 3002 di-

306 3041 526 3093 cuntur
553 3035 816 3102 arbitrio,
861 3036 963 3092 sed
1004 3036 1333 3092 consideret
1386 3036 1600 3108 priora,
1650 3037 1864 3107 media,
1905 3039 1964 3091 et

307 3124 702 3199 sequentia,et
730 3128 925 3181 nectat
954 3125 1068 3182 sibi
1099 3126 1371 3181 universa
1401 3142 1530 3198 quae
1561 3126 1779 3198 scripta
1800 3129 1959 3182 sunt.

208 3212 285 3293 ’τίκ
305 3214 386 3270 Ex
414 3214 530 3270 hoc
581 3229 719 3287 ergo
776 3214 932 3286 quod
989 3213 1202 3270 infert:
1272 3214 1516 3285 Vigilate,
1557 3217 1686 3286 quia
1739 3216 1962 3271 nescitis

305 3302 453 3359 diem
483 3319 660 3376 neque
690 3302 1322 3377 horam,intelliguntur
1342 3304 1614 3361 universa
1642 3320 1767 3377 quae
1791 3305 1956 3374 dixit,

2067 2144 2329 2217 Nequam
2364 2163 2568 2204 servus
2620 2152 2865 2207 terrenis
2911 2154 3186 2225 operibus
3242 2160 3298 2211 et
3327 2158 3524 2214 seaculi
3560 2161 3721 2217 volu-

2066 2237 2243 2305 ptate,
2278 2235 2377 2291 Dei
2411 2243 2697 2310 praecepta
2725 2240 2981 2313 neglexit
3004 2246 3060 2297 et
3091 2242 3302 2315 polluit
3331 2262 3344 2301 :
3378 2263 3719 2321 quanquam

2064 2327 2124 2381 in
2157 2321 2270 2378 alio
2301 2326 2661 2398 evangelista
2712 2329 3002 2401 scriptum
3052 2331 3152 2400 sit,
3186 2335 3341 2404 quod
3394 2336 3452 2391 in
3486 2339 3723 2397 sudario

2068 2411 2339 2485 ligaverit
2368 2416 2521 2482 (Luc.
2555 2434 2669 2483 xix,
2705 2419 2816 2487 20),
2851 2419 2902 2474 id
2953 2424 3061 2488 est,
3092 2422 3419 2479 doctrinam
3454 2428 3730 2498 patrisfa-

2072 2502 2265 2558 milias
2297 2503 2550 2561 molliter
2578 2510 2634 2561 et
2664 2507 2911 2563 delicate
2937 2510 3184 2573 ,vivendo
3215 2516 3527 2572 enervarit.

2140 2593 2322 2663 (Vers.
2356 2593 2442 2664 49,
2474 2596 2589 2666 20.)
2620 2618 2648 2645 «
2680 2597 2817 2652 Post
2846 2598 3101 2655 multum
3131 2618 3264 2657 vero
3318 2606 3600 2677 temporis
3630 2626 3726 2666 ve-

2027 2679 2154 2733 ‘nit
2208 2680 2484 2736 dominus
2534 2698 2837 2739 servorum
2889 2685 3147 2753 illorum,
3199 2695 3259 2744 et
3307 2693 3503 2761 posuit
3547 2698 3725 2753 ratio-

2067 2785 2200 2824 nem
2232 2786 2367 2823 cum
2398 2770 2504 2825 eis.
2538 2772 2608 2827 Et
2636 2775 2920 2829 accedens
2954 2777 3054 2847 qui
3089 2778 3351 2850 quinque
3381 2781 3602 2840 talenta
3622 2803 3715 2841 ac-

2068 2864 2319 2929 ceperat,
2351 2860 2563 2915 obtulit
2592 2861 2707 2916 alia
2747 2863 3006 2936 quinque
3056 2866 3295 2937 talenta,
3328 2870 3568 2928 dicens:
3604 2874 3726 2931 Do-

2069 2947 2246 3018 mine,
2283 2949 2542 3021 quinque
2587 2950 2805 3007 talenta
2863 2954 3154 3010 tradidisti
3213 2956 3377 3025 mihi,
3421 2976 3551 3016 ecce
3607 2964 3723 3021 alia

2068 3036 2328 3109 quinque
2359 3036 2803 3110 superlucratus
2853 3058 3007 3097 sum.
3040 3065 3067 3092 »
3099 3044 3331 3101 Grande
3364 3052 3598 3121 tempus
3629 3058 3721 3109 est

2068 3125 2221 3180 inter
2250 3128 2654 3184 ascensionem
2705 3130 3041 3201 Salvatoris,
3100 3138 3158 3189 et
3214 3137 3541 3195 secundum
3590 3143 3720 3213 ejus

2069 3215 2403 3271 adventum.
2438 3217 2497 3272 Si
2529 3223 2723 3274 autem
2754 3219 3003 3292 apostoli
3053 3223 3335 3280 reddituri
3379 3233 3519 3283 sunt
3541 3231 3721 3287 ratio-

2069 3320 2226 3369 nem,
2258 3310 2315 3360 et
2343 3305 2454 3361 sub
2484 3312 2643 3363 metu
2685 3309 2901 3381 judicis
2951 3315 3338 3369 resurrecturi
3359 3315 3402 3383 ³,
3431 3318 3570 3389 quid
3606 3336 3714 3376 nos

306 3392 364 3448 id
395 3398 512 3463 est,
545 3372 617 3449 de
646 3372 1007 3465 duobusqui
1040 3372 1129 3448 inv
1149 3409 1288 3466 agro
1338 3398 1495 3464 sunt,
1528 3398 1585 3449 et
1630 3372 1702 3450 de
1728 3372 1959 3451 duabus
1989 3372 2032 3439 (ἶ
2073 3398 2299 3466 Oportet
2331 3395 2563 3451 facere?

306 3481 672 3539 molentibus
702 3481 916 3552 (Matth.
958 3498 1111 3547 xxxv,
1144 3483 1232 3551 40,
1266 3483 1376 3553 41),
1410 3487 1469 3538 et
1516 3483 1587 3538 de
1623 3484 1958 3557 patrcfami-

304 3570 416 3629 lias
447 3570 553 3644 qui
587 3586 750 3627 servo
782 3588 888 3627 suo
929 3571 1114 3627 credit
1167 3572 1561 3628 substantiam
1619 3574 1783 3645 (Ibid.
1844 3576 1955 3647 45),

304 3662 459 3717 etde
492 3661 694 3716 decem
746 3660 1075 3733 virginibus
1132 3661 1343 3733 (Matth.
1392 3663 1483 3733 25,
1543 3664 1568 3718 1
1602 3666 1795 3734 seq/1.),
1828 3664 1957 3721 ideo

303 3748 615 3821 parabolas
680 3766 809 3806 esse
865 3750 1221 3822 praemissas,
1282 3754 1346 3806 ut
1420 3751 1558 3823 quia
1616 3752 1957 3824 ignoramus

304 3855 510 3895 omnes
531 3839 785 3911 'judicii
833 3840 1011 3907 diem,
1051 3840 1295 3896 sollicite
1350 3839 1517 3897 nobis
1549 3841 1747 3897 lumen
1781 3844 1958 3899 hono-

305 3944 433 3985 rum
483 3945 730 4001 operum
776 3945 1195 4001 praeparemus,
1245 3946 1339 3997 ne,
1389 3931 1531 3986 dum
1590 3931 1953 4004 ignoramus,

297 4017 478 4088 judex
508 4018 724 4074 veniat.

375 4108 562 4180 (Vers.
598 4108 684 4176 14,
721 4108 830 4179 15.)
862 4130 889 4157 ‹‹
923 4108 1085 4163 Sicut
1132 4108 1287 4164 enim
1337 4108 1512 4165 homo
1553 4126 1789 4182 peregre
1821 4127 1953 4183 pro-

306 4196 595 4262 ficiscens,
625 4198 849 4253 vocavit
879 4213 1077 4254 servos
1108 4214 1267 4269 suos,
1299 4201 1356 4254 et
1383 4199 1625 4255 tradidit
1653 4199 1771 4256 illis
1802 4200 1955 4256 bona

306 4301 431 4342 sua.
464 4286 539 4342 Et
570 4284 668 4341 uni
702 4285 862 4342 dedit
888 4286 1151 4358 quinque
1178 4285 1421 4356 talenta,
1453 4287 1553 4343 alii
1588 4293 1782 4345 autem
1814 4290 1950 4359 duo,

304 4373 402 4429 alii
452 4390 615 4431 vero.
649 4391 858 4440 unum,
894 4374 1212 4447 unicuique
1270 4377 1596 4432 secundum
1656 4377 1951 4450 propriam

300 4462 600 4532 virtutem,
632 4467 689 4520 et
712 4464 1008 4537 profectus
1038 4467 1127 4519 est
1156 4464 1377 4520 statim.
1432 4486 1459 4515 ››
1490 4469 1674 4522 Homo
1706 4468 1814 4523 iste
1847 4485 1954 4540 pa-

303 4552 673 4618 terfamilias,
704 4552 862 4610 haud
885 4553 1130 4609 dubium
1154 4554 1296 4626 quin
1317 4553 1586 4610 Christus
1618 4556 1717 4626 sit,
1750 4557 1850 4629 qui
1880 4558 1951 4613 ad

303 4639 534 4698 Patrem
567 4646 698 4715 post
728 4643 1215 4699 resurrectionem
1263 4642 1447 4699 victor
1476 4644 1820 4712 ascendens,
1853 4662 1951 4702 vo-

2142 3482 2325 3553 (Vers.
2359 3484 2574 3555 21-23.)
2608 3508 2635 3535 «
2695 3486 2789 3540 Ait
2844 3486 2929 3542 illi
2984 3489 3258 3545 dominus
3316 3494 3484 3563 ejus:
3539 3495 3721 3568 Euge,

2070 3588 2230 3627 serve
2260 3573 2429 3639 bone,
2464 3578 2519 3629 et
2550 3574 2758 3641 fidelis,
2793 3576 2933 3647 quia
2962 3594 3141 3650 super
3180 3596 3370 3651 pauca
3391 3581 3552 3637 fuisti
3584 3583 3721 3640 lide-

2068 3659 2160 3730 lis,
2194 3678 2371 3733 super
2402 3662 2588 3718 multa
2628 3668 2683 3718 te
2732 3665 3128 3722 constituam:
3164 3668 3319 3724 intra
3349 3670 3406 3724 in
3435 3671 3719 3743 gaudium

2067 3750 2291 3806 domini
2326 3752 2431 3807 tui.
2464 3753 2757 3809 Accedens
2789 3758 2983 3811 autem
3014 3761 3070 3811 et
3102 3758 3202 3829 qui
3235 3759 3350 3814 duo
3382 3760 3600 3817 talenta
3631 3778 3725 3818 ac-

2065 3844 2312 3909 ceperat,
2348 3839 2465 3896 ait:
2498 3840 2764 3908 Domine,
2798 3843 2914 3897 duo
2946 3842 3167 3900 talenta
3203 3847 3498 3903 tradidisti
3533 3850 3679 3905 mihi
3707 3869 3720 3907 :

2065 3942 2197 3981 ecce
2227 3926 2341 3983 alia
2367 3930 2480 3984 duo
2513 3929 2773 3984 lucratus
2805 3948 2958 3986 sum.
2983 3934 3078 3987 Ait
3110 3932 3193 3987 illi
3225 3934 3501 3992 dominus
3548 3939 3676 4009 ejus
3710 3956 3725 3996 :

2064 4016 2244 4087 Euge,
2268 4032 2430 4071 serve
2464 4019 2613 4072 bone
2642 4023 2698 4073 et
2730 4019 2939 4084 fidelis,
2968 4021 3108 4091 quia
3137 4038 3313 4094 super
3341 4041 3528 4096 pauca
3550 4027 3712 4082 fuisti

2064 4103 2275 4176 ﬁdelis,
2308 4121 2485 4177 super
2514 4105 2699 4161 multa
2747 4112 2803 4161 te
2850 4109 3239 4167 constituam:
3272 4113 3427 4168 intra
3475 4116 3532 4169 in
3574 4132 3716 4188 gau-

2062 4195 2225 4249 dium
2259 4194 2483 4249 domini
2536 4194 2640 4250 tui.
2681 4216 2709 4244 ››
2758 4195 2998 4267 Utrique
3052 4214 3235 4264 servo,
3289 4206 3355 4254 ut
3411 4207 3545 4256 ante
3584 4206 3712 4273 jam

2064 4284 2203 4351 dixi,
2237 4288 2294 4338 et
2324 4284 2423 4356 qui
2464 4284 2536 4340 de
2567 4283 2829 4356 quinque
2855 4283 3112 4351 talentis,
3156 4287 3354 4342 decem
3386 4289 3621 4358 fecerat,
3656 4297 3714 4348 et

2064 4374 2159 4445 qui
2196 4374 2264 4429 de
2295 4374 2545 4442 duobus,
2597 4378 2867 4445 quatuor,
2923 4374 3073 4430 idem
3124 4376 3563 4447 patrisfamilias
3592 4395 3715 4435 ser-

2063 4480 2158 4519 mo
2191 4463 2505 4519 blanditur.
2539 4464 2609 4519 Et
2639 4465 2963 4519 notandum
3012 4466 3166 4536 quod
3224 4466 3420 4522 omnia
3476 4484 3601 4537 qua:
3652 4469 3712 4525 in

2063 4554 2334 4625 praesenti
2366 4552 2674 4619 habemus,
2708 4553 2855 4610 207
2891 4553 3027 4609 licet
3060 4570 3275 4627 magna
3321 4555 3630 4613 videantur
3656 4564 3716 4615 et

2063 4642 2577 4714 plurimaztamen
2635 4643 3069 4713 comparatione
3128 4646 3480 4715 futurorum,
3537 4664 3716 4719 parva

303 4730 451 4787 catis
504 4732 805 4802 apostolis,
862 4732 1190 4789 doctrinam
1248 4731 1643 4806 evangelicam
1690 4734 1953 4804 tradidit,
1985 4743 2032 4809 D
2063 4737 2121 4787 et
2149 4747 2335 4803 pauca
2363 4735 2521 4786 sunt.
2574 4730 2750 4799 Intra,
2785 4732 2995 4803 inquit,
3028 4732 3087 4787 in
3154 4733 3436 4805 gaudium
3490 4736 3714 4793 domini

305 4835 420 4875 non
452 4836 558 4892 pro
588 4819 857 4894 largitate
890 4825 945 4878 et
994 4823 1275 4894 parcitate
1324 4822 1490 4879 alteri
1512 4822 1667 4896 plus,
1700 4828 1757 4879 et
1785 4823 1952 4880 alteri

303 4908 504 4965 minus
568 4908 853 4979 tribuens,
897 4911 998 4967 sed
1058 4928 1162 4984 pro
1218 4911 1632 4984 accipientium
1687 4913 1948 4971 viribus:

305 4998 599 5069 quomodo
630 5004 688 5056 et
713 5000 1030 5073 Apostolus
1060 5017 1159 5057 eos
1202 5002 1301 5074 qui
1335 5001 1590 5058 solidum
1623 5003 1819 5059 cibum
1851 5020 1952 5060 ca-

304 5103 439 5159 pere
469 5105 583 5146 non
616 5092 901 5163 poterant,
935 5089 1082 5146 lacte
1112 5095 1347 5163 potasse
1376 5108 1438 5147 se
1468 5091 1612 5147 dicit
1638 5095 1687 5161 (Ι
1716 5093 1837 5150 Cor.
1865 5112 1950 5164 ιιι,

302 5176 379 5247 2).
410 5176 676 5251 Denique
705 5182 760 5235 et
790 5178 957 5236 illum
1004 5180 1106 5252 qui
1155 5180 1226 5236 de
1275 5181 1535 5253 quinque
1564 5180 1821 5249 talentis,
1853 5184 1952 5239 de-

303 5281 428 5321 cem
461 5266 691 5338 feceral,
723 5273 781 5325 et
808 5269 909 5342 qui
939 5269 1011 5325 de
1033 5271 1265 5327 duobus
1289 5275 1559 5342 quatuor,
1592 5270 1770 5326 simili
1804 5289 1955 5328 rece-

302 5353 386 5426 pit
413 5356 630 5427 gaudio
655 5382 670 5425 ;
699 5374 814 5414 non
847 5358 1229 5415 considerans
1278 5357 1427 5415 lucri
1460 5359 1951 5432 magnitudinem,

262 5438 269 5443 ’
302 5445 403 5500 sed
434 5446 1012 5505 studiivoluntatem.
1049 5450 1202 5506 206
1234 5449 1298 5505 In
1330 5436 1951 5522 quinqueetduobus,

302 5535 359 5587 et
385 5549 506 5589 uno
546 5536 765 5592 talento
816 5535 906 5594 vel
954 5537 1218 5595 diversas
1264 5539 1484 5612 gratias
1530 5537 1951 5613 intelligamus,

344 5660 389 5742 .‘
421 5661 794 5743 Martianaaus
823 5661 1070 5788 lqgebat,
1099 5681 1242 5721 nova
1273 5681 1442 5737 opera
1469 5682 1695 5738 parare,
1731 5670 1955 5722 contra-

344 5733 634 5788 icentihus
663 5750 808 5788 mss.
906 5739 1146 5788 ictorius
1176 5754 1409 5788 aunnue
1455 5742 1587 5788 ante
1620 5755 1750 5788 nos.
1781 5739 1949 5788 codd.

303 5730 634 5810 dicentibus
663 5750 808 5810 mss.
854 5730 1146 5793 Victorius
1176 5730 1409 5810 quoque
1455 5730 1587 5794 ante
1620 5730 1750 5805 nos,
1781 5739 1949 5795 codd.

303 5818 460 5881 mss;
476 5806 775 5879 suffragio,
803 5815 1034 5881 patrare
1062 5806 1460 5881 rescripserat.

372 5876 395 5914 ³
422 5874 533 5937 Pro
561 5874 1023 5955 omﬁes'q'uidam
1058 5896 1209 5938 mss.
1233 5874 1295 5940 ιὶι
1324 5881 1568 5940 homines
1597 5882 1952 5963 praferunt;

2062 4820 2169 4891 tui,
2202 4825 2260 4876 et
2288 4820 2521 4892 suscipe
2551 4836 2678 4891 qua;
2710 4837 2814 4877 nec
2844 4820 3050 4878 oculus
3087 4822 3255 4889 vidit,
3288 4840 3394 4879 nec
3425 4825 3585 4881 auris
3615 4843 3716 4883 au-

2062 4910 2229 4977 divit,
2258 4926 2363 4964 nec
2392 4910 2452 4964 in
2480 4926 2579 4965 cor
2607 4909 2868 4965 hominis
2899 4912 3287 4968 ascenderunt
3315 4916 3365 4982 (1
3393 4914 3513 4970 Cor.
3540 4932 3602 4983 ιι,
3633 4917 3711 4988 9).

2061 4999 2208 5064 Quid
2241 5003 2436 5055 autem
2469 5004 2660 5071 potest
2707 5000 2900 5071 majus
2929 5000 3054 5056 dari
3106 5001 3264 5057 fideli
3314 5020 3497 5075 servo,
3531 5020 3710 5075 quam

2061 5106 2190 5145 esse
2220 5105 2355 5145 cum
2386 5087 2644 5158 domino,
2678 5093 2735 5143 ct
2764 5087 2957 5145 videre
3004 5090 3286 5162 gaudium
3318 5092 3538 5147 domini
3571 5090 3712 5146 sui?

2132 5177 2319 5250 (Vers.
2351 5179 2441 5246 24,
2472 5178 2586 5249 25.)
2624 5200 2645 5226 ιι
2682 5178 2971 5235 Accedens
3029 5172 3225 5235 autem
3271 5185 3327 5235 et
3374 5179 3473 5251 qui
3524 5195 3709 5234 unum

2061 5268 2346 5324 talentum
2381 5272 2701 5339 acceperat,
2753 5265 2871 5324 ait:
2910 5269 3168 5338 Domine,
3201 5269 3320 5326 scio
3370 5267 3507 5339 quia
3535 5268 3710 5324 homo

2062 5359 2247 5415 durus
2268 5374 2349 5413 es:
2380 5355 2550 5412 metis
2573 5356 2673 5411 ubi
2694 5373 2808 5412 non
2832 5359 3159 5429 scminasti,
3178 5362 3235 5415 et
3264 5371 3579 5427 congregas
3610 5354 3712 5412 ubi

2063 5465 2176 5504 non
2209 5434 2479 5520 sparsisti
2504 5464 2518 5513 ;
2551 5450 2607 5501 et
2636 5446 2851 5502 timens
2883 5448 3020 5516 abii,
3045 5453 3101 5503 et
3123 5444 3399 5502 abscondi
3423 5442 3711 5502 talentum

2062 5544 2231 5594 tuum
2261 5538 2321 5592 in
2354 5543 2527 5592 terra.
2557 5537 2626 5591 Et
2654 5553 2784 5593 ecce
2811 5538 2991 5594 habes
3023 5537 3177 5609 quod
3212 5539 3378 5591 tuum
3410 5535 3711 5594 est.»Vere

2063 5664 2183 5736 alii,
2220 5663 2483 5736 homines,
2517 5663 2821 5736 duntaxat.
2856 5663 2950 5717 Sic
2983 5662 3127 5736 Rab.

2133 5733 2365 5792 3'Penes
2397 5734 2611 5807 Victor.
2644 5734 2844 5801 verba,
2872 5743 2923 5790 et
2951 5734 3047 5789 sub
3106 5735 3251 5790 metu
3279 5733 3488 5807 judicis
3524 5750 3712 5793 resur-

2060 5809 2283 5883 recturi,
2316 5806 2743 5865 desiderantur.
