4304 6584
390 4600 473 4667 ,κω

583 479 697 541 195

1824 472 1887 531 S.
1935 468 2241 533 EUSEBll
2288 466 2730 529 HIERONYMI

3865 466 3980 535 196

586 611 736 682 quod
770 608 1056 679 scriptum
1098 610 1224 663 est:
1259 604 1337 662 Ad
1383 605 1731 661 excusandas
1759 604 2133 660 excusationes
2165 603 2221 654 in
2254 607 2308 672 Α
2339 600 2491 669 quod
2542 600 2624 654 eis
2668 599 2856 655 fuerat
2904 595 3349 669 repromissum,
3398 595 3595 652 vident
3622 596 3875 653 transire
3905 597 3979 653 ad

578 700 816 772 peccatis
845 698 1019 771 (Psat.
1052 713 1173 763 CXL,
1206 696 1281 764 4),
1316 694 1491 750 etiam
1552 693 1686 749 huic
1744 708 1905 748 servo
1961 688 2223 760 contigit,

587 794 652 845 ut
682 789 752 844 ad
785 785 1079 859 pigritiam
1111 789 1167 839 et
1195 782 1631 855 negligentiam,
1664 780 1951 852 superbiae
1992 793 2228 850 quoque

588 879 807 934 crimen
866 876 1182 930 accederet.
1244 872 1351 939 Qui
1408 872 1563 926 enim
1622 869 1964 941 simpliciter
2029 866 2230 923 debuit

588 966 861 1023 inertiam
889 963 1174 1029 confiteri,
1208 966 1265 1016 et
1303 977 1466 1016 orare
1516 957 2019 1032 patremfamilias,
2053 970 2228 1011 econ-

586 1056 763 1111 trario
796 1053 1207 1121 calumniatur,
1259 1054 1317 1105 et
1371 1049 1512 1104 dicit
1568 1065 1628 1104 sc
1688 1047 1960 1119 prudenti
2026 1044 2229 1099 fecisse

589 1143 854 1209 concilio,
887 1159 959 1197 ne
989 1142 1129 1196 dum
1177 1139 1340 1194 lucra
1398 1137 1652 1209 pecuniae
1711 1120 2015 1207 quaereret,
2049 1134 2225 1188 etiam

591 1234 661 1289 de
688 1236 844 1288 sorte
874 1229 1317 1302 periclitaretur.

660 1339 844 1408 (Vers.
904 1335 1111 1406 26-28.)
1170 1357 1197 1383 ‹‹
1262 1333 1642 1404 Respondeas
1698 1318 1893 1387 autem
1952 1329 2229 1384 dominus

584 1428 732 1497 ejus,
768 1426 911 1480 dixit
938 1424 1028 1479 ei:
1062 1428 1228 1478 Serve
1264 1422 1417 1477 male
1474 1427 1531 1476 et
1588 1421 1771 1492 piger,
1806 1419 2031 1474 sciebas
2091 1416 2230 1489 quia

585 1520 735 1572 meto
803 1515 900 1569 ubi
968 1530 1083 1567 non
1153 1511 1400 1581 semine,
1468 1514 1525 1564 et
1590 1524 1877 1581 congrege
1948 1507 2048 1561 ubi
2117 1522 2229 1560 non

583 1604 812 1677 sparsi:
879 1601 1138 1673 oportuit
1189 1616 1327 1671 ergo
1381 1603 1437 1654 te
1489 1598 1854 1653 committere
1918 1595 2229 1667 pecuniam

500 1716 553 1757 in
584 1711 714 1750 eam
773 1688 1209 1755 nummulariis,
1271 1692 1328 1743 et
1384 1687 1622 1743 veniens
1698 1702 1823 1756 ego,
1883 1684 2229 1754 recepissem

587 1782 790 1852 utique
822 1779 976 1850 quod
1038 1792 1233 1833 meum
1288 1779 1377 1830 est
1428 1792 1561 1830 cum
1615 1792 1813 1829 usura.
1869 1773 2074 1827 Tollite
2119 1772 2232 1826 ita-

589 1886 703 1942 que
734 1870 805 1924 ab
838 1884 903 1923 eo
934 1866 1243 1935 talentum,
1276 1869 1331 1919 et
1376 1865 1510 1919 date
1568 1864 1619 1919 ei
1676 1864 1775 1934 qui
1826 1862 2000 1917 habet
2030 1862 2229 1916 decem

587 1958 827 2015 talenta.
874 1979 902 2007 »
970 1955 1132 2020 Quod
1198 1958 1500 2026 putaverat
1566 1970 1627 2007 se
1684 1968 1786 2023 pro
1854 1950 2226 2006 excusatione
2260 1970 2306 2035 Β

589 2047 827 2113 dixisse,
862 2045 921 2100 in
953 2043 1184 2115 culpam
1236 2043 1529 2115 propriam
1577 2041 1837 2096 vertitur.
1874 2041 2086 2095 Servus
2127 2056 2227 2093 au-

589 2143 706 2193 tem
739 2135 930 2191 malus
988 2132 1351 2205 appellatur:
1388 2132 1528 2202 quia
1583 2130 1939 2184 calumniam
1990 2128 2225 2183 domino

587 2226 741 2281 facit.
776 2224 964 2294 Piger,
997 2221 1137 2292 quia
1168 2220 1353 2274 noluit
1390 2219 1676 2274 talentum
1730 2218 2047 2289 duplicare,
2078 2222 2140 2271 ut
2172 2217 2228 2271 in

587 2314 767 2370 altero
800 2311 1109 2383 superbiae,
1140 2309 1200 2364 in
1250 2308 1429 2363 altero
1480 2306 1841 2379 negligentim
1886 2307 2228 2361 condemne-

588 2408 706 2458 tur.
737 2402 815 2469 Si,
846 2401 1059 2472 inquit,
1091 2399 1304 2453 durum
1336 2402 1391 2452 et
1439 2396 1730 2451 crudelem
1776 2413 1903 2450 esse
1934 2412 2025 2450 me
2057 2412 2227 2449 nove.

594 2509 709 2559 ras,
742 2496 799 2547 et
827 2489 1016 2545 aliena
1045 2486 1275 2557 sectari,
1304 2485 1500 2557 ibique
1546 2490 1763 2541 metere
1792 2485 1890 2539 ubi
1924 2502 2035 2539 non
2070 2500 2227 2539 seve-

590 2581 726 2651 rim,
760 2595 939 2651 quare
975 2594 1086 2632 non
1130 2575 1239 2631 tibi
1282 2574 1617 2629 istiusmodi
1662 2573 1932 2646 cogitatio
1983 2573 2229 2628 incussit

593 2669 954 2738 timorem,ut
984 2666 1164 2721 scires
1196 2680 1287 2719 me
1317 2681 1447 2718 mea
1477 2663 1815 2735 diligentius
1848 2662 2227 2733 quzcsilurum

591 2762 650 2814 et
683 2760 849 2813 dares
881 2754 1185 2826 pecuniam
1220 2769 1429 2819 meam,
1465 2751 1581 2807 sive
1612 2757 1922 2823 argentum
1957 2768 2230 2805 nummu-

508 2846 795 2917 \lariis?
821 2845 1142 2915 Utrumque
1197 2843 1352 2897 enim
1409 2838 1687 2913 ἀργύριον,
1744 2840 1980 2895 Graecus
2036 2856 2230 2894 sermo

580 2918 898 3006 signiﬁcat.
936 2933 1183 3003 Etoquia,
1246 2930 1459 3002 inquit,
1510 2930 1733 2984 Domini
1787 2929 2003 2999 eloquia
2058 2930 2226 2998 casta,

589 3026 877 3093 argentum
902 3024 1033 3089 igne
1080 3021 1482 3083 examinatum,
1533 3018 1825 3089 probatum
1872 3026 2053 3087 terrae,
2092 3033 2227 3087 pur—

590 3116 781 3181 gatum
832 3110 1141 3181 sapt-aptum
1197 3108 1366 3178 (Psat.
1414 3124 1491 3171 x1,
1547 3107 1623 3173 7).
1684 3105 1936 3161 Pecunia
1989 3122 2123 3177 ergo
2173 3108 2233 3160 et

590 3202 919 3271 argentum,
954 3196 1285 3269 praedicatio
1312 3194 1607 3267 Evangelii
1638 3199 1747 3260 est,
1778 3199 1832 3248 et
1862 3210 2052 3249 sermo
2084 3194 2227 3247 divi-

591 3307 725 3359 nus,
758 3287 857 3360 qui
888 3286 1012 3342 dari
1071 3286 1273 3340 debuit
1326 3282 1742 3339 nummulariis
1800 3288 1855 3337 et
1909 3281 2225 3353 trapezitis.

592 3378 648 3433 id
686 3381 794 3445 est,
837 3376 922 3431 vel
968 3374 1187 3430 caeteris
1240 3372 1576 3431 doctoribus
1636 3372 1815 3443 (quod
1878 3372 2136 3425 fecerunt
2174 3374 2229 3424 et

591 3464 858 3539 apostoli,
895 3481 996 3536 per
1047 3461 1312 3535 singulas
1364 3461 1693 3533 provincias
1752 3461 2139 3531 presbyteros,
2176 3464 2231 3513 et

588 3555 893 3626 episcopos
924 3552 1303 3622 ordinantes),
1335 3550 1422 3605 vel
1455 3549 1680 3605 cunctis
1715 3550 2107 3617 credentibus,
2132 3548 2230 3619 qui

590 3649 841 3715 possunt
870 3640 1179 3713 pecuniam
1212 3639 1530 3711 duplicare,
1558 3639 1710 3695 208
1742 3643 1798 3693 et
1851 3655 1983 3693 cum
2031 3636 2232 3691 usuris

592 3732 854 3797 reddere,
888 3733 953 3784 ut
1009 3728 1295 3800 quidquid
1356 3743 1625 3783 sermone
1684 3726 2025 3791 didicerant,
2060 3740 2231 3796 opere

578 3818 905 3892 explerent.
938 3816 1187 3872 Tollitur
1240 3822 1435 3870 autem
1492 3815 1797 3880 talentum,
1845 3818 1902 3868 et
1957 3815 2129 3868 datur
2182 3814 2230 3867 ei

593 3908 695 3979 qui
727 3908 925 3963 decem
960 3904 1181 3960 talenta
1211 3905 1441 3971 fecerat,
1475 3908 1541 3958 ut
1572 3902 1989 3974 intelligamus,
2009 3901 2144 3956 licet
2174 3901 2233 3955 in

593 3998 901 4067 utriusque
931 3994 1127 4050 labore
1157 3990 1376 4065 aequale
1416 3992 1493 4048 sit
1535 3992 1817 4065 gaudium
1849 3991 2091 4057 domini,
2125 3990 2234 4046 hoc

592 4092 698 4150 est,
724 4089 780 4140 et
810 4085 938 4155 ejus
970 4083 1067 4155 qui
1100 4083 1359 4154 quinque
1392 4082 1448 4136 in
1486 4082 1684 4137 decem
1731 4080 2143 4151 duplicaverat,
2179 4085 2236 4135 et

591 4174 720 4244 ejus
769 4173 871 4244 qui
930 4174 1044 4228 duo
1103 4172 1161 4225 in
1207 4174 1495 4242 quatuor:
1531 4175 1727 4225 tamen
1787 4170 1979 4239 majus
2038 4168 2234 4224 deberi

592 4263 897 4335 praemium
926 4261 997 4329 ei,
1032 4262 1130 4333 qui
1157 4260 1289 4332 plus
1315 4260 1373 4314 in
1409 4258 1632 4314 domini
1656 4258 1902 4329 pecunia
1933 4258 2232 4312 laboravit.

592 4351 754 4407 Unde
792 4351 933 4406 dicit
978 4353 1035 4405 et
1082 4348 1433 4420 Apostolus:
1492 4348 1837 4418 Presbyteros
1882 4347 2106 4415 honora,
2138 4349 2239 4419 qui

590 4455 715 4494 vere
740 4440 1044 4509 presbyteri
1071 4441 1218 4507 sunt,
1250 4439 1495 4492 maxime
1542 4438 1641 4506 qui
1689 4434 1943 4490 laborant
1971 4437 2030 4489 in
2078 4436 2236 4491 verba

592 4530 692 4583 Dei
721 4527 767 4597 (1
800 4527 932 4581 Tim.
966 4543 1023 4591 ν,
1058 4527 1171 4595 17).
1204 4526 1280 4579 Ex
1306 4541 1371 4579 eo
1404 4526 1558 4596 quod
1596 4524 1788 4579 malus
1820 4541 2023 4580 servus
2054 4542 2237 4580 ausus

593 4620 685 4671 est
715 4615 943 4670 dicere:
980 4617 1135 4670 Metis
1192 4615 1289 4668 ubi
1344 4631 1455 4667 non
1511 4614 1813 4681 seminasti,
1856 4623 1906 4669 et
1945 4630 2238 4685 congregas

2282 682 2287 687 ’
2338 686 2501 743 alios.
2535 688 2731 743 Potest
2759 692 2816 741 et
2847 686 2928 741 sic
2960 684 3243 757 intelligi:
3276 684 3325 739 ei
3358 685 3457 756 qui
3491 685 3665 740 (idem
3698 686 3894 751 habet,
3922 687 3980 740 et

2338 777 2549 831 bonam
2580 776 2639 830 in
2681 776 2924 831 Domino
2954 774 3330 839 voluntatem,
3364 772 3539 828 etiam
3593 773 3642 828 si
3692 774 3831 845 quid
3860 773 3977 828 mi-

2338 882 2449 919 nus
2479 865 2535 919 in
2569 881 2742 937 opere
2790 869 2855 918 ut
2905 863 3078 917 homo
3131 862 3418 928 habuerit,
3453 862 3692 917 dabitur
3736 879 3771 916 a
3821 862 3975 919 bono

2332 954 2549 1024 judice.
2581 953 2687 1017 Qui
2720 958 2913 1008 autem
2948 952 3119 1007 ﬁdem
3155 968 3269 1006 non
3302 950 3778 1017 habuerit,etiam
3810 956 3979 1007 exste-

2338 1060 2433 1098 ras
2458 1042 2700 1097 virtutes
2731 1058 2879 1111 quas
2932 1041 3239 1095 videbatur
3280 1038 3628 1096 naturaliter
3656 1040 3979 1111 possidere,

2337 1132 2556 1204 perdet.
2592 1132 2659 1185 Et
2696 1130 2990 1202 eleganter
3037 1131 3234 1195 etiam,
3285 1129 3424 1200 quod
3484 1129 3713 1198 videtur,
3764 1129 3978 1201 inquit,

2337 1221 2557 1287 habere,
2582 1224 2866 1291 ait/eretur
2895 1219 2962 1274 ab
3020 1236 3105 1274 eo.
3159 1218 3453 1289 Quidquid
3501 1218 3658 1273 enim
3706 1218 3834 1274 sine
3866 1219 3981 1275 ﬁde

2338 1309 2552 1364 Christi
2584 1314 2693 1377 est,
2727 1325 2841 1363 non
2891 1308 2942 1362 ei
2990 1308 3157 1362 debet
3212 1306 3488 1379 imputari
3551 1308 3653 1378 qui
3712 1307 3863 1363 male
3910 1324 3979 1363 eo

2338 1399 2560 1453 abusus
2588 1403 2697 1461 est,
2730 1398 2831 1452 sed
2860 1396 2945 1451 illi
2977 1396 3077 1458 qui
3112 1396 3262 1452 malo
3313 1397 3487 1451 etiam
3543 1413 3707 1451 servo
3757 1401 3979 1452 natura:

2340 1486 2560 1542 bonum
2594 1486 2816 1541 tribuit.

2411 1578 2595 1647 (Vers.
2626 1576 2739 1645 30.)
2776 1598 2795 1624 α
2832 1575 2901 1629 Et
2923 1573 3191 1629 inutilem
3242 1590 3472 1629 servum
3504 1574 3697 1645 ejicite
3730 1575 3788 1630 in
3819 1580 3979 1632 tene-

2340 1666 2477 1720 bras
2506 1664 2851 1729 exteriores;
2904 1663 3021 1717 illic
3069 1664 3180 1718 erit
3236 1663 3407 1717 fletus
3463 1670 3520 1718 et
3575 1664 3792 1719 stridor
3837 1665 3980 1720 den-

2342 1754 2510 1808 tium.
2542 1777 2568 1802 ››
2607 1753 2883 1807 Dominus
2916 1750 3113 1806 lumen
3144 1756 3263 1817 est;
3301 1754 3400 1823 qui
3431 1752 3504 1807 ab
3552 1768 3618 1808 eo
3656 1751 3813 1808 foras
3844 1752 3981 1807 mit-

2339 1843 2504 1906 titur,
2537 1846 2691 1896 caret
2720 1858 2852 1896 vero
2884 1840 3125 1896 lumine.
3162 1841 3308 1907 Quid
3361 1841 3438 1896 sit
3488 1845 3683 1897 autem
3728 1840 3899 1897 fletus
3926 1846 3984 1897 et

2341 1922 2556 1986 stridor
2583 1931 2871 1997 dentium,
2907 1947 3087 2001 supra
3117 1930 3395 1985 diximus.

2407 2020 2592 2089 (Vers.
2624 2021 2686 2074 31
2722 2020 2867 2090 seq.)
2901 2042 2927 2069 ‹‹
2978 2019 3118 2073 Cum
3166 2024 3362 2074 autem
3410 2019 3632 2074 venerit
3662 2019 3844 2075 Filius
3877 2020 3982 2075 ho-

2343 2109 2514 2165 minis
2544 2110 2601 2163 in
2636 2109 2939 2179 majestate
2971 2124 3097 2171 sua,
3126 2113 3181 2162 et
3230 2124 3434 2164 omnes
3477 2107 3670 2180 angeli
3716 2125 3848 2164 cum
3873 2123 3979 2166 eo:

2337 2206 2477 2254 tunc
2510 2198 2734 2252 sedebit
2764 2214 2941 2268 super
2983 2198 3180 2252 sedem
3234 2196 3556 2267 majestatis
3586 2214 3729 2268 suae,
3757 2203 3813 2253 et
3841 2215 3983 2255 con-

2338 2289 2735 2360 gregabuntur
2761 2292 2893 2341 ante
2920 2303 3052 2341 eum
3085 2303 3287 2342 omnes
3318 2290 3521 2358 gentes
3546 2304 3559 2344 :
3593 2291 3652 2341 et
3680 2288 3981 2359 separabit

2337 2394 2435 2431 ms
2466 2377 2537 2431 ab
2568 2376 3000 2442 invicem,sicut
3022 2382 3219 2446 pastor
3237 2380 3505 2446 segregat
3526 2392 3659 2431 oves
3681 2376 3752 2431 ab
3775 2376 3979 2433 haedis.

2338 2466 2645 2521 Etstatuet
2676 2482 2808 2519 oves
2841 2465 2993 2523 209
3041 2464 3278 2535 quidem
3331 2482 3364 2519 a
3409 2465 3633 2520 dextris
3690 2464 3978 2530 suis,haz-

2336 2555 2441 2608 dos
2474 2558 2665 2609 autem
2691 2571 2723 2607 a
2745 2553 3019 2608 sinistris.
3055 2554 3218 2607 Tunc
3240 2552 3393 2607 dicet
3413 2570 3510 2608 rex
3529 2552 3621 2609 his
3653 2553 3753 2626 qui
3785 2571 3820 2609 θ.
3850 2554 3985 2611 dex-

2336 2644 2443 2698 tris
2464 2644 2591 2712 ejus
2613 2647 2803 2697 erunt.
2842 2664 2868 2691 »
2900 2642 3038 2696 Post
3077 2641 3321 2696 biduum
3355 2641 3577 2698 Pascha
3608 2642 3888 2711 facturus,
3926 2649 3985 2700 et

2336 2732 2655 2787 tradendus
2696 2730 2878 2795 cruci,
2914 2736 2969 2785 et
3012 2729 3349 2786 illudendus
3407 2731 3478 2786 ab
3511 2731 3889 2800 hominibus;
3924 2737 3983 2788 et

2337 2824 2496 2876 aceto
2540 2836 2604 2875 ac
2656 2818 2784 2874 lelle
2830 2820 3144 2890 potandus,
3178 2823 3330 2873 recte
3389 2820 3689 2890 praemittit
3729 2819 3979 2892 gloriam

2336 2908 2780 2980 triumphantis,
2812 2912 2876 2962 ut
2905 2912 3181 2963 secutura
3213 2907 3511 2977 scandala,
3537 2908 3981 2980 pollicitationis

2337 2998 2573 3071 prcemio
2604 3000 3026 3068 compensaret.
3078 2996 3147 3051 Et
3197 2997 3517 3052 notandum
3580 2998 3733 3069 quod
3783 2998 3885 3070 qui
3918 2998 3981 3055 in

2338 3088 2643 3156 majestate
2673 3085 2999 3140 cernendus
3030 3090 3134 3148 est,
3170 3084 3349 3140 Filius
3380 3086 3637 3141 hominis
3668 3086 3762 3142 sit.
3790 3087 3984 3152 Quod-

2337 3191 2449 3245 que
2477 3175 2776 3245 sequitur:
2810 3174 3018 3229 Statuet
3066 3190 3185 3230 oves
3233 3173 3451 3245 quidem
3504 3193 3538 3229 a
3592 3175 3809 3231 dextris
3836 3179 3977 3245 suis,

2337 3263 2517 3320 hwdos
2547 3267 2727 3318 autem
2759 3280 2794 3318 a
2825 3263 3087 3327 sinistris,
3114 3262 3284 3331 juxta
3312 3262 3456 3318 illud
3503 3262 3782 3337 intellige,
3818 3265 3974 3337 quod

2258 3337 2300 3404 C
2341 3352 2477 3407 alibi
2508 3352 2652 3423 legis
2678 3370 2689 3406 :
2726 3354 2834 3408 Cor
2862 3354 3124 3421 sapientis
3156 3353 3217 3408 in
3247 3351 3445 3408 dertra
3472 3354 3677 3416 eiusat
3697 3370 3796 3409 cor
3822 3355 3982 3410 stulti

2342 3444 2397 3497 in
2429 3444 2657 3496 sinistra
2689 3442 2841 3495 illius
2875 3442 3067 3512 (Eucte.
3102 3458 3158 3507 x,
3188 3442 3263 3512 2).
3299 3441 3367 3495 Et
3414 3458 3592 3513 supra
3635 3442 3695 3498 in
3744 3442 3853 3498 hoc
3880 3460 3980 3500 eo-

2340 3531 2471 3584 dem
2514 3530 2859 3601 Evangelio:
2917 3531 3129 3585 Nesciet
3176 3532 3406 3585 sinistra
3463 3535 3562 3585 tua
3612 3532 3754 3604 quid
3806 3534 4017 3603 faciat—

2340 3619 2560 3674 dcxtera
2590 3623 2681 3674 tua
2713 3620 2918 3689 (.ilatth.
2946 3636 3021 3687 γι,
3077 3620 3151 3685 3).
3188 3619 3333 3674 Oves
3387 3619 3447 3674 in
3497 3623 3657 3691 parte
3678 3622 3983 3691 justorum

2342 3714 2494 3763 stare
2518 3710 2804 3779 jubentur
2833 3708 2902 3762 ad
2938 3708 3273 3762 dexteram:
3308 3708 3478 3776 bzedi,
3511 3708 3619 3764 hoc
3649 3715 3757 3775 est,
3791 3726 3992 3782 pecca-

2342 3802 2514 3867 tores,
2548 3797 2621 3852 ad
2652 3797 2977 3861 sinistram,
3012 3795 3113 3867 qui
3164 3813 3395 3868 semper
3424 3813 3526 3870 pro
3584 3802 3817 3869 peccato
3849 3799 3989 3854 oll'e-

2346 3890 2553 3940 runtur
2585 3885 2640 3939 in
2674 3886 2819 3957 Lege
2851 3884 3041 3954 (Exod.
3078 3902 3177 3955 xu,
3230 3887 3305 3955 5).
3364 3886 3477 3941 Nec
3533 3886 3697 3958 dixit,
3758 3904 3987 3960 capras,

2345 3992 2469 4046 quae
2502 3978 2749 4047 possunt
2801 3974 3012 4029 habere
3059 3976 3229 4037 fetus,
3264 3979 3322 4030 ct
3377 3979 3556 4030 tonsis
3605 3977 3991 4049 egrediuntur

2344 4064 2415 4118 de
2446 4062 2693 4125 lavacro,
2716 4078 2917 4116 omnes
2940 4061 3204 4133 gemellis
3227 4062 3460 4129 fetibus,
3494 4069 3549 4118 et
3578 4064 3793 4119 sterilis
3826 4064 3991 4121 nulla

2346 4152 2495 4206 inter
2521 4167 2619 4206 eas
2647 4149 2833 4220 (Cant.
2867 4167 2943 4213 1v,
2980 4151 3029 4217 1,
3054 4152 3147 4218 2);
3181 4150 3281 4205 sed
3310 4150 3525 4219 hzedos,
3549 4150 3831 4208 lascivum
3864 4152 3989 4208 ani-

2348 4239 2461 4295 mal
2493 4244 2550 4294 et
2581 4237 2901 4309 petulcum,
2934 4243 2991 4295 et
3022 4240 3247 4295 fervens
3279 4255 3511 4311 semper
3539 4241 3611 4296 ad
3644 4246 3885 4297 coitum.

2417 4346 2602 4416 (Vere.
2635 4347 2702 4400 34
2736 4346 2883 4417 seq.)
2918 4369 2944 4395 ‹‹
2997 4345 3224 4413 Venite,
3275 4346 3562 4403 benedicti
3624 4347 3808 4403 Patris
3852 4348 3991 4419 mei,

2349 4436 2643 4507 possidete
2675 4441 2943 4506 paratum
2988 4435 3151 4489 vobis
3210 4452 3457 4506 regnum
3498 4454 3532 4492 a
3578 4437 3994 4494 constitutione

2349 4524 2574 4579 mundi.
2605 4524 2830 4580 Esurivi
2864 4524 3043 4589 enim,
3078 4528 3134 4578 et
3163 4524 3407 4579 dedistis
3436 4525 3580 4580 mihi
3612 4527 3986 4583 manducare.

2347 4613 2597 4678 Sitivi,et
2629 4613 2875 4668 dedistis
2897 4612 3043 4667 mihi
3069 4612 3288 4668 bibere.
3324 4613 3547 4686 Hospes
3576 4631 3758 4682 eram,
3791 4620 3848 4671 et
3877 4614 3993 4671 col-

484 4676 539 4729 \“‘
593 4705 693 4759 ubi
720 4719 831 4759 non
858 4706 1129 4775 sparsisti,
1179 4701 1584 4773 intelligimus,
1617 4676 1809 4759 etiam?
1840 4676 2163 4774 gentilivumv
2180 4706 2237 4757 et
2264 4708 2311 4773 Β
2342 4676 2571 4775 legistis
2606 4719 2716 4758 me.
2754 4701 2981 4770 Nudus,
3015 4706 3071 4756 et
3102 4702 3417 4773 operuistis
3446 4676 3561 4759 ine.
3607 4676 3904 4773 Infirmus,
3937 4708 3997 4760 et

595 4791 1074 4865 philosophorum
1110 4792 1320 4846 bonam
1352 4791 1531 4845 vitam
1556 4791 1811 4861 recipere
1844 4790 2239 4858 Uominum,et

595 4878 764 4935 aliter
792 4880 1003 4936 habere
1034 4897 1132 4935 eos
1164 4879 1645 4952 quijuste,aliter
1662 4880 1761 4951 qui
1792 4880 2008 4950 injuste
2039 4884 2236 4950 agant,

593 4972 651 5023 et
677 4970 750 5025 ad
773 4969 1267 5041 comparationem
1289 4970 1416 5039 ejus
1439 4968 1535 5041 qui
1571 4967 1822 5024 naturali
1854 4967 1967 5039 legi
2000 4969 2233 5037 serviat,

593 5059 969 5115 condemnari
1003 5076 1100 5114 eos
1130 5058 1230 5130 qui
1260 5059 1537 5129 scriptam
1570 5057 1756 5130 legem
1788 5057 2108 5129 negligant.

666 5164 851 5236 (Vers.
884 5165 999 5237 29.)
1050 5188 1077 5215 ‹‹
1138 5163 1310 5219 Omni
1365 5163 1519 5219 enim
1581 5163 1818 5218 habenti
1867 5161 2122 5229 dabitur,
2184 5165 2238 5217 et

590 5254 951 5310 abundabit:
984 5254 1033 5310 ei
1067 5256 1263 5309 autem
1293 5252 1395 5324 qui.
1428 5269 1541 5307 non
1587 5251 1785 5317 habet,
1809 5254 1867 5304 et
1891 5250 2043 5320 quod
2075 5249 2235 5305 vide-

590 5348 688 5397 tur
715 5343 949 5414 habere,
981 5343 1279 5399 auferetur
1308 5342 1379 5395 ab
1411 5356 1497 5394 eo.
1526 5360 1553 5388 »
1580 5338 1746 5393 Multi
1778 5354 1913 5392 cum
1945 5338 2235 5410 sapientes

591 5431 708 5486 sint
755 5432 1120 5495 naturaliter,
1154 5435 1211 5485 et
1266 5426 1519 5484 habeant
1575 5444 1821 5482 acumen
1884 5428 2125 5499 ingenii,
2186 5429 2234 5483 si

593 5519 809 5573 fuerint
835 5519 1217 5592 negligentes,
1240 5522 1296 5572 et
1327 5516 1555 5571 desidia
1604 5516 1824 5569 bonum
1856 5521 2075 5571 naturae
2108 5534 2231 5572 cor-

594 5607 877 5676 ruperint,
912 5608 983 5662 ad
1040 5606 1537 5678 comparationem
1595 5606 1721 5674 ejus
1780 5605 1879 5676 qui
1927 5604 2232 5677 paululum

598 5694 842 5762 tardior,
863 5694 1056 5751 labore
1083 5702 1140 5751 et
1168 5696 1458 5752 industria
1500 5695 1896 5766 compensavit
1939 5696 2093 5765 quod
2125 5696 2232 5751 mi-

594 5799 709 5847 nus
732 5782 959 5853 habuit,
991 5786 1244 5860 perdunt
1285 5784 1507 5843 bonum
1554 5786 1801 5857 naturas,
1829 5787 1886 5842 et
1923 5785 2230 5858 praemium

2347 4791 2631 4847 visitastis
2662 4806 2773 4845 me.
2807 4789 2870 4843 ln
2911 4806 3136 4846 carcere
3184 4808 3364 4862 eram,
3388 4797 3445 4847 et
3472 4792 3715 4849 venistis
3755 4793 3829 4848 ad
3881 4809 3992 4849 me.

2344 4879 2506 4933 Tunc
2564 4878 3005 4949 respondebunt
3053 4879 3103 4934 ei
3155 4880 3325 4950 justi,
3381 4881 3676 4937 dicentes:
3734 4882 3991 4949 Domine,

2347 4967 2579 5038 quando
2610 4971 2664 5021 te
2695 4966 2951 5023 vidimus
2984 4968 3361 5033 esurientem,
3394 4974 3453 5025 et
3496 4971 3763 5043 pavimus
3794 4977 3877 5028 te:
3912 4972 3991 5027 si-

2347 5057 2608 5123 tientem,
2638 5060 2695 5111 et
2727 5056 2997 5112 dedimus
3030 5057 3133 5112 tibi
3157 5060 3358 5130 polum
3381 5059 3408 5114 ?
3438 5059 3679 5125 Quando
3710 5065 3906 5117 autem
3937 5065 3993 5117 te

2344 5144 2601 5201 vidimus
2629 5146 2940 5216 hospitem,
2975 5150 3031 5201 et
3060 5146 3404 5219 collegimus
3446 5153 3540 5215 te;
3586 5154 3689 5204 aut
3743 5150 3993 5217 nudum,

2345 5238 2401 5289 et
2430 5235 2840 5306 cuoperuimus
2870 5239 2961 5290 te:
2993 5240 3095 5291 aut
3144 5237 3377 5307 quando
3426 5241 3481 5292 te
3529 5237 3785 5294 vidimus
3823 5237 3993 5294 inﬁr-

2346 5340 2529 5391 mum,
2564 5329 2667 5379 aut
2696 5323 2755 5378 in
2789 5328 3104 5391 carcere,et
3134 5324 3398 5381 venimus
3428 5327 3501 5381 ad
3532 5330 3587 5382 te
3609 5326 3636 5380 ‘2
3659 5328 3727 5383 Et
3764 5344 4000 5400 respon-

2344 5412 2487 5468 dens
2516 5429 2634 5479 rex,
2671 5414 2825 5467 dicet
2856 5411 2993 5467 illis.
3030 5434 3056 5461 »
3086 5416 3207 5467 Hoc
3234 5412 3407 5483 juxta
3436 5415 3861 5486 praescientiam
3897 5417 4000 5473 Dei

2342 5501 2772 5573 accipiendum,
2804 5501 2957 5571 apud
2991 5516 3167 5572 quem
3197 5501 3396 5557 futura
3417 5503 3543 5573 jam
3576 5504 3727 5561 facta
3755 5510 3926 5562 sunt.

2413 5610 2599 5679 (Vere.
2634 5608 2721 5675 40,
2783 5608 2951 5677 41.)‹‹
3004 5614 3188 5663 Amen
3250 5608 3378 5665 dico
3437 5610 3639 5667 vobis:
3696 5612 3982 5683 quamdiu

2343 5699 2446 5769 [Αἱ.
2480 5696 2737 5769 quando]
2772 5696 2986 5752 fecistis
3020 5696 3117 5751 uni
3145 5697 3218 5752 de
3250 5697 3343 5753 his
3388 5699 3669 5757 fratribus
3701 5701 3848 5757 meis
3882 5704 3993 5758 mi-

2340 5784 2692 5857 nimis,mihi
2711 5784 3124 5844 fecistis.Tunc
3147 5787 3302 5845 dicet
3318 5791 3378 5845 et
3407 5787 3500 5847 his
3531 5789 3634 5863 qui
3662 5806 3696 5849 a
3725 5790 3989 5854 sinistris
