4304 6648
336 490 452 552 19⁸7

331 625 507 683 erunt
535 639 547 679 :
577 620 859 681 Ciscedite
890 636 924 677 a
951 635 1068 688 me,
1126 619 1443 688 maledicti,
1476 622 1535 683 in
1570 621 1767 695 ignem
1818 626 1981 676 aeter-
2011 624 2064 691 Α
2092 619 2141 691 (Ι
2168 620 2290 677 Cor.
2322 640 2375 679 ν.
2423 626 2477 691 7,
2540 627 2618 695 8).
2680 628 2859 680 Porro
2904 627 3061 698 quod
3122 625 3203 682 ait

330 728 497 779 num,
530 711 630 784 qui
660 714 903 783 paratus
931 712 1020 767 est
1050 708 1282 766 diabolo
1313 713 1371 766 et
1400 710 1628 784 angelis
1657 711 1806 782 ejus.
1840 711 1983 765 Esu-

329 800 439 857 rivi
464 800 642 868 enim,
675 804 733 856 et
761 815 877 857 non
908 789 1154 854 dedistis
1185 798 1332 854 mihi
1386 801 1764 857 manducare.
1798 798 1985 867 Sitivi,

332 893 392 946 et
420 905 533 946 non
565 888 810 946 dedistis
842 886 986 945 mibi
1021 891 1246 960 potum.
1308 888 1531 961 Hospes
1561 905 1742 957 eram,
1775 893 1832 945 et
1873 904 1987 944 non

335 977 653 1051 collegistis
683 994 797 1035 me.
826 977 1051 1048 Nudus,
1084 981 1143 1034 et
1180 994 1297 1034 non
1327 978 1642 1051 operuistis
1672 995 1786 1034 me.
1818 978 1988 1034 infir-

336 1084 470 1124 mus
501 1071 559 1124 et
586 1067 645 1123 in
677 1083 906 1124 carcere
934 1083 1117 1132 eram,
1140 1070 1197 1123 et
1219 1084 1335 1122 non
1366 1066 1649 1124 visitastis
1679 1083 1791 1122 me.
1825 1067 1988 1122 Tunc

333 1155 774 1228 respondebunt
804 1155 855 1213 ei
886 1159 943 1214 et
997 1154 1109 1227 ipsi
1171 1156 1431 1212 dicentes
1466 1173 1479 1212 :
1516 1156 1673 1213 210
1724 1155 1985 1223 Domine,

331 1246 572 1318 quando
596 1249 653 1302 te
680 1244 939 1301 vidimus
968 1244 1344 1312 esurientem,
1377 1249 1479 1301 aut
1526 1245 1848 1312 sitientem,
1888 1248 1991 1300 aut

332 1334 629 1408 hospitem
661 1337 763 1390 aut
789 1334 1148 1402 nudum,aut
1173 1334 1612 1400 infirmum,aut
1643 1333 1702 1389 in
1736 1348 1986 1401 carcere,

330 1429 389 1483 et
415 1440 533 1480 non
564 1423 1037 1480 ministravimus
1056 1422 1161 1478 tibi
1181 1423 1402 1478 ‘ItTunc
1438 1422 1813 1495 respondebit
1846 1422 1986 1492 illis,

328 1514 757 1569 dicenszAmen
778 1512 908 1569 dico
926 1511 1384 1583 vobis,quandiu
1408 1528 1524 1568 non
1547 1511 1769 1567 fecistis
1793 1511 1892 1566 uni
1918 1511 1989 1566 de

327 1603 657 1659 minoribus
676 1601 791 1671 his,
815 1618 922 1658 nec
952 1601 1096 1657 mihi
1119 1600 1361 1657 fecistis.
1388 1624 1410 1651 ι»
1436 1600 1643 1657 Libera
1667 1600 1835 1656 nobis
1863 1604 1989 1656 erat

327 1692 733 1767 intelligentia,
764 1692 918 1764 quod
951 1690 1009 1745 in
1041 1692 1202 1747 omni
1251 1707 1507 1763 paupere
1545 1690 1818 1747 Christus
1850 1705 1986 1745 esu-

331 1783 487 1839 riens
530 1785 888 1854 pasceretur,
916 1779 1119 1836 sitiens
1157 1784 1475 1851 poteretur,
1503 1779 1716 1853 hospes
1751 1779 1989 1834 induce-

329 1876 491 1931 retur
510 1870 827 1938 intectum,
851 1869 1047 1927 nudus
1067 1868 1401 1939 vestiretur,
1425 1868 1699 1925 inﬁrmus
1725 1868 1987 1924 visitare-

814 485 1333 550 COMMENTAR.
1380 488 1462 549 IN
1505 486 2024 551 EVANGELIUM
2070 487 2453 553 MATTHIEI
2499 492 2650 554 LIB.
2693 493 2799 555 IV.
2846 492 3018 554 CAP.
3064 493 3276 558 XXVI.

3630 500 3746 561 198

3259 643 3272 680 :
3335 630 3460 684 Post
3516 631 3742 688 biduum

2097 711 2308 766 Pascha
2336 713 2450 783 ﬁet,
2481 713 2737 785 simplici
2771 713 3155 786 intelligentia
3213 718 3628 787 pratermissa,
3684 720 3744 776 id

2098 800 2252 871 quod
2284 804 2577 856 sacratum
2611 802 2718 873 [AL
2752 805 3207 875 sacramentum]
3238 809 3745 878 est,requiramus.

2092 888 2234 944 Post
2263 890 2411 946 duos
2445 891 2568 947 dies
2599 890 2911 947 clarissimi
2954 890 3219 957 luminis,
3251 894 3479 952 Veteris
3509 912 3575 951 ac
3606 897 3746 953 Novi

2096 978 2474 1047 Testamenti,
2509 996 2709 1036 verum
2742 998 2846 1052 pro
2893 982 3114 1037 mundo
3144 983 3366 1038 Pascha
3396 985 3745 1042 celebratur.

2098 1068 2339 1136 Pascha,
2372 1069 2525 1139 quod
2559 1068 2837 1124 Hebraice
2876 1070 3090 1125 dicitur
3130 1088 3310 1127 pmss
3341 1074 3532 1145 (non),
3566 1092 3682 1131 non
3715 1093 3751 1132 a

2099 1158 2247 1214 211
2310 1157 2582 1227 passione
2638 1159 2660 1191 ²
2718 1162 2785 1212 ut
2841 1157 3105 1231 plerique
3159 1161 3540 1231 arbitrantur,
3581 1165 3750 1220 seda

2096 1245 2357 1301 transitu
2379 1245 2761 1301 nominantur
2784 1263 2796 1300 :
2828 1262 2894 1301 eo
2916 1248 3070 1318 quod
3098 1250 3515 1306 exterminator
3544 1252 3749 1309 videns

2099 1333 2469 1407 sanguinem,
2521 1334 2580 1388 in
2635 1333 2858 1407 foribus
2890 1335 3289 1393 Israelitarum
3322 1341 3745 1411 pertransierit,

2100 1441 2205 1480 nec
2236 1423 2588 1495 percusserit
2615 1440 2713 1479 eos
2743 1424 2943 1493 (Exod.
2979 1442 3078 1493 x11,
3111 1428 3224 1498 23).
3271 1428 3365 1484 Vel
3399 1429 3524 1499 ipse
3559 1432 3750 1486 Domi-

2101 1530 2212 1569 nus
2242 1513 2506 1584 prcebens
2540 1511 2821 1567 auxilium
2857 1513 3070 1584 populo
3103 1531 3209 1570 suo
3257 1516 3512 1589 desuper
3543 1520 3751 1576 ambu-
3838 1537 3857 1544 ·

2095 1601 2319 1658 laverit.
2357 1602 2504 1673 Lege
2533 1601 2712 1656 Exodi
2746 1600 2959 1656 librum
2985 1602 3083 1671 (x1,
3116 1606 3182 1657 12
3209 1606 3365 1675 scq.),
3392 1606 3462 1661 de
3493 1623 3606 1678 quo
3630 1607 3751 1680 ple;

2098 1691 2253 1757 nius,
2287 1690 2386 1759 si,3
2415 1691 2534 1746 vita
2561 1706 2758 1745 comes
2778 1690 2974 1755 fuerit,
3006 1690 3463 1763 disputabimus.
3501 1697 3750 1752 Tansitus

2097 1785 2294 1836 autem
2325 1784 2542 1846 noster,
2596 1780 2650 1833 id
2702 1784 2793 1835 est
2824 1796 3022 1848 suasa,
3056 1780 3137 1836 ita
3166 1781 3515 1852 celebratur,
3550 1785 3598 1839 si
3632 1790 3751 1842 ter-

2099 1886 2240 1926 rena
2267 1874 2324 1924 et
2352 1869 2662 1941 [Egyptum
2716 1866 3099 1937 dimittentes,
3158 1870 3230 1925 ad
3290 1874 3549 1929 coelestia
3589 1874 3751 1931 festi-

332 1966 449 2029 tur,
477 1959 716 2017 clausus
747 1975 976 2016 carcere
992 1957 1236 2014 haberet
1269 1957 1547 2015 solatium
1579 1956 1987 2029 colloquentis.
2021 2000 2068 2066 B
2100 1975 2334 2015 nemus.

336 2051 448 2111 Sed
478 2066 548 2108 ex
576 2049 686 2105 hoc
719 2049 875 2121 quod
897 2048 1166 2120 sequitur
1196 2065 1208 2104 :
1245 2048 1513 2121 Quandiu
1559 2049 1765 2119 fecistis
1796 2048 1900 2101 uni
1928 2046 1992 2101 de

337 2140 423 2197 his
454 2138 721 2211 fratribus
748 2140 885 2194 meis
938 2139 1213 2205 minimis,
1243 2138 1386 2193 mihi
1433 2138 1659 2209 fecistis,
1693 2153 1809 2192 non
1844 2135 1990 2191 mihi

337 2228 570 2283 videtur
622 2226 839 2283 dixisse
894 2224 1242 2298 generaliter
1272 2225 1346 2281 de
1373 2224 1751 2297 pauperibus,
1785 2223 1886 2279 sed
1920 2223 1990 2278 de

347 2317 444 2373 bis
474 2316 577 2389 qui
605 2331 890 2389 pauperes
945 2314 1156 2387 spiritu
1219 2319 1378 2384 sunt,
1439 2314 1510 2369 ad
1543 2330 1689 2385 quos
1742 2306 1991 2369 tendens

350 2422 615 2471 manum,
648 2405 872 2463 dixerat
901 2430 916 2462 :
947 2405 1172 2461 Fratres
1198 2405 1311 2460 mei
1336 2408 1391 2460 et
1409 2412 1583 2460 mater
1602 2419 1720 2459 mea
1753 2403 1813 2457 hi
1840 2409 1988 2470 sunt,

342 2499 445 2569 .qui
471 2497 684 2567 faciunt
711 2496 1043 2552 voluntatem
1064 2496 1254 2552 Patris
1276 2496 1388 2551 mei
1409 2495 1606 2566 (Marc.
1644 2512 1728 2565 III,
1760 2494 1849 2560 34,
1880 2493 1988 2559 35;

342 2588 474 2647 Luc.
509 2602 633 2654 vm,
665 2586 725 2641 2i
740 2586 778 2658 ).
1418 2592 1423 2593 '

415 2720 597 2793 (Vers.
658 2719 771 2792 46.)
818 2742 839 2769 α
874 2720 940 2774 Et
971 2719 1142 2775 ibunt
1194 2718 1252 2774 bi
1313 2718 1372 2774 in
1420 2716 1791 2791 supplicium
1828 2722 1993 2772 teter-

345 2808 509 2881 num,
532 2810 684 2881 justi
746 2812 944 2865 autem
1000 2807 1060 2864 in
1088 2810 1271 2864 vitam
1313 2811 1611 2864 mternam.
1650 2828 1677 2855 ››
1712 2806 1992 2874 Prudens,

344 2899 544 2966 lector,
576 2899 811 2956 attende
840 2898 994 2970 quod
1052 2902 1108 2953 et
1135 2896 1423 2970 supplicia
1455 2900 1670 2952 aeterna
1717 2896 1837 2952 sint
1869 2898 1909 2963 ¹,
1942 2900 1999 2951 et
2033 2961 2035 2964 ,

344 2989 465 3044 vita
493 2992 773 3062 perpetua
814 2992 1039 3057 metum
1071 2986 1346 3060 deinceps
1404 3003 1520 3043 non
1553 2986 1764 3043 habeat
1792 2986 2000 3041 ruina-

349 3093 505 3134 rum.

421 3211 580 3285 (Cap.
629 3211 814 3268 XXVI.
848 3243 916 3254 -—
944 3210 1108 3267 Vere.
1144 3212 1169 3264 1
1230 3211 1382 3283 seq.)
1436 3232 1465 3260 «
1526 3210 1597 3266 Et
1637 3209 1854 3266 factum
1890 3212 2000 3278 est,

351 3318 488 3359 cum
544 3303 1018 3358 consummasset
1073 3299 1249 3356 Jesus
1305 3314 1605 3355 sermones
1634 3298 1741 3355 hos
1771 3314 1996 3367 omnes,

348 3392 498 3448 dixit
518 3388 826 3463 discipulis
846 3388 1170 3445 suis:Scitis
1190 3389 1331 3459 quia
1351 3392 1482 3461 post
1504 3388 1752 3444 biduum
1776 3388 2001 3444 Pascha
2030 3368 2073 3435 (ἶ

352 3480 455 3537 ﬁet
490 3498 502 3536 :
538 3484 595 3535 et
628 3478 809 3535 Filius
838 3477 1099 3550 hominis
1128 3477 1413 3548 tradetur,
1450 3482 1517 3533 ut
1544 3478 1935 3550 crucifigatur.
1970 3500 1999 3528 »

344 3570 714 3626 Erubescant
744 3566 845 3639 qui
877 3570 1089 3639 putant
1116 3567 1471 3622 Salvatorem
1524 3566 1795 3622 timuisse
1842 3583 2001 3622 mor-

348 3664 494 3729 tem,
525 3662 582 3715 et
602 3656 896 3731 passionis
926 3672 1136 3729 pavore
1156 3654 1373 3711 dixisse
1408 3672 1421 3713 :
1456 3656 1639 3724 Pater,
1680 3657 1732 3711 si
1758 3655 1881 3725 ﬁeri
1908 3672 2002 3727 po-

346 3756 474 3816 test,
505 3751 753 3804 transeat
810 3764 845 3802 a
894 3762 982 3802 me
1039 3744 1197 3801 calix
1226 3746 1331 3800 iste
1364 3746 1519 3815 (Luc.
1554 3762 1690 3814 xxu,
1724 3745 1837 3817 42).
1873 3745 2007 3801 Post

358 3837 609 3894 biduum
641 3835 866 3893 Pascha
893 3835 1178 3906 facturus,
1210 3833 1563 3890 tradendum
1594 3850 1657 3890 se
1685 3838 1751 3890 ut
1774 3834 2003 3890 cruciﬁ-

254 3954 259 3957 -
358 3930 532 4002 gatur
586 3925 768 3993 novit,
827 3928 886 3981 et
927 3928 1127 3980 tamen
1160 3940 1275 3979 non
1306 3922 1562 3979 declinat
1589 3924 1857 3992 insidias,
1889 3940 2005 3980 non

360 4016 601 4073 territus
627 4013 782 4088 fugit
814 4032 828 4069 :
861 4014 1155 4069 intentum
1188 4016 1254 4068 ut
1280 4012 1479 4081 etiam,
1538 4013 1763 4070 caeteris
1795 4013 1876 4069 ire
1906 4029 2009 4068 no-

360 4107 638 4176 lentibus,
670 4107 868 4177 pergat
900 4101 1252 4174 intrepidus,
1272 4102 1509 4174 quando
1537 4101 1679 4157 dicit
1705 4102 1963 4159 Thomas
1991 4120 2005 4158 :

361 4198 566 4253 Eamus
594 4202 645 4251 et
697 4209 817 4259 nos,
847 4195 902 4248 et
932 4194 1244 4248 moriamur
1288 4208 1413 4247 cum
1448 4207 1511 4247 eo
1558 4190 1753 4262 (Joan.
1786 4209 1866 4258 χι,
1900 4193 2007 4256 16).

362 4287 434 4342 Et
487 4285 662 4340 finem
718 4267 935 4338 carnali
968 4280 1271 4337 festivitati
1298 4279 1500 4337 volens
1528 4280 1847 4353 imponere,
1880 4298 2009 4338 um-

362 4375 586 4447 braque
612 4368 1210 4443 trauseunte,paschze
1237 4370 1477 4426 reddere
1501 4369 1828 4442 veritatem,
1852 4371 2012 4427 dixe-

364 4464 441 4520 rit
470 4481 483 4519 :
516 4462 793 4520 Desiderio
824 4459 1139 4517 desideravi
1168 4458 1265 4516 hoc
1312 4460 1525 4531 pascha
1555 4463 1889 4517 manducare
1916 4476 2012 4517 vo-

366 4555 572 4610 biscum
635 4554 932 4622 antequam
987 4551 1173 4621 patiar
1218 4549 1368 4619 (Luc.
1424 4565 1562 4616 xxn,
1624 4549 1731 4621 15).
1790 4549 2012 4605 Etenim

366 4641 591 4699 Pascha
618 4643 889 4696 nostrum
921 4636 1260 4695 immolatus
1297 4642 1387 4695 est
1413 4636 1703 4710 Christus,
1737 4638 1786 4694 si
1818 4643 2013 4695 tamen

2172 2048 2357 2120 (Vers.
2390 2048 2423 2101 3
2452 2054 2642 2120 seqq.)
2669 2069 2697 2097 ‹‹
2729 2048 2891 2102 Tunc
2922 2050 3253 2121 congregati
3287 2056 3425 2107 sunt
3454 2053 3749 2126 principes

2100 2137 2491 2206 sacerdotum,
2525 2140 2581 2191 et
2609 2137 2866 2192 seniores
2897 2138 3097 2208 populi
3128 2138 3186 2192 in
3220 2139 3434 2196 atrium
3465 2143 3749 2215 principis

2100 2226 2489 2283 sacerdotum.
2546 2225 2647 2296 qui
2704 2225 3009 2281 dicebatur
3037 2226 3310 2299 Caiphae,
3352 2234 3408 2285 et
3437 2232 3750 2288 consilium

2098 2316 2383 2383 fecerunt,
2415 2318 2481 2370 ut
2517 2313 2718 2371 .lesum
2748 2313 2880 2371 dolo
2935 2320 3221 2384 tenerent,
3248 2322 3338 2393 et
3364 2316 3746 2380 occiderent.

2101 2405 2381 2462 Dicebant
2406 2408 2598 2459 autem
2625 2420 2637 2458 :
2661 2404 2786 2459 Non
2804 2405 2863 2459 in
2887 2404 2979 2459 die
3006 2405 3251 2474 festo,ne
3277 2407 3427 2465 forte
3459 2411 3756 2471 tumultus

2102 2497 2265 2551 fieret
2292 2494 2349 2549 in
2383 2492 2615 2565 populo.
2653 2515 2681 2542 »
2713 2494 2819 2559 Qui
2852 2494 3179 2551 debuerant
3238 2496 3518 2555 Paschate
3568 2502 3759 2560 vicino

2103 2600 2428 2657 praeparare
2448 2583 2738 2649 victimas,
2762 2580 3019 2655 levigare
3050 2585 3262 2658 templi
3294 2587 3568 2659 parietes,
3598 2593 3763 2664 pavi-

2103 2678 2303 2730 menta
2330 2689 2577 2737 verrere,
2611 2688 2749 2727 vasa
2779 2673 3085 2738 mundare,
3127 2679 3184 2730 et
3216 2677 3541 2733 secundum
3577 2681 3756 2737 ritum

2107 2764 2249 2836 legis
2281 2761 2599 2834 puriﬁcari,
2632 2766 2698 2816 ut
2726 2777 2829 2816 esu
2887 2762 3021 2833 agni
3053 2763 3215 2835 digni
3256 2766 3481 2832 fierent,
3513 2785 3761 2843 congre-

2105 2857 2319 2926 gantur
2346 2850 2617 2906 ineuntes
2647 2849 2981 2918 consilium,
3014 2854 3304 2923 quomodo
3345 2857 3614 2913 occidant
3641 2859 3755 2915 Do-

2108 2942 2360 3012 minum,
2394 2957 2509 2995 non
2541 2939 2818 2995 timentes
2850 2940 3218 3010 seditionem,
3250 2947 3316 2998 ut
3353 2944 3602 3017 simplex
3633 2949 3766 3002 ser—'

2110 3048 2203 3087 mo
2235 3031 2637 3095 demonstrat;
2671 3027 2772 3084 sed
2802 3033 3070 3085 caventes
3102 3047 3174 3086 ne
3200 3031 3416 3088 auxilio
3448 3034 3646 3107 populi
3687 3036 3759 3093 de

2110 3120 2235 3176 suis
2265 3118 2539 3174 manibus
2568 3117 2890 3173 tolleretur.

2181 3209 2363 3281 (Vcrs.
2395 3208 2476 3280 6.)
2506 3230 2534 3257 ‹‹
2572 3206 2718 3263 Cum
2748 3211 2943 3264 autem
2972 3208 3146 3265 Jesus
3175 3216 3330 3267 esset
3362 3211 3422 3267 in
3453 3212 3757 3287 Bethania,

2111 3299 2167 3354 in
2202 3299 2377 3353 domo
2432 3296 2687 3353 Simonis
2742 3296 2978 3369 leprosi.
3032 3319 3061 3348 »
3093 3299 3381 3356 Passurus
3439 3319 3539 3374 pro
3597 3306 3757 3360 omni

2112 3386 2353 3452 mundo,
2379 3389 2437 3440 et
2464 3385 2767 3440 universas
2794 3385 3058 3441 nationes
3081 3404 3188 3444 suo
3214 3390 3499 3461 sanguine
3530 3394 3758 3449 redem-

2114 3479 2342 3547 pturus,
2378 3477 2644 3529 moratur
2671 3473 2729 3529 in
2760 3472 3060 3541 Bethania,
3091 3476 3246 3533 domo
3276 3440 3758 3552 ogedienticrgum
3798 3440 3951 3510 /

2111 3564 2408 3636 quondam
2442 3562 2553 3617 fuit
2581 3562 2833 3618 Simonis
2861 3562 3093 3635 leprosi.
3144 3565 3271 3621 Non
3301 3568 3457 3638 quod
3491 3567 3760 3640 leprosus

2113 3658 2170 3709 et
2200 3652 2301 3707 illo
2332 3656 2593 3723 tempore
2621 3656 3011 3723 permaneret,
3045 3654 3143 3709 sed
3202 3657 3303 3726 qui
3345 3660 3517 3712 antea
3573 3657 3762 3730 lepro-

2115 3760 2237 3812 sus,
2298 3745 2502 3814 postea
2558 3758 2593 3796 a
2648 3739 2943 3797 Salvatore
3000 3744 3320 3801 mundatus
3371 3751 3483 3813 est,
3524 3748 3763 3805 nomine

2115 3831 2361 3904 pristino
2405 3835 2802 3903 permanente,
2850 3836 2915 3887 ut
2943 3833 3127 3889 virtus
3159 3835 3419 3891 curantis
3463 3842 3761 3909 appareat.

2082 3921 2259 3979 ‘Nam
2290 3920 2349 3974 in
2390 3919 2654 3991 catalogo
2706 3920 3100 3992 apostolorum
3147 3939 3281 3979 cum
3332 3924 3579 3997 pristino
3626 3927 3765 3985 vitio

2116 4015 2174 4067 et
2205 4009 2419 4093 officio,
2450 4009 2759 4064 Mattbzeus
2810 4009 3160 4080 publicanus
3191 4012 3519 4085 appellatur
3548 4016 3765 4085 (Matth.

2118 4118 2174 4165 x,
2207 4099 2280 4169 3),
2315 4098 2413 4169 qui
2455 4101 2608 4152 certe
2639 4096 2988 4169 publicanus
3018 4116 3149 4156 esse
3196 4101 3465 4158 desierat.
3515 4106 3764 4169 Quidam

2119 4187 2373 4245 Simonis
2403 4184 2615 4257 leprosi
2646 4186 2911 4253 domum,
2943 4202 3069 4243 eam
3100 4188 3304 4244 volunt
3332 4191 3580 4264 intelligi
3613 4195 3773 4251 212-

2120 4282 2345 4351 partem
2394 4274 2615 4348 populi,
2674 4292 2799 4347 quae
2848 4275 3160 4332 crediderit
3190 4277 3457 4348 Domino,
3492 4282 3649 4337 etab
3700 4298 3767 4338 eo

2122 4371 2322 4423 curata
2368 4366 2463 4421 sit.
2512 4366 2716 4442 Simon
2764 4381 2996 4437 quoque
3043 4365 3169 4437 ipse
3220 4367 3500 4423 obediens
3531 4368 3767 4441 dicitur,

2124 4458 2223 4531 qui
2247 4457 2417 4527 juxta
2437 4454 2613 4511 aliam
2646 4454 3090 4527 intelligentiam
3113 4456 3369 4512 mundus
3400 4457 3770 4531 interpretari

2124 4550 2339 4619 potest,
2364 4544 2424 4599 in
2455 4546 2624 4616 cujus
2655 4545 2826 4601 domo
2857 4549 3057 4600 curata
3088 4550 3175 4601 est
3204 4544 3482 4607 Ecclesia.

2195 4635 2380 4705 (Vers.
2429 4634 2510 4706 7.)
2543 4658 2570 4683 ‹‹
2603 4634 2860 4690 Accessit
2891 4635 2961 4689 ad
2991 4650 3124 4689 eum
3158 4635 3371 4693 mulier
3400 4635 3628 4694 habens
3659 4636 3777 4695 ala-

368 4730 747 4788 comedamus
772 4727 918 4784 illud
951 4728 1012 4783 in
1042 4727 1262 4801 azymis
1293 4725 1648 4784 sinceritatis
1672 4730 1732 4783 et
1757 4727 2018 4786 veritatis
2048 4740 2094 4806 D
2132 4726 2399 4781 bastrum
2431 4723 2716 4795 unguenti
2768 4723 3032 4796 pretiosi,
3066 4727 3122 4780 et
3167 4725 3369 4782 effudit
3398 4743 3575 4800 super
3604 4732 3782 4802 caput

446 4856 463 4890 ι
497 4852 1051 4927 ΩιιὶλΗὶθιιοηγωιιω
1082 4851 1431 4927 cavillantur
1461 4855 1817 4927 e_po_stremo
1848 4850 2026 4909 Com-
2134 4864 2307 4919 nymo
2335 4849 2601 4927 sentiens
2617 4863 2641 4927 -:
2677 4870 2706 4896 ‹‹
2727 4847 2876 4927 ‘Hoc_
2902 4849 3378 4927 Pasc_ha,_iizquit,
3411 4855 3783 4927 magnumst

374 4924 795 4997 mentariorum
827 4919 885 4980 in
920 4925 1131 4981 Isaiam
1161 4924 1391 4997 capite,
1412 4929 1469 4980 et
1491 4919 1730 4997 Dialogo
1764 4926 1787 4979 1
1824 4929 2025 4981 contra
2131 4920 2531 4997 venerandum
2561 4919 2787 4997 Phaska
2826 4920 2898 4975 ab
2954 4919 3224 4997 Hebraeis
3233 4919 3405 4994 juxta
3435 4919 3778 4997 eorumlin-

373 4996 739 5079 Pelagianos,
792 5014 962 5079 num.
1019 4997 1112 5079 ἓξ,
1166 4994 1467 5079 suppetias
1507 4994 1743 5079 ‘tulis'se
1798 5012 2023 5079 vesanae

374 5067 577 5129 eorum
609 5068 1063 5141 opinationi,qui
1086 5067 1404 5124 terminum
1427 5067 1704 5141 habitura
1736 5067 2024 5141 malorum

375 5138 668 5215 supplicia
697 5138 1017 5215 crederent,
1046 5144 1370 5215 agnoscant
1399 5138 1606 5215 saltem
1637 5156 1706 5215 ex
1734 5138 1844 5195 hoc
1876 5139 2024 5215 loco,

374 5210 551 5288 quem
608 5213 734 5285 ipse
764 5213 836 5288 de
862 5210 1166 5288 industria
1215 5210 1415 5267 lectori
1444 5210 1707 5288 _in_geri_t,
1767 5210 2026 5288 sensisse

374 5282 658 5361 perquam
691 5283 994 5351 catholico,
1027 5283 1168 5355 quod
1196 5292 1250 5341 et
1294 5282 1570 5355 supplicia
1595 5286 1809 5339 aeterna
1834 5284 1947 5338 sint
1975 5291 2027 5340 et

370 5362 430 5414 vi
548 5373 578 5413 ε
646 5362 796 5413 ctua.

430 5365 725 5508 tflgomm‘
745 5426 1099 5508 sententiam
1122 5425 1486 5508 luculentius
1515 5424 2024 5508 expo'nit‘lflazian-

358 5518 576 5567 aeuus,
609 5504 762 5557 orat.
789 5501 825 5553 2
854 5500 913 5554 in
972 5503 1245 5555 sanctum
1280 5498 1502 5555 Pascha
1533 5495 1602 5553 ei
1655 5495 1811 5552 Billii
1848 5497 2027 5553 inter-

374 5573 703 5649 pretatione
735 5588 749 5626 :
791 5592 818 5623 (ι
847 5570 1118 5649 Quidam,
1150 5571 1354 5649 inquit,
1389 5568 1701 5649 salutiferae
1736 5568 2027 5649 passionis

376 5640 590 5703 nomen
623 5645 733 5700 hoc
763 5640 1237 5714 essegarbitratif
1271 5659 1336 5698 ac
1385 5641 1614 5714 deinde,
1677 5640 1779 5714 per
1834 5640 2032 5714 littera

384 5723 431 5772 Φ
458 5719 517 5773 in
548 5719 615 5781 II,
649 5720 705 5773 et
734 5718 775 5767 K
807 5714 868 5769 in
897 5712 943 5768 X
967 5713 1374 5780 mutationem,
1412 5713 1562 5769 hanc
1590 5712 1790 5769 vocem
1818 5713 1887 5768 ad
1920 5712 2030 5768 lin-

382 5806 561 5865 guam
592 5788 858 5865 Graecum
883 5786 1419 5865 accommodantes,
1443 5785 1601 5865 hunc
1623 5783 1779 5841 diem
1809 5784 2034 5865 Pascha

360 5855 789 5927 nominarunt.
819 5880 849 5913 »
883 5855 1230 5917 Rectissime
1267 5862 1464 5917 autem
1510 5857 1639 5932 ipse
1666 5871 1802 5917 cum
1830 5857 2033 5917 Hiero-

2133 5009 2307 5065 guam
2359 4991 2714 5065 nominatur,
2746 5008 2874 5062 quae
2904 5008 3011 5047 vox
3045 4991 3341 5049 transitum
3372 5000 3560 5065 sonat,
3593 4995 3783 5049 histo-

2134 5063 2254 5120 rica
2284 5064 2519 5137 quidem
2546 5063 2776 5137 ratione
2794 5068 3029 5137 prOpter
3050 5065 3448 5121 Israelitarum
3480 5063 3553 5120 ea
3577 5065 3783 5137 IEgyp-

2136 5142 2194 5192 to
2227 5137 2287 5191 in
2309 5135 2627 5191 Chanaaam
2659 5135 2953 5207 regionem
2988 5135 3188 5210 fugam
3210 5142 3266 5193 et
3296 5135 3726 5210 migrationem,
3754 5156 3782 5183 ››

2137 5212 2245 5263 etc.

2206 5279 2228 5313 ³
2258 5278 2473 5346 Induit,
2506 5278 2734 5351 opinor,
2793 5279 3147 5350 quaestiones
3205 5278 3515 5335 Hebraicas
3548 5277 3606 5330 in
3656 5275 3783 5351 uni-

2134 5366 2361 5425 versam
2396 5347 2783 5425 Scripturam,
2809 5347 2990 5425 cujus
3037 5351 3240 5425 Operis
3272 5365 3609 5425 quanquam
3647 5347 3783 5425 solae

2137 5423 2496 5495 iniGenesim
2523 5416 2969 5495 superentdiéia
2998 5416 3194 5479 tamen
3227 5416 3694 5490 et'subtegmina
3723 5416 3783 5475 in

2138 5494 2396 5565 reliquos
2428 5494 2739 5566 Scriptura:
2772 5494 2952 5550 libros
3006 5496 3328 5566 paraverat.
3361 5507 3488 5566 quas
3520 5494 3624 5546 aut
3654 5507 3786 5566 mu-

2137 5562 2539 5639 tato—consilio
2557 5562 2888 5639 repudiavit
2918 5562 3246 5639 po_stea,aut
3266 5562 3419 5639 intra
3435 5563 3789 5639 domesticos

2181 5635 3127 5712 arietes_perirepermisit—Nulla
3176 5637 3330 5689 certe
3377 5635 3437 5689 in
3492 5635 3667 5712 Exodi
3718 5635 3790 5691 li-

2138 5656 2391 5765 garietes
2422 5656 2611 5710 perire
2642 5656 2922 5712 permisn.
2956 5656 3127 5691 nuuu
3176 5656 3330 5689 certe
3378 5656 3437 5689 ιη
3492 5656 3667 5692 nxoni
3721 5656 3790 5691 ιι-

2183 5726 2312 5765 rum
2355 5709 2707 5783 Hieronymi
2756 5707 3115 5767 elucubratio
3170 5712 3460 5781 superest,
3520 5711 3625 5766 aut
3679 5724 3790 5766 un-

2140 5798 2319 5856 quam
2350 5781 2625 5842 innotuit.

3832 4412 3931 4445 ..κλμ

3952 4380 4005 4401 ,κ
