4304 6586
572 461 684 521 199

1804 451 1869 512 S.
1914 449 2229 514 EUSEBlI
2274 449 2719 515 HIERONYMI

3849 449 3979 511 200

566 591 754 663 ipsius
786 585 1203 644 recumbentis.
1238 605 1266 633 ››
1297 582 1476 638 Nemo
1535 586 1698 654 putet
1753 584 2022 639 eamdem
2082 600 2208 638 esse
2237 589 2290 652 Α
2320 584 2632 657 Apostolus
2665 584 2746 639 ait
2774 601 2797 641 ε,
2824 586 2896 637 Et
2924 584 2973 636 si
3003 597 3326 637 noveramus
3363 584 3546 638 Iesum
3579 580 3855 637 Christum
3886 598 3974 638 se—

569 698 694 753 que
727 695 904 750 super
933 679 1107 746 caput
1140 672 1343 727 effudit
1400 676 1764 743 unguentum
1798 674 1837 741 ί,
1872 676 1927 726 et
1959 689 2085 744 quae
2117 690 2216 726 su-

568 787 670 843 per
704 767 880 841 pedes
909 766 1040 819 Luc.
1100 780 1196 825 v11,
1236 762 1451 833 37-116).
1488 760 1590 830 illa
1644 761 1800 815 enim
1834 767 1887 815 et
1944 760 2216 829 lacrymis

567 859 742 923 lavat,
775 860 832 910 et
862 853 1017 908 crine
1046 850 1238 923 tergit,
1271 854 1326 904 et
1356 848 1665 904 manifeste
1721 849 1994 904 meretrix
2019 849 2216 920 appel-

2323 674 2562 729 cundum
2590 689 2833 738 carnem,
2867 672 2957 725 sed
3013 687 3159 725 nunc
3202 673 3324 742 jam
3380 689 3490 726 non
3543 671 3794 728 novimus
3844 687 3973 727 eum

2326 762 2398 831 (11
2426 763 2545 816 Cur.
2578 779 2631 827 γ,
2671 763 2772 832 16).

2395 849 2580 921 (Vers.
2618 851 2728 922 12.)
2762 872 2787 897 ‹‹
2825 849 3059 905 Mittens
3089 848 3245 904 enim
3297 849 3418 903 haac
3465 854 3833 921 unguentum
3863 849 3976 907 hoc

566 947 740 1004 latur.
776 949 853 999 De
882 944 989 997 hac
1019 945 1214 997 autem
1246 938 1392 993 nihil
1444 937 1555 993 tale
1614 938 1898 1007 scriptum
1958 941 2067 993 est.
2101 938 2217 992 Nec
2324 937 2382 991 in
2418 955 2627 1010 corpus
2659 955 2874 1005 meum,
2899 938 2971 992 ad
3007 938 3403 1008 sepeliendum
3440 955 3530 993 me
3562 939 3718 994 fecit.
3744 961 3771 988 ››
3805 940 3971 1005 Quod

566 1036 717 1091 enim
753 1035 977 1105 poterat
1009 1028 1207 1086 statim
1239 1027 1428 1098 capite
1459 1025 1689 1081 Domini
1732 1026 2006 1082 meretrix
2038 1026 2214 1098 digna
2321 1042 2421 1081 vos
2454 1027 2673 1097 putatis
2703 1027 3091 1097 perditionem
3122 1043 3250 1081 esse
3281 1025 3854 1097 unguenti,of1icium
3876 1044 3969 1084 se-

566 1124 711 1181 ﬁeri.
736 1121 903 1176 Alius
935 1117 1289 1189 evangelista
1318 1132 1420 1187 pro
1451 1114 1741 1170 alabastro
1775 1115 2055 1186 unguenti
2089 1131 2213 1185 pre-

566 1213 700 1269 tiosi
731 1210 909 1283 (quod
940 1223 1124 1280 genus
1151 1208 1239 1260 est
1270 1203 1619 1273 marmoris),
1660 1204 1909 1257 nardum
1941 1204 2210 1275 pisticam

563 1302 762 1374 posuit
804 1300 979 1369 (Joan.
1030 1312 1126 1349 xu.
1176 1295 1251 1364 3),
1307 1293 1413 1347 hoc
1467 1295 1574 1359 est,
1629 1306 1827 1347 veram
1880 1297 1937 1347 et
1988 1293 2210 1363 absque

563 1391 694 1446 dolo
725 1392 791 1443 ut
819 1387 992 1441 ﬁdem
1024 1382 1287 1438 Ecclesiae
1320 1385 1375 1435 et
1431 1380 1695 1451 gentium
1757 1381 2207 1437 demonstraret.

632 1480 818 1550 (Vers.
850 1476 903 1542 8,
936 1474 1015 1544 9.)
1046 1494 1074 1522 ‹‹
1133 1470 1413 1524 Videutes
1443 1474 1639 1524 autem
1692 1469 1992 1541 discipuli,
2059 1469 2211 1524 indi-

2322 1113 2567 1180 pulturaa
2597 1119 2705 1169 est.
2749 1116 2863 1169 Nec
2908 1114 3123 1169 mirum
3163 1115 3214 1170 si
3263 1115 3406 1170 mihi
3454 1115 3675 1171 bonum
3728 1117 3969 1173 odorem

2322 1200 2452 1257 ﬁdei
2486 1219 2606 1259 sum
2637 1202 2877 1273 dederit,
2903 1219 3037 1257 cum
3068 1220 3173 1275 ego
3206 1220 3308 1274 pro
3340 1220 3406 1258 ea
3427 1203 3666 1260 {usurus
3697 1204 3808 1260 sim
3833 1221 3971 1261 san-

2320 1290 2557 1361 guinem
2595 1308 2812 1348 meum.

2393 1380 2824 1452 (Vers.1‘314.)
2869 1405 2895 1431 ‹‹
2956 1387 3141 1436 Amen
3199 1382 3328 1437 dico
3386 1382 3570 1452 vobis,
3630 1382 3970 1456 ubicunque

2320 1470 2697 1540 praedicatum
2732 1471 2907 1526 fuerit
2936 1470 3043 1525 hoc
3074 1470 3449 1542 Evangelium
3483 1471 3539 1526 in
3574 1476 3696 1527 toto
3722 1473 3967 1539 mundo,

561 1566 722 1640 gnati
754 1568 911 1631 sunt,
932 1562 1191 1617 dicentes
1225 1576 1238 1613 :
1274 1558 1345 1613 Ut
1371 1558 1510 1629 quid
1543 1557 1791 1629 perditio
1823 1558 1989 1612 haec?
2018 1558 2214 1612 Potuit
2321 1557 2547 1613 dicetur
2575 1565 2630 1614 et
2661 1559 2817 1631 quod
2850 1559 2967 1614 haec
3000 1558 3135 1615 fecit
3165 1560 3221 1615 in
3245 1561 3588 1616 memoriam
3619 1562 3769 1631 ejus.
3804 1562 3971 1617 Tunc

560 1657 716 1711 enim
738 1653 896 1709 istud
927 1648 1250 1707 venundari
1283 1646 1487 1712 multo,
1522 1652 1577 1701 et
1607 1647 1729 1701 dari
1764 1646 2145 1718 pauperibus.
2182 1668 2209 1696 ››

561 1744 691 1800 Scio
722 1742 1009 1814 quosdam
1042 1738 1199 1792 hunc
1231 1736 1421 1790 locum
1456 1735 1827 1803 calumniari,
1849 1752 2029 1806 quare
2061 1735 2211 1791 alius

561 1831 920 1905 evangelista
948 1827 1163 1883 Judam
1196 1824 1387 1880 solum
1438 1824 1647 1879 dixerit
1678 1825 2109 1895 contristatum,
2143 1841 2209 1880 eo

2320 1647 2465 1702 abiit
2494 1665 2645 1703 unus
2677 1649 2745 1703 de
2775 1649 3105 1713 duodecim,
3137 1649 3237 1720 qui
3267 1650 3568 1705 dicebatur
3595 1650 3782 1706 Judas
3812 1655 3971 1706 lsca-

2320 1734 2503 1803 riotis,
2539 1738 2609 1791 ad
2644 1736 2934 1809 principes
2965 1738 3354 1793 sacerdotum.
3391 1760 3418 1786 ››
3451 1739 3516 1793 1n
3564 1744 3684 1795 toto
3742 1740 3965 1795 mundo

2320 1842 2434 1880 non
2466 1829 2585 1880 tam
2620 1825 2832 1881 mulier
2860 1826 2992 1893 ista,
3052 1844 3229 1898 quam
3288 1825 3544 1883 Ecclesia
3593 1828 3967 1900 praedicatur,

563 1923 717 1994 quod
770 1918 989 1974 loculos
1020 1915 1289 1983 tenuerit,
1339 1917 1395 1969 et
1442 1914 1535 1968 fur
1582 1914 1653 1968 ab
1702 1914 1866 1969 initio
1922 1913 2112 1979 fuerit,
2154 1917 2211 1969 et
2241 1958 2288 2023 B
2320 1915 2473 1985 quod
2499 1914 3344 1987 sepelieritSalvatorcm,quod
3368 1916 3596 1972 unxerit
3616 1923 3791 1989 caput
3813 1918 3966 1988 ejus.

563 2010 870 2067 Matthaius
900 2006 1118 2063 scribat
1149 2019 1351 2059 omnes
1384 2002 1678 2074 apostolos
1717 2002 2071 2074 indignatos,
2105 2019 2205 2057 ne-

591 2101 808 2155 cientcs
838 2102 1096 2167 tropum,
1130 2093 1228 2164 qui
1262 2096 1497 2147 vocatur
1529 2088 1803 2162 σύλληψις
1830 2093 1869 2163 2,
1895 2091 1981 2145 vel
2015 2107 2204 2161 synec-

556 2190 718 2244 doche
747 2204 759 2242 :
791 2202 905 2258 quo
936 2188 992 2239 et
1021 2201 1123 2255 pro
1165 2197 1281 2236 uno
1311 2196 1536 2247 omnes,
1588 2185 1645 2234 et
1676 2196 1777 2252 pro
1813 2179 2015 2234 multis
2050 2196 2204 2234 unus

557 2276 834 2351 appellari
868 2273 1071 2347 soleat.
1120 2272 1266 2326 Nam
1324 2270 1381 2325 et
1434 2268 1652 2325 Paulus
1697 2269 1757 2323 in
1808 2268 2069 2340 Epistola
2099 2286 2207 2324 sua

559 2383 685 2439 quas
718 2364 995 2421 scribitur
1017 2361 1090 2415 ad
1122 2360 1390 2415 Hebrzees
1409 2358 1563 2430 (licet
1586 2358 1654 2412 de
1678 2374 1741 2412 ca
1775 2358 1942 2412 multi
1976 2357 2202 2412 Latino-

553 2471 686 2511 rum
712 2452 1169 2521 dubitent),cum
1195 2452 1535 2503 sanctorum
1562 2448 1904 2517 passionnes
1927 2446 2206 2501 etmerita

550 2541 976 2613 descripsisset,
1010 2537 1209 2593 intulit
1266 2555 1281 2590 :
1341 2536 1595 2607 ιαρὶάωί
1624 2540 1774 2603 sunt,
1827 2536 2025 2590 tentati
2053 2538 2200 2601 sunt,

549 2635 683 2688 secti
730 2630 839 2702 [ΑΙ.
870 2628 1090 2696 serrati]
1128 2629 1273 2692 sunt,
1335 2628 1393 2679 in
1450 2628 1719 2681 occisione
1773 2624 1948 2695 gladii
2002 2626 2205 2678 mortui

547 2728 676 2776 sunt
702 2721 885 2789 (Hebr.
918 2734 996 2785 XI,
1027 2716 1139 2786 37),
1165 2731 1297 2770 cum
1326 2732 1509 2769 unum
1544 2715 1953 2768 tantummodo
1985 2714 2197 2767 Isaiam

551 2810 895 2881 Prophetam
927 2809 1152 2861 sectum
1181 2803 1371 2858 Judaei
1422 2806 1752 2857 autument.
1788 2807 2112 2857 Possumus
2145 2806 2203 2855 et

549 2898 715 2953 aliter
745 2896 953 2962 dicere,
990 2894 1144 2965 quod
1179 2891 1428 2963 apostoli
1461 2907 1612 2957 vere,
1648 2895 1885 2962 propter
1915 2906 2202 2961 pauperes

551 2985 837 3059 indignati
869 2984 1022 3039 213
1056 2983 1175 3037 sint
1213 2998 1225 3035 :
1258 2980 1441 3035 Judas
1498 2983 1694 3034 autem
1755 2984 1989 3050 propter
2039 2977 2201 3032 lucra

2321 2006 2387 2057 Et
2417 2004 2650 2059 attende
2684 2005 2949 2060 notitiam
2982 2004 3496 2075 futurorum,quod
3531 2022 3814 2076 passurus
3836 2010 3972 2079 post

2316 2091 2562 2147 biduum
2596 2097 2652 2147 et
2701 2093 3043 2163 moriturus,
3095 2093 3243 2148 sciat
3285 2094 3663 2165 Evangelium
3694 2111 3871 2151 suum
3906 2094 3967 2150 in

2316 2184 2436 2235 toto
2468 2182 2604 2235 orbe
2636 2180 3070 2236 celebrandum.

2388 2269 2573 2341 (Vcrs.
2610 2272 2719 2341 15.)
2756 2294 2781 2319 α
2813 2272 2881 2325 Et
2911 2270 2992 2326 ait
3041 2270 3158 2326 illis
3193 2288 3207 2325 :
3240 2271 3385 2335 Quid
3419 2271 3598 2327 vultis
3626 2271 3769 2327 mihi
3801 2273 3973 2343 dare,.

2314 2362 2370 2413 et
2400 2375 2504 2430 ego
2536 2359 2696 2415 vobis
2718 2376 2850 2414 eum
2883 2359 3110 2414 tradam
3140 2382 3167 2411 ››
3188 2359 3437 2415 ?lnfelix
3463 2360 3965 2428 Judas,damnum

2314 2448 2467 2518 quod
2513 2465 2581 2503 ex
2630 2448 2910 2503 effusione
2960 2449 3243 2519 unguenti
3293 2466 3354 2504 se
3411 2448 3616 2504 fecisse
3672 2450 3969 2518 credebat,

2313 2537 2433 2593 vult
2463 2538 2727 2607 magistri
2754 2538 2936 2609 pretio
2967 2553 3367 2609 compensare.
3388 2538 3501 2593 Nec
3520 2542 3734 2594 certam
3766 2543 3967 2594 tamen

2312 2625 2569 2697 postulat
2604 2630 2994 2696 summam,ut
3020 2624 3227 2680 saltem
3259 2625 3491 2681 lucrosa
3521 2627 3815 2682 videretur
3835 2643 3963 2699 pro-

2312 2714 2453 2769 ditio
2483 2715 2525 2780 ³,
2557 2715 2656 2768 sed
2704 2715 2869 2785 quasi
2909 2713 3019 2769 vile
3068 2715 3304 2769 tradens
3353 2715 3736 2787 mancipium,
3768 2715 3827 2770 in
3860 2733 3963 2789 po-

2310 2806 2515 2857 testate
2548 2802 2869 2857 ementium
2903 2801 3099 2873 posuit
3130 2807 3413 2874 quantum
3446 2802 3661 2859 vellent
3693 2804 3848 2860 dare.

2382 2893 2534 2947 214
2567 2891 2744 2961 (νοτε.
2781 2891 2891 2961 16.)
2933 2893 3065 2945 «At
3122 2890 3203 2945 illi
3265 2892 3695 2948 constituerunt
3740 2893 3792 2949 ei
3857 2895 3966 2949 tri-

2309 2980 2472 3053 ginta
2502 2985 2806 3051 argenteos
2846 2981 2885 3033 ‘.
2938 2981 3007 3034 Et
3036 2980 3242 3035 exinde
3285 2981 3566 3052 querebat
3613 2982 3964 3053 opportuni-

514 3114 527 3127 .
552 3092 680 3131 sua.
709 3073 871 3129 Unde
902 3076 958 3126 et
987 3068 1320 3125 mussitatio
1350 3070 1477 3139 ejus
1510 3084 1642 3122 cum
1677 3068 1918 3122 crimine
1945 3068 2279 3165 ponitur;\
2310 3074 2490 3124 tatem
2524 3073 2587 3123 ut
2617 3086 2751 3123 eum
2800 3070 3073 3125 traderet.
3112 3091 3138 3117 »
3168 3069 3384 3140 Joseph
3444 3070 3465 3103 ⁵
3523 3087 3659 3141 non,
3694 3075 3757 3126 ut
3787 3070 3962 3127 multi

554 3164 707 3237 quod
742 3179 855 3219 non
887 3176 1085 3235 curam
1112 3174 1433 3230 pauperum
1468 3157 1757 3225 habuerit,
1784 3157 1881 3211 sed
1910 3172 2014 3211 suo
2049 3158 2198 3211 furto

552 3251 799 3308 valuerit
828 3248 1149 3322 providere.

2282 3161 2538 3229 ‘~putant,
2569 3158 2735 3227 juxta
2766 3157 3147 3230 Septuaginta
3188 3158 3554 3230 Interpretes,
3614 3158 3821 3232 viginti
3853 3176 3960 3215 au-

2310 3247 2422 3302 reis
2455 3246 2724 3302 venditus
2754 3251 2861 3316 est,
2908 3247 3009 3301 sed
3059 3248 3228 3317 juxta
3262 3246 3599 3303 Hebraicam
3631 3248 3963 3319 veritatem,

625 3302 1080 3411 (Versa—0,11.)
1139 3358 1166 3385 «
1216 3335 1419 3390 Sciens
1471 3338 1668 3389 autem
1728 3302 1929 3397 Jesus:
1982 3335 2061 3388 ait
2118 3334 2199 3390 illi
2232 3327 2273 3393 C
2313 3336 2515 3407 viginti
2577 3302 2902 3407 argenteis;
2938 3302 3126 3407 neqiie
3182 3336 3335 3390 enim
3398 3337 3709 3409 pretiosior
3737 3302 3966 3410 poterat

554 3431 703 3495 Quid
736 3427 965 3484 molesti
992 3426 1132 3482 estis
1156 3424 1292 3479 huic
1326 3422 1600 3478 mulieri?
1622 3423 1779 3495 Opus
1803 3422 1956 3477 enim
1983 3424 2200 3478 bonum

552 3525 790 3593 operata
810 3522 900 3574 est
940 3517 999 3571 in
1033 3531 1144 3570 me.
1179 3514 1317 3568 Nam
1346 3529 1578 3585 semper
1596 3530 1883 3584 pauperes
1913 3512 2204 3569 habebitis

547 3608 874 3673 vobiscum,
909 3622 1000 3659 me
1032 3608 1229 3659 autem
1264 3619 1378 3657 non
1413 3618 1646 3673 semper
1677 3601 2036 3656 habebitis.»
2075 3601 2205 3656 Alia

550 3696 810 3752 oboritur
840 3695 1106 3765 quaestio.
1139 3709 1319 3762 quare
1349 3691 1634 3745 Dominus
1667 3694 1797 3761 post
1827 3691 2200 3745 resurrectio-

548 3801 681 3839 nem
713 3783 925 3838 dixerit
955 3782 1026 3836 ad
1058 3779 1381 3851 discipulos
1417 3795 1429 3834 :
1466 3780 1595 3833 Ecce
1624 3794 1728 3849 ego
1776 3779 2051 3832 vobiscum
2080 3796 2203 3832 sum

552 3887 723 3943 usque
774 3870 844 3926 ad
920 3871 1439 3924 consummationem
1497 3866 1692 3921 mundi
1748 3866 1954 3937 (Matth.
2010 3884 2199 3931 xxvm,

549 3963 641 4033 20)
668 3979 682 4029 ;
714 3965 771 4016 et
801 3976 915 4015 non
946 3959 1240 4029 loquatur,
1292 3973 1379 4012 me
1438 3964 1621 4011 autem
1650 3972 1757 4009 non
1800 3971 2012 4028 semper
2038 3957 2199 4010 Imbe-

549 4050 693 4104 bitz's.
727 4049 832 4104 Sed
868 4048 1009 4103 mihi
1069 4047 1296 4103 videtur
1352 4045 1410 4100 in
1443 4045 1550 4099 hoc
1584 4044 1709 4100 loco
1762 4045 1833 4099 de
1892 4044 2201 4116 prmsentia

506 4204 512 4213 .
547 4140 739 4194 dicere
772 4135 1079 4209 corporali,
1114 4136 1268 4207 quod
1302 4149 1677 4206 nequaquam
1710 4150 1841 4187 cum
1878 4133 1963 4187 eis
1997 4133 2075 4187 ita
2111 4134 2199 4187 fu-

545 4233 717 4284 turus
747 4229 822 4283 sit
852 4232 983 4302 post
1039 4226 1548 4289 resurrectionem,
1608 4222 1901 4293 quomodo
1933 4238 2089 4275 nunc
2138 4221 2197 4275 in

542 4318 703 4374 omni
736 4318 1002 4373 convictu
1036 4320 1093 4370 ct
1122 4312 1541 4369 familiaritate.
1603 4311 1783 4380 Cujus
1843 4310 1925 4364 rei
1978 4326 2201 4364 memor

629 4425 641 4456 ¹
677 4427 1023 4493 Quanquam
1059 4420 1327 4493 Origenis
1357 4418 1425 4493 in_
1448 4415 1827 4493 huncloeum
1870 4416 2197 4493 .Commenf

560 4494 711 4549 taria
739 4510 850 4547 non
865 4487 1190 4563 superent:
1213 4491 1363 4563 hanc
1395 4490 1465 4544 de
1496 4487 1711 4558 duplici
1749 4487 1962 4563 femina
1984 4489 2198 4563 Christi

552 4564 812 4620 unctriee
843 4559 1193 4618 sententiam
1231 4560 1641 4631 Hieronymum
1673 4576 1739 4613 ex
1769 4559 2013 4631 Origene
2054 4559 2196 4613 deli-

553 4637 746 4700 basse,
772 4634 973 4688 nullus
1004 4634 1364 4687 dubitoJlaec
1386 4628 1540 4685 enim
1570 4647 1701 4685 vero
1734 4628 2040 4701 peculiaris
2067 4632 2194 4701 ejus

555 4706 750 4775 opinio
782 4706 914 4770 fuit,
947 4704 1272 4768 mulierem,
1316 4718 1441 4773 qua:
1500 4703 1674 4774 pedes
1732 4701 1933 4756 laverit
1958 4702 2195 4775 pliristi,

556 4773 990 4848 peccatricem,_
1020 4790 1146 4845 quae
1201 4791 1334 4848 vero
1376 4773 1561 4848 caput
1605 4779 1899 4845 unguento
1931 4773 2197 4848 _linierit,

555 4844 818 4901 sanctam
852 4844 1143 4901 exstitisse
1175 4862 1186 4900 :
1223 4847 1483 4917 adeoque
1514 4844 1753 4900 alteram
1796 4845 1949 4915 apud
2008 4846 2197 4902 Simo-

555 4932 688 4973 nem
749 4917 1140 4986 Pharismum,
1218 4917 1464 4972 alterum
1525 4917 1677 4986 apud
1740 4917 2035 4971 Simonem
2098 4919 2198 4973 Le-

552 5004 795 5061 prosum
856 4989 1063 5061 debere
1102 4988 1379 5061 intelligi,
1434 4988 1494 5061 In
1555 4986 1825 5061 Ilomiliis
1884 4989 1943 5041 in
2007 4990 2196 5061 Canti-

553 5058 688 5116 cum
721 5059 1100 5126 canticorum,
1158 5058 1317 5130 quasi
1360 5060 1560 5113 Latine
1604 5058 1984 5130 Hieronymus
2014 5059 2199 5130 expli-

553 5133 724 5202 cavit,
762 5131 915 5187 hom.
954 5132 1004 5186 1.
1039 5154 1067 5181 «
1100 5129 1371 5193 Observa,
1402 5132 1600 5201 inquit,
1634 5129 1944 5200 diligenter
1972 5129 2099 5200 quae
2131 5133 2201 5186 de

556 5201 787 5260 duabus
836 5218 1014 5274 super
1044 5207 1219 5274 caput
1267 5203 1480 5256 fuderit
1520 5201 1868 5274 Salvator_is._
1898 5201 2197 5272 Siquidem

552 5274 840 5347 peccatrix
872 5271 1048 5346 super
1077 5271 1584 5347 pedes,et_ea_quze
1616 5290 1727 5326 non
1761 5271 2199 5344 dicitur’pecea-

557 5345 899 5419 trix,super
927 5353 1103 5417 caput
1158 5346 1285 5419 ejus
1337 5345 1566 5419 fudisse
1620 5348 1997 5419 monstratur.
2062 5368 2089 5392 ››
2132 5347 2201 5401 Et

555 5415 811 5473 Homilia
836 5415 1093 5473 secunda
1125 5417 1234 5473 sub
1266 5415 1525 5487 initium.
1574 5438 1599 5463 ‹‹
1636 5415 1918 5487 Loquitur
1950 5417 2200 5487 Evange-

554 5487 892 5560 lium,rquia
946 5492 1102 5545 venit
1160 5486 1629 5560 mulierghabens
1678 5485 2035 5560 alabastrum
2088 5485 2198 5542 un-

556 5557 953 5632 guenti‘nardi
1009 5560 1202 5632 pistici
1255 5558 1492 5631 pretiosi
1528 5575 1560 5632 _;_
1591 5574 1723 5632 _non
1756 5557 1857 5611 illa
1886 5560 2193 5632 peccatrix,

555 5628 655 5703 sed
716 5634 917 5685 sancta
980 5628 1049 5687 de
1111 5649 1226 5703 qua
1256 5628 1420 5685 nunc
1452 5628 1606 5703 mihi
1663 5645 1853 5703 sermo
1920 5634 2026 5684 est.
2070 5628 2197 5685 Scio

596 5700 770 5772 uippe
818 5705 1024 5756 Lucam
1085 5699 1155 5758 de
1213 5702 1574 5773 peceatrice,
1609 5699 1941 5773 Matthgeum
1977 5718 2111 5773 vero
2143 5707 2199 5757 et

588 5770 837 5829 oanhem
870 5789 982 5845 non
1014 5774 1082 5828 de
1114 5770 1431 5845 peccatrice
1462 5772 1698 5845 dixisse.
1738 5793 1764 5819 »
1791 5770 1964 5845 Plura
1990 5772 2060 5826 de
2090 5772 2197 5829 hac

550 5846 680 5922 ejus
710 5843 999 5913 sententia
1051 5842 1131 5906 ad'
1177 5846 1299 5905 haec
1354 5845 1483 5923 ipsa
1513 5842 1639 5902 lcca
1671 5842 2097 5918 congessimus.
2132 5849 2199 5903 Et

2314 3442 2441 3479 esse
2470 3442 2689 3495 servus,
2722 3442 2900 3495 quam
2934 3424 3237 3481 Dominus.

2384 3515 2566 3585 (Vere.
2606 3515 2715 3585 17.)
2741 3537 2766 3562 ‹‹
2806 3513 2997 3568 Prima
3027 3518 3221 3569 autem
3254 3514 3347 3569 die
3377 3531 3735 3586 azymorum,
3770 3531 3969 3571 acces-

2314 3608 2516 3657 serunt
2546 3601 2821 3673 discipuli
2855 3603 2925 3656 ad
2957 3603 3182 3669 Jesum,
3219 3602 3475 3659 dicentes
3509 3622 3522 3659 :
3559 3603 3770 3660 Ubivis
3796 3622 3965 3677 pare-

2312 3708 2443 3746 mus
2474 3692 2578 3745 tibi
2610 3692 2910 3745 eomedere
2944 3691 3165 3746 Pascha
3198 3692 3224 3745 ?
3286 3714 3313 3739 »
3346 3692 3535 3748 Prima
3584 3694 3965 3765 Azymorum,

2313 3784 2519 3851 quarta
2548 3779 2775 3833 decima
2797 3778 2920 3834 dies
2951 3779 3171 3835 mensis
3194 3781 3366 3851 primi
3400 3782 3752 3853 est,quando
3773 3798 3965 3854 agnus

2314 3868 2673 3935 immolatur,
2707 3872 2765 3921 et
2800 3866 2941 3921 luna
2970 3867 3312 3939 plenissima
3364 3873 3473 3936 est,
3521 3874 3578 3924 et
3611 3871 3966 3928 fermentum

2313 3956 2587 4026 abjicitur
2624 3955 2814 4027 (Exod.
2852 3973 2953 4022 xu,
2985 3958 3133 4027 6,18,
3166 3959 3274 4029 19).
3311 3958 3467 4013 Inter
3496 3976 3593 4015 eos
3624 3964 3818 4016 autem
3847 3960 3964 4017 dis-

2309 4044 2533 4116 cipulos
2566 4044 2664 4116 qui
2698 4050 3067 4101 accesserunt
3097 4047 3167 4101 ad
3215 4047 3440 4113 Jesum,
3478 4047 3903 4120 interrogantes
3940 4067 3953 4105 :

2312 4135 2409 4190 Ubi
2458 4136 2536 4204 uis
2574 4150 2832 4204 paremus
2882 4135 2982 4189 tibi
3030 4136 3307 4191 comedere
3362 4138 3615 4193 Pascha?
3646 4143 3704 4193 et
3742 4138 3955 4195 Judam

2307 4223 2531 4278 mstimo
2564 4223 2743 4277 fuisse
2776 4222 3153 4294 proditorem.
3383 4207 3405 4224 ’

2376 4311 2558 4382 (Vers.
2605 4312 2715 4381 18.)
2752 4333 2777 4359 «
2808 4313 2878 4366 At
2908 4312 3080 4368 Jesus
3113 4313 3257 4368 dixit
3289 4330 3301 4367 :
3340 4315 3419 4369 Ite
3469 4314 3526 4369 in
3560 4314 3852 4371 civitatem
3884 4316 3957 4371 ad

2306 4435 2438 4492 vero
2460 4434 2799 4492 quanquam
2820 4420 3201 4492 quaestionem
3224 4420 3623 4492 singularibus
3654 4422 3806 4477 inter
3826 4438 3954 4477 eru-

2308 4490 2657 4565 ditoslibris
2690 4491 2988 4561 agitatam,
3023 4490 3188 4565 nihil
3225 4490 3659 4565 hic‘recoquere
3702 4492 3953 4561 intersit,

2304 4561 2730 4636 verisimillima
2778 4567 2974 4616 tamen
3024 4561 3145 4636 haec
3174 4562 3328 4636 ipsa,
3346 4561 3533 4636 quam
3565 4566 3956 4636 Hieronymus

2354 4634 2538 4699 robat,
2575 4632 2801 4687 videtur
2831 4634 3162 4689 sententia:
3197 4632 3262 4688 ut
3318 4632 3451 4691 licet
3499 4653 3652 4691 unus
3684 4632 3961 4707 idemque

2308 4651 2507 4759 gimon
2540 4709 2595 4759 et
2628 4704 2958 4759 Phariszeus
2990 4710 3047 4759 et
3076 4705 3367 4759 Lenrosus
3390 4708 3635 4759 putandi
3666 4707 3807 4759 sint.
3842 4724 3958 4759 non

2352 4704 2507 4760 imon
2540 4709 2595 4759 et
2628 4704 2958 4778 Phariszeus
2990 4710 3047 4759 et
3076 4705 3367 4778 Leprosus
3390 4708 3635 4778 putandi
3666 4707 3807 4773 sint,
3842 4704 3958 4763 non

2311 4793 2427 4831 una
2457 4780 2653 4850 tamen
2693 4775 3255 4850 eademque_mulier
3306 4775 3500 4846 fuerit,
3560 4795 3688 4850 quas
3743 4778 3959 4834 Christi

2310 4846 2540 4919 unxerit
2569 4851 2744 4918 caput
2774 4851 2829 4919 et
2860 4864 2986 4917 quae
3017 4846 3223 4903 laverit
3253 4850 3448 4919 pedes.

2380 4920 2401 4952 ²
2432 4918 2645 4986 Victor,
2679 4918 2851 4972 verba
2881 4920 2964 4974 vel
2994 4918 3325 4988 synecdoche
3356 4924 3523 4976 tacet.

2379 4991 2400 5064 ξ’
2433 4990 2577 5064 Bab.
2610 4991 2690 5064 vel
2721 4990 2915 5064 saltem
2945 4991 3096 5064 lucro
3127 4993 3461 5064 moderetur
3484 4992 3740 5064 proditio.

2380 5062 2401 5095 δ
2433 5061 2696 5117 Notanda
2752 5060 3102 5117 Veronensis
3150 5060 3594 5135 Evangeliorum
3628 5062 3845 5119 codicis
3872 5063 3955 5120 le-

2310 5133 2442 5199 ctio,
2474 5138 2700 5187 steteras
2743 5148 2847 5203 pro
2878 5140 3177 5206 argenteos.
3214 5133 3356 5189 Nam
3393 5142 3483 5191 est
3511 5136 3749 5206 quidem
3782 5153 3956 5192 num-

2312 5221 2443 5278 mus
2474 5208 2785 5275 argenteus
2822 5208 3042 5278 _stater,
3073 5203 3228 5278 idem
3260 5209 3433 5278 atque
3464 5203 3838 5263 Hébrzeorum
3874 5208 3957 5263 si-

2309 5274 2433 5331 elus
2467 5273 2719 5346 quatuor
2747 5273 2947 5330 valens
2978 5276 3198 5331 Atticas
3258 5273 3571 5334 drachmas
3599 5297 3611 5346 ;
3645 5295 3847 5335 verum
3907 5284 3965 5333 et

2310 5347 2415 5402 hac
2448 5348 2575 5419 ipsa
2604 5349 2673 5401 de
2732 5363 2907 5401 causa
2945 5348 3155 5419 veteris
3206 5350 3610 5407 translationis
3668 5350 3966 5405 laudanda

2310 5419 2632 5507 diligentia,
2665 5434 2796 5473 cum
2824 5418 3145 5489 praesertim
3204 5420 3467 5475 absolute
3529 5422 3607 5477 sit
3636 5422 3693 5477 in
3745 5422 3961 5491 Graeco,

2312 5509 2562 5543 αογυρια.

2805 5558 3199 5635 Ambrosium,
3234 5560 3335 5617 lib.
3395 5563 3461 5618 de
3487 5564 3709 5635 Ioseph.
3744 5580 3870 5635 cap.
3905 5563 3962 5631 3,

2308 5633 2408 5707 qui
2440 5637 2496 5707 et
2529 5628 2751 5707 inaliis
2799 5628 3229 5707 exemplaribus
3267 5650 3377 5688 xxx
3407 5628 3717 5690 aureis'vel
3750 5628 3960 5707 air-gen?-

2311 5701 2440 5771 teis,
2474 5702 2531 5755 in
2564 5701 2694 5780 aliis
2723 5718 2791 5780 xv
2816 5702 2902 5755 vel
2932 5701 3050 5780 xxv
3070 5720 3131 5758 se
3157 5704 3445 5780 invenisse
3489 5711 3693 5780 auctor
3720 5701 3848 5761 est:
3863 5706 3961 5780 Sic
4000 5764 4022 5780 χ

2353 5789 2540 5845 uoque
2587 5772 2994 5853 Czesariumjn
3026 5776 3359 5853 appendice
3390 5779 3532 5835 tomi
3564 5778 3610 5834 V
3639 5777 3959 5853 Augustini

2353 5791 2540 5845 uoque
2587 5791 2897 5827 umsarlum
2934 5791 2994 5828 In
3026 5791 3359 5847 Appenaice
3390 5791 3412 5833 ῐ

2307 5791 2585 5923 gperum,
2627 5860 2879 5903 sermon.
2912 5846 3001 5918 81,
3034 5845 3099 5903 de
3134 5851 3412 5927 Tempore.
