4304 6584
279 484 391 549 201

747 466 1263 550 COMMENTAR.
1312 492 1389 552 IN
1439 492 1925 556 EVANGELlUll

2034 493 2383 557 IATTH/El
2433 498 2578 558 LIB.
2626 499 2727 558 ιν.
2775 499 2949 560 CAP.
2994 502 3210 562 XXVI.

3573 488 3698 568 eos

277 618 617 691 quemdam,
658 622 713 676 et
765 618 937 677 dicite
966 621 1055 678 ei:
1109 622 1386 695 Magister
1432 623 1613 681 dicit:
1667 626 1926 698 Tempus
1957 626 2011 695 Α
2041 627 2198 682 diter
2226 628 2286 683 in
2318 628 2495 693 male,
2532 630 2907 688 manifestius
2938 630 3151 704 arguit,
3183 630 3241 690 et
3259 632 3454 691 tamen
3478 642 3695 695 nomen

277 724 478 765 meum
539 726 712 782 prope
770 712 896 767 est:
953 712 1108 784 apud
1151 718 1207 768 te
1239 713 1387 769 facio
1420 713 1644 769 Pascha
1676 732 1809 769 eum
1842 713 1930 770 di-

277 797 520 872 scipulis
571 799 737 856 meis.
775 821 803 849 »
837 817 1059 857 morem
1116 801 1343 858 Veteris
1389 802 1747 860 Testamenti
1784 820 1932 861 nova

278 882 580 960 Scriptura
622 894 938 946 conservat.
1008 891 1354 960 Frequenter
1412 892 1698 965 legimus:
1776 895 1932 949 Dixit

278 978 376 1033 ille
404 979 513 1045 illi,
540 983 599 1035 et
629 980 685 1035 in
718 979 831 1035 loco
861 979 959 1036 illo
983 983 1035 1034 et
1064 980 1190 1048 illo;
1225 998 1340 1050 quo
1394 983 1669 1038 Hebraice
1716 982 1933 1039 dicitur

282 1082 524 1123 pnscom
581 1068 598 1103 ¹
643 1085 853 1125 amem
898 1054 1128 1141 (9.113353
1190 1055 1389 1138 ηὼς),
1440 1075 1495 1126 et
1544 1075 1742 1128 tamen
1801 1089 1946 1144 per:

280 1170 558 1213 sonarum
588 1157 971 1231 locorumque
1000 1175 1117 1215 non
1170 1161 1407 1231 ponitur
1454 1177 1685 1217 nomen.
1727 1163 1791 1218 Et
1842 1163 1929 1217 in-

276 1248 503 1303 venietis
557 1248 638 1303 ibi
687 1248 995 1320 quemdam,
1042 1254 1359 1321 portantem
1414 1249 1670 1319 lagenam
1744 1267 1923 1324 aqum.

275 1336 537 1401 Quorum
560 1337 779 1393 idcirco
808 1338 1091 1394 vocabula
1121 1339 1511 1411 praetermissa
1533 1344 1695 1409 sunt,
1728 1345 1793 1395 ut
1811 1358 1932 1396 om-

277 1424 455 1482 nibus
485 1426 586 1500 qui
617 1426 843 1483 Pascha
890 1426 1098 1483 facturi
1155 1432 1315 1498 sunt,
1364 1426 1550 1484 libera
1598 1429 1930 1485 festivitatis

278 1515 507 1573 occasio
539 1517 912 1589 panderetur.

349 1606 536 1678 (Vers.
573 1606 685 1674 19.)
709 1628 737 1654 ‹‹
768 1606 836 1661 Et
882 1607 1141 1661 fecerunt
1189 1605 1464 1679 discipuli
1515 1608 1667 1665 sicut
1711 1610 1929 1666 consti-

279 1694 391 1751 tuit
422 1693 539 1751 illis
587 1696 778 1759 Jesus,
820 1700 877 1750 et
924 1700 1277 1767 paraverunt
1342 1697 1585 1754 Pascha.
1624 1719 1651 1748 η
1706 1699 1767 1753 In
1818 1699 1930 1755 alio

280 1783 647 1858 Evangelista
677 1784 963 1857 scriptum
994 1788 1082 1841 est
1112 1786 1262 1855 (Luc.
1306 1804 1444 1856 XXII,
1480 1788 1587 1859 12),
1637 1789 1792 1861 quod
1842 1788 1931 1845 in-

274 1879 561 1931 venerunt
589 1873 955 1931 emnaculum
977 1881 1541 1947 magnum,stratum
1566 1882 1741 1950 atque
1764 1894 1934 1933 mun-

282 1964 507 2035 datum,
539 1967 594 2021 et
622 1965 1071 2037 ibiparaverunt
1109 1966 1181 2021 ei.
1241 1965 1484 2023 Videtur
1535 1971 1730 2024 autem
1781 1967 1927 2024 mihi

281 2046 644 2111 cteuaculum
677 2054 767 2110 lex
791 2054 1115 2127 spiritualis
1154 2054 1421 2129 intelligi,
1455 2072 1582 2129 qua:
1633 2058 1704 2113 de
1742 2072 1928 2131 angu-

278 2145 415 2201 stiis
444 2144 651 2202 litterae
680 2144 1004 2217 egrediens,
1027 2144 1087 2200 in
1111 2144 1351 2200 sublimi
1373 2145 1500 2201 loco
1514 2146 1719 2218 recipit
1734 2145 1929 2202 Salva-

277 2237 494 2300 torem,
540 2231 716 2287 Paulo
776 2231 1035 2304 idipsum
1094 2232 1367 2304 loquente
1398 2232 1666 2305 (Philipp.
1730 2251 1817 2300 ιιι,
1851 2234 1927 2304 8).

279 2323 439 2395 quod
470 2334 537 2378 ea
567 2339 692 2394 qua:
728 2326 861 2377 ante
892 2338 996 2394 pro
1027 2321 1189 2377 lucro
1220 2322 1548 2394 reputabat,
1581 2324 1751 2394 quasi
1790 2340 1929 2395 pur-

279 2418 556 2486 gamenta
587 2411 1057 2484 quisquiliasque
1086 2412 1524 2484 contempserit,
1577 2416 1642 2468 ut
1682 2412 1927 2487 dignum

280 2501 527 2558 Domino
558 2500 880 2573 hospitium
914 2507 1215 2573 prreparet.
1836 2510 1847 2522 ·

352 2592 542 2663 (Vers.
574 2592 689 2661 20.)
722 2614 749 2641 «
782 2590 1035 2661 Vespere
1061 2597 1256 2646 autem
1287 2589 1460 2657 facto,
1520 2591 1930 2649 discumbebat

274 2697 409 2737 cum
443 2679 749 2737 duodecim
810 2679 1114 2752 discipulis
1163 2680 1365 2737 suis.»
1418 2680 1632 2736 Omnia
1678 2681 1762 2737 sic
1808 2683 1929 2755 agit

272 2772 303 2827 J
312 2768 481 2842 udas,
505 2773 571 2826 ut
594 2769 835 2826 tollatur
863 2770 1119 2842 suspicio
1149 2771 1484 2843 proditoris.

348 2861 530 2939 (Vers.
554 2858 669 2933 21.)
696 2882 724 2910 ‹‹
758 2860 831 2915 Et
858 2858 1168 2916 edentibus
1190 2859 1327 2931 illis,
1362 2860 1537 2916 dixit:
1572 2862 1756 2916 Amen
1796 2861 1925 2917 dico

271 2948 436 3007 vobis
462 2967 475 3005 :
502 2942 651 3007 215
690 2949 827 3022 quia
846 2964 1002 3005 unus
1021 2953 1281 3005 vestrum
1316 2966 1408 3005 me
1435 2950 1759 3006 traditurus
1778 2955 1924 3006 est.»

276 3040 388 3107 Qui
415 3041 486 3096 de
519 3040 792 3113 passione
822 3039 1185 3112 praedixerat,
1218 3044 1276 3095 et
1323 3039 1394 3095 de
1437 3039 1735 3112 proditore
1779 3059 1923 3113 prie-

274 3131 435 3199 dicit,
466 3131 614 3186 dans
645 3128 838 3187 locum
870 3129 1247 3201 poenitentiae,
1280 3133 1346 3185 ut
1369 3145 1498 3185 eum
1542 3128 1927 3187 intellexisset

272 3218 409 3277 sciri
440 3220 821 3292 cogitationes
853 3235 993 3275 suas
1041 3222 1099 3275 et
1144 3218 1374 3275 occulta
1421 3218 1688 3289 consilia,
1740 3221 1925 3293 poeni-

276 3313 421 3367 teret
451 3326 585 3365 eum
618 3308 751 3365 facti
782 3308 873 3365 sui
898 3326 912 3377 ;
946 3313 1005 3365 et
1031 3312 1227 3365 tamen
1258 3325 1375 3365 non
1411 3309 1681 3383 designat
1700 3310 1923 3383 specia-

2041 716 2271 788 proprie
2302 732 2416 771 non
2450 718 2735 791 designat.
2769 718 2952 778 Judas
2983 716 3208 779 caeteris
3231 718 3618 796 contristatis,
3643 720 3700 783 et

2040 806 2476 863 retrahentibus
2508 824 2772 881 manum,
2806 814 2863 866 et
2896 810 3391 869 interdicentibus
3413 808 3576 870 cide
3608 808 3695 871 eri

2041 912 2168 966 suo,
2201 897 2529 953 temeritate
2558 903 2616 954 et
2636 898 3024 971 impudentia,
3048 898 3165 973 qua
3186 900 3526 974 proditurus
3548 906 3693 975 erat,

2041 984 2216 1041 etiam
2248 1001 2493 1042 manum
2526 1003 2658 1043 eum
2694 988 2975 1062 magistro
3007 989 3188 1046 mittit
3218 990 3278 1047 in
3299 986 3693 1066 paropsidem,

2041 1077 2104 1129 ut
2132 1075 2376 1131 audacia
2403 1075 2618 1132 bonam
2652 1078 3074 1136 conscientiam
3107 1080 3482 1138 mentiretur.

2112 1180 2296 1253 (Vers.
2331 1182 2447 1252 25.)
2473 1205 2500 1233 «
2538 1182 2637 1239 Vae
2681 1186 2879 1242 autem
2931 1185 3156 1243 homini
3215 1186 3322 1255 illi,
3370 1190 3475 1262 per
3518 1178 3691 1264 queui

2044 1268 2225 1326 Filius
2256 1270 2514 1327 hominis
2546 1272 2809 1329 tradetur
2826 1274 2867 1329 ³.
2894 1294 2922 1324 η
2946 1274 3063 1330 Nec
3084 1270 3417 1347 primo,nec
3434 1268 3694 1334 secundd

2041 1364 2347 1431 correptus
2403 1377 2437 1416 a
2467 1361 2794 1432 proditione
2825 1362 3069 1418 retrahit
3090 1364 3320 1436 pedem,
3344 1366 3444 1422 sed
3467 1367 3695 1438 patien-

2040 1448 2121 1505 tia
2151 1449 2381 1505 Domini
2415 1450 2597 1506 nutrit
2627 1450 3054 1524 impudentiam
3082 1469 3273 1520 suam,
3315 1458 3373 1511 et
3400 1454 3693 1512 thesauri-

2040 1541 2133 1593 zat
2161 1537 2273 1593 sibi
2303 1538 2451 1594 iram
2484 1538 2541 1595 in
2575 1540 2667 1596 die
2690 1540 2786 1595 iras
2818 1541 2993 1609 (Rom.
3027 1558 3087 1610 II,
3118 1543 3196 1614 5).
3250 1534 3425 1599 Pcuna
3477 1536 3693 1619 piandi;

2041 1624 2211 1695 citur,
2248 1631 2311 1683 ut
2336 1644 2511 1700 quem
2543 1628 2733 1701 pudor
2761 1646 2877 1685 non
2890 1629 3127 1700 vicerat,
3150 1630 3443 1705 cerrigaut
3463 1626 3693 1690 denuui

2040 1715 2178 1772 tiata
2217 1716 2530 1789 supplicia.
2564 1718 2727 1783 Quod
2763 1724 2958 1775 autem
2990 1719 3299 1794 sequitur:

2113 1848 2142 1875 ‹‹
2168 1826 2394 1882 Bonum
2408 1830 2533 1881 erat
2560 1826 2633 1895 ei,
2653 1826 2703 1884 si
2721 1832 2897 1885 natus
2918 1844 3035 1884 non
3058 1828 3309 1887 fuissent
3328 1816 3504 1887 homo
3526 1828 3645 1887 ille.
3666 1853 3690 1883 ι

2040 1915 2165 1971 Non
2199 1916 2328 1972 ideo
2360 1918 2659 1989 putandus
2684 1922 2775 1973 est
2803 1922 2937 1975 ante
2966 1918 3149 1975 fuisse
3180 1935 3361 1991 quam
3419 1924 3696 1978 nascere;

1958 2009 2005 2074 Β
2036 2006 2152 2074 tur,
2186 2004 2322 2078 quia
2353 2004 2499 2062 nulli
2532 2006 2719 2078 possit
2747 2008 2895 2064 bene
2943 2024 3091 2077 esse,
3125 2007 3239 2066 nisi
3271 2009 3323 2064 ei
3353 2009 3453 2081 qui
3477 2009 3689 2067 fuerit:

2041 2095 2142 2150 sed
2174 2094 2518 2167 simpliciter
2546 2094 2769 2151 dictum
2790 2101 2897 2168 est,
2930 2096 3115 2153 multa
3145 2096 3359 2155 melius
3388 2114 3541 2172 esse,
3575 2115 3693 2157 non

2040 2183 2381 2253 subsistere,
2416 2200 2595 2257 quam
2626 2184 2779 2242 male
2810 2185 3152 2243 subsistere.

2109 2293 2296 2362 (Vers.
2329 2293 2489 2364 25.)«
2524 2292 2905 2365 Respondeas
2934 2299 3131 2351 autem
3169 2295 3376 2365 Judas,
3414 2295 3515 2369 qui
3567 2301 3693 2354 tra-

2038 2381 2191 2437 didit
2220 2398 2353 2437 eum
2362 2421 2378 2450 ,
2409 2381 2573 2437 dixit.
2602 2405 2630 2431 »
2662 2382 2809 2449 Quia
2837 2384 3028 2439 caeteri
3058 2384 3278 2453 tristes,
3310 2389 3369 2442 et
3387 2384 3556 2443 valde
3583 2386 3691 2443 tri-

2039 2475 2158 2527 stes
2192 2472 2713 2544 interrogaverant:
2757 2473 3017 2545 Nunquid
3072 2486 3171 2545 ego
3226 2489 3372 2541 sum,
3418 2474 3694 2533 Domine?

2038 2577 2110 2617 ne
2140 2561 2383 2617 tacendo
2409 2578 2471 2616 se
2501 2561 2744 2633 prodere
2775 2562 3093 2630 videretur,
3163 2567 3222 2620 et
3249 2562 3377 2636 ipse
3423 2564 3696 2627 similiter

2038 2651 2378 2721 interrogat,
2440 2650 2593 2706 216
2652 2667 2827 2722 quem
2882 2651 3242 2709 conscientia
3298 2653 3691 2723 remordebat,

2037 2740 2137 2810 qui
2166 2741 2189 2774 ³
2221 2755 2463 2796 manum
2495 2739 2772 2795 audacter
2801 2740 3043 2796 miserat
3070 2739 3131 2796 in
3163 2741 3496 2814 paropside.

2108 2870 2135 2898 ‹‹
2169 2846 2445 2919 Nunquid
2478 2863 2583 2919 ego
2613 2860 2767 2911 sum,
2802 2846 3015 2902 rabbi?
3041 2848 3137 2903 Ait
3153 2846 3239 2903 illi
3263 2862 3277 2905 :
3302 2849 3397 2905 Tu
3413 2846 3634 2905 dixisti.
3659 2862 3694 2899 ἦ

2034 2939 2102 2992 Et
2130 2936 2708 3008 blandientisjungit
2754 2937 3047 3005 affectum,
3093 2937 3213 2993 sive
3260 2936 3697 2995 incredulitatis

2035 3027 2290 3098 signum.
2324 3025 2525 3081 Caeteri
2557 3025 2714 3081 enim
2738 3027 2837 3099 qui
2871 3042 2986 3081 non
3011 3032 3177 3083 erant
3226 3027 3538 3099 prodituri,
3596 3027 3689 3083 di-

2035 3122 2211 3174 cunt:
2245 3115 2501 3190 Nunquid
2530 3131 2624 3187 ego
2668 3131 2811 3187 sum,
2865 3115 3139 3173 Domine?
3188 3116 3303 3173 Iste
3350 3117 3452 3189 qui
3498 3115 3694 3191 prodi-

2034 3212 2204 3264 turus
2234 3214 2374 3277 erat,
2409 3223 2527 3264 non
2558 3205 2893 3278 Dominum,
2936 3206 3039 3263 sed
3094 3206 3446 3281 magistrum
3497 3214 3699 3277 vocat,

2036 3297 2206 3369 quasi
2248 3296 2683 3369 excusationem
2712 3295 2946 3363 habeat,
2977 3295 3028 3352 si
3078 3295 3325 3352 Domino
3381 3297 3688 3369 denegata,

273 3400 427 3468 liter,
469 3416 543 3455 ne
576 3368 1249 3470 manifeste'coargutus,
1282 3368 1684 3470 impudeutior
1734 3368 1921 3456 heret.

2037 3368 2245 3443 saltem
2278 3368 2628 3457 magistrum
2658 3383 3000 3457 prodiderit.
3024 3386 3092 3440 Et
3110 3386 3199 3441 ait
3227 3386 3357 3441 illi:
3375 3386 3447 3441 Tu
3470 3368 3688 3443 deum.

272 3489 449 3544 Mittit
480 3476 705 3543 crimen
735 3485 795 3541 in
818 3502 1085 3552 numero,
1120 3490 1183 3542 ut
1231 3486 1503 3543 conscius
1554 3493 1689 3561 agat
1737 3489 1925 3562 pmni-

273 3579 543 3636 tentiam.

346 3670 536 3744 (Vers.
568 3666 685 3738 22.)
717 3689 747 3716 ‹‹
780 3666 848 3721 Et
877 3666 1203 3723 contristati
1234 3666 1421 3736 valde,
1455 3673 1758 3740 coeperunt
1800 3670 1926 3725 sin-

270 3758 396 3834 guli
444 3759 672 3815 dicere:
740 3755 1012 3826 Nunquid
1069 3772 1175 3830 ego
1234 3774 1389 3825 sum,
1439 3757 1782 3815 Domine?»
1859 3760 1927 3816 Et

270 3853 428 3907 certe
456 3849 739 3906 noverant
770 3845 1043 3901 undecim
1092 3846 1359 3919 apostoli,
1411 3849 1565 3921 quod
1616 3848 1763 3904 nihil
1809 3849 1924 3906 tale

276 3944 477 3996 contra
505 3937 821 3995 Dominum
850 3936 1207 4008 cogitarent:
1240 3937 1341 3994 sed
1370 3938 1502 4010 plus
1534 3940 1781 3995 credunt
1805 3956 1924 3995 ma-

269 4030 454 4102 gistro
514 4042 691 4100 quam
759 4026 914 4082 sibi:
1000 4026 1482 4098 pertimescentes
1542 4027 1922 4101 fragilitatem

269 4132 464 4184 suam,
497 4117 696 4174 tristes
724 4115 1090 4189 interrogant
1123 4115 1194 4172 de
1240 4123 1497 4189 peccato,
1558 4119 1729 4189 cujus
1778 4135 1919 4175 con-

268 4207 584 4265 seientiam
609 4198 726 4262 non
742 4204 1059 4261 habebant.

348 4295 532 4368 (Vers.
562 4294 678 4366 23.)
710 4316 739 4344 «
772 4296 841 4349 At
872 4294 996 4366 ipse
1029 4295 1416 4365 respondens,
1449 4296 1561 4351 ait:
1596 4297 1703 4361 Qui
1736 4297 1918 4354 intin-

268 4385 359 4459 git
379 4396 611 4440 mecum
642 4398 877 4439 manum
909 4383 969 4438 in
1003 4383 1336 4455 paropside,
1364 4384 1458 4440 hic
1474 4401 1567 4440 me
1588 4388 1800 4443 tradet.
1829 4411 1850 4437 ιθ
1877 4393 1923 4444 Ο

270 4475 425 4532 mira
459 4473 684 4530 Domini
716 4472 1040 4546 patientia!
1071 4472 1331 4528 Primum
1364 4473 1620 4530 dixerat:
1651 4476 1798 4533 Unus
1832 4495 1920 4532 re-

266 4568 449 4621 slrum
475 4579 563 4619 me
593 4563 901 4620 traditurus
930 4564 1005 4619 est
1038 4566 1200 4635 (vers.
1230 4563 1343 4633 21).
1402 4563 1739 4621 Perseverat
1789 4584 1921 4639 pro-

346 4691 361 4725 ¹
395 4685 650 4745 Danielis
672 4692 871 4745 octavo
902 4688 1113 4761 capite
1158 4690 1411 4744 occurrit
1464 4706 1678 4745 nomen
1738 4677 1920 4755 nubs

270 4762 590 4836 Pﬁelmani,
622 4762 693 4836 de
724 4778 839 4834 quo
888 4760 1275 4836 Hieronymus
1336 4762 1455 4836 haec
1499 4762 1714 4836 habet:
1750 4788 1777 4811 ‹‹
1814 4765 1919 4820 Pro
1956 4762 1999 4825 D
2031 4764 2402 4836 repositaque
2431 4768 2521 4817 est
2552 4762 2721 4836 nobis
2753 4761 2893 4836 adeo
2924 4761 3084 4834 prior
3126 4760 3304 4836 lectio
3331 4780 3381 4836 7a

269 4834 446 4891 altera
480 4835 681 4907 _ne.scio
725 4833 827 4905 quo
875 4833 1029 4906 Quod
1071 4833 1455 4907 Symmachus
1506 4834 1921 4907 interpretatus

269 4911 363 4980 est
390 4902 496 4980 τιγί
529 4923 678 4980 ποτε,
712 4902 966 4980 quamet
995 4902 1313 4980 nos:s_ecuti
1337 4923 1565 4962 sumus.
1598 4902 1810 4980 Aquila
1864 4913 1921 4963 et

268 4977 590 5033 Theodotio
622 4983 680 5032 et
707 4973 838 5033 [ΣΧΧ
863 4973 1126 5048 Φελμωνί
1159 4977 1353 5048 ipsum
1390 4980 1632 5033 verbum
1664 4973 1918 5036 'tlebrai-

269 5066 410 5124 eum
442 5054 783 5122 posuerunt.
816 5049 1039 5124 Nomen
1071 5065 1207 5121 ergo
1229 5050 1421 5124 angeli
1457 5056 1920 5124 tacens,gencra-

268 5122 406 5177 liter
432 5120 615 5177 unum
648 5120 967 5194 quemlibet
996 5121 1066 5177 de
1113 5120 1337 5194 angelis
1387 5120 1745 5177 indicavitf»
1780 5124 1922 5180 Vide

271 5208 496 5249 morem
528 5193 709 5268 istum
751 5194 1080 5268 scripturae,
1143 5193 1345 5268 R_u_th,_
1381 5209 1508 5265 cap.
1543 5211 1595 5249 ιε
1627 5195 1647 5249 Ι
1697 5196 1921 5268 Regum

266 5280 388 5330 xxx,
414 5270 472 5320 et
500 5264 741 5322 consule
773 5266 819 5321 ll
852 5264 1078 5322 tomum
1110 5265 1382 5321 editionis
1416 5264 1625 5321 nostrae
1651 5267 1759 5333 col,
1786 5264 1919 5323 242.

270 5341 550 5393 Erasmus
581 5343 637 5393 et
698 5336 991 5394 Marianus
1042 5353 1145 5410 pro
1203 5353 1338 5393 voce
1396 5339 1570 5393 unica
1627 5338 1919 5405 ELMONI,

269 5430 596 5499 posuerunt
623 5410 806 5499 udas
838 5431 896 5482 et
923 5411 1098 5495 $3153,
1146 5430 1348 5499 contra
1397 5427 1572 5483 fidem
1626 5445 1769 5483 mss.
1820 5445 1920 5484 co-

269 5498 471 5555 dicem
504 5499 677 5574 istius
708 5498 1123 5574 Commentarii
1145 5499 1213 5574 in
1249 5498 1608 5574 Matthzeum,
1644 5500 1744 5555 ubi
1775 5502 1924 5574 posi~

270 5576 516 5644 tumeat
545 5571 739 5644 solum
784 5587 995 5626 nomen
1060 5571 1406 5644 Hebraicum
1466 5572 1706 5640 Elmonz',
1764 5571 1922 5644 quod

269 5642 566 5726 signiﬁcat
596 5643 841 5726 aliquem
871 5648 928 5726 et
946 5642 1255 5726 qzwqulam,
1278 5643 1477 5726 “cujus
1501 5660 1737 5726 _nomen
1761 5642 1921 5726 _pro-

268 5713 461 5788 prium
496 5732 611 5771 non
662 5713 1026 5788 exprimitur.
1061 5714 1227 5771 Mart.
1278 5713 1425 5771 Illud
1484 5715 1554 5772 de
1603 5734 1717 5788 quo
1757 5713 1920 5773 Mart.

266 5785 519 5843 tianaeus
575 5785 798 5842 veteres
841 5785 1094 5842 editores
1134 5788 1444 5842 Erasmum
1494 5793 1551 5843 et
1602 5785 1923 5846 Victorium

267 5863 531 5936 accusat,
555 5859 719 5936 quod
755 5875 856 5936 pro
905 5873 1039 5936 voce
1097 5858 1287 5936 unica,
1322 5860 1584 5936 AElmoni,
1634 5861 1782 5936 duas
1829 5878 1922 5936 po-

267 5876 531 5927 aceusat,
608 5876 719 5915 uou
755 5876 856 5930 pro
905 5876 1039 5913 voce
1097 5876 1287 5926 unica,
1345 5876 1584 5927 mmom,
1634 5876 1782 5918 uuas
1829 5878 1918 5936 po-

266 5931 519 5999 suerint,
539 5876 827 5989 [atumem
852 5937 906 5989 et
931 5930 1173 5997 Elmoni,
1205 5932 1405 5990 contra
1458 5946 1603 5989 mss.
1651 5932 1918 5992 codicum

597 6057 865 6125 ΡΑτιιοι.
908 6055 1130 6127 XXVI.

2038 3476 2254 3531 Eadem
2308 3473 2686 3546 responsione
2732 3473 3069 3529 confutatus
3112 3477 3203 3530 est
3247 3474 3528 3546 proditor,
3575 3490 3701 3547 qua:

2040 3565 2218 3622 Pilato
2250 3569 2452 3637 postea
2471 3578 2864 3635 responsurus
2895 3566 3007 3618 est.

2109 3672 2292 3745 (Vers.
2323 3673 2394 3726 26
2423 3673 2608 3743 seqq.)
2631 3693 2659 3721 «
2683 3669 3066 3726 Cmnantibus
3114 3672 3311 3727 autem
3359 3670 3466 3741 eis,
3520 3672 3689 3728 accc;

2036 3764 2117 3836 pit
2146 3763 2322 3818 Jesus
2351 3776 2585 3834 panem,
2622 3763 2681 3816 et
2709 3758 3022 3827 benedixit,
3054 3776 3121 3815 ac
3168 3759 3360 3834 fregit,
3409 3760 3688 3834 deditque

2035 3850 2344 3925 discipulis
2375 3852 2519 3918 suis,
2552 3854 2610 3905 et
2646 3848 2758 3905 ait:
2811 3848 3068 3921 Accipite
3117 3853 3175 3907 et
3215 3849 3529 3920 eomedite,
3575 3850 3686 3907 hoc

2034 3948 2123 3998 est
2170 3956 2381 4013 corpus
2414 3955 2633 3995 meum.
2689 3938 2755 3993 Et
2804 3936 3096 4012 accipiens
3147 3938 3412 4007 calicem,
3461 3939 3685 4013 gratiae

2034 4032 2153 4104 egit
2182 4036 2239 4086 et
2264 4028 2427 4085 dedit
2459 4027 2598 4096 illis,
2651 4027 2890 4083 dicens:
2945 4025 3135 4083 Bibite
3177 4042 3249 4083 ex
3288 4027 3396 4083 hoc
3452 4034 3680 4087 omnes.

2031 4120 2136 4175 Hie
2158 4122 2247 4174 est
2273 4116 2428 4173 enim
2460 4114 2704 4187 sanguis
2747 4129 2915 4171 meus
2961 4114 3093 4170 novi
3140 4115 3522 4184 Testamenti,
3575 4118 3678 4191 qui

2032 4226 2135 4281 pro
2149 4206 2349 4264 multis
2369 4203 2703 4263 effundatur
2721 4204 2780 4259 in
2793 4203 3202 4260 remissionem
3230 4209 3626 4277 peccaturum.
3646 4210 3687 4257 λ’

2031 4299 2347 4370 Postquam
2406 4295 2667 4369 typicum
2717 4293 2971 4350 Pascha‘
3018 4293 3206 4349 fuerat
3247 4292 3579 4366 impletum,
3621 4300 3680 4351 et

2030 4389 2165 4461 agni
2196 4403 2401 4444 carnes
2430 4402 2565 4442 cum
2596 4382 2880 4457 apostolis
2909 4383 3259 4451 comederat,
3296 4383 3551 4440 assumit
3579 4393 3682 4458 pa-

2032 4494 2189 4545 nem,
2214 4478 2315 4549 qui
2345 4476 2752 4532 eonfortateor
2780 4473 3057 4541 hominis,
3092 4477 3150 4529 et
3197 4474 3269 4529 ad
3319 4482 3521 4531 verum
3575 4474 3679 4531 Pa;

2031 4567 2183 4623 schaa
2214 4565 2645 4637 transgreditur
2672 4567 3131 4632 sacramentum,
3164 4567 3231 4619 ut
3260 4578 3376 4636 quo
3406 4564 3583 4621 modo
3619 4564 3681 4622 in

2034 4693 2230 4756 fidem,
2247 4694 2431 4747 nostri
2455 4690 2526 4745 ad
2551 4704 2737 4745 unum
2758 4705 2965 4745 omnes
2979 4689 3304 4745 defendunt
3318 4706 3387 4746 ac
3408 4692 3678 4759 probant,

3475 4779 3681 4820 801'“!!!

2032 4832 2459 4919 auctoritatem,
2512 4832 3250 4919 copeinnioreipraat‘erea‘
3291 4834 3350 4891 id
3416 4834 3682 4919 exigente

2033 4925 2232 4965 sensu.
2267 4907 2492 4981 Saepius
2523 4904 2714 4977 reipsa
2748 4904 3005 4981 junctim
3036 4904 3540 4981 solent'usurpari
3592 4906 3681 4964 hac

2033 5013 2199 5068 voces
2217 4997 2275 5051 in
2293 4977 2827 5068 scripturismnbtt
2850 4977 3044 5068 πῆξε.-
3067 4994 3262 5068 Graece
3311 4977 3428 5052 uno
3459 4995 3683 5068 spiritu

2033 5061 2493 5141 @slwviu).pwut.
2528 5066 2911 5141 septuaginta
2949 5061 3192 5141 thalami
3228 5061 3681 5141 μαεμῳνί,ῬΙξεζ-

2033 5142 2160 5197 lani
2215 5135 2502 5196 Maeinoni.
2561 5135 2709 5204 Quid
2753 5135 2937 5210 'porro
2994 5135 3348 5211 significent,
3407 5139 3549 5211 ipse
3586 5135 3681 5191 hie

2033 5214 2267 5268 Hieron.
2301 5212 2631 5267 luculenter
2652 5209 2847 5283 docet.
2883 5209 3087 5267 Recole
3127 5216 3318 5267 tamen
3352 5209 3482 5283 ejus
3512 5209 3681 5265 Com-

2036 5285 2356 5363 mentarios
2378 5285 2433 5338 in
2467 5282 2722 5363 Danielis
2752 5299 2878 5363 capi.
2912 5299 3038 5363 vui,
3070 5299 3231 5363 versa
3254 5284 3340 5338 13.
3388 5282 3393 5283 “
3430 5351 3441 5363 ⁸
3618 5347 3648 5363 ν.

2104 5358 2125 5392 ²
2155 5356 2349 5413 Nostri
2382 5371 2548 5422 mss.,
2581 5355 2705 5427 qui,
2754 5351 3019 5427 ut'initio
3035 5354 3401 5427 monuimus,
3427 5351 3486 5406 in
3535 5351 3681 5407 reci-

2032 5430 2228 5485 tandis
2251 5427 2400 5484 sacri
2430 5423 2623 5482 textus
2652 5426 2977 5495 versiculis,
2996 5427 3217 5483 caeteris
3249 5423 3540 5496 parciores
3565 5436 3684 5480 01m

2034 5501 2209 5557 nibus
2241 5504 2400 5567 sunt,
2434 5499 2529 5572 hic
2559 5514 2743 5554 unum
2792 5494 3138 5572 praepenunt
3180 5494 3305 5572 pari
3328 5509 3680 5572 consensu:

2036 5575 2209 5629 Filius
2240 5572 2459 5644 quidem
2493 5571 2735 5627 hominis
2764 5567 2936 5641 vadit,
2992 5570 3138 5625 sicut
3174 5567 3441 5638 scriptum
3478 5571 3562 5625 est
3618 5567 3686 5626 de

2040 5646 2139 5701 illo
2168 5662 2188 5707 ;
2210 5660 2294 5701 var:
2324 5649 2527 5715 autem,
2561 5648 2671 5698 etc.

2104 5718 2126 5751 ³
2155 5716 2475 5772 Prmferunt
2512 5712 2657 5771 mss.
2692 5712 2875 5768 nostri
2908 5725 3134 5783 omnes,
3166 5712 3322 5783 quia.

2105 5789 2127 5822 ‘
2157 5789 2237 5843 Ex
2266 5788 2374 5844 hoc
2394 5788 2522 5860 loco
2541 5801 2730 5860 argue
2761 5782 3112 5860 imperitiam
3148 5782 3311 5839 scioli
3350 5784 3685 5860 cujusdam,

2035 5860 2137 5933 qui
2169 5877 2283 5933 non
2313 5858 2439 5917 vult
2465 5852 2819 5933 Salvatorem
2846 5852 2981 5933 agni
3012 5869 3381 5933 carnescum
3405 5852 3688 5933 apqstolts

2035 5926 2380 6001 comedisse,
2421 5945 2528 5987 nee
2558 5926 2775 6004 pascha
2803 5926 3064 6003 typicum
3095 5926 3461 5988 celebrassef
3498 5928 3686 5996 Mam.

3330 6059 3367 6131 Ἰ
3420 6170 3425 6179 ,
