4304 6606
582 476 704 538 203

1830 475 1894 535 S.
1941 471 2251 535 EUSEBII
2296 469 2743 533 HIERONYMI

3875 469 4001 533 204

580 606 1084 684 pmﬂguratiene‘
1108 607 1239 679 ejus
1270 605 1717 674 Melchisedech,
1742 605 1960 661 summi
2000 606 2104 663 Dei
2133 623 2227 661 sa-
2256 609 2311 674 Α
2342 606 2484 660 dicit
2513 607 2667 676 quod
2700 605 2933 676 passuri
2963 611 3121 674 sunt,
3155 612 3238 669 ut,
3272 619 3408 658 cum
3432 602 3591 675 passi
3612 604 3852 675 fuerint,
3878 621 3998 661 non

579 697 807 766 cerdos,
830 712 1043 770 panem
1063 699 1120 754 et
1144 695 1347 753 vinum
1377 696 1625 752 efferens
1656 695 1869 750 fecerat
1906 694 2058 765 (Gen.
2110 712 2225 763 XIV,

579 786 691 859 18),
723 786 850 859 ipse
878 802 1112 859 quoque
1131 787 1153 821 ²
1182 785 1243 842 in
1267 787 1510 843 veritate
1527 785 1618 841 sui
1634 783 1892 857 corporis
1917 788 1975 840 et
1995 784 2229 856 sangui-

576 875 672 933 nis
700 879 1159 949 repraasentaret.
1194 876 1257 931 In
1303 880 1456 941 Luca
1512 873 1766 948 legimus
1815 874 1967 929 duos
2016 872 2226 929 calices

577 965 795 1039 quibus
849 964 1158 1040 discipulis
1206 963 1532 1039 propinarit
1588 964 1736 1035 (Luc.
1780 980 1920 1031 XXII,
1972 964 2057 1034 17,
2109 963 2222 1034 29).

575 1053 771 1110 Unum
802 1053 977 1128 primi
1010 1054 1252 1123 mensis,
1295 1058 1351 1110 et
1398 1052 1645 1107 alterum
1695 1051 1957 1118 secundi,
2011 1056 2076 1105 ut
2123 1051 2224 1122 qui

576 1143 731 1200 inter
753 1147 988 1201 sanctos
1007 1144 1198 1216 primo
1229 1157 1430 1197 mense
1485 1157 1703 1213 agnum
1751 1141 2054 1195 comedere
2106 1156 2222 1195 non

575 1232 852 1306 potuerit,
883 1233 1139 1289 secundo
1170 1231 1322 1287 inter
1349 1229 1698 1303 paenitentes
1749 1229 1983 1285 haedum
2035 1245 2223 1285 come-

576 1322 696 1379 dat.

645 1410 829 1482 (Vere.
884 1411 1001 1481 29.)
1048 1432 1077 1460 ‹‹
1111 1408 1247 1466 Dico
1303 1412 1499 1465 autem
1551 1407 1738 1474 vobis,
1828 1423 1944 1462 non
2022 1406 2220 1462 bibam

572 1499 781 1556 amodo
821 1499 893 1555 de
923 1498 1032 1555 hoc
1064 1498 1363 1571 genimine
1390 1498 1525 1554 vitis
1546 1513 1735 1568 usque
1764 1496 1824 1551 in
1846 1496 2001 1551 diem
2027 1495 2217 1567 illum,

570 1604 706 1645 cum
729 1585 876 1644 illud
906 1587 1105 1643 bibam
1134 1588 1437 1644 vobiscum
1470 1603 1683 1642 novum
1716 1586 1774 1641 in
1808 1602 1985 1657 regno
2032 1584 2221 1640 Patris

567 1678 706 1735 mei.
733 1699 763 1729 »
797 1682 876 1733 De
905 1676 1243 1734 carnalibus
1279 1675 1493 1733 transit
1549 1676 1620 1731 ad
1667 1674 2020 1747 spiritnalia,
2064 1674 2220 1745 quod

564 1766 739 1823 vinea
766 1765 838 1821 de
865 1766 1109 1838 Egypto
1141 1763 1572 1838 transplantata
1617 1764 1696 1820 sit
1743 1763 1993 1836 populus
2041 1762 2219 1819 Israel

569 1855 745 1927 (Psal.
778 1871 964 1923 Lxxlx,
1002 1855 1082 1927 9),
1141 1854 1235 1910 cui
1284 1870 1387 1927 per
1433 1854 1747 1910 Jeremiam
1801 1852 2086 1907 Dominus
2135 1851 2219 1907 lo-

569 1942 799 2015 quitur:
850 1945 959 2015 Ego
1013 1947 1065 2000 te
1108 1943 1361 2015 plantavi
1407 1944 1627 1997 vineam
1682 1958 1891 2006 veram,
1951 1941 2219 2012 quomodo

568 2039 779 2089 mutata
807 2048 865 2090 es
894 2034 955 2088 in
984 2031 1309 2088 amdritudi
1353 2050 1391 2087 η
1446 2032 1576 2087 vitis
1631 2032 1831 2086 alienae
1883 2029 1987 2097 [ΑΙ.
2012 2030 2221 2101 aliena)

570 2122 789 2194 (Jerem.
820 2138 865 2177 ιι
891 2121 1034 2193 21)?
1063 2121 1133 2177 Et
1164 2121 1344 2177 Isaias
1372 2121 1656 2194 propheta
1687 2121 1746 2176 in
1790 2118 2015 2175 cantico
2063 2120 2218 2191 quod

567 2210 781 2268 dilecto
806 2209 965 2267 canit
993 2212 1125 2283 (lsa.
1154 2227 1211 2282 v,
1243 2210 1381 2283 1-7),
1413 2214 1469 2269 et
1516 2211 1709 2266 omnis
1766 2208 2018 2283 sparsim
2064 2208 2218 2264 Scri-

564 2304 739 2372 ptura
756 2303 1025 2357 testatur.
1057 2299 1208 2356 Dicit
1249 2315 1387 2372 ergo
1441 2299 1725 2356 Dominus
1752 2300 1844 2354 ~de
1893 2298 2001 2354 hac
2048 2298 2219 2355 vinea

2339 695 2649 765 desperent
2670 692 2942 761 salutem,
2976 693 3077 747 sed
3109 698 3350 764 agentes
3409 692 3818 764 paenitentiam
3851 693 3997 750 libe-

2338 788 2559 838 rentur.
2592 788 2658 837 Et
2688 782 2987 853 signanter
3035 781 3280 848 addidit,
3312 781 3373 836 in
3401 783 3508 837 ista
3553 788 3712 839 nocte
3765 782 3997 840 scanda-

2337 873 2452 927 lum
2499 873 2836 943 patiemini;
2892 870 3032 942 quia
3087 871 3381 942 quomodo
3441 870 3545 942 qui
3602 869 3995 941 inebriantur,

2336 965 2501 1016 nocte
2530 961 2897 1016 inebriantur
2942 961 2989 1031 (Ι
3021 960 3193 1015 Thess.
3238 978 3294 1031 ν,
3325 961 3421 1031 7):
3456 960 3539 1016 sic
3587 964 3644 1016 et
3685 961 3786 1033 qui
3821 978 3994 1019 scan-

2334 1050 2531 1106 dalum
2566 1050 2887 1123 patiuntur,
2920 1049 2980 1105 in
3012 1053 3181 1105 nocte
3211 1054 3270 1105 et
3298 1049 3358 1105 in
3384 1049 3643 1106 tenebris
3672 1050 3993 1119 sustinent,

2332 1139 2448 1195 Nos
2468 1156 2597 1195 vero
2628 1138 2931 1194 dicamus:
2993 1143 3116 1195 Nox
3159 1139 3453 1211 praeteriit,
3501 1139 3614 1195 dies
3662 1142 3843 1195 autem
3899 1156 3996 1213 ap-

2326 1230 2714 1301 propinquavit
2746 1229 2924 1298 (Rom.
2958 1246 3083 1295 xm,
3119 1230 3227 1299 1‘3).

2403 1320 2589 1391 (Vere;
2646 1318 2816 1388 32.)»
2867 1318 3161 1390 Scriptum
3234 1324 3324 1375 est
3388 1319 3579 1375 enim:
3661 1320 3995 1377 Percutiam

2330 1412 2645 1481 pastorem,
2676 1411 2733 1462 et
2772 1406 3182 1479 dispergentur
3211 1423 3346 1463 oves
3388 1408 3606 1481 gregis.
3669 1408 3992 1482 Postquam

2330 1501 2525 1553 autem
2571 1513 2893 1563 resurrexe,
2944 1498 3262 1568 praecedam
3312 1514 3416 1552 vos
3480 1498 3537 1553 in
3596 1497 3918 1568 Galilaeam,
3963 1522 3995 1550 ››

2330 1586 2447 1642 Hoc
2469 1585 2597 1642 aliis
2628 1586 2821 1643 verbis
2846 1584 2904 1640 in
2937 1585 3214 1642 Zacharia
3235 1587 3520 1659 propheta
3549 1587 3838 1660 scriptum
3862 1594 3988 1656 est;

2329 1681 2383 1731 et
2416 1676 2496 1748 (ni
2530 1674 2715 1745 fallor)
2743 1692 2811 1730 ex
2844 1692 3092 1747 persona
3131 1676 3426 1747 propheta:
3476 1678 3549 1733 ad
3610 1678 3790 1734 Deum
3841 1677 3993 1735 dici-

2328 1769 2460 1820 tur:
2493 1766 2719 1820 Percute
2744 1769 3042 1836 pastorem,
3094 1769 3147 1820 et
3195 1765 3582 1837 dispergentur
3619 1766 3740 1823 oues
3799 1771 3994 1838 gregis

2327 1853 2489 1909 Zach.
2518 1871 2642 1923 xm,
2673 1854 2749 1921 7).
2783 1853 3152 1925 Sexagesimo
3186 1870 3419 1927 quoque
3466 1860 3524 1911 et
3574 1860 3772 1912 octavo
3823 1854 3993 1929 psal-

2330 1960 2446 2013 mo,
2480 1944 2578 2015 qui
2606 1948 2763 1999 totus
2793 1960 2827 1998 a
2856 1943 3103 1999 Domino
3134 1943 3382 2011 canitur,
3415 1944 3551 2000 huic
3600 1945 3801 2001 sensui
3844 1962 3994 2002 cen-

2330 2037 2608 2104 gruente:
2640 2033 2909 2101 Quoniam
2939 2048 3098 2104 quem
3147 2038 3213 2088 tu
3256 2035 3607 2102 percussisti,
3638 2036 3750 2106 ipsi
3798 2050 3992 2107 perse-

2328 2124 2442 2177 cuti
2470 2123 2787 2191 sunt(Psal.
2822 2139 3014 2193 LXVIII,
3046 2122 3160 2193 27).
3212 2122 3365 2179 218
3400 2122 3731 2179 Percutitur
3782 2129 3988 2183 autem

2329 2216 2527 2283 pastor
2558 2212 2769 2280 bonus,
2803 2216 2867 2266 ut
2899 2215 3075 2283 ponat
3106 2210 3364 2267 animam
3408 2229 3579 2269 suam
3627 2229 3732 2285 pro
3774 2213 3987 2270 ovibus

2328 2300 2453 2357 suis
2496 2317 2509 2357 :
2534 2306 2591 2356 et
2622 2301 2693 2355 de
2724 2300 2927 2356 multis
2944 2300 3218 2373 gregibus
3240 2317 3503 2357 errorum
3522 2302 3793 2360 ﬂatunus
3813 2318 3982 2377 grex,

566 2403 943 2463 nequaquam
971 2404 1100 2447 esse
1128 2388 1477 2456 bibiturum,
1524 2388 1639 2444 nisi
1687 2389 1747 2443 in
1795 2403 1971 2460 regno
2029 2384 2227 2443 Patris
2256 2466 2270 2481 ἱ
2325 2395 2382 2446 et
2414 2407 2566 2445 unus
2598 2394 2795 2462 pastor
2826 2391 3003 2461 (Joan.
3037 2408 3092 2445 χ.
3128 2392 3235 2460 16).
3269 2390 3349 2449 De
3398 2392 3505 2447 hoc
3550 2392 3887 2449 testimonio
3918 2395 3985 2451 in

565 2476 975 2552 s’ui.Regnum
1004 2478 1215 2546 Patris,
1239 2477 1388 2536 217
1414 2477 1591 2534 ﬁdem
1616 2481 1758 2550 puto
1799 2493 1927 2533 esse
1973 2477 2213 2533 creden-

562 2567 736 2635 tium,
768 2567 1043 2641 Apostolo
1074 2584 1308 2642 quoque
1334 2568 1596 2641 idipsum
1641 2566 2061 2623 cenﬁrmante:
2124 2567 2217 2621 Ite.

559 2673 729 2729 gnum
758 2660 867 2714 Dei
892 2660 1043 2715 intra
1065 2673 1156 2714 vos
1186 2665 1263 2714 est
1316 2658 1465 2729 (Luc.
1518 2673 1659 2727 xvn,
1705 2657 1818 2725 21).
1878 2660 2025 2729 Ergo
2076 2671 2213 2711 cum

558 2745 746 2804 διιόωί
776 2746 1098 2821 receperint
1127 2763 1375 2821 regnum
1407 2746 1594 2803 Patris
1627 2746 1883 2818 (attende
1941 2745 2097 2816 quod
2130 2744 2213 2799 di-

557 2839 670 2906 cat,
694 2836 903 2907 Patris,
935 2853 1054 2896 non
1084 2836 1205 2909 Dei,
1241 2836 1434 2893 omnis
1466 2836 1637 2891 Pater
1666 2850 1878 2891 nomen
1900 2839 1988 2890 est
2019 2833 2167 2904 Filii)
2195 2852 2207 2890 :

558 2942 695 2984 cum
746 2926 1011 3000 inquam,
1061 2926 1418 2983 crediderint
1499 2926 1560 2980 in
1606 2929 1790 2981 Deum
1845 2928 2100 2994 Patrem,
2152 2929 2211 2980 et

558 3015 868 3072 adduxerit
894 3032 994 3073 eos
1020 3016 1194 3072 Pater
1212 3015 1287 3071 ad
1317 3014 1552 3083 Filium,
1584 3019 1725 3070 tunc
1746 3015 1817 3069 de
1851 3013 1984 3069 vino
2005 3029 2207 3069 eorum

554 3104 719 3161 bibet
745 3103 1052 3173 Dominus,
1083 3104 1216 3161 etin
1246 3104 1696 3160 similitudinem
1717 3103 1935 3177 Joseph
1955 3119 2207 3175 regnans

555 3193 618 3253 in
647 3194 911 3268 Egypte,
942 3192 1330 3251 inebriabitur
1356 3209 1489 3249 cum
1541 3192 1822 3249 fratribus
1875 3192 1998 3249 suis
2048 3192 2200 3262 (Gen.

552 3299 713 3355 XLIII,
740 3284 853 3353 34).

2270 2479 2539 2547 ’κὶὶὺεηω
2572 2495 2746 2552 quem
2769 2480 2836 2535 de
2874 2479 3085 2551 Optimo
3115 2496 3309 2550 genere
3338 2481 3744 2554 interpretandi
3772 2482 3795 2517 ⁸
3833 2482 3988 2539 scri-

2324 2570 2573 2643 psimus,
2608 2569 2839 2641 plenius
2871 2569 3097 2625 dictum
3130 2576 3239 2626 est.

2393 2663 2580 2728 (Vera.
2606 2659 2720 2731 33.)
2748 2680 2770 2710 ε
2805 2658 3187 2732 Respondeas
3218 2664 3414 2717 autem
3444 2664 3672 2730 Petrus,
3706 2661 3790 2717 ait
3847 2660 3978 2718 illi:

2322 2749 2391 2803 Et
2420 2748 2468 2804 si
2500 2764 2703 2804 omnes
2735 2747 3109 2805 scandalizati
3158 2750 3377 2805 fuerint
3421 2750 3482 2805 in
3531 2754 3612 2818 te,
3669 2765 3775 2823 ego
3823 2766 3981 2808 nun-

2321 2854 2497 2910 quam
2530 2837 2991 2894 scandalizabor.
3020 2860 3042 2887 -
3079 2838 3204 2894 Non
3237 2843 3326 2895 est
3341 2839 3666 2912 temeritas,
3682 2854 3788 2896 nee
3802 2856 3981 2897 men-

2319 2928 2586 2993 dacium;
2622 2928 2722 2983 sed
2750 2927 2895 2983 ﬁdes
2924 2932 3014 2983 est
3044 2928 3288 3001 apostoli
3319 2928 3493 2997 Petri,
3526 2933 3584 2985 et
3632 2930 3845 2987 ardens
3893 2930 3983 2987 af-

2317 3017 2507 3072 fectus
2537 3033 2672 3090 erga
2728 3016 3044 3073 Dominum
3096 3018 3470 3086 Sslvaterem,
3502 3020 3573 3075 de
3623 3034 3739 3092 quo
3788 3035 3975 3093 supra

2316 3105 2722 3266 ὼῗῧὲιῗέίιδ
2759 3212 2781 3241 α
2815 3194 2911 3249 Ait
2940 3193 3023 3249 illi
3055 3194 3260 3250 Jesus:
3287 3196 3469 3250 Amen
3505 3195 3634 3251 dice
3665 3195 3792 3268 tibi,
3827 3195 3971 3268 quia

2314 3283 2374 3338 in
2405 3283 2513 3339 hac
2546 3288 2710 3339 nocte
2740 3286 3055 3355 antequam
3088 3282 3281 3356 gallus
3311 3289 3527 3351 cantet,
3563 3289 3653 3340 ter
3681 3301 3774 3341 me
3796 3299 3973 3357 nega-

578 3422 586 3430 .
625 3372 811 3446 (Vere.
841 3373 957 3446 30.)
988 3396 1017 3425 ‹;
1051 3374 1118 3429 Et
1154 3372 1372 3446 hymno
1392 3371 1568 3444 dicto,
1628 3372 1893 3428 exierunt
1930 3372 1988 3427 in
2038 3387 2202 3428 men-
2232 3358 2274 3425 C
2312 3372 2423 3427 bis.
2451 3396 2478 3423 η
2515 3372 2583 3427 Et
2628 3371 2835 3427 Petrus
2893 3372 2964 3426 de
3024 3372 3229 3427 ardore
3278 3371 3413 3427 ﬁdei
3459 3372 3857 3443 promittebat,
3907 3378 3971 3431 et

550 3466 670 3520 tem
697 3460 922 3520 Oliveti.
949 3485 979 3513 »
1009 3467 1130 3520 Hoc
1150 3466 1239 3519 est
1267 3462 1425 3535 quod
1448 3461 1507 3517 in
1538 3462 1794 3533 quodam
1837 3459 2063 3533 psalmo
2116 3459 2197 3517 le-

546 3552 744 3626 gimus
773 3568 787 3609 :
822 3552 1295 3610 Manducaverunt
1323 3557 1376 3608 et
1432 3551 1799 3608 adoraverunt
1836 3566 2021 3607 omnes
2069 3552 2195 3620 pin-

545 3658 675 3713 gues
713 3646 880 3701 terra
912 3643 1087 3715 (Psal.
1147 3659 1263 3710 xxx,
1307 3643 1417 3712 30).
1450 3642 1623 3697 Juxta
1674 3640 1782 3696 hec
1841 3637 2193 3711 exemplum,

544 3732 648 3803 qui
678 3730 995 3788 Salvatoris
1026 3748 1176 3804 pane
1205 3734 1505 3787 saturatus
1563 3734 1622 3785 et
1651 3728 1831 3785 calice
1869 3728 2193 3783 inebriatus

542 3818 742 3888 fuerit,
783 3823 975 3893 potest
1032 3819 1272 3876 laudare
1322 3818 1634 3875 Dominum
1694 3822 1751 3874 et
1808 3818 2196 3873 conscendere

544 3908 607 3965 in
639 3912 900 3966 montem
929 3909 1153 3980 Oliveti,
1188 3908 1288 3966 ubi
1308 3908 1576 3965 laborum
1598 3905 2193 3979 refectio,dolorisque

543 3996 843 4068 solatium,
878 4002 936 4056 et
962 3998 1083 4057 veri
1112 3997 1356 4056 luminis
1386 3997 1595 4055 notitia
1620 4001 1729 4054 est.

615 4087 802 4162 (Vers.
833 4088 949 4162 31.)
977 4089 1187 4146 «Tunc
1217 4088 1359 4145 dicit
1396 4087 1514 4144 illis
1565 4088 1777 4144 Jesus:
1838 4090 2053 4144 Omnes
2090 4103 2122 4141 v

549 4176 890 4238 scandalum
944 4178 1247 4253 patiemini
1278 4178 1338 4235 in
1369 4194 1463 4235 me
1492 4176 1553 4233 in
1591 4176 1709 4235 ista
1756 4180 1943 4234 nocte.
1971 4198 1999 4226 »
2048 4175 2193 4232 Prae-

616 4380 633 4413 ¹
663 4378 805 4434 Tres
838 4375 1084 4435 Palatini
1117 4377 1285 4433 cedd.
1320 4373 1667 4448 expressiori
1700 4391 1898 4443 sensu,
1923 4376 1994 4428 ei.
2029 4371 2191 4430 Unus

542 4448 850 4506 Beccensis
877 4465 1056 4522 penes
1085 4449 1378 4515 Martian.,
1403 4448 1761 4502 sacramenti.

614 4538 638 4571 ²
665 4537 852 4594 Antea
878 4541 1003 4593 erat
1041 4540 1359 4594 veritatem:
1424 4535 1589 4591 nobis
1621 4552 1763 4591 mss.
1821 4535 2085 4590 omnium
2120 4536 2189 4590 ﬁ-

543 4608 679 4681 dem
710 4608 875 4681 sequi
906 4608 1146 4681 placuit,
1180 4624 1357 4665 sensu
1381 4678 1392 4681 _
1417 4608 1620 4681 eodem
1674 4610 2071 4681 permanente,
2119 4608 2189 4663 de

539 4678 951 4753 veritate'(noh
982 4681 1191 4752 ﬁgura,
1210 4684 1288 4753 ut
1316 4678 1515 4753 miseri
1543 4678 1793 4753 haeretici
1838 4678 2187 4753 recentiores

540 4750 798 4823 proiecta
821 4750 1153 4823 temeritate
1184 4750 1639 4823 calumniantur)
1671 4751 1929 4823 corporis
1962 4756 2016 4806 et
2046 4767 2184 4806 san-

540 4822 1093 4897 guinis_sui,_quam
1124 4824 1184 4897 in
1214 4839 1364 4897 pane
1396 4822 1622 4897 ac_vino
1674 4822 1939 4897 Christus
1971 4838 2184 4897 reprae-

538 4892 807 4949 sentavit.
840 4892 1064 4951 Placuit
1092 4892 1269 4952 etiam
1303 4895 1423 4951 hmo
1466 4892 1656 4965 lectio,
1689 4895 1841 4965 quod
1878 4892 2187 4965 superiori-

533 4965 732 5038 busiin
756 4968 1218 5038 przﬁguratione,
1249 4984 1317 5024 ex
1347 4967 1586 5023 adverso
1630 4966 1997 5038 respondeat.
2030 4996 2099 5038 :-
2123 4967 2185 5021 In

532 5037 768 5094 duobus
790 5037 957 5094 codd.
984 5055 1126 5095 mss.
1161 5038 1502 5095 monasterii
1532 5037 1837 5093 Beecensis
1867 5042 1923 5093 et
1944 5041 1996 5090 S.
2036 5037 2183 5092 Petri

533 5123 713 5193 super
740 5109 943 5193 Divam
964 5109 1096 5193 hac
1127 5107 1443 5193 leguntur:
1466 5113 1587 5181 Ipse
1615 5110 1933 5193 quoque'in‘
1958 5110 2185 5193 veritate

530 5179 628 5237 sui
648 5184 894 5254 corporis
922 5188 978 5238 et
1035 5179 1333 5254 sangainis
1362 5179 1786 5254 repraesentare.
1823 5179 2021 5254 Habes
2072 5181 2179 5234 ita-

530 5268 646 5326 que
666 5251 969 5310 veritatem
1001 5251 1259 5326 cerperis
1306 5258 1364 5308 et
1420 5251 1727 5325 sanguinis
1778 5251 2011 5326 Christi,
2052 5268 2178 5326 (non

446 5326 451 5333 ’
528 5323 720 5381 solum
746 5326 997 5395 ﬁguram
1041 5323 1344 5381 et'nudam
1394 5323 1688 5389 umbram,
1749 5328 1814 5395 ut
1866 5323 2179 5395 impudens

527 5396 742 5479 dogma
760 5394 1112 5479 Novatorum
1134 5396 1623 5479 ‘docet‘adversus
1638 5394 2006 5479 ‘Ecclesiamn.
2064 5395 2175 5479 lfie-

525 5465 647 5523 seih
690 5486 766 5542 an
795 5468 1223 5542 pessethodieg
1263 5468 1409 5542 ﬁdes
1466 5465 1752 5542 catholica
1791 5466 2177 5542 manifestius

525 5540 734 5619 exponi
778 5538 953 5619 quam
1012 5540 1259 5619 hicaS.
1317 5539 1665 5619 Hieronymo
1723 5538 1832 5593 fuit
1890 5538 2170 5619 exposita.

497 5606 689 5665 ‘Uiide
720 5606 936 5669 mirum
969 5613 1114 5669 mihi
1147 5629 1261 5668 non
1292 5616 1399 5678 est,
1432 5610 1482 5666 si
1513 5606 1675 5682 tanto
1708 5606 2016 5682 supercilio
2042 5611 2172 5666 Hie-

521 5694 847 5754 ronymum
866 5685 1301 5741 calumniantur
1328 5681 1606 5749 haeretici,
1640 5681 1964 5753 praesertim
1987 5683 2171 5754 impe-

518 5752 618 5811 riti
639 5751 873 5809 Clerici.
906 5755 1090 5812 Mam.

2307 3460 2571 3518 Salvator
2596 3461 2765 3533 quasi
2796 3461 2952 3517 Deus
2981 3460 3178 3516 future
3207 3464 3463 3518 noverat.
3496 3460 3565 3516 Et
3620 3467 3759 3518 nota
3804 3462 3966 3533 quod

2306 3555 2513 3607 Petrus
2544 3552 2603 3607 in
2630 3555 2797 3606 nocte
2827 3555 3016 3623 neget,
3070 3554 3127 3605 et
3182 3556 3354 3624 neget
3399 3550 3593 3607 tertio.
3648 3550 3965 3623 Postquam

2305 3646 2499 3697 autem
2532 3640 2723 3713 gallus
2778 3639 3010 3706 cecinit,
3067 3643 3117 3695 et
3176 3639 3647 3697 decrescentibus
3706 3640 3966 3697 tenebris

2303 3729 2493 3785 vicina
2523 3729 2623 3784 lux
2643 3729 2913 3784 nuntiata
2943 3733 3050 3797 est,
3074 3745 3387 3785 conversus
3418 3729 3575 3785 ﬂevit
3606 3745 3823 3799 amare,
3857 3744 3965 3785 ne-

2304 3817 2556 3890 gationis
2586 3817 2788 3872 sordes
2817 3818 2840 3851 ⁴
2870 3816 3221 3888 poenitentia;
3253 3817 3529 3890 lacrymis
3558 3817 3785 3875 lavans.

2374 3907 2558 3977 (Vers.
2591 3907 2705 3977 36.)
2731 3928 2759 3955 »
2784 3906 2949 3962 Tunc
2977 3906 3137 3963 venit
3162 3907 3338 3964 Jesus
3388 3922 3523 3963 cum
3565 3906 3683 3965 illis
3731 3907 3793 3963 in
3848 3907 3963 3965 vil-

2302 3995 2443 4063 lam,
2477 4012 2604 4067 quae
2635 3995 2849 4051 dicitur
2902 3995 3299 4067 Gethsemani,
3349 4000 3405 4053 et
3461 3995 3607 4052 dixit
3652 3996 3963 4071 discipulis

2302 4085 2466 4141 suis:
2498 4084 2705 4141 Sedete
2733 4083 2846 4152 hic,
2914 4085 3097 4141 donec
3146 4085 3358 4142 vadam
3406 4084 3547 4142 illuc
3602 4090 3662 4142 et
3715 4101 3899 4143 orem.
3927 4109 3961 4139 ››

2302 4174 2682 4232 Gethsemani
2711 4174 3145 4248 interpretatur,
3195 4175 3365 4233 vallis
3414 4177 3791 4249 pinguissima
3819 4178 3861 4247 ⁸,
3891 4177 3959 4237 in

2301 4373 2660 4449 describere’
2692 4396 2719 4422 «
2754 4372 3121 4449 In_Ma_tthzeo
3157 4373 3431 4449 legimus,
3447 4373 3956 4449 Dominumipraa-

2301 4446 2593 4519 dicentem
2614 4446 2894 4519 apostolis
2928 4446 3150 4518 fugam,
3184 4446 3241 4519 et
3271 4447 3379 4502 hoc
3420 4448 3614 4519 ipsum
3663 4446 3956 4505 Zacharias

2300 4516 2635 4573 testimonio
2654 4516 3141 4591 confirmantem:
3176 4516 3459 4590 Scriptum
3508 4528 3611 4591 est,
3674 4518 3775 4586 ait,
3822 4520 3959 4575 Per-

2298 4592 2499 4644 cutz‘am
2547 4591 2905 4661 pastoremﬂet
2962 4588 3345 4661 dispergentar
3406 4606 3552 4647 oves.
3596 4588 3684 4646 'At
3741 4591 3800 4647 in
3851 4592 3954 4649 Se-

2300 4661 2605 4732 ptuaginta
2634 4665 2690 4715 et
2718 4660 2778 4732 in
2811 4660 3055 4718 Hebraeo
3079 4661 3264 4717 multo
3286 4661 3452 4717 aliter
3477 4688 3491 4731 ;
3527 4678 3662 4718 nom
3694 4664 3852 4719 enim
3882 4679 3959 4722 ex

2217 4735 2265 4801 Ι)
2298 4731 2546 4806 persona
2576 4733 2671 4786 Dei
2705 4731 2937 4806 dicitur,
2989 4738 3056 4788 ut
3101 4733 3466 4806 Evangelista
3519 4733 3677 4790 vult:
3732 4736 3832 4791 sed
3881 4751 3955 4793 ex

2294 4804 2589 4877 prophetae
2615 4808 2794 4859 Deum
2820 4804 3049 4860 Patrem
3073 4804 3365 4877 rogantis:
3398 4807 3632 4863 Percute
3647 4811 3951 4877 pastorem,

2294 4875 2343 4931 et
2374 4875 2756 4946 dispergentur
2783 4891 2921 4933 oves.

2366 4947 2387 4980 ι
2419 4947 2600 5021 Penes
2643 4947 2987 5016 Victorium,
3047 4957 3219 5005 terna:
3249 4951 3565 5021 negationis
3622 4949 3804 5005 sordes
3861 4949 3949 5006 la-

2292 5020 2499 5089 crymis
2517 5019 2728 5074 latrans.

2363 5092 2384 5123 ⁴
2416 5090 2477 5144 In
2510 5090 2640 5145 aliis
2672 5090 2840 5145 libris
2870 5095 2980 5157 est,
3010 5093 3307 5163 pinguium
3331 5111 3350 5147 :
3374 5093 3433 5148 in
3464 5091 3617 5160 aliis,
3651 5099 3715 5147 ut
3738 5096 3796 5148 et
3837 5091 3943 5150 lib.

2291 5161 2457 5234 Nom.
2499 5163 2669 5217 Vallis
2690 5161 3112 5233 pznguedinam.
3144 5164 3433 5219 Victorius
3459 5165 3517 5219 in
3546 5164 3701 5220 hunc
3722 5164 3946 5234 locum,

2290 5255 2317 5281 «
2344 5233 2441 5309 Ut,
2468 5233 2676 5305 inquit,
2711 5235 3219 5309 uallempz’nguium
3268 5236 3576 5308 signiﬁcet,
3623 5233 3938 5309 legendum

2289 5311 2377 5360 est
2405 5307 2741 5378 Gcssemani,
2802 5307 2953 5376 quod
2989 5314 3078 5362 est
3123 5307 3422 5378 HebraiCe,
3481 5307 3773 5367 une-Su:
3827 5308 3943 5378 Ye-

2287 5392 2419 5431 sum
2451 5378 2593 5449 quia
2645 5377 2839 5449 Graece
2888 5378 3170 5449 scriptum
3222 5380 3279 5434 in
3313 5377 3585 5435 Matthaao
3646 5377 3944 5435 invenitur

2286 5446 2601 5519 Γεθσεμανεὶ
2661 5447 2843 5519 aliqui
2886 5446 3166 5506 Heb'raice
3197 5451 3387 5522 periti,
3450 5450 3684 5522 Syriaca
3742 5450 3939 5522 potius

2284 5522 2522 5594 nemina
2578 5536 2706 5574 esse
2762 5531 3054 5587 umnam,
3104 5521 3281 5594 quam
3342 5521 3625 5578 Hebraica
3692 5521 3933 5594 putant:

2282 5591 2727 5667 signiticareque
2758 5598 3053 5667 asserunt,
3100 5591 3370 5667 Pecuaria
3420 5594 3663 5667 butyri:
3695 5591 3931 5667 ’quippe

2280 5680 2411 5718 cum
2447 5662 2815 5738 apud‘blyros
2849 5666 3118 5738 (quorum
3154 5666 3356 5738 lingua
3387 5682 3417 5721 e
3455 5662 3750 5738 Babylone
3806 5662 3937 5738 see-

2279 5738 2539 5808 ctatunc
2570 5735 2898 5789 utebantur
2931 5737 3116 5792 Judaei
3173 5735 3268 5798 Μ’
3290 5738 3445 5793 idem
3477 5735 3762 5808 sitr'quod
3814 5737 3932 5795 He-

587 5806 1266 5899 llI‘lvpistpl’a"i-nmiiviostra
1321 5825 1660 5899 recensione
1672 5825 1775 5899 Δ57.
1810 5825 1975 5899 Libet
2030 5841 2164 5882 vero
2276 5806 2471 5861 braice
2500 5811 2760 5899 ’{PPlet
2779 5818 2932 5899 m3?
2962 5808 3114 5864 idem
3147 5810 3301 5899 (ξηρά
3333 5820 3471 5869 “RD
3518 5807 3577 5865 id
3607 5806 3748 5899 3‘73"”
3774 5808 3934 5899 ΜΨ

511 5892 916 5984 ipsafquipus
943 5898 1354 5961 testimonium
1387 5897 1535 5957 illud
1593 5896 1925 5972 edisseruit,
1985 5899 2165 5960 verba
2274 5911 2437 5959 rum:
2471 5892 2834 5960 vel'uti'loeus
2866 5895 3058 5957 dictus
3078 5899 3216 5960 sita
3244 5898 3475 5979 butyro,
3505 5898 3664 5975 quod
3710 5896 3794 5961 ibi
3832 5914 3929 5986 sgf
