4304 6608
615 500 728 557 207

603 630 776 701 juxta
799 626 1170 700 Apostolum,
1203 628 1261 683 in
1293 628 1506 701 spiritu
1560 628 1753 684 carnis
1794 643 1969 699 opera
2020 626 2261 707 mor’til‘i-
2295 626 2345 692 Α

614 721 825 773 cantur
843 718 1021 789 (Rom.
1045 734 1171 784 vm,
1205 718 1315 787 13).

690 805 874 878 (Vers.
908 807 1024 877 42.)
1046 829 1074 857 ‹‹
1108 807 1325 862 Iterum
1358 807 1614 862 secundo
1648 806 1795 862 abiit
1831 810 1887 860 et
1929 806 2134 872 oravit,
2188 804 2268 857 di-

1857 495 1918 553 S.
1969 492 2277 554 EUSEBlI
2327 492 2770 552 IllEltONYMI

3900 496 4025 563 208

2450 625 2634 693 (Vers.
2668 626 2778 696 50).
2814 649 2840 675 ‹‹
2876 625 3147 699 Dixitque
3181 627 3261 681 illi
3291 634 3497 684 Jesus:
3530 629 3748 702 Amice,
3776 632 3850 688 ad
3880 633 4024 706 quid

2373 713 2579 768 venisti
2606 714 2633 767 ?
2663 715 2824 769 Tunc
2856 721 3228 771 accesserunt
3259 722 3314 773 et
3346 735 3557 774 manus
3592 721 3919 790 injecerunt
3962 723 4024 780 in

2286 800 2678 943 \lpesum,et
2714 809 3022 859 tenuerunt
3052 823 3207 860 eum.
3246 829 3272 855 ι»
3304 808 3581 877 Verbum,
3636 812 3838 879 Amice,
3889 811 4026 866 κατὰ

2385 891 2397 904 ’
2438 890 2681 943 timenem
2712 892 3274 943 intelligendumxnl
3314 903 3466 943 norit).
3501 900 3655 943 invia
3684 900 3826 943 illud
3864 903 4019 943 nnan

619 911 796 951 cens:
831 894 999 951 Pater
1028 895 1132 965 mi,
1178 896 1227 951 si
1276 912 1390 951 non
1451 900 1639 967 potest
1686 896 1780 950 hic
1830 895 1981 949 calix
2019 894 2267 949 transire
2346 890 2681 968 \ivriepaew
2712 892 3277 965 intelligendum,vel
3314 903 3466 953 certe
3492 900 3661 968 juxta
3684 900 3829 956 illud
3864 903 4024 974 quod

621 983 734 1040 nisi
764 983 963 1040 bibam
992 982 1292 1053 illum,ﬁat
1322 984 1589 1040 voluntas
1620 989 1739 1039 tua.
1762 1003 1792 1035 ι
1823 984 2091 1038 Secundo
2115 986 2260 1047 orat,

2375 997 2553 1051 supra
2586 982 2873 1053 legimus:
2906 986 3109 1053 Amice,
3160 988 3427 1057 quomodo
3466 988 3571 1043 huc
3622 991 3865 1059 intrasti,
3914 1009 4027 1048 non

623 1077 688 1128 ut
718 1072 769 1128 si
797 1072 1001 1129 Ninive
1030 1072 1198 1129 aliter
1225 1074 1433 1129 salvari
1465 1090 1580 1129 non
1624 1077 1834 1144 potest,
1884 1072 1994 1127 nisi
2046 1071 2266 1125 aruerit
2372 1069 2575 1123 habens
2609 1076 2803 1125 restem
2834 1073 3149 1143 nuptialem
3178 1077 3399 1145 (Matth.
3435 1095 3574 1149 xxu,
3614 1080 3699 1148 1'2)
3723 1080 3750 1133 ‘t

623 1160 1341 1232 cucurbita,ﬁatvoluntas
1370 1162 1577 1231 Patris,
1630 1179 1755 1233 quae
1802 1177 1917 1215 non
1984 1165 2072 1215 est
2129 1176 2264 1214 con-

624 1251 805 1306 traria
831 1249 960 1305 Filii
990 1249 1530 1315 voluntati,dicente
1552 1250 1678 1320 ipso
1728 1265 1830 1320 per
1880 1248 2261 1319 prophetam:

625 1349 689 1405 Ut
706 1356 943 1419 [acerem
970 1348 1308 1403 voluntatem
1339 1352 1514 1418 tuam,
1534 1349 1674 1403 Deus
1702 1363 1877 1419 meus,
1910 1348 2063 1403 votui
2094 1347 2263 1417 (Psal.

629 1453 816 1504 xxxxx,
848 1437 923 1506 9).
2032 1492 2039 1495 .

694 1524 878 1595 (Vers.
911 1526 1000 1581 43.
1033 1525 1146 1596 44).
1186 1545 1206 1574 α
1243 1526 1309 1580 Et
1326 1526 1486 1581 venit
1512 1525 1746 1595 iterum,
1795 1530 1853 1581 et
1902 1524 2121 1580 invenit
2169 1541 2265 1579 eos

623 1614 1005 1670 dormientes.
1038 1615 1217 1671 Erant
1262 1614 1419 1670 enim
1457 1614 1608 1670 oculi
1654 1631 1857 1671 eorum
1896 1612 2141 1686 gravati.
2204 1618 2269 1667 Et

625 1702 847 1760 relictis
875 1702 1014 1768 illis,
1047 1703 1258 1759 iterum
1293 1704 1457 1772 abiit,
1490 1708 1547 1759 et
1578 1704 1760 1760 oravit
1788 1704 2267 1773 tertio,eumdem

629 1807 961 1849 sermonem
992 1793 1213 1848 dicens.
1245 1814 1272 1843 ››
1299 1792 1470 1849 Solus
1498 1798 1625 1848 orat
1653 1810 1756 1865 pro
1788 1793 2084 1863 omnibus,
2120 1794 2272 1847 sicut

631 1886 690 1939 et
714 1881 876 1937 solus
906 1881 1125 1955 patitur
1154 1882 1302 1939 221
1340 1899 1443 1955 pro
1475 1883 2274 1955 universis.Languescebant

633 1973 831 2025 autem
860 1973 917 2025 et
940 1968 1424 2041 opprimebantur
1453 1970 1849 2043 apostolorum
1899 1970 2050 2025 oculi
2096 1986 2270 2042 nega-

636 2058 792 2115 tione
820 2056 1030 2115 vicina.

703 2146 894 2218 (Vere.
936 2149 1048 2220 45).
1081 2172 1108 2199 ‹‹
1132 2153 1291 2205 Tunc
1323 2149 1477 2205 venit
1508 2150 1579 2206 ad
1630 2149 1950 2222 discipulos
1999 2165 2160 2214 suos,
2220 2152 2275 2203 et

635 2236 776 2293 dicit
803 2236 919 2293 illis
952 2256 965 2294 :
999 2237 1422 2309 Dormitejam,
1457 2245 1513 2294 et
1542 2239 1887 2311 requiescite
1920 2256 1932 2293 :
1982 2256 2109 2294 ecce
2168 2255 2273 2311 ap-

518 2352 531 2365 κ
633 2326 1045 2400 propinquavit
1064 2327 1226 2395 hora,
1259 2332 1315 2383 et
1362 2326 1542 2383 Filius
1589 2328 1843 2383 hominis
1891 2329 2155 2384 tradetur
2213 2328 2273 2382 in

634 2432 846 2472 manus
875 2420 1265 2488 peccatorum.
1303 2438 1325 2468 ι
1355 2417 1669 2489 Postquam
1702 2418 1873 2472 tertio
1904 2421 2183 2482 oraverat,
2210 2421 2275 2471 ut

631 2503 693 2560 in
723 2520 820 2561 ore
840 2505 1090 2560 duorum
1122 2505 1207 2561 vel
1238 2506 1417 2561 trium
1440 2506 1677 2561 testium
1710 2511 1891 2562 staret
1921 2523 2093 2561 omne
2146 2522 2271 2560 ver-

628 2594 771 2650 bum
803 2593 1009 2664 (Matth.
1039 2612 1197 2665 xvm,
1246 2596 1340 2663 19;
1402 2596 1455 2651 ll
1507 2598 1626 2651 Cor.
1675 2612 1799 2661 xm,
1842 2596 1910 2667 l),
1963 2600 2018 2651 et
2051 2600 2276 2666 aposto-

630 2683 823 2741 lorum
844 2683 1116 2741 timorem
1160 2685 1431 2756 sequenti
1480 2685 1822 2757 poenitentia
1864 2686 2274 2757 impetraverat

631 2773 1067 2845 corrigendum,
1108 2790 1350 2830 securus
1390 2775 1461 2830 de
1500 2776 1771 2846 passione
1820 2792 1927 2829 sua
1972 2775 2157 2846 pergit
2200 2777 2271 2830 ad

629 2866 1052 2935 persecutores,
1086 2866 1143 2918 et
1172 2862 1323 2918 ultro
1347 2880 1408 2919 se
1440 2864 1905 2920 interficiendum
1929 2865 2166 2935 praebet,
2187 2866 2271 2919 di-

630 2952 829 3022 citque
858 2950 1165 3023 discipulis
1196 2952 1320 3008 suis
1353 2969 1366 3007 :

704 3040 890 3111 (Vere.
922 3042 1013 3109 46,
1046 3042 1152 3111 47).
1182 3064 1211 3092 ‹‹
1243 3041 1493 3114 Surgite,
1527 3058 1731 3098 eamus
1759 3061 1771 3111 ;
1796 3058 1926 3098 ecce
1956 3044 2274 3115 appropin-

638 3129 839 3202 quavit
867 3130 967 3201 qui
998 3146 1091 3185 me
1122 3131 1330 3187 tradet.
1363 3131 1566 3186 Adhuc
1598 3148 1662 3187 eo
1696 3132 1988 3204 loquente,
2024 3150 2154 3188 ecce
2174 3136 2272 3190 .lu-

638 3220 746 3277 das
775 3236 933 3276 unus
951 3220 1531 3291 deduodecimvenit,
1555 3226 1611 3276 et
1639 3238 1773 3277 cum
1800 3239 1865 3277 eo
1898 3223 2069 3277 turba
2090 3223 2273 3281 multa

635 3324 770 3365 cum
800 3308 1012 3381 gladiis
1039 3313 1097 3364 et
1126 3309 1400 3377 fustibus,
1435 3310 1600 3366 missi
1632 3327 1665 3365 a
1695 3311 2056 3383 principibus
2090 3328 2275 3367 sacer-

632 3399 856 3469 dotum,
889 3404 942 3454 et
974 3396 1303 3455 senioribus
1334 3400 1549 3471 populi.
1602 3422 1627 3447 η
1677 3400 1759 3455 Ne
1816 3418 1920 3455 nos
1977 3400 2276 3457 inveniant
2305 3377 2347 3443 C

514 3550 523 3563 ιη
632 3488 798 3560 quasi
831 3487 1104 3544 timentes
1124 3492 1181 3544 et
1214 3488 1571 3544 retrahentes
1603 3492 1642 3557 ί,
1671 3489 1824 3544 ultro
1857 3507 2169 3562 pergamus
2201 3492 2270 3546 ad

632 3581 904 3649 mortem,
932 3578 1431 3635 utconﬁdentiam
1463 3582 1520 3633 et
1559 3579 1840 3650 gaudium
1896 3581 2126 3651 passuri
2186 3580 2273 3635 vi-

638 3666 835 3723 deant.
948 3678 957 3685 ‘
1141 3657 1151 3668 ’

706 3754 894 3827 (Vere.
928 3757 1039 3826 48).
1075 3778 1101 3806 ‹‹
1136 3756 1243 3822 Qui
1275 3761 1467 3812 autem
1501 3758 1743 3813 tradidit
1771 3775 1930 3826 eum,
1965 3760 2126 3813 dedit
2160 3759 2275 3814 illis

639 3844 1142 3917 signum,dicens:
1177 3846 1594 3917 Quemcunque
1614 3846 1912 3902 osculatus
1942 3848 2123 3915 fuero,
2151 3848 2276 3919 ipse

636 3938 746 4001 est,
782 3938 973 3990 tenete
1003 3950 1157 3990 eum.
1194 3955 1216 3985 ι
1254 3934 1430 3990 Miser
1457 3935 1660 4005 Judas,
1694 3941 1751 3993 et
1778 3940 1973 3991 tamen
2006 3954 2121 3992 non
2166 3937 2273 3992 mi-

635 4023 921 4092 serabilis,
954 4024 1155 4081 eadem
1185 4024 1544 4091 inﬁdelitate,
1579 4042 1694 4097 qua
1716 4026 2066 4099 magistrum
2098 4032 2155 4082 et
2173 4027 2278 4083 Do-

635 4114 862 4171 minum
895 4114 1152 4181 tradidit,
1196 4115 1439 4187 putabat
1490 4115 1679 4187 signa,
1732 4133 1860 4186 qua:
1918 4115 2273 4172 Salvatorem

630 4206 853 4262 viderat
909 4205 1235 4275 facientem,
1270 4222 1384 4260 non
1416 4208 1722 4275 majestate
1752 4206 1966 4271 divina,
2009 4207 2108 4260 sed
2152 4223 2276 4261 ma-

612 4296 776 4370 gicis
806 4296 1032 4351 artibus
1064 4295 1233 4350 facta.
1266 4295 1337 4348 Et
1358 4294 1498 4365 quia
1526 4310 1659 4349 eum
1707 4294 1850 4347 forte
1895 4293 2158 4349 audierat
2214 4294 2271 4348 in

629 4389 828 4441 monte
856 4384 1343 4455 transﬁguratum
1376 4383 1595 4452 (Matth.
1627 4399 1765 4451 xvu,
1807 4382 1882 4449 3),
1916 4381 2161 4437 timebat
2204 4401 2274 4437 ne

628 4471 808 4529 simili
837 4471 1351 4527 transformatione
1382 4470 1707 4526 elaberetur
1736 4487 1765 4526 e
1793 4470 2067 4525 manibus
2100 4472 2273 4526 mini-

632 4566 911 4618 strorum.
937 4558 1047 4615 Dat
1080 4576 1214 4632 ergo
1238 4559 1496 4631 signum,
1548 4564 1610 4614 ut
1668 4559 1857 4615 sciant
1904 4560 2097 4632 ipsum
2150 4576 2274 4616 esse

637 4664 812 4721 quem
836 4649 1035 4705 osculo
1067 4649 1511 4705 demonstraret.

2446 1158 2631 1229 (Vers.
2662 1161 2773 1230 5t).
2804 1184 2827 1209 ‹‹
2865 1163 2930 1216 Et
2960 1178 3088 1218 ecce
3124 1180 3277 1220 unus
3308 1182 3377 1220 ex
3408 1165 3522 1238 his,
3556 1167 3656 1239 qui
3689 1173 4026 1228 erantcum

2374 1246 2696 1314 Jesu,222
2720 1251 3033 1306 extendens
3052 1270 3292 1309 manum
3314 1256 3526 1310 exemit
3543 1254 3803 1329 gladium
3820 1276 4023 1327 suum,

2376 1341 2430 1389 et
2456 1340 2787 1407 percutiens
2815 1356 3046 1395 servum
3079 1342 3360 1415 principis
3395 1346 3787 1417 sacerdotum,
3814 1365 4028 1421 ampu-

2374 1426 2516 1479 tavit
2546 1428 2870 1483 auriculam
2902 1431 3050 1499 ejus.
3080 1454 3106 1479 ››
3128 1433 3186 1486 ln
3212 1432 3323 1489 alio
3346 1434 3703 1507 evangelista
3724 1438 4028 1508 [ALEvan-

2376 1514 2547 1585 geliol
2570 1517 2853 1588 scriptum
2884 1525 2991 1583 est,
3022 1521 3176 1591 quod
3212 1522 3413 1578 Petrus
3448 1523 3555 1579 hoc
3578 1524 3795 1594 fecerit,
3822 1527 4031 1584 eodem

2379 1604 2587 1658 mentis
2619 1605 2823 1661 ardore
2856 1624 2970 1678 quo
3003 1612 3383 1677 ceetera.(Lur.
3442 1628 3582 1680 xxu,
3641 1615 3752 1682 49).
3782 1622 3785 1627 ’
3818 1618 4034 1673 Servus

2379 1710 2612 1764 quoque
2644 1696 2924 1768 principis
2970 1700 3338 1755 sacerdotum
3399 1700 3646 1759 Malchu:
3702 1704 4037 1778 appellatur

2379 1783 2483 1852 [AL
2516 1783 2936 1857 appellabatur]
2973 1788 3274 1853 ;auricula
3306 1808 3430 1861 quae
3468 1798 3832 1866 amputatur,
3891 1796 4033 1853 dex-

2384 1876 2505 1925 tera
2536 1877 2643 1928 est.
2680 1874 3034 1931 Transilorie
3060 1878 3397 1947 dicendum,
3431 1882 3584 1953 quod
3638 1884 3909 1956 Malchus,
3969 1885 4034 1941 id

2382 1966 2489 2028 est,
2526 1978 2624 2015 me
2654 1964 2948 2033 quondam
2975 1965 3228 2038 p0pulus
3270 1969 3629 2040 Judaeorum,
3690 1989 3893 2031 servus
3943 1972 4033 2031 fa-

2384 2054 2512 2105 ctus
2559 2052 2632 2105 sit
2692 2052 3010 2123 impietatis
3060 2060 3114 2111 et
3173 2058 3561 2116 devorationis
3631 2064 4029 2121 sacerdotum.

2384 2138 2802 2211 Dexteramquo
2824 2144 3141 2212 perdiderit
3169 2146 3519 2218 auriculam,
3552 2154 3617 2205 ut
3660 2154 3843 2207 totam
3874 2152 4033 2209 litte-

2384 2244 2458 2281 rte
2490 2227 2770 2284 vilitatem
2798 2232 2819 2263 ²
2847 2232 3044 2288 audiat
3077 2234 3131 2289 in
3167 2234 3403 2292 sinistra
3436 2256 3448 2293 :
3483 2239 3584 2294 sed
3630 2241 3915 2298 Dominus
3965 2243 4031 2299 in

2384 2316 2497 2383 his,
2529 2318 2627 2388 qui
2659 2335 2726 2373 ex
2759 2319 2977 2376 Judaais
3009 2324 3241 2381 credere
3269 2325 3597 2395 voluerunt,
3632 2328 3887 2388 reddidit
3928 2349 4032 2388 au-

2384 2423 2504 2461 rem
2538 2408 2818 2479 dextram,
2852 2416 2908 2465 et
2940 2412 3072 2467 fecit
3105 2431 3337 2471 servum
3368 2434 3553 2488 genus
3603 2418 3796 2492 regale
3837 2425 3893 2477 et
3940 2438 4037 2479 sa-

2382 2497 2687 2553 cerdotale.

2451 2587 2638 2655 (Vers.
2664 2590 2776 2659 5'2).
2812 2613 2839 2638 «
2872 2591 3034 2647 Tunc
3064 2593 3144 2646 ait
3176 2594 3255 2648 illi
3306 2595 3479 2651 Jesus
3513 2616 3525 2653 :
3582 2600 3857 2657 Converte
3902 2601 4033 2675 gla-

2383 2676 2543 2730 dium
2576 2682 2743 2731 tuum
2777 2679 2832 2733 in
2864 2678 3056 2735 locum
3089 2699 3284 2739 suum.
3319 2685 3534 2741 Omnes
3558 2686 3715 2743 enim
3748 2690 3847 2761 qui
3871 2708 4037 2750 acce-

2383 2766 2573 2837 perint
2599 2766 3082 2840 gladium,gladio
3115 2773 3407 2843 peribunt.
3446 2798 3472 2824 ››
3506 2776 3571 2830 Et
3599 2777 3648 2831 si
3674 2795 3787 2834 non
3809 2781 4033 2838 frustra

2386 2860 2576 2925 portat
2606 2856 2889 2927 gladium,
2915 2860 3015 2931 qui
3049 2860 3201 2916 ultor
3232 2863 3539 2920 Dominicze
3565 2866 3660 2921 iraa
3686 2868 3916 2939 positus
3939 2876 4035 2928 est

2386 2944 2443 2998 in
2474 2960 2629 3012 eum,
2665 2946 2763 3017 qui
2788 2947 3007 3002 malum
3042 2954 3509 3025 speraturmom.
3550 2972 3674 3024 xm,
3727 2958 3823 3029 4);
3883 2965 4034 3017 atta-

2385 3050 2517 3088 men
2551 3035 2884 3107 quicunqne
2914 3037 3174 3110 gladium
3208 3043 3544 3115 sumpserit,
3572 3044 3765 3118 gladio
3816 3048 4036 3120 peribit

2385 3122 2535 3191 (Gen.
2571 3142 2646 3191 ix,
2671 3126 2747 3195 6).
2780 3128 2902 3191 Quo
2930 3126 3167 3199 gladio?
3199 3129 3295 3185 illo
3320 3149 3527 3205 nempe
3559 3135 3654 3207 qui
3675 3136 3881 3209 igneus
3901 3155 4032 3196 ver-

2386 3213 2529 3267 titur
2558 3218 2689 3268 ante
2713 3216 3048 3285 paradisum
3083 3220 3237 3288 (Gcn.
3274 3222 3356 3293 Ill)
3392 3240 3404 3290 ;
3439 3228 3492 3277 et
3515 3223 3708 3295 gladio
3757 3226 4028 3300 spiritus,

2384 3304 2483 3373 qui
2517 3302 2572 3356 in
2604 3304 2703 3359 Dei
2754 3306 3101 3361 describitur
3157 3316 3454 3368 armatura
3501 3314 3714 3384 (Ep/tes.
3775 3333 3853 3372 v1.
3915 3319 4029 3388 17).

2455 3394 2638 3463 (Vers.
2673 3394 2762 3458 53,
2795 3396 2907 3449 54).
2942 3419 2968 3444 ‹‹
3005 3398 3089 3451 Αη
3120 3404 3289 3469 putas
3322 3401 3461 3472 quia
3490 3419 3606 3457 non
3639 3421 3879 3476 possum
3934 3425 4032 3464 ro-

2383 3498 2518 3554 gare
2542 3486 2771 3538 Patrem
2802 3500 3020 3555 meum,
3054 3491 3113 3541 et
3158 3488 3455 3545 exhibebit
3500 3493 3645 3547 mihi
3678 3494 3849 3550 modo
3895 3495 4032 3568 plus

2385 3588 2558 3642 quam
2600 3574 2906 3629 duodecim
2967 3575 3224 3647 legiones
3274 3579 3665 3651 angelorum?
3722 3584 4027 3649 Quomodo

2383 3676 2517 3733 ergo
2538 3661 2942 3733 implebuntur
2960 3665 3266 3737 Scriptores
3288 3684 3299 3721 :
3322 3668 3459 3740 quia
3475 3672 3557 3726 sic
3578 3678 3802 3744 oportet
3815 3674 3939 3729 ﬁeri
3963 3674 4028 3730 ?»

2384 3749 2509 3804 Non
2540 3750 2771 3822 indigeo
2804 3754 3110 3810 duodecim
3134 3758 3530 3828 apostolorum
3554 3761 4033 3834 auxilio,etiamsi

2386 3855 2590 3893 omnes
2622 3856 2712 3893 me
2744 3841 3244 3915 defenderent,qui
3277 3861 3517 3917 possum
3551 3847 3763 3905 habere
3808 3850 4034 3909 duode-

2385 3926 2498 3981 cim
2529 3926 2785 3998 legiones
2816 3930 3060 4001 angelici
3090 3933 3393 3990 exercitus.
3429 3935 3556 3992 Una
3585 3936 3733 4011 legio
3760 3940 3915 4012 apud
3942 3958 4040 3999 ve-

2384 4018 2534 4070 teres
2567 4033 2665 4071 sex
2696 4017 2957 4074 millibus
2991 4022 3391 4093 complebatur
3420 4024 3747 4084 hominum.
3770 4027 3876 4083 Pro
3908 4030 4042 4087 bre-

2384 4105 2563 4159 vitate
2594 4108 2873 4177 temporis
2906 4126 3219 4166 numerum
3256 4130 3369 4169 non
3430 4116 3798 4173 occurrimus
3846 4118 4035 4191 expli-

2384 4212 2533 4265 care,
2567 4200 2734 4267 typos
2756 4200 3021 4254 tantum3
3053 4200 3267 4257 dixisse
3300 4203 3553 4260 sufﬁciat
3582 4221 3596 4261 :
3654 4209 4037 4281 septuaginta

2384 4285 2498 4339 duo
2530 4284 2714 4340 millia
2745 4288 3105 4359 angelorum,
3163 4290 3221 4344 in
3273 4296 3416 4364 quot
3465 4299 3667 4366 gentes
3717 4296 4033 4356 hominum

2384 4372 2586 4445 lingua
2615 4374 2799 4429 divisa
2820 4381 2928 4443 est,
2962 4378 3270 4434 duodecim
3330 4381 3661 4453 legionibus
3707 4385 3856 4441 ﬁeri.
3920 4386 4029 4443 Se-

2384 4478 2571 4533 quens
2600 4466 2889 4520 sententia
2916 4473 3250 4538 promptum
3284 4471 3353 4524 ad
3388 4471 3728 4542 patiendum
3782 4476 4032 4532 demon-

2383 4557 2531 4607 strat
2554 4554 2818 4609 animum
2848 4556 3003 4626 quod
3062 4557 3280 4613 frustra
3336 4561 3629 4632 prophetae
3688 4563 4032 4634 cecinerint,

2382 4640 2495 4696 nisi
2526 4641 2809 4699 Dominus
2835 4659 2933 4701 eos
2963 4662 3093 4701 vere
3118 4647 3354 4714 dixisse,
3389 4649 3660 4721 passione
3709 4670 3817 4709 sua
3865 4670 4032 4711 asse-

708 4739 887 4811 (Vers.
921 4739 1030 4809 49).
1070 4762 1089 4786 σ
1117 4743 1185 4793 Et
1211 4738 1520 4793 confestim
1577 4740 1859 4794 accedens
1918 4741 1987 4795 ad
2042 4742 2269 4803 Jesum,
2304 4745 2350 4811 D
2382 4732 2584 4786 ruerit-

634 4828 779 4884 dixit
812 4844 825 4882 :
859 4829 989 4893 Ave,
1025 4826 1230 4882 Rabbi.
1263 4826 1332 4881 Et
1361 4828 1658 4883 osculatus
1689 4833 1780 4883 est
1809 4844 1963 4884 eum.
1992 4851 2019 4878 ››
2070 4833 2274 4902 Impu-

633 4918 780 4973 dens
802 4915 1037 4988 quidem
1068 4920 1124 4970 et
1171 4914 1452 4971 scelerata
1506 4917 1878 4983 conﬁdentia,
1922 4916 2272 4989 magistrum

631 5021 857 5076 vocare,
902 5010 960 5061 et
1015 5004 1281 5060 osculum
1336 5006 1387 5060 ei
1442 5005 1721 5078 ingerere,
1768 5023 1943 5077 quem
1982 5007 2269 5063 tradebat.

627 5097 849 5153 Tamen
880 5094 1071 5150 adhuc
1098 5093 1317 5165 aliquid
1351 5095 1525 5150 habet
1562 5096 1633 5150 de
1691 5096 2041 5151 verecundia
2096 5097 2273 5152 disci-

628 5186 920 5261 puli,cum
969 5200 1083 5240 non
1132 5200 1265 5239 eum
1316 5183 1510 5257 palam
1551 5185 1731 5241 tradit
1778 5186 2268 5256 persecutoribus,

619 5264 728 5334 sed
761 5293 865 5350 per
892 5276 1131 5348 signum
1164 5274 1368 5330 osculi.
1402 5278 1519 5329 Hoc
1549 5279 1637 5330 est
1667 5274 1927 5346 signum,
1969 5276 2122 5347 quod
2176 5293 2271 5347 po-

616 5366 744 5424 suit
773 5365 929 5422 Deus
960 5364 1021 5419 in
1053 5360 1217 5431 Cain,
1244 5378 1315 5417 ne
1346 5361 1683 5433 quicunque
1715 5360 2049 5429 invenisset,
2101 5362 2271 5418 inter-

622 5455 822 5512 ﬁceret
855 5469 992 5510 eum
1022 5453 1189 5525 (Gen.
1222 5468 1301 5522 iv,
1334 5451 1442 5523 15.)

700 5674 716 5706 ¹
753 5671 1043 5729 Rescribit
1072 5674 1287 5730 Victor.
1341 5689 1408 5730 ex
1458 5672 1648 5729 tribus
1698 5672 1997 5728 Florentiae
2057 5671 2265 5728 codici-

626 5744 761 5873 ιῐῇιιῗ),
791 5746 1145 5802 retractantes
1178 5762 1191 5802 :
1227 5745 1537 5802 maluerim
1588 5761 1714 5817 ego,
1756 5749 2126 5803 retrectantes.
2175 5746 2266 5800 Sic

679 5831 711 5871 a
756 5830 926 5870 anus.

698 5885 994 5945 ’Palatini
1035 5903 1203 5960 mss.,
1251 5894 1316 5947 at
1359 5897 1545 5949 notam
1591 5890 1787 5948 littere
1836 5887 2105 5948 vilitatem
2136 5907 2156 5949 :
2200 5903 2267 5946 ao

2455 4820 2639 4887 (Vere.
2673 4822 2783 4895 55).
2810 4846 2837 4873 ‹‹
2866 4824 2930 4879 In
2961 4823 3061 4880 illa
3091 4825 3236 4881 hora
3264 4828 3409 4884 dixit
3436 4828 3609 4887 Jesus
3630 4831 3850 4889 turbis:
3876 4833 4033 4890 Tan—

2384 4925 2562 4979 quam
2595 4912 2665 4966 ad
2698 4911 2985 4968 latronem
3016 4915 3220 4971 existis
3250 4933 3383 4972 cum
3416 4920 3629 4990 gladiis
3673 4926 3733 4977 et
3766 4922 4032 4980 fustibus

2381 5000 2871 5071 comprehendere
2912 5020 3004 5058 me
3040 5021 3053 5058 :
3089 5005 3346 5075 quotidie
3376 5009 3530 5079 apud
3565 5026 3667 5065 vos
3726 5010 4031 5082 sedebam,

2381 5090 2595 5145 docens
2624 5090 2683 5145 in
2704 5091 2940 5164 templo,
2972 5098 3164 5148 etnon
3209 5112 3299 5151 me
3348 5097 3643 5155 tenuistis.
3681 5123 3710 5149 ››
3765 5100 4030 5159 Stultum

2381 5184 2488 5247 est,
2521 5179 2732 5252 inquit,
2767 5198 2899 5236 eum
2933 5199 3065 5238 cum
3089 5184 3299 5256 gladiis
3330 5192 3387 5242 et
3439 5188 3692 5246 fustibus
3740 5207 4029 5262 quaerere,

2381 5269 2480 5339 qui
2518 5269 2669 5326 ultro
2702 5287 2761 5326 se
2793 5272 2988 5327 tradat
3034 5274 3243 5329 vestris
3282 5275 3578 5348 manibus,
3631 5281 3689 5333 et
3745 5279 3805 5335 in
3858 5285 4038 5339 nocte

2380 5360 2532 5415 223
2568 5361 2735 5431 quasi
2766 5360 3183 5429 latitantem,et
3213 5380 3245 5417 a
3275 5368 3486 5421 vestris
3507 5367 3699 5424 oculis
3719 5368 4033 5427 declinan-

2378 5452 2493 5504 tem
2528 5466 2629 5521 per
2657 5450 3011 5522 proditorem
3061 5453 3426 5527 investigare,
3486 5456 3588 5527 qui
3647 5458 3909 5529 quotidie
3963 5457 4035 5515 in

2378 5674 2531 5750 certe
2561 5674 2927 5750 postremum
2953 5669 3075 5750 hoc
3090 5673 3329 5750 verbum
3363 5674 3762 5750 reponendum
3794 5674 3904 5731 fuit
3918 5686 4030 5750 pro

2375 5742 2694 5818 utilitatem,
2728 5745 2882 5818 quod
2912 5744 3281 5818 Martianmus
3314 5742 3471 5818 legit.

2443 5814 2465 5847 ³
2498 5816 2560 5870 In
2592 5832 2704 5871 uno
2744 5814 3036 5885 Palatino,
3093 5814 3447 5875 numerorum
3500 5833 3613 5877 non
3670 5820 4018 5881 occurrimus

2440 5888 2657 5969 plicare
2680 5898 2835 5964 typos
2866 5906 2880 5949 :
2913 5891 3148 5961 tantum,
3176 5893 3286 5949 etc.
