  <div class='ocr_page' id='page_1' title='image "/cluster/home/n/w/nwhite01/storage/ocr_20150623/26/umn.31951002477320a/110.png"; bbox 0 0 4304 6582; ppageno 0'>
   <div class='ocr_carea' id='block_1_1' title="bbox 306 403 429 475">
    <p class='ocr_par' dir='ltr' id='par_1_1' title="bbox 306 403 429 475">
     <span class='ocr_line' id='line_1_1' title="bbox 306 403 429 475; baseline -0.033 -2"><span class='ocrx_word' id='word_1_1' title='bbox 306 403 429 475; x_wconf 75' lang='lat'>209</span> 
     </span>
    </p>
   </div>
   <div class='ocr_carea' id='block_1_2' title="bbox 796 410 3245 484">
    <p class='ocr_par' dir='ltr' id='par_1_2' title="bbox 796 410 3245 484">
     <span class='ocr_line' id='line_1_2' title="bbox 796 410 3245 484; baseline 0.003 -9"><span class='ocrx_word' id='word_1_2' title='bbox 796 410 1314 476; x_wconf 82' lang='lat' dir='ltr'>COMMENTAR.</span> <span class='ocrx_word' id='word_1_3' title='bbox 1363 415 1442 476; x_wconf 90' lang='lat' dir='ltr'><strong>IN</strong></span> <span class='ocrx_word' id='word_1_4' title='bbox 1490 415 2008 480; x_wconf 81' lang='lat' dir='ltr'>EVANGELIUM</span> <span class='ocrx_word' id='word_1_5' title='bbox 2055 416 2434 481; x_wconf 70' lang='lat' dir='ltr'>MAT&#39;l‘HAEI</span> <span class='ocrx_word' id='word_1_6' title='bbox 2477 419 2626 481; x_wconf 90' lang='lat' dir='ltr'>LIB.</span> <span class='ocrx_word' id='word_1_7' title='bbox 2673 420 2780 483; x_wconf 86' lang='lat' dir='ltr'><strong>IV.</strong></span> <span class='ocrx_word' id='word_1_8' title='bbox 2826 420 2998 483; x_wconf 85' lang='lat' dir='ltr'>CAP.</span> <span class='ocrx_word' id='word_1_9' title='bbox 3032 420 3245 484; x_wconf 85' lang='lat' dir='ltr'><strong>XXVI.</strong></span> 
     </span>
    </p>
   </div>
   <div class='ocr_carea' id='block_1_3' title="bbox 3610 421 3732 484">
    <p class='ocr_par' dir='ltr' id='par_1_3' title="bbox 3610 421 3732 484">
     <span class='ocr_line' id='line_1_3' title="bbox 3610 421 3732 484; baseline 0 0"><span class='ocrx_word' id='word_1_10' title='bbox 3610 421 3732 484; x_wconf 78' lang='grc'>210</span> 
     </span>
    </p>
   </div>
   <div class='ocr_carea' id='block_1_4' title="bbox 315 541 3727 626">
    <p class='ocr_par' dir='ltr' id='par_1_4' title="bbox 315 541 3727 626">
     <span class='ocr_line' id='line_1_4' title="bbox 315 541 3727 626; baseline 0.004 -26"><span class='ocrx_word' id='word_1_11' title='bbox 315 541 540 615; x_wconf 88' lang='lat' dir='ltr'>templo</span> <span class='ocrx_word' id='word_1_12' title='bbox 571 541 794 600; x_wconf 82' lang='lat' dir='ltr'>doceat.</span> <span class='ocrx_word' id='word_1_13' title='bbox 828 544 939 601; x_wconf 85' lang='lat' dir='ltr'>Sed</span> <span class='ocrx_word' id='word_1_14' title='bbox 971 546 1098 602; x_wconf 88' lang='lat' dir='ltr'>ideo</span> <span class='ocrx_word' id='word_1_15' title='bbox 1129 546 1437 604; x_wconf 87' lang='lat' dir='ltr'>adversum</span> <span class='ocrx_word' id='word_1_16' title='bbox 1472 565 1566 605; x_wconf 90' lang='lat' dir='ltr'>me</span> <span class='ocrx_word' id='word_1_17' title='bbox 1604 549 1660 604; x_wconf 90' lang='lat' dir='ltr'>in</span> <span class='ocrx_word' id='word_1_18' title='bbox 1710 550 1965 605; x_wconf 79' lang='lat' dir='ltr'>tenebris</span> <span class='ocrx_word' id='word_1_19' title='bbox 1996 551 2049 619; x_wconf 85' lang='grc' dir='ltr'><strong>Α</strong></span> <span class='ocrx_word' id='word_1_20' title='bbox 2084 552 2143 605; x_wconf 81' lang='lat' dir='ltr'>in</span> <span class='ocrx_word' id='word_1_21' title='bbox 2194 551 2379 607; x_wconf 77' lang='lat' dir='ltr'>triduo</span> <span class='ocrx_word' id='word_1_22' title='bbox 2434 555 2706 609; x_wconf 78' lang='lat' dir='ltr'>suscitabo</span> <span class='ocrx_word' id='word_1_23' title='bbox 2754 554 2897 608; x_wconf 81' lang='lat' dir='ltr'>illud</span> <span class='ocrx_word' id='word_1_24' title='bbox 2950 555 3135 626; x_wconf 68' lang='lat' dir='ltr'>(Ibid)</span> <span class='ocrx_word' id='word_1_25' title='bbox 3185 554 3358 612; x_wconf 83' lang='lat' dir='ltr'>Aliud</span> <span class='ocrx_word' id='word_1_26' title='bbox 3408 560 3498 614; x_wconf 88' lang='lat' dir='ltr'>est</span> <span class='ocrx_word' id='word_1_27' title='bbox 3544 557 3727 615; x_wconf 57' lang='lat' dir='ltr'>aediﬁ-</span> 
     </span>
    </p>
   </div>
   <div class='ocr_carea' id='block_1_5' title="bbox 309 633 1958 708">
    <p class='ocr_par' dir='ltr' id='par_1_5' title="bbox 309 633 1958 708">
     <span class='ocr_line' id='line_1_5' title="bbox 309 633 1958 708; baseline 0.003 -20"><span class='ocrx_word' id='word_1_28' title='bbox 309 633 770 707; x_wconf 88' lang='lat' dir='ltr'>congregamini,</span> <span class='ocrx_word' id='word_1_29' title='bbox 801 635 938 707; x_wconf 90' lang='lat' dir='ltr'>quia</span> <span class='ocrx_word' id='word_1_30' title='bbox 968 640 1226 708; x_wconf 82' lang='lat' dir='ltr'>potestas</span> <span class='ocrx_word' id='word_1_31' title='bbox 1256 643 1448 695; x_wconf 86' lang='lat' dir='ltr'>vestra</span> <span class='ocrx_word' id='word_1_32' title='bbox 1476 639 1534 694; x_wconf 90' lang='lat' dir='ltr'>in</span> <span class='ocrx_word' id='word_1_33' title='bbox 1566 638 1821 694; x_wconf 85' lang='lat' dir='ltr'>tenebris</span> <span class='ocrx_word' id='word_1_34' title='bbox 1852 643 1958 695; x_wconf 89' lang='lat' dir='ltr'>est.</span> 
     </span>
    </p>
   </div>
   <div class='ocr_carea' id='block_1_6' title="bbox 383 722 1963 797">
    <p class='ocr_par' dir='ltr' id='par_1_6' title="bbox 383 722 1963 797">
     <span class='ocr_line' id='line_1_6' title="bbox 383 722 1963 797; baseline 0.005 -22"><span class='ocrx_word' id='word_1_35' title='bbox 383 722 566 793; x_wconf 89' lang='lat' dir='ltr'>(Vers.</span> <span class='ocrx_word' id='word_1_36' title='bbox 598 725 712 797; x_wconf 85' lang='lat'>56.)</span> <span class='ocrx_word' id='word_1_37' title='bbox 761 747 788 774; x_wconf 85' lang='lat'>«</span> <span class='ocrx_word' id='word_1_38' title='bbox 826 725 941 781; x_wconf 82' lang='lat' dir='ltr'>[loc</span> <span class='ocrx_word' id='word_1_39' title='bbox 990 730 1185 782; x_wconf 89' lang='lat' dir='ltr'>autem</span> <span class='ocrx_word' id='word_1_40' title='bbox 1235 732 1423 784; x_wconf 87' lang='lat' dir='ltr'>totum</span> <span class='ocrx_word' id='word_1_41' title='bbox 1474 729 1694 784; x_wconf 84' lang='lat' dir='ltr'>factum</span> <span class='ocrx_word' id='word_1_42' title='bbox 1744 732 1853 796; x_wconf 90' lang='lat' dir='ltr'>est,</span> <span class='ocrx_word' id='word_1_43' title='bbox 1899 732 1963 783; x_wconf 92' lang='lat' dir='ltr'>ut</span> 
     </span>
    </p>
   </div>
   <div class='ocr_carea' id='block_1_7' title="bbox 308 811 1960 890">
    <p class='ocr_par' dir='ltr' id='par_1_7' title="bbox 308 811 1960 890">
     <span class='ocr_line' id='line_1_7' title="bbox 308 811 1960 890; baseline 0.004 -23"><span class='ocrx_word' id='word_1_44' title='bbox 308 811 773 884; x_wconf 88' lang='lat' dir='ltr'>adimplerentur</span> <span class='ocrx_word' id='word_1_45' title='bbox 827 815 1139 890; x_wconf 70' lang='lat' dir='ltr'>Scriptura:</span> <span class='ocrx_word' id='word_1_46' title='bbox 1194 817 1630 890; x_wconf 88' lang='lat' dir='ltr'>prophetarum.</span> <span class='ocrx_word' id='word_1_47' title='bbox 1663 818 1826 874; x_wconf 90' lang='lat' dir='ltr'>Tunc</span> <span class='ocrx_word' id='word_1_48' title='bbox 1873 818 1960 873; x_wconf 87' lang='lat' dir='ltr'>di-</span> 
     </span>
    </p>
   </div>
   <div class='ocr_carea' id='block_1_8' title="bbox 308 901 1963 980">
    <p class='ocr_par' dir='ltr' id='par_1_8' title="bbox 308 901 1963 980">
     <span class='ocr_line' id='line_1_8' title="bbox 308 901 1963 980; baseline 0.004 -23"><span class='ocrx_word' id='word_1_49' title='bbox 308 901 519 974; x_wconf 88' lang='lat' dir='ltr'>scipuli</span> <span class='ocrx_word' id='word_1_50' title='bbox 570 920 794 972; x_wconf 85' lang='lat' dir='ltr'>omnes,</span> <span class='ocrx_word' id='word_1_51' title='bbox 837 904 1037 962; x_wconf 88' lang='lat' dir='ltr'>relicto</span> <span class='ocrx_word' id='word_1_52' title='bbox 1089 924 1176 978; x_wconf 90' lang='lat' dir='ltr'>eo,</span> <span class='ocrx_word' id='word_1_53' title='bbox 1220 909 1580 980; x_wconf 81' lang='lat' dir='ltr'>fugerunt.»</span> <span class='ocrx_word' id='word_1_54' title='bbox 1637 908 1772 972; x_wconf 61' lang='lat' dir='ltr'>Qua}</span> <span class='ocrx_word' id='word_1_55' title='bbox 1821 912 1963 963; x_wconf 89' lang='lat' dir='ltr'>sunt</span> 
     </span>
    </p>
   </div>
   <div class='ocr_carea' id='block_1_9' title="bbox 308 989 1961 1071">
    <p class='ocr_par' dir='ltr' id='par_1_9' title="bbox 308 989 1961 1071">
     <span class='ocr_line' id='line_1_9' title="bbox 308 989 1961 1071; baseline 0.002 -22"><span class='ocrx_word' id='word_1_56' title='bbox 308 989 621 1063; x_wconf 71' lang='lat' dir='ltr'>Scripturaa</span> <span class='ocrx_word' id='word_1_57' title='bbox 669 994 1088 1066; x_wconf 89' lang='lat' dir='ltr'>prophetarum</span> <span class='ocrx_word' id='word_1_58' title='bbox 1112 997 1140 1051; x_wconf 86' lang='lat'><strong>?</strong></span> <span class='ocrx_word' id='word_1_59' title='bbox 1183 998 1452 1071; x_wconf 62' lang='lat' dir='ltr'>Iv‘oderunt</span> <span class='ocrx_word' id='word_1_60' title='bbox 1495 1014 1695 1052; x_wconf 85' lang='lat' dir='ltr'>manus</span> <span class='ocrx_word' id='word_1_61' title='bbox 1732 1014 1878 1054; x_wconf 86' lang='lat' dir='ltr'>meas</span> <span class='ocrx_word' id='word_1_62' title='bbox 1908 1001 1961 1054; x_wconf 88' lang='lat' dir='ltr'>et</span> 
     </span>
    </p>
   </div>
   <div class='ocr_carea' id='block_1_10' title="bbox 299 1080 1960 1157">
    <p class='ocr_par' dir='ltr' id='par_1_10' title="bbox 299 1080 1960 1157">
     <span class='ocr_line' id='line_1_10' title="bbox 299 1080 1960 1157; baseline 0.004 -22"><span class='ocrx_word' id='word_1_63' title='bbox 299 1080 466 1150; x_wconf 75' lang='lat' dir='ltr'>pedes</span> <span class='ocrx_word' id='word_1_64' title='bbox 496 1098 641 1138; x_wconf 88' lang='lat' dir='ltr'>meos</span> <span class='ocrx_word' id='word_1_65' title='bbox 673 1083 842 1154; x_wconf 83' lang='lat' dir='ltr'>(Psal.</span> <span class='ocrx_word' id='word_1_66' title='bbox 876 1101 993 1156; x_wconf 75' lang='lat' dir='ltr'>XXI,</span> <span class='ocrx_word' id='word_1_67' title='bbox 1029 1085 1157 1157; x_wconf 88' lang='lat'>17);</span> <span class='ocrx_word' id='word_1_68' title='bbox 1207 1090 1264 1141; x_wconf 93' lang='lat' dir='ltr'>et</span> <span class='ocrx_word' id='word_1_69' title='bbox 1295 1086 1432 1142; x_wconf 83' lang='lat' dir='ltr'>alibi</span> <span class='ocrx_word' id='word_1_70' title='bbox 1472 1104 1484 1142; x_wconf 94' lang='lat'>:</span> <span class='ocrx_word' id='word_1_71' title='bbox 1534 1086 1687 1142; x_wconf 80' lang='lat' dir='ltr'>Sicut</span> <span class='ocrx_word' id='word_1_72' title='bbox 1723 1090 1839 1143; x_wconf 81' lang='lat' dir='ltr'>ovis</span> <span class='ocrx_word' id='word_1_73' title='bbox 1885 1088 1960 1142; x_wconf 85' lang='lat' dir='ltr'>ad</span> 
     </span>
    </p>
   </div>
   <div class='ocr_carea' id='block_1_11' title="bbox 304 1170 1954 1249">
    <p class='ocr_par' dir='ltr' id='par_1_11' title="bbox 304 1170 1954 1249">
     <span class='ocr_line' id='line_1_11' title="bbox 304 1170 1954 1249; baseline 0.005 -25"><span class='ocrx_word' id='word_1_74' title='bbox 304 1170 589 1227; x_wconf 78' lang='lat' dir='ltr'>victimam</span> <span class='ocrx_word' id='word_1_75' title='bbox 636 1172 829 1229; x_wconf 80' lang='lat' dir='ltr'>ductus</span> <span class='ocrx_word' id='word_1_76' title='bbox 877 1183 955 1230; x_wconf 85' lang='lat' dir='ltr'>est</span> <span class='ocrx_word' id='word_1_77' title='bbox 1001 1175 1127 1246; x_wconf 84' lang='lat' dir='ltr'>(Isa.</span> <span class='ocrx_word' id='word_1_78' title='bbox 1180 1193 1300 1241; x_wconf 82' lang='lat' dir='ltr'>Lm,</span> <span class='ocrx_word' id='word_1_79' title='bbox 1347 1177 1424 1248; x_wconf 88' lang='lat'>7).</span> <span class='ocrx_word' id='word_1_80' title='bbox 1471 1176 1539 1230; x_wconf 86' lang='lat' dir='ltr'>Et</span> <span class='ocrx_word' id='word_1_81' title='bbox 1584 1175 1643 1231; x_wconf 92' lang='lat' dir='ltr'>in</span> <span class='ocrx_word' id='word_1_82' title='bbox 1687 1176 1799 1233; x_wconf 88' lang='lat' dir='ltr'>alio</span> <span class='ocrx_word' id='word_1_83' title='bbox 1850 1177 1954 1249; x_wconf 79' lang='lat' dir='ltr'>[AL</span> 
     </span>
    </p>
   </div>
   <div class='ocr_carea' id='block_1_12' title="bbox 301 1259 1958 1338">
    <p class='ocr_par' dir='ltr' id='par_1_12' title="bbox 301 1259 1958 1338">
     <span class='ocr_line' id='line_1_12' title="bbox 301 1259 1958 1338; baseline 0.005 -24"><span class='ocrx_word' id='word_1_84' title='bbox 301 1259 532 1332; x_wconf 89' lang='lat' dir='ltr'>eodem]</span> <span class='ocrx_word' id='word_1_85' title='bbox 581 1260 755 1319; x_wconf 89' lang='lat' dir='ltr'>loco:</span> <span class='ocrx_word' id='word_1_86' title='bbox 805 1264 881 1319; x_wconf 87' lang='lat' dir='ltr'>Ab</span> <span class='ocrx_word' id='word_1_87' title='bbox 928 1266 1318 1336; x_wconf 73' lang='lat' dir='ltr'>iniquitatibus</span> <span class='ocrx_word' id='word_1_88' title='bbox 1357 1266 1553 1338; x_wconf 78' lang='lat' dir='ltr'>populi</span> <span class='ocrx_word' id='word_1_89' title='bbox 1604 1268 1714 1321; x_wconf 88' lang='lat' dir='ltr'>mei</span> <span class='ocrx_word' id='word_1_90' title='bbox 1762 1266 1958 1323; x_wconf 82' lang='lat' dir='ltr'>ductus</span> 
     </span>
    </p>
   </div>
   <div class='ocr_carea' id='block_1_13' title="bbox 299 1350 1284 1426">
    <p class='ocr_par' dir='ltr' id='par_1_13' title="bbox 299 1350 1284 1426">
     <span class='ocr_line' id='line_1_13' title="bbox 299 1350 1284 1426; baseline 0.006 -23"><span class='ocrx_word' id='word_1_91' title='bbox 299 1352 381 1404; x_wconf 88' lang='lat' dir='ltr'>est</span> <span class='ocrx_word' id='word_1_92' title='bbox 411 1350 480 1405; x_wconf 89' lang='lat' dir='ltr'>ad</span> <span class='ocrx_word' id='word_1_93' title='bbox 507 1357 742 1408; x_wconf 86' lang='lat' dir='ltr'>mortem</span> <span class='ocrx_word' id='word_1_94' title='bbox 772 1352 937 1426; x_wconf 82' lang='lat' dir='ltr'>(Ibid.</span> <span class='ocrx_word' id='word_1_95' title='bbox 969 1370 1076 1411; x_wconf 86' lang='lat' dir='ltr'>sec.</span> <span class='ocrx_word' id='word_1_96' title='bbox 1111 1355 1284 1425; x_wconf 80' lang='lat' dir='ltr'>LXX).</span> 
     </span>
    </p>
   </div>
   <div class='ocr_carea' id='block_1_14' title="bbox 374 1448 1957 1531">
    <p class='ocr_par' dir='ltr' id='par_1_14' title="bbox 374 1448 1957 1531">
     <span class='ocr_line' id='line_1_14' title="bbox 374 1448 1957 1531; baseline 0.004 -21"><span class='ocrx_word' id='word_1_97' title='bbox 374 1457 562 1527; x_wconf 90' lang='lat' dir='ltr'>(Vers.</span> <span class='ocrx_word' id='word_1_98' title='bbox 594 1460 708 1531; x_wconf 85' lang='lat'>57).</span> <span class='ocrx_word' id='word_1_99' title='bbox 760 1482 788 1511; x_wconf 86' lang='lat'><strong>«</strong></span> <span class='ocrx_word' id='word_1_100' title='bbox 820 1463 892 1516; x_wconf 79' lang='lat' dir='ltr'>At</span> <span class='ocrx_word' id='word_1_101' title='bbox 938 1448 1039 1517; x_wconf 85' lang='lat' dir='ltr'>illi</span> <span class='ocrx_word' id='word_1_102' title='bbox 1072 1465 1336 1518; x_wconf 88' lang='lat' dir='ltr'>tenentes</span> <span class='ocrx_word' id='word_1_103' title='bbox 1387 1462 1613 1527; x_wconf 87' lang='lat' dir='ltr'>Jesum,</span> <span class='ocrx_word' id='word_1_104' title='bbox 1663 1462 1957 1517; x_wconf 89' lang='lat' dir='ltr'>duxerunt</span> 
     </span>
    </p>
   </div>
   <div class='ocr_carea' id='block_1_15' title="bbox 299 1545 1957 1622">
    <p class='ocr_par' dir='ltr' id='par_1_15' title="bbox 299 1545 1957 1622">
     <span class='ocr_line' id='line_1_15' title="bbox 299 1545 1957 1622; baseline 0.001 -19"><span class='ocrx_word' id='word_1_105' title='bbox 299 1545 372 1603; x_wconf 86' lang='lat' dir='ltr'>ad</span> <span class='ocrx_word' id='word_1_106' title='bbox 408 1546 689 1621; x_wconf 86' lang='lat' dir='ltr'>Caipham</span> <span class='ocrx_word' id='word_1_107' title='bbox 721 1550 1048 1622; x_wconf 78' lang='lat' dir='ltr'>principem</span> <span class='ocrx_word' id='word_1_108' title='bbox 1094 1552 1487 1617; x_wconf 80' lang='lat' dir='ltr'>sacerdotum,</span> <span class='ocrx_word' id='word_1_109' title='bbox 1523 1550 1620 1606; x_wconf 93' lang='lat' dir='ltr'>ubi</span> <span class='ocrx_word' id='word_1_110' title='bbox 1656 1552 1867 1607; x_wconf 61' lang='lat' dir='ltr'>Scribe</span> <span class='ocrx_word' id='word_1_111' title='bbox 1900 1556 1957 1606; x_wconf 89' lang='lat' dir='ltr'>et</span> 
     </span>
    </p>
   </div>
   <div class='ocr_carea' id='block_1_16' title="bbox 300 1635 1953 1714">
    <p class='ocr_par' dir='ltr' id='par_1_16' title="bbox 300 1635 1953 1714">
     <span class='ocr_line' id='line_1_16' title="bbox 300 1635 1953 1714; baseline 0.002 -21"><span class='ocrx_word' id='word_1_112' title='bbox 300 1635 565 1694; x_wconf 87' lang='lat' dir='ltr'>seniores</span> <span class='ocrx_word' id='word_1_113' title='bbox 595 1644 1008 1697; x_wconf 82' lang='lat' dir='ltr'>convenerant.</span> <span class='ocrx_word' id='word_1_114' title='bbox 1035 1660 1062 1693; x_wconf 77' lang='grc' dir='ltr'>ι)</span> <span class='ocrx_word' id='word_1_115' title='bbox 1097 1641 1346 1712; x_wconf 81' lang='lat' dir='ltr'>Moyses,</span> <span class='ocrx_word' id='word_1_116' title='bbox 1369 1642 1485 1697; x_wconf 91' lang='lat' dir='ltr'>Deo</span> <span class='ocrx_word' id='word_1_117' title='bbox 1508 1642 1775 1713; x_wconf 89' lang='lat' dir='ltr'>jubente,</span> <span class='ocrx_word' id='word_1_118' title='bbox 1809 1659 1953 1714; x_wconf 84' lang='lat' dir='ltr'>pras-</span> 
     </span>
    </p>
   </div>
   <div class='ocr_carea' id='block_1_17' title="bbox 300 1730 1951 1804">
    <p class='ocr_par' dir='ltr' id='par_1_17' title="bbox 300 1730 1951 1804">
     <span class='ocr_line' id='line_1_17' title="bbox 300 1730 1951 1804; baseline 0.003 -22"><span class='ocrx_word' id='word_1_119' title='bbox 300 1731 553 1801; x_wconf 79' lang='lat' dir='ltr'>ceperat,</span> <span class='ocrx_word' id='word_1_120' title='bbox 583 1733 649 1784; x_wconf 91' lang='lat' dir='ltr'>ut</span> <span class='ocrx_word' id='word_1_121' title='bbox 680 1730 984 1801; x_wconf 86' lang='lat' dir='ltr'>pontiﬁces</span> <span class='ocrx_word' id='word_1_122' title='bbox 1034 1732 1301 1804; x_wconf 85' lang='lat' dir='ltr'>patribus</span> <span class='ocrx_word' id='word_1_123' title='bbox 1332 1733 1731 1799; x_wconf 82' lang='lat' dir='ltr'>succederent,</span> <span class='ocrx_word' id='word_1_124' title='bbox 1766 1737 1823 1787; x_wconf 92' lang='lat' dir='ltr'>et</span> <span class='ocrx_word' id='word_1_125' title='bbox 1853 1747 1951 1804; x_wconf 86' lang='lat' dir='ltr'>ge-</span> 
     </span>
    </p>
   </div>
   <div class='ocr_carea' id='block_1_18' title="bbox 299 1815 1951 1893">
    <p class='ocr_par' dir='ltr' id='par_1_18' title="bbox 299 1815 1951 1893">
     <span class='ocr_line' id='line_1_18' title="bbox 299 1815 1951 1893; baseline -0.001 -18"><span class='ocrx_word' id='word_1_126' title='bbox 299 1815 620 1875; x_wconf 84' lang='lat' dir='ltr'>nerationis</span> <span class='ocrx_word' id='word_1_127' title='bbox 670 1817 730 1873; x_wconf 92' lang='lat' dir='ltr'>in</span> <span class='ocrx_word' id='word_1_128' title='bbox 783 1820 1183 1876; x_wconf 80' lang='lat' dir='ltr'>sacerdotibus</span> <span class='ocrx_word' id='word_1_129' title='bbox 1228 1820 1408 1877; x_wconf 91' lang='lat' dir='ltr'>series</span> <span class='ocrx_word' id='word_1_130' title='bbox 1440 1824 1730 1878; x_wconf 88' lang='lat' dir='ltr'>texeretur</span> <span class='ocrx_word' id='word_1_131' title='bbox 1760 1821 1951 1893; x_wconf 71' lang='lat' dir='ltr'>(Exod.</span> 
     </span>
    </p>
   </div>
   <div class='ocr_carea' id='block_1_19' title="bbox 297 1907 2032 2003">
    <p class='ocr_par' dir='ltr' id='par_1_19' title="bbox 297 1907 2032 2003">
     <span class='ocr_line' id='line_1_19' title="bbox 297 1907 2032 2003; baseline 0.001 -38"><span class='ocrx_word' id='word_1_132' title='bbox 297 1921 455 2003; x_wconf 64' lang='lat' dir='ltr'>xxix,</span> <span class='ocrx_word' id='word_1_133' title='bbox 512 1907 602 1976; x_wconf 84' lang='lat'>28,</span> <span class='ocrx_word' id='word_1_134' title='bbox 666 1907 775 1979; x_wconf 78' lang='grc'>44).</span> <span class='ocrx_word' id='word_1_135' title='bbox 834 1909 1031 2003; x_wconf 77' lang='lat' dir='ltr'>Refert</span> <span class='ocrx_word' id='word_1_136' title='bbox 1084 1910 1377 2003; x_wconf 86' lang='lat' dir='ltr'>Josephus</span> <span class='ocrx_word' id='word_1_137' title='bbox 1436 1910 1616 2003; x_wconf 80' lang='lat' dir='ltr'>istum</span> <span class='ocrx_word' id='word_1_138' title='bbox 1669 1910 2032 2003; x_wconf 64' lang='lat' dir='ltr'>SaipbamB</span> 
     </span>
    </p>
   </div>
   <div class='ocr_carea' id='block_1_20' title="bbox 299 1994 1952 2069">
    <p class='ocr_par' dir='ltr' id='par_1_20' title="bbox 299 1994 1952 2069">
     <span class='ocr_line' id='line_1_20' title="bbox 299 1994 1952 2069; baseline 0.001 -16"><span class='ocrx_word' id='word_1_139' title='bbox 299 1994 480 2053; x_wconf 84' lang='lat' dir='ltr'>unius</span> <span class='ocrx_word' id='word_1_140' title='bbox 513 1999 741 2053; x_wconf 87' lang='lat' dir='ltr'>tantum</span> <span class='ocrx_word' id='word_1_141' title='bbox 771 1997 908 2054; x_wconf 90' lang='lat' dir='ltr'>anni</span> <span class='ocrx_word' id='word_1_142' title='bbox 941 1998 1344 2069; x_wconf 79' lang='lat' dir='ltr'>pontiﬁcatum</span> <span class='ocrx_word' id='word_1_143' title='bbox 1370 2000 1385 2033; x_wconf 86' lang='grc'>¹</span> <span class='ocrx_word' id='word_1_144' title='bbox 1421 2000 1493 2054; x_wconf 91' lang='lat' dir='ltr'>ab</span> <span class='ocrx_word' id='word_1_145' title='bbox 1514 2000 1740 2055; x_wconf 85' lang='lat' dir='ltr'>Herode</span> <span class='ocrx_word' id='word_1_146' title='bbox 1770 1998 1952 2069; x_wconf 90' lang='lat' dir='ltr'>pretio</span> 
     </span>
    </p>
   </div>
   <div class='ocr_carea' id='block_1_21' title="bbox 299 2082 1948 2162">
    <p class='ocr_par' dir='ltr' id='par_1_21' title="bbox 299 2082 1948 2162">
     <span class='ocr_line' id='line_1_21' title="bbox 299 2082 1948 2162; baseline 0.002 -23"><span class='ocrx_word' id='word_1_147' title='bbox 299 2082 639 2141; x_wconf 85' lang='lat' dir='ltr'>redemisse.</span> <span class='ocrx_word' id='word_1_148' title='bbox 674 2086 799 2143; x_wconf 90' lang='lat' dir='ltr'>Non</span> <span class='ocrx_word' id='word_1_149' title='bbox 831 2104 968 2159; x_wconf 84' lang='lat' dir='ltr'>ergo</span> <span class='ocrx_word' id='word_1_150' title='bbox 1000 2088 1216 2143; x_wconf 88' lang='lat' dir='ltr'>mirum</span> <span class='ocrx_word' id='word_1_151' title='bbox 1249 2092 1356 2156; x_wconf 86' lang='lat' dir='ltr'>est,</span> <span class='ocrx_word' id='word_1_152' title='bbox 1391 2089 1440 2144; x_wconf 90' lang='lat' dir='ltr'>si</span> <span class='ocrx_word' id='word_1_153' title='bbox 1471 2105 1725 2162; x_wconf 90' lang='lat' dir='ltr'>nequam</span> <span class='ocrx_word' id='word_1_154' title='bbox 1760 2088 1948 2160; x_wconf 90' lang='lat' dir='ltr'>ponti-</span> 
     </span>
    </p>
   </div>
   <div class='ocr_carea' id='block_1_22' title="bbox 298 2172 1325 2250">
    <p class='ocr_par' dir='ltr' id='par_1_22' title="bbox 298 2172 1325 2250">
     <span class='ocr_line' id='line_1_22' title="bbox 298 2172 1325 2250; baseline 0.006 -23"><span class='ocrx_word' id='word_1_155' title='bbox 298 2172 394 2233; x_wconf 84' lang='lat' dir='ltr'>fex</span> <span class='ocrx_word' id='word_1_156' title='bbox 424 2173 625 2247; x_wconf 90' lang='lat' dir='ltr'>inique</span> <span class='ocrx_word' id='word_1_157' title='bbox 655 2176 761 2247; x_wconf 86' lang='grc' dir='ltr'>[Αι.</span> <span class='ocrx_word' id='word_1_158' title='bbox 792 2177 1056 2250; x_wconf 87' lang='lat' dir='ltr'>iniquus]</span> <span class='ocrx_word' id='word_1_159' title='bbox 1080 2178 1325 2249; x_wconf 88' lang='lat' dir='ltr'>judicet.</span> 
     </span>
    </p>
   </div>
   <div class='ocr_carea' id='block_1_23' title="bbox 372 2280 1953 2357">
    <p class='ocr_par' dir='ltr' id='par_1_23' title="bbox 372 2280 1953 2357">
     <span class='ocr_line' id='line_1_23' title="bbox 372 2280 1953 2357; baseline 0.005 -22"><span class='ocrx_word' id='word_1_160' title='bbox 372 2280 555 2352; x_wconf 89' lang='lat' dir='ltr'>(Vers.</span> <span class='ocrx_word' id='word_1_161' title='bbox 606 2284 717 2355; x_wconf 87' lang='lat'>58).</span> <span class='ocrx_word' id='word_1_162' title='bbox 772 2306 801 2334; x_wconf 85' lang='lat'><strong>«</strong></span> <span class='ocrx_word' id='word_1_163' title='bbox 834 2288 1043 2342; x_wconf 84' lang='lat' dir='ltr'>Petrus</span> <span class='ocrx_word' id='word_1_164' title='bbox 1088 2290 1285 2342; x_wconf 86' lang='lat' dir='ltr'>autem</span> <span class='ocrx_word' id='word_1_165' title='bbox 1334 2287 1689 2357; x_wconf 83' lang='lat' dir='ltr'>sequebatur</span> <span class='ocrx_word' id='word_1_166' title='bbox 1733 2304 1868 2342; x_wconf 89' lang='lat' dir='ltr'>eum</span> <span class='ocrx_word' id='word_1_167' title='bbox 1920 2303 1953 2343; x_wconf 89' lang='lat' dir='ltr'>a</span> 
     </span>
    </p>
   </div>
   <div class='ocr_carea' id='block_1_24' title="bbox 296 2367 1951 2449">
    <p class='ocr_par' dir='ltr' id='par_1_24' title="bbox 296 2367 1951 2449">
     <span class='ocr_line' id='line_1_24' title="bbox 296 2367 1951 2449; baseline 0.004 -24"><span class='ocrx_word' id='word_1_168' title='bbox 296 2367 471 2444; x_wconf 85' lang='lat' dir='ltr'>longe</span> <span class='ocrx_word' id='word_1_169' title='bbox 519 2388 705 2445; x_wconf 89' lang='lat' dir='ltr'>usque</span> <span class='ocrx_word' id='word_1_170' title='bbox 750 2375 808 2429; x_wconf 89' lang='lat' dir='ltr'>in</span> <span class='ocrx_word' id='word_1_171' title='bbox 840 2375 1054 2431; x_wconf 85' lang='lat' dir='ltr'>atrium</span> <span class='ocrx_word' id='word_1_172' title='bbox 1087 2376 1370 2449; x_wconf 88' lang='lat' dir='ltr'>principis</span> <span class='ocrx_word' id='word_1_173' title='bbox 1400 2377 1789 2432; x_wconf 85' lang='lat' dir='ltr'>sacerdotum.</span> <span class='ocrx_word' id='word_1_174' title='bbox 1827 2398 1855 2425; x_wconf 87' lang='lat'>»</span> <span class='ocrx_word' id='word_1_175' title='bbox 1907 2379 1951 2432; x_wconf 94' lang='lat' dir='ltr'><strong>A</strong></span> 
     </span>
    </p>
   </div>
   <div class='ocr_carea' id='block_1_25' title="bbox 295 2458 1875 2538">
    <p class='ocr_par' dir='ltr' id='par_1_25' title="bbox 295 2458 1875 2538">
     <span class='ocr_line' id='line_1_25' title="bbox 295 2458 1875 2538; baseline 0.003 -23"><span class='ocrx_word' id='word_1_176' title='bbox 295 2458 471 2533; x_wconf 83' lang='lat' dir='ltr'>longe</span> <span class='ocrx_word' id='word_1_177' title='bbox 502 2463 876 2536; x_wconf 82' lang='lat' dir='ltr'>sequebatur,</span> <span class='ocrx_word' id='word_1_178' title='bbox 903 2464 1002 2536; x_wconf 88' lang='lat' dir='ltr'>qui</span> <span class='ocrx_word' id='word_1_179' title='bbox 1034 2465 1349 2521; x_wconf 89' lang='lat' dir='ltr'>Dominum</span> <span class='ocrx_word' id='word_1_180' title='bbox 1381 2471 1505 2522; x_wconf 87' lang='lat' dir='ltr'>erat</span> <span class='ocrx_word' id='word_1_181' title='bbox 1535 2469 1875 2538; x_wconf 82' lang='lat' dir='ltr'>negaturus.</span> 
     </span>
    </p>
   </div>
   <div class='ocr_carea' id='block_1_26' title="bbox 370 2575 1952 2654">
    <p class='ocr_par' dir='ltr' id='par_1_26' title="bbox 370 2575 1952 2654">
     <span class='ocr_line' id='line_1_26' title="bbox 370 2575 1952 2654; baseline 0.004 -23"><span class='ocrx_word' id='word_1_182' title='bbox 370 2575 555 2649; x_wconf 88' lang='lat' dir='ltr'>(Vers.</span> <span class='ocrx_word' id='word_1_183' title='bbox 603 2579 697 2646; x_wconf 87' lang='lat'>59,</span> <span class='ocrx_word' id='word_1_184' title='bbox 749 2581 862 2644; x_wconf 89' lang='grc'>60).</span> <span class='ocrx_word' id='word_1_185' title='bbox 926 2604 954 2631; x_wconf 90' lang='grc'>‹‹</span> <span class='ocrx_word' id='word_1_186' title='bbox 988 2582 1058 2636; x_wconf 86' lang='lat' dir='ltr'>Et</span> <span class='ocrx_word' id='word_1_187' title='bbox 1114 2581 1419 2654; x_wconf 86' lang='lat' dir='ltr'>ingressus</span> <span class='ocrx_word' id='word_1_188' title='bbox 1476 2582 1652 2651; x_wconf 91' lang='lat' dir='ltr'>intro,</span> <span class='ocrx_word' id='word_1_189' title='bbox 1712 2582 1952 2637; x_wconf 87' lang='lat' dir='ltr'>sedebat</span> 
     </span>
    </p>
   </div>
   <div class='ocr_carea' id='block_1_27' title="bbox 296 2668 1948 2745">
    <p class='ocr_par' dir='ltr' id='par_1_27' title="bbox 296 2668 1948 2745">
     <span class='ocr_line' id='line_1_27' title="bbox 296 2668 1948 2745; baseline 0.002 -23"><span class='ocrx_word' id='word_1_190' title='bbox 296 2682 433 2723; x_wconf 89' lang='lat' dir='ltr'>cum</span> <span class='ocrx_word' id='word_1_191' title='bbox 466 2668 777 2743; x_wconf 82' lang='lat' dir='ltr'>ministris,</span> <span class='ocrx_word' id='word_1_192' title='bbox 811 2675 875 2726; x_wconf 89' lang='lat' dir='ltr'>ut</span> <span class='ocrx_word' id='word_1_193' title='bbox 907 2670 1125 2727; x_wconf 88' lang='lat' dir='ltr'>videret</span> <span class='ocrx_word' id='word_1_194' title='bbox 1155 2673 1353 2728; x_wconf 83' lang='lat' dir='ltr'>ﬁnem.</span> <span class='ocrx_word' id='word_1_195' title='bbox 1407 2671 1705 2745; x_wconf 88' lang='lat' dir='ltr'>Principes</span> <span class='ocrx_word' id='word_1_196' title='bbox 1753 2676 1948 2727; x_wconf 87' lang='lat' dir='ltr'>autem</span> 
     </span>
    </p>
   </div>
   <div class='ocr_carea' id='block_1_28' title="bbox 296 2756 1946 2835">
    <p class='ocr_par' dir='ltr' id='par_1_28' title="bbox 296 2756 1946 2835">
     <span class='ocr_line' id='line_1_28' title="bbox 296 2756 1946 2835; baseline 0.002 -24"><span class='ocrx_word' id='word_1_197' title='bbox 296 2756 665 2814; x_wconf 86' lang='lat' dir='ltr'>sacerdotum</span> <span class='ocrx_word' id='word_1_198' title='bbox 715 2764 774 2815; x_wconf 89' lang='lat' dir='ltr'>et</span> <span class='ocrx_word' id='word_1_199' title='bbox 812 2776 983 2816; x_wconf 88' lang='lat' dir='ltr'>omne</span> <span class='ocrx_word' id='word_1_200' title='bbox 1023 2760 1335 2817; x_wconf 88' lang='lat' dir='ltr'>concilium</span> <span class='ocrx_word' id='word_1_201' title='bbox 1368 2763 1707 2835; x_wconf 67' lang='lat' dir='ltr'>quaerebant</span> <span class='ocrx_word' id='word_1_202' title='bbox 1733 2761 1946 2815; x_wconf 88' lang='lat' dir='ltr'>falsum</span> 
     </span>
    </p>
   </div>
   <div class='ocr_carea' id='block_1_29' title="bbox 293 2845 1944 2920">
    <p class='ocr_par' dir='ltr' id='par_1_29' title="bbox 293 2845 1944 2920">
     <span class='ocr_line' id='line_1_29' title="bbox 293 2845 1944 2920; baseline 0.002 -19"><span class='ocrx_word' id='word_1_203' title='bbox 293 2845 701 2904; x_wconf 83' lang='lat' dir='ltr'>testimonium</span> <span class='ocrx_word' id='word_1_204' title='bbox 747 2854 949 2905; x_wconf 89' lang='lat' dir='ltr'>contra</span> <span class='ocrx_word' id='word_1_205' title='bbox 992 2850 1220 2920; x_wconf 87' lang='lat' dir='ltr'>Jesum,</span> <span class='ocrx_word' id='word_1_206' title='bbox 1253 2855 1319 2908; x_wconf 88' lang='lat' dir='ltr'>ut</span> <span class='ocrx_word' id='word_1_207' title='bbox 1363 2851 1538 2907; x_wconf 89' lang='lat' dir='ltr'>morti</span> <span class='ocrx_word' id='word_1_208' title='bbox 1578 2867 1711 2906; x_wconf 91' lang='lat' dir='ltr'>eum</span> <span class='ocrx_word' id='word_1_209' title='bbox 1752 2850 1944 2905; x_wconf 85' lang='lat' dir='ltr'>trade-</span> 
     </span>
    </p>
   </div>
   <div class='ocr_carea' id='block_1_30' title="bbox 296 2935 1948 3003">
    <p class='ocr_par' dir='ltr' id='par_1_30' title="bbox 296 2935 1948 3003">
     <span class='ocr_line' id='line_1_30' title="bbox 296 2935 1948 3003; baseline 0.004 -14"><span class='ocrx_word' id='word_1_210' title='bbox 296 2939 445 2990; x_wconf 84' lang='lat' dir='ltr'>rent.</span> <span class='ocrx_word' id='word_1_211' title='bbox 497 2935 566 2991; x_wconf 90' lang='lat' dir='ltr'>Et</span> <span class='ocrx_word' id='word_1_212' title='bbox 610 2954 727 2994; x_wconf 91' lang='lat' dir='ltr'>non</span> <span class='ocrx_word' id='word_1_213' title='bbox 778 2936 1148 3003; x_wconf 87' lang='lat' dir='ltr'>invenerunt,</span> <span class='ocrx_word' id='word_1_214' title='bbox 1189 2956 1322 2996; x_wconf 89' lang='lat' dir='ltr'>cum</span> <span class='ocrx_word' id='word_1_215' title='bbox 1375 2940 1543 2996; x_wconf 90' lang='lat' dir='ltr'>multi</span> <span class='ocrx_word' id='word_1_216' title='bbox 1594 2939 1726 2995; x_wconf 80' lang='lat' dir='ltr'>falsi</span> <span class='ocrx_word' id='word_1_217' title='bbox 1772 2944 1948 2995; x_wconf 82' lang='lat' dir='ltr'>testes</span> 
     </span>
    </p>
   </div>
   <div class='ocr_carea' id='block_1_31' title="bbox 297 3025 1949 3103">
    <p class='ocr_par' dir='ltr' id='par_1_31' title="bbox 297 3025 1949 3103">
     <span class='ocr_line' id='line_1_31' title="bbox 297 3025 1949 3103; baseline 0.004 -23"><span class='ocrx_word' id='word_1_218' title='bbox 297 3025 704 3083; x_wconf 83' lang='lat' dir='ltr'>accessissent.</span> <span class='ocrx_word' id='word_1_219' title='bbox 740 3049 768 3077; x_wconf 83' lang='lat'>»</span> <span class='ocrx_word' id='word_1_220' title='bbox 817 3027 918 3084; x_wconf 81' lang='lat' dir='ltr'>Vel</span> <span class='ocrx_word' id='word_1_221' title='bbox 969 3045 1166 3086; x_wconf 87' lang='lat' dir='ltr'>amore</span> <span class='ocrx_word' id='word_1_222' title='bbox 1218 3029 1513 3103; x_wconf 89' lang='lat' dir='ltr'>discipuli,</span> <span class='ocrx_word' id='word_1_223' title='bbox 1551 3028 1637 3086; x_wconf 82' lang='lat' dir='ltr'>vel</span> <span class='ocrx_word' id='word_1_224' title='bbox 1689 3029 1949 3086; x_wconf 87' lang='lat' dir='ltr'>humana</span> 
     </span>
    </p>
   </div>
   <div class='ocr_carea' id='block_1_32' title="bbox 296 3113 1947 3191">
    <p class='ocr_par' dir='ltr' id='par_1_32' title="bbox 296 3113 1947 3191">
     <span class='ocr_line' id='line_1_32' title="bbox 296 3113 1947 3191; baseline 0.002 -22"><span class='ocrx_word' id='word_1_225' title='bbox 296 3113 633 3171; x_wconf 71' lang='lat' dir='ltr'>curiositate</span> <span class='ocrx_word' id='word_1_226' title='bbox 680 3116 829 3173; x_wconf 89' lang='lat' dir='ltr'>scire</span> <span class='ocrx_word' id='word_1_227' title='bbox 878 3119 1168 3191; x_wconf 88' lang='lat' dir='ltr'>cupiebat,</span> <span class='ocrx_word' id='word_1_228' title='bbox 1201 3118 1341 3191; x_wconf 88' lang='lat' dir='ltr'>quid</span> <span class='ocrx_word' id='word_1_229' title='bbox 1384 3119 1679 3190; x_wconf 87' lang='lat' dir='ltr'>judicaret</span> <span class='ocrx_word' id='word_1_230' title='bbox 1722 3119 1791 3173; x_wconf 89' lang='lat' dir='ltr'>de</span> <span class='ocrx_word' id='word_1_231' title='bbox 1831 3117 1947 3172; x_wconf 88' lang='lat' dir='ltr'>Do-</span> 
     </span>
    </p>
   </div>
   <div class='ocr_carea' id='block_1_33' title="bbox 297 3203 1947 3277">
    <p class='ocr_par' dir='ltr' id='par_1_33' title="bbox 297 3203 1947 3277">
     <span class='ocr_line' id='line_1_33' title="bbox 297 3203 1947 3277; baseline 0.002 -19"><span class='ocrx_word' id='word_1_232' title='bbox 297 3203 459 3260; x_wconf 89' lang='lat' dir='ltr'>mino</span> <span class='ocrx_word' id='word_1_233' title='bbox 488 3205 746 3277; x_wconf 84' lang='lat' dir='ltr'>pontifex</span> <span class='ocrx_word' id='word_1_234' title='bbox 780 3224 793 3262; x_wconf 85' lang='lat'><strong>:</strong></span> <span class='ocrx_word' id='word_1_235' title='bbox 837 3211 1035 3263; x_wconf 90' lang='lat' dir='ltr'>utrum</span> <span class='ocrx_word' id='word_1_236' title='bbox 1065 3225 1201 3263; x_wconf 89' lang='lat' dir='ltr'>eum</span> <span class='ocrx_word' id='word_1_237' title='bbox 1231 3208 1358 3263; x_wconf 87' lang='lat' dir='ltr'>neci</span> <span class='ocrx_word' id='word_1_238' title='bbox 1390 3209 1704 3273; x_wconf 86' lang='lat' dir='ltr'>addiceret,</span> <span class='ocrx_word' id='word_1_239' title='bbox 1734 3224 1803 3262; x_wconf 88' lang='lat' dir='ltr'>an</span> <span class='ocrx_word' id='word_1_240' title='bbox 1839 3208 1947 3262; x_wconf 82' lang='lat' dir='ltr'>ila-</span> 
     </span>
    </p>
   </div>
   <div class='ocr_carea' id='block_1_34' title="bbox 2082 639 2765 707">
    <p class='ocr_par' dir='ltr' id='par_1_34' title="bbox 2082 639 2765 707">
     <span class='ocr_line' id='line_1_34' title="bbox 2082 639 2765 707; baseline 0.001 -12"><span class='ocrx_word' id='word_1_241' title='bbox 2082 657 2234 707; x_wconf 89' lang='lat' dir='ltr'>care,</span> <span class='ocrx_word' id='word_1_242' title='bbox 2268 639 2426 696; x_wconf 84' lang='lat' dir='ltr'>aliud</span> <span class='ocrx_word' id='word_1_243' title='bbox 2462 641 2765 699; x_wconf 87' lang='lat' dir='ltr'>suscitare.</span> 
     </span>
    </p>
   </div>
   <div class='ocr_carea' id='block_1_35' title="bbox 2143 729 3721 809">
    <p class='ocr_par' dir='ltr' id='par_1_35' title="bbox 2143 729 3721 809">
     <span class='ocr_line' id='line_1_35' title="bbox 2143 729 3721 809; baseline 0.006 -26"><span class='ocrx_word' id='word_1_244' title='bbox 2143 729 2330 799; x_wconf 91' lang='lat' dir='ltr'>(Vers.</span> <span class='ocrx_word' id='word_1_245' title='bbox 2361 731 2476 800; x_wconf 80' lang='lat'>6‘3.)</span> <span class='ocrx_word' id='word_1_246' title='bbox 2530 753 2557 782; x_wconf 83' lang='lat'><strong>«</strong></span> <span class='ocrx_word' id='word_1_247' title='bbox 2590 733 2657 787; x_wconf 87' lang='lat' dir='ltr'>Et</span> <span class='ocrx_word' id='word_1_248' title='bbox 2703 748 2952 805; x_wconf 85' lang='lat' dir='ltr'>surgens</span> <span class='ocrx_word' id='word_1_249' title='bbox 3002 735 3273 806; x_wconf 90' lang='lat' dir='ltr'>princeps</span> <span class='ocrx_word' id='word_1_250' title='bbox 3329 735 3721 809; x_wconf 87' lang='lat' dir='ltr'>sacerdotum,</span> 
     </span>
    </p>
   </div>
   <div class='ocr_carea' id='block_1_36' title="bbox 2072 818 3720 895">
    <p class='ocr_par' dir='ltr' id='par_1_36' title="bbox 2072 818 3720 895">
     <span class='ocr_line' id='line_1_36' title="bbox 2072 818 3720 895; baseline 0.005 -23"><span class='ocrx_word' id='word_1_251' title='bbox 2072 818 2154 873; x_wconf 88' lang='lat' dir='ltr'>ait</span> <span class='ocrx_word' id='word_1_252' title='bbox 2180 818 2265 874; x_wconf 87' lang='lat' dir='ltr'>illi</span> <span class='ocrx_word' id='word_1_253' title='bbox 2300 837 2313 874; x_wconf 89' lang='lat'><strong>:</strong></span> <span class='ocrx_word' id='word_1_254' title='bbox 2364 820 2520 876; x_wconf 89' lang='lat' dir='ltr'>Nihil</span> <span class='ocrx_word' id='word_1_255' title='bbox 2572 823 2891 894; x_wconf 90' lang='lat' dir='ltr'>respondes</span> <span class='ocrx_word' id='word_1_256' title='bbox 2922 825 2991 880; x_wconf 90' lang='lat' dir='ltr'>ad</span> <span class='ocrx_word' id='word_1_257' title='bbox 3025 840 3091 880; x_wconf 90' lang='lat' dir='ltr'>ea</span> <span class='ocrx_word' id='word_1_258' title='bbox 3120 840 3247 895; x_wconf 78' lang='lat' dir='ltr'>quae</span> <span class='ocrx_word' id='word_1_259' title='bbox 3280 824 3375 880; x_wconf 83' lang='lat' dir='ltr'>isti</span> <span class='ocrx_word' id='word_1_260' title='bbox 3410 824 3720 883; x_wconf 88' lang='lat' dir='ltr'>adversum</span> 
     </span>
    </p>
   </div>
   <div class='ocr_carea' id='block_1_37' title="bbox 2070 909 3719 986">
    <p class='ocr_par' dir='ltr' id='par_1_37' title="bbox 2070 909 3719 986">
     <span class='ocr_line' id='line_1_37' title="bbox 2070 909 3719 986; baseline 0.005 -22"><span class='ocrx_word' id='word_1_261' title='bbox 2070 913 2127 964; x_wconf 85' lang='lat' dir='ltr'>te</span> <span class='ocrx_word' id='word_1_262' title='bbox 2155 909 2596 966; x_wconf 80' lang='lat' dir='ltr'>testificantur?</span> <span class='ocrx_word' id='word_1_263' title='bbox 2641 911 2815 968; x_wconf 89' lang='lat' dir='ltr'>Jesus</span> <span class='ocrx_word' id='word_1_264' title='bbox 2855 917 3051 969; x_wconf 88' lang='lat' dir='ltr'>autem</span> <span class='ocrx_word' id='word_1_265' title='bbox 3090 914 3337 969; x_wconf 85' lang='lat' dir='ltr'>tacebat.</span> <span class='ocrx_word' id='word_1_266' title='bbox 3369 932 3398 965; x_wconf 73' lang='grc' dir='ltr'><strong><em>η</em></strong></span> <span class='ocrx_word' id='word_1_267' title='bbox 3453 914 3544 970; x_wconf 85' lang='lat' dir='ltr'>Ira</span> <span class='ocrx_word' id='word_1_268' title='bbox 3573 931 3719 986; x_wconf 66' lang='lat' dir='ltr'>prte-</span> 
     </span>
    </p>
   </div>
   <div class='ocr_carea' id='block_1_38' title="bbox 2069 999 3715 1073">
    <p class='ocr_par' dir='ltr' id='par_1_38' title="bbox 2069 999 3715 1073">
     <span class='ocr_line' id='line_1_38' title="bbox 2069 999 3715 1073; baseline 0.004 -20"><span class='ocrx_word' id='word_1_269' title='bbox 2069 1014 2204 1070; x_wconf 89' lang='lat' dir='ltr'>ceps</span> <span class='ocrx_word' id='word_1_270' title='bbox 2236 1005 2293 1055; x_wconf 90' lang='lat' dir='ltr'>et</span> <span class='ocrx_word' id='word_1_271' title='bbox 2312 999 2627 1073; x_wconf 83' lang='lat' dir='ltr'>impatiens</span> <span class='ocrx_word' id='word_1_272' title='bbox 2650 1003 2670 1036; x_wconf 83' lang='grc'><strong>²</strong></span> <span class='ocrx_word' id='word_1_273' title='bbox 2701 1018 2815 1057; x_wconf 91' lang='lat' dir='ltr'>non</span> <span class='ocrx_word' id='word_1_274' title='bbox 2837 1002 3140 1059; x_wconf 89' lang='lat' dir='ltr'>inveniens</span> <span class='ocrx_word' id='word_1_275' title='bbox 3169 1002 3478 1060; x_wconf 77' lang='lat' dir='ltr'>calumnias</span> <span class='ocrx_word' id='word_1_276' title='bbox 3499 1003 3715 1073; x_wconf 89' lang='lat' dir='ltr'>locum,</span> 
     </span>
    </p>
   </div>
   <div class='ocr_carea' id='block_1_39' title="bbox 2068 1088 3719 1162">
    <p class='ocr_par' dir='ltr' id='par_1_39' title="bbox 2068 1088 3719 1162">
     <span class='ocr_line' id='line_1_39' title="bbox 2068 1088 3719 1162; baseline 0.005 -20"><span class='ocrx_word' id='word_1_277' title='bbox 2068 1088 2287 1144; x_wconf 86' lang='lat' dir='ltr'>excutit</span> <span class='ocrx_word' id='word_1_278' title='bbox 2336 1089 2406 1144; x_wconf 91' lang='lat' dir='ltr'>de</span> <span class='ocrx_word' id='word_1_279' title='bbox 2459 1089 2606 1146; x_wconf 86' lang='lat' dir='ltr'>solio</span> <span class='ocrx_word' id='word_1_280' title='bbox 2660 1091 3011 1162; x_wconf 83' lang='lat' dir='ltr'>pontificem,</span> <span class='ocrx_word' id='word_1_281' title='bbox 3053 1096 3117 1147; x_wconf 90' lang='lat' dir='ltr'>ut</span> <span class='ocrx_word' id='word_1_282' title='bbox 3158 1093 3454 1149; x_wconf 89' lang='lat' dir='ltr'>vesaniam</span> <span class='ocrx_word' id='word_1_283' title='bbox 3503 1094 3719 1151; x_wconf 85' lang='lat' dir='ltr'>mentis</span> 
     </span>
    </p>
   </div>
   <div class='ocr_carea' id='block_1_40' title="bbox 2068 1179 3720 1250">
    <p class='ocr_par' dir='ltr' id='par_1_40' title="bbox 2068 1179 3720 1250">
     <span class='ocr_line' id='line_1_40' title="bbox 2068 1179 3720 1250; baseline 0.004 -18"><span class='ocrx_word' id='word_1_284' title='bbox 2068 1182 2232 1233; x_wconf 90' lang='lat' dir='ltr'>motu</span> <span class='ocrx_word' id='word_1_285' title='bbox 2263 1179 2521 1250; x_wconf 88' lang='lat' dir='ltr'>corporis</span> <span class='ocrx_word' id='word_1_286' title='bbox 2554 1180 3009 1238; x_wconf 89' lang='lat' dir='ltr'>demonstraret.</span> <span class='ocrx_word' id='word_1_287' title='bbox 3034 1184 3260 1249; x_wconf 88' lang='lat' dir='ltr'>Quanto</span> <span class='ocrx_word' id='word_1_288' title='bbox 3285 1183 3459 1240; x_wconf 88' lang='lat' dir='ltr'>Jesus</span> <span class='ocrx_word' id='word_1_289' title='bbox 3490 1183 3720 1239; x_wconf 87' lang='lat' dir='ltr'>tacebat</span> 
     </span>
    </p>
   </div>
   <div class='ocr_carea' id='block_1_41' title="bbox 2067 1266 3719 1342">
    <p class='ocr_par' dir='ltr' id='par_1_41' title="bbox 2067 1266 3719 1342">
     <span class='ocr_line' id='line_1_41' title="bbox 2067 1266 3719 1342; baseline 0.005 -19"><span class='ocrx_word' id='word_1_290' title='bbox 2067 1267 2138 1323; x_wconf 90' lang='lat' dir='ltr'>ad</span> <span class='ocrx_word' id='word_1_291' title='bbox 2191 1266 2464 1339; x_wconf 89' lang='lat' dir='ltr'>indignos</span> <span class='ocrx_word' id='word_1_292' title='bbox 2513 1270 2896 1341; x_wconf 88' lang='lat' dir='ltr'>responsione</span> <span class='ocrx_word' id='word_1_293' title='bbox 2939 1287 3065 1342; x_wconf 89' lang='lat' dir='ltr'>sua,</span> <span class='ocrx_word' id='word_1_294' title='bbox 3101 1270 3280 1329; x_wconf 83' lang='lat' dir='ltr'>falsos</span> <span class='ocrx_word' id='word_1_295' title='bbox 3312 1275 3489 1329; x_wconf 85' lang='lat' dir='ltr'>testes</span> <span class='ocrx_word' id='word_1_296' title='bbox 3527 1276 3585 1331; x_wconf 89' lang='lat' dir='ltr'>et</span> <span class='ocrx_word' id='word_1_297' title='bbox 3625 1290 3719 1331; x_wconf 34' lang='lat' dir='ltr'>sas</span> 
     </span>
    </p>
   </div>
   <div class='ocr_carea' id='block_1_42' title="bbox 2066 1357 3719 1436">
    <p class='ocr_par' dir='ltr' id='par_1_42' title="bbox 2066 1357 3719 1436">
     <span class='ocr_line' id='line_1_42' title="bbox 2066 1357 3719 1436; baseline 0.007 -26"><span class='ocrx_word' id='word_1_298' title='bbox 2066 1357 2325 1413; x_wconf 84' lang='lat' dir='ltr'>cerdoles</span> <span class='ocrx_word' id='word_1_299' title='bbox 2356 1357 2593 1429; x_wconf 88' lang='lat' dir='ltr'>impios,</span> <span class='ocrx_word' id='word_1_300' title='bbox 2618 1364 2784 1415; x_wconf 87' lang='lat' dir='ltr'>tanto</span> <span class='ocrx_word' id='word_1_301' title='bbox 2812 1361 3003 1432; x_wconf 88' lang='lat' dir='ltr'>magis</span> <span class='ocrx_word' id='word_1_302' title='bbox 3034 1361 3293 1433; x_wconf 87' lang='lat' dir='ltr'>pontifex</span> <span class='ocrx_word' id='word_1_303' title='bbox 3321 1361 3516 1419; x_wconf 89' lang='lat' dir='ltr'>furore</span> <span class='ocrx_word' id='word_1_304' title='bbox 3543 1379 3719 1436; x_wconf 86' lang='lat' dir='ltr'>supe-</span> 
     </span>
    </p>
   </div>
   <div class='ocr_carea' id='block_1_43' title="bbox 2065 1448 3720 1523">
    <p class='ocr_par' dir='ltr' id='par_1_43' title="bbox 2065 1448 3720 1523">
     <span class='ocr_line' id='line_1_43' title="bbox 2065 1448 3720 1523; baseline 0.006 -23"><span class='ocrx_word' id='word_1_305' title='bbox 2065 1449 2249 1513; x_wconf 86' lang='lat' dir='ltr'>ratus,</span> <span class='ocrx_word' id='word_1_306' title='bbox 2311 1463 2445 1502; x_wconf 89' lang='lat' dir='ltr'>eum</span> <span class='ocrx_word' id='word_1_307' title='bbox 2501 1448 2571 1503; x_wconf 87' lang='lat' dir='ltr'>ad</span> <span class='ocrx_word' id='word_1_308' title='bbox 2623 1450 3102 1520; x_wconf 89' lang='lat' dir='ltr'>respondendum</span> <span class='ocrx_word' id='word_1_309' title='bbox 3160 1455 3481 1523; x_wconf 87' lang='lat' dir='ltr'>provocat:</span> <span class='ocrx_word' id='word_1_310' title='bbox 3529 1456 3594 1508; x_wconf 89' lang='lat' dir='ltr'>ut</span> <span class='ocrx_word' id='word_1_311' title='bbox 3650 1468 3720 1510; x_wconf 81' lang='lat' dir='ltr'>ex</span> 
     </span>
    </p>
   </div>
   <div class='ocr_carea' id='block_1_44' title="bbox 2066 1535 3717 1608">
    <p class='ocr_par' dir='ltr' id='par_1_44' title="bbox 2066 1535 3717 1608">
     <span class='ocr_line' id='line_1_44' title="bbox 2066 1535 3717 1608; baseline 0.005 -19"><span class='ocrx_word' id='word_1_312' title='bbox 2066 1535 2327 1608; x_wconf 88' lang='lat' dir='ltr'>qualibet</span> <span class='ocrx_word' id='word_1_313' title='bbox 2358 1536 2664 1592; x_wconf 86' lang='lat' dir='ltr'>occasione</span> <span class='ocrx_word' id='word_1_314' title='bbox 2697 1538 2986 1594; x_wconf 88' lang='lat' dir='ltr'>sermonis</span> <span class='ocrx_word' id='word_1_315' title='bbox 3018 1537 3212 1595; x_wconf 90' lang='lat' dir='ltr'>locum</span> <span class='ocrx_word' id='word_1_316' title='bbox 3253 1540 3512 1598; x_wconf 88' lang='lat' dir='ltr'>inveniat</span> <span class='ocrx_word' id='word_1_317' title='bbox 3539 1557 3717 1598; x_wconf 90' lang='lat' dir='ltr'>accu-</span> 
     </span>
    </p>
   </div>
   <div class='ocr_carea' id='block_1_45' title="bbox 2064 1624 3713 1703">
    <p class='ocr_par' dir='ltr' id='par_1_45' title="bbox 2064 1624 3713 1703">
     <span class='ocr_line' id='line_1_45' title="bbox 2064 1624 3713 1703; baseline 0.005 -23"><span class='ocrx_word' id='word_1_318' title='bbox 2064 1625 2254 1680; x_wconf 89' lang='lat' dir='ltr'>sandi.</span> <span class='ocrx_word' id='word_1_319' title='bbox 2288 1624 2686 1682; x_wconf 89' lang='lat' dir='ltr'>Nihilominus</span> <span class='ocrx_word' id='word_1_320' title='bbox 2732 1628 2908 1684; x_wconf 87' lang='lat' dir='ltr'>Jesus</span> <span class='ocrx_word' id='word_1_321' title='bbox 2956 1629 3202 1686; x_wconf 89' lang='lat' dir='ltr'>tacebat.</span> <span class='ocrx_word' id='word_1_322' title='bbox 3256 1629 3486 1686; x_wconf 87' lang='lat' dir='ltr'>Sciebat</span> <span class='ocrx_word' id='word_1_323' title='bbox 3531 1631 3713 1703; x_wconf 89' lang='lat' dir='ltr'>enim,</span> 
     </span>
    </p>
   </div>
   <div class='ocr_carea' id='block_1_46' title="bbox 2064 1714 3715 1801">
    <p class='ocr_par' dir='ltr' id='par_1_46' title="bbox 2064 1714 3715 1801">
     <span class='ocr_line' id='line_1_46' title="bbox 2064 1714 3715 1801; baseline 0.006 -33"><span class='ocrx_word' id='word_1_324' title='bbox 2064 1714 2233 1785; x_wconf 90' lang='lat' dir='ltr'>quasi</span> <span class='ocrx_word' id='word_1_325' title='bbox 2266 1714 2441 1785; x_wconf 90' lang='lat' dir='ltr'>Deus,</span> <span class='ocrx_word' id='word_1_326' title='bbox 2465 1715 2750 1787; x_wconf 89' lang='lat' dir='ltr'>quidquid</span> <span class='ocrx_word' id='word_1_327' title='bbox 2785 1717 3186 1789; x_wconf 88' lang='lat' dir='ltr'>respondisset</span> <span class='ocrx_word' id='word_1_328' title='bbox 3215 1719 3611 1801; x_wconf 83' lang='lat' dir='ltr'>torquendum</span> <span class='ocrx_word' id='word_1_329' title='bbox 3642 1720 3715 1778; x_wconf 83' lang='lat' dir='ltr'>ad</span> 
     </span>
    </p>
   </div>
   <div class='ocr_carea' id='block_1_47' title="bbox 2064 1802 3067 1859">
    <p class='ocr_par' dir='ltr' id='par_1_47' title="bbox 2064 1802 3067 1859">
     <span class='ocr_line' id='line_1_47' title="bbox 2064 1802 3067 1859; baseline 0.006 -2"><span class='ocrx_word' id='word_1_330' title='bbox 2064 1802 2445 1859; x_wconf 87' lang='lat' dir='ltr'>calumniam.</span> <span class='ocrx_word' id='word_1_331' title='bbox 3064 1824 3067 1831; x_wconf 68' lang='lat'><strong><em>‘</em></strong></span> 
     </span>
    </p>
   </div>
   <div class='ocr_carea' id='block_1_48' title="bbox 2136 1892 3711 1968">
    <p class='ocr_par' dir='ltr' id='par_1_48' title="bbox 2136 1892 3711 1968">
     <span class='ocr_line' id='line_1_48' title="bbox 2136 1892 3711 1968; baseline 0.006 -23"><span class='ocrx_word' id='word_1_332' title='bbox 2136 1892 2322 1963; x_wconf 86' lang='lat' dir='ltr'>(Vers.</span> <span class='ocrx_word' id='word_1_333' title='bbox 2366 1894 2481 1966; x_wconf 92' lang='lat'>63.)</span> <span class='ocrx_word' id='word_1_334' title='bbox 2530 1917 2558 1945; x_wconf 88' lang='lat'><strong><em>«</em></strong></span> <span class='ocrx_word' id='word_1_335' title='bbox 2592 1896 2661 1950; x_wconf 87' lang='lat' dir='ltr'>Et</span> <span class='ocrx_word' id='word_1_336' title='bbox 2710 1896 2984 1968; x_wconf 91' lang='lat' dir='ltr'>princeps</span> <span class='ocrx_word' id='word_1_337' title='bbox 3034 1898 3403 1954; x_wconf 88' lang='lat' dir='ltr'>sacerdotum</span> <span class='ocrx_word' id='word_1_338' title='bbox 3452 1898 3534 1955; x_wconf 90' lang='lat' dir='ltr'>ait</span> <span class='ocrx_word' id='word_1_339' title='bbox 3577 1898 3711 1956; x_wconf 89' lang='lat' dir='ltr'>illi:</span> 
     </span>
    </p>
   </div>
   <div class='ocr_carea' id='block_1_49' title="bbox 2062 1983 3713 2056">
    <p class='ocr_par' dir='ltr' id='par_1_49' title="bbox 2062 1983 3713 2056">
     <span class='ocr_line' id='line_1_49' title="bbox 2062 1983 3713 2056; baseline 0.005 -19"><span class='ocrx_word' id='word_1_340' title='bbox 2062 1983 2284 2054; x_wconf 84' lang='lat' dir='ltr'>Adjuro</span> <span class='ocrx_word' id='word_1_341' title='bbox 2338 1988 2396 2039; x_wconf 93' lang='lat' dir='ltr'>te</span> <span class='ocrx_word' id='word_1_342' title='bbox 2444 2001 2547 2056; x_wconf 89' lang='lat' dir='ltr'>per</span> <span class='ocrx_word' id='word_1_343' title='bbox 2592 1984 2776 2041; x_wconf 89' lang='lat' dir='ltr'>Deum</span> <span class='ocrx_word' id='word_1_344' title='bbox 2820 1986 3040 2052; x_wconf 89' lang='lat' dir='ltr'>vivum,</span> <span class='ocrx_word' id='word_1_345' title='bbox 3073 1992 3138 2042; x_wconf 91' lang='lat' dir='ltr'>ut</span> <span class='ocrx_word' id='word_1_346' title='bbox 3175 1986 3336 2044; x_wconf 89' lang='lat' dir='ltr'>dicas</span> <span class='ocrx_word' id='word_1_347' title='bbox 3368 1988 3538 2045; x_wconf 90' lang='lat' dir='ltr'>nobis</span> <span class='ocrx_word' id='word_1_348' title='bbox 3567 1990 3618 2045; x_wconf 88' lang='lat' dir='ltr'>si</span> <span class='ocrx_word' id='word_1_349' title='bbox 3646 1993 3713 2045; x_wconf 87' lang='lat' dir='ltr'>tu</span> 
     </span>
    </p>
   </div>
   <div class='ocr_carea' id='block_1_50' title="bbox 2062 2072 3716 2151">
    <p class='ocr_par' dir='ltr' id='par_1_50' title="bbox 2062 2072 3716 2151">
     <span class='ocr_line' id='line_1_50' title="bbox 2062 2072 3716 2151; baseline 0.004 -23"><span class='ocrx_word' id='word_1_350' title='bbox 2062 2089 2124 2129; x_wconf 90' lang='lat' dir='ltr'>es</span> <span class='ocrx_word' id='word_1_351' title='bbox 2156 2072 2421 2128; x_wconf 85' lang='lat' dir='ltr'>Christus</span> <span class='ocrx_word' id='word_1_352' title='bbox 2452 2073 2633 2130; x_wconf 85' lang='lat' dir='ltr'>Filius</span> <span class='ocrx_word' id='word_1_353' title='bbox 2662 2075 2811 2130; x_wconf 82' lang='lat' dir='ltr'>Dei?</span> <span class='ocrx_word' id='word_1_354' title='bbox 2835 2097 2863 2125; x_wconf 86' lang='lat'>»</span> <span class='ocrx_word' id='word_1_355' title='bbox 2896 2075 3042 2139; x_wconf 88' lang='lat' dir='ltr'>Quid</span> <span class='ocrx_word' id='word_1_356' title='bbox 3075 2076 3333 2146; x_wconf 88' lang='lat' dir='ltr'>adjuras,</span> <span class='ocrx_word' id='word_1_357' title='bbox 3361 2077 3716 2151; x_wconf 86' lang='lat' dir='ltr'>impiissime</span> 
     </span>
    </p>
   </div>
   <div class='ocr_carea' id='block_1_51' title="bbox 2062 2164 3715 2233">
    <p class='ocr_par' dir='ltr' id='par_1_51' title="bbox 2062 2164 3715 2233">
     <span class='ocr_line' id='line_1_51' title="bbox 2062 2164 3715 2233; baseline 0.004 -14"><span class='ocrx_word' id='word_1_358' title='bbox 2062 2164 2457 2231; x_wconf 82' lang='lat' dir='ltr'>sacerdotum,</span> <span class='ocrx_word' id='word_1_359' title='bbox 2492 2168 2556 2218; x_wconf 89' lang='lat' dir='ltr'>ut</span> <span class='ocrx_word' id='word_1_360' title='bbox 2603 2181 2865 2233; x_wconf 87' lang='lat' dir='ltr'>accuses,</span> <span class='ocrx_word' id='word_1_361' title='bbox 2899 2182 2972 2221; x_wconf 91' lang='lat' dir='ltr'>an</span> <span class='ocrx_word' id='word_1_362' title='bbox 3024 2170 3090 2220; x_wconf 90' lang='lat' dir='ltr'>ut</span> <span class='ocrx_word' id='word_1_363' title='bbox 3136 2166 3387 2225; x_wconf 82' lang='lat' dir='ltr'>credas?</span> <span class='ocrx_word' id='word_1_364' title='bbox 3433 2167 3494 2223; x_wconf 91' lang='lat' dir='ltr'>Si</span> <span class='ocrx_word' id='word_1_365' title='bbox 3529 2173 3592 2223; x_wconf 90' lang='lat' dir='ltr'>ut</span> <span class='ocrx_word' id='word_1_366' title='bbox 3620 2185 3715 2225; x_wconf 82' lang='lat' dir='ltr'>ac-</span> 
     </span>
    </p>
   </div>
   <div class='ocr_carea' id='block_1_52' title="bbox 2063 2252 3719 2325">
    <p class='ocr_par' dir='ltr' id='par_1_52' title="bbox 2063 2252 3719 2325">
     <span class='ocr_line' id='line_1_52' title="bbox 2063 2252 3719 2325; baseline 0.004 -18"><span class='ocrx_word' id='word_1_367' title='bbox 2063 2267 2253 2319; x_wconf 90' lang='lat' dir='ltr'>cuses,</span> <span class='ocrx_word' id='word_1_368' title='bbox 2287 2258 2544 2325; x_wconf 88' lang='lat' dir='ltr'>arguunt</span> <span class='ocrx_word' id='word_1_369' title='bbox 2573 2252 2672 2309; x_wconf 88' lang='lat' dir='ltr'>alii</span> <span class='ocrx_word' id='word_1_370' title='bbox 2707 2271 2719 2309; x_wconf 88' lang='lat'>:</span> <span class='ocrx_word' id='word_1_371' title='bbox 2761 2254 3188 2311; x_wconf 74' lang='lat' dir='ltr'>condemnate3</span> <span class='ocrx_word' id='word_1_372' title='bbox 3218 2259 3527 2312; x_wconf 82' lang='lat' dir='ltr'>tacentem.</span> <span class='ocrx_word' id='word_1_373' title='bbox 3560 2256 3619 2312; x_wconf 89' lang='lat' dir='ltr'>Si</span> <span class='ocrx_word' id='word_1_374' title='bbox 3650 2261 3719 2313; x_wconf 89' lang='lat' dir='ltr'>ut</span> 
     </span>
    </p>
   </div>
   <div class='ocr_carea' id='block_1_53' title="bbox 2062 2340 3725 2413">
    <p class='ocr_par' dir='ltr' id='par_1_53' title="bbox 2062 2340 3725 2413">
     <span class='ocr_line' id='line_1_53' title="bbox 2062 2340 3725 2413; baseline 0.004 -18"><span class='ocrx_word' id='word_1_375' title='bbox 2062 2340 2286 2409; x_wconf 89' lang='lat' dir='ltr'>credas,</span> <span class='ocrx_word' id='word_1_376' title='bbox 2320 2358 2502 2413; x_wconf 87' lang='lat' dir='ltr'>quare</span> <span class='ocrx_word' id='word_1_377' title='bbox 2531 2342 2833 2398; x_wconf 86' lang='lat' dir='ltr'>conﬁtenti</span> <span class='ocrx_word' id='word_1_378' title='bbox 2863 2343 3095 2400; x_wconf 88' lang='lat' dir='ltr'>credere</span> <span class='ocrx_word' id='word_1_379' title='bbox 3127 2343 3364 2401; x_wconf 87' lang='lat' dir='ltr'>noluisti</span> <span class='ocrx_word' id='word_1_380' title='bbox 3386 2344 3414 2399; x_wconf 80' lang='lat' dir='ltr'>‘I</span> <span class='ocrx_word' id='word_1_381' title='bbox 3721 2400 3725 2402; x_wconf 26' lang='grc' dir='ltr'>γ</span> 
     </span>
    </p>
   </div>
   <div class='ocr_carea' id='block_1_54' title="bbox 2132 2430 3713 2502">
    <p class='ocr_par' dir='ltr' id='par_1_54' title="bbox 2132 2430 3713 2502">
     <span class='ocr_line' id='line_1_54' title="bbox 2132 2430 3713 2502; baseline 0.004 -18"><span class='ocrx_word' id='word_1_382' title='bbox 2132 2430 2319 2501; x_wconf 87' lang='lat' dir='ltr'>(Vers.</span> <span class='ocrx_word' id='word_1_383' title='bbox 2353 2432 2469 2502; x_wconf 79' lang='grc'>64.)</span> <span class='ocrx_word' id='word_1_384' title='bbox 2520 2431 2734 2487; x_wconf 85' lang='lat' dir='ltr'>«Dixit</span> <span class='ocrx_word' id='word_1_385' title='bbox 2783 2432 2864 2487; x_wconf 88' lang='lat' dir='ltr'>illi</span> <span class='ocrx_word' id='word_1_386' title='bbox 2912 2433 3136 2489; x_wconf 86' lang='lat' dir='ltr'>Jesus:</span> <span class='ocrx_word' id='word_1_387' title='bbox 3194 2434 3279 2489; x_wconf 88' lang='lat' dir='ltr'>&#39;I‘u</span> <span class='ocrx_word' id='word_1_388' title='bbox 3333 2433 3553 2490; x_wconf 87' lang='lat' dir='ltr'>dixisti.</span> <span class='ocrx_word' id='word_1_389' title='bbox 3604 2438 3713 2492; x_wconf 87' lang='lat' dir='ltr'>Ve-</span> 
     </span>
    </p>
   </div>
   <div class='ocr_carea' id='block_1_55' title="bbox 2060 2521 3715 2583">
    <p class='ocr_par' dir='ltr' id='par_1_55' title="bbox 2060 2521 3715 2583">
     <span class='ocr_line' id='line_1_55' title="bbox 2060 2521 3715 2583; baseline 0.004 -9"><span class='ocrx_word' id='word_1_390' title='bbox 2060 2524 2391 2576; x_wconf 88' lang='lat' dir='ltr'>rumtamen</span> <span class='ocrx_word' id='word_1_391' title='bbox 2424 2521 2555 2576; x_wconf 90' lang='lat' dir='ltr'>dico</span> <span class='ocrx_word' id='word_1_392' title='bbox 2585 2522 2751 2577; x_wconf 88' lang='lat' dir='ltr'>vobis</span> <span class='ocrx_word' id='word_1_393' title='bbox 2781 2539 2793 2575; x_wconf 85' lang='lat'><strong>:</strong></span> <span class='ocrx_word' id='word_1_394' title='bbox 2830 2523 3041 2578; x_wconf 87' lang='lat' dir='ltr'>amodo</span> <span class='ocrx_word' id='word_1_395' title='bbox 3069 2521 3342 2578; x_wconf 87' lang='lat' dir='ltr'>videbitis</span> <span class='ocrx_word' id='word_1_396' title='bbox 3372 2522 3585 2580; x_wconf 87' lang='lat' dir='ltr'>Filium</span> <span class='ocrx_word' id='word_1_397' title='bbox 3617 2524 3715 2583; x_wconf 81' lang='lat' dir='ltr'>ho-</span> 
     </span>
    </p>
   </div>
   <div class='ocr_carea' id='block_1_56' title="bbox 2060 2607 3712 2680">
    <p class='ocr_par' dir='ltr' id='par_1_56' title="bbox 2060 2607 3712 2680">
     <span class='ocr_line' id='line_1_56' title="bbox 2060 2607 3712 2680; baseline 0.005 -17"><span class='ocrx_word' id='word_1_398' title='bbox 2060 2607 2238 2665; x_wconf 90' lang='lat' dir='ltr'>minis</span> <span class='ocrx_word' id='word_1_399' title='bbox 2269 2611 2568 2666; x_wconf 90' lang='lat' dir='ltr'>sedentem</span> <span class='ocrx_word' id='word_1_400' title='bbox 2600 2627 2633 2666; x_wconf 89' lang='lat' dir='ltr'>a</span> <span class='ocrx_word' id='word_1_401' title='bbox 2663 2610 2916 2668; x_wconf 83' lang='lat' dir='ltr'>dexteris</span> <span class='ocrx_word' id='word_1_402' title='bbox 2962 2610 3197 2667; x_wconf 90' lang='lat' dir='ltr'>virtutis</span> <span class='ocrx_word' id='word_1_403' title='bbox 3238 2613 3360 2680; x_wconf 89' lang='lat' dir='ltr'>Dei,</span> <span class='ocrx_word' id='word_1_404' title='bbox 3395 2616 3453 2668; x_wconf 88' lang='lat' dir='ltr'>et</span> <span class='ocrx_word' id='word_1_405' title='bbox 3478 2613 3712 2670; x_wconf 89' lang='lat' dir='ltr'>venien-</span> 
     </span>
    </p>
   </div>
   <div class='ocr_carea' id='block_1_57' title="bbox 2059 2699 3714 2771">
    <p class='ocr_par' dir='ltr' id='par_1_57' title="bbox 2059 2699 3714 2771">
     <span class='ocr_line' id='line_1_57' title="bbox 2059 2699 3714 2771; baseline 0.003 -18"><span class='ocrx_word' id='word_1_406' title='bbox 2059 2703 2177 2754; x_wconf 88' lang='lat' dir='ltr'>tem</span> <span class='ocrx_word' id='word_1_407' title='bbox 2226 2700 2285 2754; x_wconf 90' lang='lat' dir='ltr'>in</span> <span class='ocrx_word' id='word_1_408' title='bbox 2336 2700 2595 2756; x_wconf 91' lang='lat' dir='ltr'>nubibus</span> <span class='ocrx_word' id='word_1_409' title='bbox 2644 2699 2791 2755; x_wconf 79' lang='lat' dir='ltr'>cceli.</span> <span class='ocrx_word' id='word_1_410' title='bbox 2827 2722 2857 2749; x_wconf 87' lang='grc'><strong>››</strong></span> <span class='ocrx_word' id='word_1_411' title='bbox 2902 2701 2972 2755; x_wconf 86' lang='lat' dir='ltr'>Et</span> <span class='ocrx_word' id='word_1_412' title='bbox 3003 2701 3313 2757; x_wconf 89' lang='lat' dir='ltr'>adversum</span> <span class='ocrx_word' id='word_1_413' title='bbox 3347 2700 3623 2771; x_wconf 87' lang='lat' dir='ltr'>Pilatum,</span> <span class='ocrx_word' id='word_1_414' title='bbox 3654 2706 3714 2760; x_wconf 91' lang='lat' dir='ltr'>et</span> 
     </span>
    </p>
   </div>
   <div class='ocr_carea' id='block_1_58' title="bbox 2059 2788 3713 2864">
    <p class='ocr_par' dir='ltr' id='par_1_58' title="bbox 2059 2788 3713 2864">
     <span class='ocr_line' id='line_1_58' title="bbox 2059 2788 3713 2864; baseline 0.004 -21"><span class='ocrx_word' id='word_1_415' title='bbox 2059 2788 2368 2844; x_wconf 78' lang='lat' dir='ltr'>adversum</span> <span class='ocrx_word' id='word_1_416' title='bbox 2414 2789 2690 2862; x_wconf 88' lang='lat' dir='ltr'>Caipham</span> <span class='ocrx_word' id='word_1_417' title='bbox 2740 2788 2955 2845; x_wconf 90' lang='lat' dir='ltr'>similis</span> <span class='ocrx_word' id='word_1_418' title='bbox 3002 2789 3326 2860; x_wconf 88' lang='lat' dir='ltr'>responsio,</span> <span class='ocrx_word' id='word_1_419' title='bbox 3361 2795 3427 2847; x_wconf 83' lang='lat' dir='ltr'>ut</span> <span class='ocrx_word' id='word_1_420' title='bbox 3476 2791 3713 2864; x_wconf 77' lang='lat' dir='ltr'>propria</span> 
     </span>
    </p>
   </div>
   <div class='ocr_carea' id='block_1_59' title="bbox 2021 2878 2887 2935">
    <p class='ocr_par' dir='ltr' id='par_1_59' title="bbox 2021 2878 2887 2935">
     <span class='ocr_line' id='line_1_59' title="bbox 2021 2878 2887 2935; baseline 0.001 -4"><span class='ocrx_word' id='word_1_421' title='bbox 2021 2878 2349 2933; x_wconf 86' lang='lat' dir='ltr'>&#39;sententia</span> <span class='ocrx_word' id='word_1_422' title='bbox 2404 2879 2887 2935; x_wconf 88' lang='lat' dir='ltr'>condemnentur.</span> 
     </span>
    </p>
   </div>
   <div class='ocr_carea' id='block_1_60' title="bbox 2130 2966 3711 3040">
    <p class='ocr_par' dir='ltr' id='par_1_60' title="bbox 2130 2966 3711 3040">
     <span class='ocr_line' id='line_1_60' title="bbox 2130 2966 3711 3040; baseline 0.003 -20"><span class='ocrx_word' id='word_1_423' title='bbox 2130 2966 2315 3037; x_wconf 89' lang='lat' dir='ltr'>(Vers.</span> <span class='ocrx_word' id='word_1_424' title='bbox 2346 2970 2436 3036; x_wconf 84' lang='grc'>65,</span> <span class='ocrx_word' id='word_1_425' title='bbox 2469 2968 2585 3040; x_wconf 91' lang='grc'>66.)</span> <span class='ocrx_word' id='word_1_426' title='bbox 2630 2990 2658 3018; x_wconf 90' lang='grc'>‹‹</span> <span class='ocrx_word' id='word_1_427' title='bbox 2691 2968 2853 3023; x_wconf 92' lang='lat' dir='ltr'>Tunc</span> <span class='ocrx_word' id='word_1_428' title='bbox 2883 2967 3158 3039; x_wconf 88' lang='lat' dir='ltr'>princeps</span> <span class='ocrx_word' id='word_1_429' title='bbox 3191 2968 3565 3025; x_wconf 88' lang='lat' dir='ltr'>sacerdotum</span> <span class='ocrx_word' id='word_1_430' title='bbox 3598 2968 3711 3025; x_wconf 86' lang='lat' dir='ltr'>sci-</span> 
     </span>
    </p>
   </div>
   <div class='ocr_carea' id='block_1_61' title="bbox 2061 3056 3712 3130">
    <p class='ocr_par' dir='ltr' id='par_1_61' title="bbox 2061 3056 3712 3130">
     <span class='ocr_line' id='line_1_61' title="bbox 2061 3056 3712 3130; baseline 0.002 -19"><span class='ocrx_word' id='word_1_431' title='bbox 2061 3056 2147 3111; x_wconf 88' lang='lat' dir='ltr'>dit</span> <span class='ocrx_word' id='word_1_432' title='bbox 2192 3059 2543 3112; x_wconf 87' lang='lat' dir='ltr'>vestimenta</span> <span class='ocrx_word' id='word_1_433' title='bbox 2593 3074 2722 3125; x_wconf 83' lang='lat' dir='ltr'>sua,</span> <span class='ocrx_word' id='word_1_434' title='bbox 2756 3057 3002 3112; x_wconf 90' lang='lat' dir='ltr'>dicens:</span> <span class='ocrx_word' id='word_1_435' title='bbox 3056 3056 3510 3130; x_wconf 84' lang='lat' dir='ltr'>Blasphemavit.</span> <span class='ocrx_word' id='word_1_436' title='bbox 3563 3057 3712 3123; x_wconf 87' lang='lat' dir='ltr'>Quid</span> 
     </span>
    </p>
   </div>
   <div class='ocr_carea' id='block_1_62' title="bbox 2065 3146 3713 3219">
    <p class='ocr_par' dir='ltr' id='par_1_62' title="bbox 2065 3146 3713 3219">
     <span class='ocr_line' id='line_1_62' title="bbox 2065 3146 3713 3219; baseline 0.003 -18"><span class='ocrx_word' id='word_1_437' title='bbox 2065 3146 2258 3202; x_wconf 91' lang='lat' dir='ltr'>adhuc</span> <span class='ocrx_word' id='word_1_438' title='bbox 2289 3164 2530 3219; x_wconf 83' lang='lat' dir='ltr'>egemus</span> <span class='ocrx_word' id='word_1_439' title='bbox 2560 3148 2810 3203; x_wconf 85' lang='lat' dir='ltr'>testibus</span> <span class='ocrx_word' id='word_1_440' title='bbox 2831 3148 2857 3201; x_wconf 87' lang='lat'><strong><em>?</em></strong></span> <span class='ocrx_word' id='word_1_441' title='bbox 2904 3148 3047 3203; x_wconf 90' lang='lat' dir='ltr'>Ecce</span> <span class='ocrx_word' id='word_1_442' title='bbox 3081 3164 3238 3203; x_wconf 89' lang='lat' dir='ltr'>nunc</span> <span class='ocrx_word' id='word_1_443' title='bbox 3278 3146 3528 3205; x_wconf 85' lang='lat' dir='ltr'>audistis</span> <span class='ocrx_word' id='word_1_444' title='bbox 3557 3147 3713 3206; x_wconf 81' lang='lat' dir='ltr'>blae-</span> 
     </span>
    </p>
   </div>
   <div class='ocr_carea' id='block_1_63' title="bbox 2058 3235 3712 3309">
    <p class='ocr_par' dir='ltr' id='par_1_63' title="bbox 2058 3235 3712 3309">
     <span class='ocr_line' id='line_1_63' title="bbox 2058 3235 3712 3309; baseline 0.002 -19"><span class='ocrx_word' id='word_1_445' title='bbox 2058 3235 2376 3308; x_wconf 87' lang='lat' dir='ltr'>phemiam.</span> <span class='ocrx_word' id='word_1_446' title='bbox 2413 3237 2560 3303; x_wconf 88' lang='lat' dir='ltr'>Quid</span> <span class='ocrx_word' id='word_1_447' title='bbox 2597 3237 2763 3292; x_wconf 85' lang='lat' dir='ltr'>vobis</span> <span class='ocrx_word' id='word_1_448' title='bbox 2793 3235 3018 3292; x_wconf 81' lang='lat' dir='ltr'>videtur</span> <span class='ocrx_word' id='word_1_449' title='bbox 3044 3236 3071 3291; x_wconf 73' lang='lat'>‘2</span> <span class='ocrx_word' id='word_1_450' title='bbox 3117 3239 3190 3291; x_wconf 85' lang='lat' dir='ltr'>At</span> <span class='ocrx_word' id='word_1_451' title='bbox 3227 3235 3314 3292; x_wconf 92' lang='lat' dir='ltr'>illi</span> <span class='ocrx_word' id='word_1_452' title='bbox 3355 3237 3712 3309; x_wconf 81' lang='lat' dir='ltr'>responden-</span> 
     </span>
    </p>
   </div>
   <div class='ocr_carea' id='block_1_64' title="bbox 294 3290 3713 3397">
    <p class='ocr_par' dir='ltr' id='par_1_64' title="bbox 294 3290 3713 3397">
     <span class='ocr_line' id='line_1_64' title="bbox 294 3290 3713 3397; baseline 0.001 -20"><span class='ocrx_word' id='word_1_453' title='bbox 294 3290 466 3365; x_wconf 72' lang='grc' dir='ltr'>εειιίε</span> <span class='ocrx_word' id='word_1_454' title='bbox 517 3310 735 3397; x_wconf 44' lang='lat' dir='ltr'>caesam</span> <span class='ocrx_word' id='word_1_455' title='bbox 785 3295 1124 3397; x_wconf 48' lang='lat' dir='ltr'>dimicet;</span> <span class='ocrx_word' id='word_1_456' title='bbox 1176 3297 1331 3397; x_wconf 48' lang='lat' dir='ltr'>an;</span> <span class='ocrx_word' id='word_1_457' title='bbox 1362 3298 1471 3397; x_wconf 64' lang='lat'>119°</span> <span class='ocrx_word' id='word_1_458' title='bbox 1501 3296 1808 3397; x_wconf 60' lang='grc' dir='ltr'>εξίνριτείιειε</span> <span class='ocrx_word' id='word_1_459' title='bbox 1841 3297 1944 3352; x_wconf 78' lang='lat' dir='ltr'>de-</span> <span class='ocrx_word' id='word_1_460' title='bbox 1978 3312 2021 3380; x_wconf 88' lang='lat' dir='ltr'>c</span> <span class='ocrx_word' id='word_1_461' title='bbox 2057 3290 2727 3397; x_wconf 59' lang='grc' dir='ltr'>ξ..,αί.ε.υιῖιει.έυε</span> <span class='ocrx_word' id='word_1_462' title='bbox 2748 3290 3107 3382; x_wconf 23' lang='grc' dir='ltr'>ἀθειίφθδέιί..</span> <span class='ocrx_word' id='word_1_463' title='bbox 3222 3290 3713 3393; x_wconf 49' lang='lat' dir='ltr'>mastgia}.</span> 
     </span>
    </p>
   </div>
   <div class='ocr_carea' id='block_1_65' title="bbox 294 3382 1943 3460">
    <p class='ocr_par' dir='ltr' id='par_1_65' title="bbox 294 3382 1943 3460">
     <span class='ocr_line' id='line_1_65' title="bbox 294 3382 1943 3460; baseline 0.002 -23"><span class='ocrx_word' id='word_1_464' title='bbox 294 3396 421 3437; x_wconf 88' lang='lat' dir='ltr'>cem</span> <span class='ocrx_word' id='word_1_465' title='bbox 452 3382 853 3455; x_wconf 80' lang='lat' dir='ltr'>apostolorum</span> <span class='ocrx_word' id='word_1_466' title='bbox 885 3391 941 3441; x_wconf 87' lang='lat' dir='ltr'>et</span> <span class='ocrx_word' id='word_1_467' title='bbox 969 3386 1144 3441; x_wconf 91' lang='lat' dir='ltr'>Petri.</span> <span class='ocrx_word' id='word_1_468' title='bbox 1187 3386 1275 3441; x_wconf 90' lang='lat' dir='ltr'>llli</span> <span class='ocrx_word' id='word_1_469' title='bbox 1307 3387 1562 3460; x_wconf 72' lang='lat' dir='ltr'>fugiunt,</span> <span class='ocrx_word' id='word_1_470' title='bbox 1595 3387 1724 3455; x_wconf 87' lang='lat' dir='ltr'>iste,</span> <span class='ocrx_word' id='word_1_471' title='bbox 1759 3403 1943 3459; x_wconf 90' lang='lat' dir='ltr'>quan-</span> 
     </span>
    </p>
   </div>
   <div class='ocr_carea' id='block_1_66' title="bbox 278 3471 1666 3545">
    <p class='ocr_par' dir='ltr' id='par_1_66' title="bbox 278 3471 1666 3545">
     <span class='ocr_line' id='line_1_66' title="bbox 278 3471 1666 3545; baseline 0.004 -18"><span class='ocrx_word' id='word_1_472' title='bbox 278 3488 475 3544; x_wconf 67' lang='lat' dir='ltr'>quam</span> <span class='ocrx_word' id='word_1_473' title='bbox 503 3471 728 3544; x_wconf 88' lang='lat' dir='ltr'>procul,</span> <span class='ocrx_word' id='word_1_474' title='bbox 764 3474 1029 3545; x_wconf 85' lang='lat' dir='ltr'>sequitur</span> <span class='ocrx_word' id='word_1_475' title='bbox 1060 3479 1258 3531; x_wconf 88' lang='lat' dir='ltr'>tamen</span> <span class='ocrx_word' id='word_1_476' title='bbox 1289 3475 1666 3534; x_wconf 88' lang='lat' dir='ltr'>Salvatorem.</span> 
     </span>
    </p>
   </div>
   <div class='ocr_carea' id='block_1_67' title="bbox 364 3587 1943 3659">
    <p class='ocr_par' dir='ltr' id='par_1_67' title="bbox 364 3587 1943 3659">
     <span class='ocr_line' id='line_1_67' title="bbox 364 3587 1943 3659; baseline 0.004 -17"><span class='ocrx_word' id='word_1_477' title='bbox 364 3587 551 3659; x_wconf 89' lang='lat' dir='ltr'>(Vers.</span> <span class='ocrx_word' id='word_1_478' title='bbox 580 3588 698 3659; x_wconf 89' lang='grc'>61.)</span> <span class='ocrx_word' id='word_1_479' title='bbox 731 3612 759 3639; x_wconf 89' lang='grc'>‹‹</span> <span class='ocrx_word' id='word_1_480' title='bbox 785 3589 1110 3648; x_wconf 88' lang='lat' dir='ltr'>Novissime</span> <span class='ocrx_word' id='word_1_481' title='bbox 1138 3596 1334 3648; x_wconf 88' lang='lat' dir='ltr'>autem</span> <span class='ocrx_word' id='word_1_482' title='bbox 1365 3600 1651 3648; x_wconf 90' lang='lat' dir='ltr'>venerunt</span> <span class='ocrx_word' id='word_1_483' title='bbox 1670 3593 1785 3648; x_wconf 88' lang='lat' dir='ltr'>duo</span> <span class='ocrx_word' id='word_1_484' title='bbox 1811 3592 1943 3648; x_wconf 83' lang='lat' dir='ltr'>falsi</span> 
     </span>
    </p>
   </div>
   <div class='ocr_carea' id='block_1_68' title="bbox 291 3678 1944 3748">
    <p class='ocr_par' dir='ltr' id='par_1_68' title="bbox 291 3678 1944 3748">
     <span class='ocr_line' id='line_1_68' title="bbox 291 3678 1944 3748; baseline 0.004 -16"><span class='ocrx_word' id='word_1_485' title='bbox 291 3680 493 3748; x_wconf 87' lang='lat' dir='ltr'>testes,</span> <span class='ocrx_word' id='word_1_486' title='bbox 528 3683 585 3734; x_wconf 90' lang='lat' dir='ltr'>et</span> <span class='ocrx_word' id='word_1_487' title='bbox 613 3678 887 3735; x_wconf 89' lang='lat' dir='ltr'>dixerunt</span> <span class='ocrx_word' id='word_1_488' title='bbox 919 3696 931 3735; x_wconf 89' lang='lat'>:</span> <span class='ocrx_word' id='word_1_489' title='bbox 987 3682 1085 3737; x_wconf 89' lang='lat' dir='ltr'>Hic</span> <span class='ocrx_word' id='word_1_490' title='bbox 1124 3682 1271 3737; x_wconf 85' lang='lat' dir='ltr'>dixit</span> <span class='ocrx_word' id='word_1_491' title='bbox 1305 3699 1317 3738; x_wconf 93' lang='lat'><strong>:</strong></span> <span class='ocrx_word' id='word_1_492' title='bbox 1370 3682 1612 3738; x_wconf 87' lang='lat' dir='ltr'>Possum</span> <span class='ocrx_word' id='word_1_493' title='bbox 1646 3683 1944 3738; x_wconf 89' lang='lat' dir='ltr'>destruere</span> 
     </span>
    </p>
   </div>
   <div class='ocr_carea' id='block_1_69' title="bbox 293 3766 1941 3842">
    <p class='ocr_par' dir='ltr' id='par_1_69' title="bbox 293 3766 1941 3842">
     <span class='ocr_line' id='line_1_69' title="bbox 293 3766 1941 3842; baseline 0 -20"><span class='ocrx_word' id='word_1_494' title='bbox 293 3766 585 3840; x_wconf 82' lang='lat' dir='ltr'>templum</span> <span class='ocrx_word' id='word_1_495' title='bbox 619 3768 738 3839; x_wconf 89' lang='lat' dir='ltr'>Dei,</span> <span class='ocrx_word' id='word_1_496' title='bbox 773 3774 830 3827; x_wconf 91' lang='lat' dir='ltr'>et</span> <span class='ocrx_word' id='word_1_497' title='bbox 858 3774 991 3842; x_wconf 90' lang='lat' dir='ltr'>post</span> <span class='ocrx_word' id='word_1_498' title='bbox 1022 3770 1281 3827; x_wconf 88' lang='lat' dir='ltr'>triduum</span> <span class='ocrx_word' id='word_1_499' title='bbox 1323 3771 1671 3828; x_wconf 73' lang='lat' dir='ltr'>reaediiicare</span> <span class='ocrx_word' id='word_1_500' title='bbox 1711 3771 1875 3827; x_wconf 90' lang='lat' dir='ltr'>illud.</span> <span class='ocrx_word' id='word_1_501' title='bbox 1913 3794 1941 3823; x_wconf 83' lang='grc'>››</span> 
     </span>
    </p>
   </div>
   <div class='ocr_carea' id='block_1_70' title="bbox 296 3856 1945 3934">
    <p class='ocr_par' dir='ltr' id='par_1_70' title="bbox 296 3856 1945 3934">
     <span class='ocr_line' id='line_1_70' title="bbox 296 3856 1945 3934; baseline 0.004 -23"><span class='ocrx_word' id='word_1_502' title='bbox 296 3856 598 3922; x_wconf 90' lang='lat' dir='ltr'>Quomodo</span> <span class='ocrx_word' id='word_1_503' title='bbox 622 3856 755 3914; x_wconf 85' lang='lat' dir='ltr'>falsi</span> <span class='ocrx_word' id='word_1_504' title='bbox 784 3862 962 3915; x_wconf 85' lang='lat' dir='ltr'>testes</span> <span class='ocrx_word' id='word_1_505' title='bbox 993 3865 1153 3925; x_wconf 89' lang='lat' dir='ltr'>sunt,</span> <span class='ocrx_word' id='word_1_506' title='bbox 1178 3860 1227 3916; x_wconf 93' lang='lat' dir='ltr'>si</span> <span class='ocrx_word' id='word_1_507' title='bbox 1257 3878 1324 3917; x_wconf 91' lang='lat' dir='ltr'>ea</span> <span class='ocrx_word' id='word_1_508' title='bbox 1354 3861 1580 3927; x_wconf 88' lang='lat' dir='ltr'>dicunt,</span> <span class='ocrx_word' id='word_1_509' title='bbox 1606 3878 1731 3934; x_wconf 79' lang='lat' dir='ltr'>quae</span> <span class='ocrx_word' id='word_1_510' title='bbox 1758 3862 1945 3918; x_wconf 88' lang='lat' dir='ltr'>Domi-</span> 
     </span>
    </p>
   </div>
   <div class='ocr_carea' id='block_1_71' title="bbox 297 3947 1944 4022">
    <p class='ocr_par' dir='ltr' id='par_1_71' title="bbox 297 3947 1944 4022">
     <span class='ocr_line' id='line_1_71' title="bbox 297 3947 1944 4022; baseline 0.001 -17"><span class='ocrx_word' id='word_1_511' title='bbox 297 3961 654 4021; x_wconf 81' lang='lat' dir='ltr'>num-supra</span> <span class='ocrx_word' id='word_1_512' title='bbox 686 3947 901 4004; x_wconf 86' lang='lat' dir='ltr'>dixisse</span> <span class='ocrx_word' id='word_1_513' title='bbox 933 3948 1184 4022; x_wconf 82' lang='lat' dir='ltr'>legimus</span> <span class='ocrx_word' id='word_1_514' title='bbox 1209 3951 1236 4004; x_wconf 83' lang='lat'><strong><em>?</em></strong></span> <span class='ocrx_word' id='word_1_515' title='bbox 1284 3951 1382 4006; x_wconf 91' lang='lat' dir='ltr'>sed</span> <span class='ocrx_word' id='word_1_516' title='bbox 1426 3950 1611 4007; x_wconf 73' lang='lat' dir='ltr'>falsus</span> <span class='ocrx_word' id='word_1_517' title='bbox 1639 3951 1807 4007; x_wconf 88' lang='lat' dir='ltr'>testis</span> <span class='ocrx_word' id='word_1_518' title='bbox 1837 3955 1944 4018; x_wconf 90' lang='lat' dir='ltr'>est,</span> 
     </span>
    </p>
   </div>
   <div class='ocr_carea' id='block_1_72' title="bbox 301 4034 1945 4113">
    <p class='ocr_par' dir='ltr' id='par_1_72' title="bbox 301 4034 1945 4113">
     <span class='ocr_line' id='line_1_72' title="bbox 301 4034 1945 4113; baseline 0.005 -24"><span class='ocrx_word' id='word_1_519' title='bbox 301 4034 403 4107; x_wconf 90' lang='lat' dir='ltr'>qui</span> <span class='ocrx_word' id='word_1_520' title='bbox 461 4053 577 4093; x_wconf 89' lang='lat' dir='ltr'>non</span> <span class='ocrx_word' id='word_1_521' title='bbox 635 4037 694 4093; x_wconf 88' lang='lat' dir='ltr'>in</span> <span class='ocrx_word' id='word_1_522' title='bbox 755 4038 959 4094; x_wconf 89' lang='lat' dir='ltr'>eodem</span> <span class='ocrx_word' id='word_1_523' title='bbox 1026 4056 1203 4096; x_wconf 88' lang='lat' dir='ltr'>sensu</span> <span class='ocrx_word' id='word_1_524' title='bbox 1274 4039 1428 4096; x_wconf 89' lang='lat' dir='ltr'>dicta</span> <span class='ocrx_word' id='word_1_525' title='bbox 1490 4040 1766 4113; x_wconf 84' lang='lat' dir='ltr'>intelligit</span> <span class='ocrx_word' id='word_1_526' title='bbox 1832 4056 1945 4112; x_wconf 91' lang='lat' dir='ltr'>quo</span> 
     </span>
    </p>
   </div>
   <div class='ocr_carea' id='block_1_73' title="bbox 299 4123 1944 4202">
    <p class='ocr_par' dir='ltr' id='par_1_73' title="bbox 299 4123 1944 4202">
     <span class='ocr_line' id='line_1_73' title="bbox 299 4123 1944 4202; baseline 0.002 -23"><span class='ocrx_word' id='word_1_527' title='bbox 299 4123 594 4183; x_wconf 88' lang='lat' dir='ltr'>dicuntur.</span> <span class='ocrx_word' id='word_1_528' title='bbox 627 4127 912 4185; x_wconf 87' lang='lat' dir='ltr'>Dominus</span> <span class='ocrx_word' id='word_1_529' title='bbox 960 4128 1116 4184; x_wconf 91' lang='lat' dir='ltr'>enim</span> <span class='ocrx_word' id='word_1_530' title='bbox 1168 4129 1392 4186; x_wconf 87' lang='lat' dir='ltr'>dixerat</span> <span class='ocrx_word' id='word_1_531' title='bbox 1443 4131 1514 4185; x_wconf 92' lang='lat' dir='ltr'>de</span> <span class='ocrx_word' id='word_1_532' title='bbox 1564 4128 1781 4202; x_wconf 89' lang='lat' dir='ltr'>templo</span> <span class='ocrx_word' id='word_1_533' title='bbox 1820 4146 1944 4184; x_wconf 91' lang='lat' dir='ltr'>cor-</span> 
     </span>
    </p>
   </div>
   <div class='ocr_carea' id='block_1_74' title="bbox 297 4214 1945 4292">
    <p class='ocr_par' dir='ltr' id='par_1_74' title="bbox 297 4214 1945 4292">
     <span class='ocr_line' id='line_1_74' title="bbox 297 4214 1945 4292; baseline 0.001 -21"><span class='ocrx_word' id='word_1_534' title='bbox 297 4214 461 4287; x_wconf 88' lang='lat' dir='ltr'>poris</span> <span class='ocrx_word' id='word_1_535' title='bbox 511 4215 603 4271; x_wconf 89' lang='lat' dir='ltr'>sui</span> <span class='ocrx_word' id='word_1_536' title='bbox 650 4218 826 4289; x_wconf 81' lang='lat' dir='ltr'>(Joan.</span> <span class='ocrx_word' id='word_1_537' title='bbox 861 4236 923 4285; x_wconf 78' lang='grc' dir='ltr'>ιι,</span> <span class='ocrx_word' id='word_1_538' title='bbox 955 4220 1068 4286; x_wconf 82' lang='grc'>21).</span> <span class='ocrx_word' id='word_1_539' title='bbox 1123 4220 1229 4275; x_wconf 91' lang='lat' dir='ltr'>Sed</span> <span class='ocrx_word' id='word_1_540' title='bbox 1277 4224 1333 4276; x_wconf 93' lang='lat' dir='ltr'>et</span> <span class='ocrx_word' id='word_1_541' title='bbox 1362 4219 1420 4274; x_wconf 90' lang='lat' dir='ltr'>in</span> <span class='ocrx_word' id='word_1_542' title='bbox 1451 4218 1598 4292; x_wconf 89' lang='lat' dir='ltr'>ipsis</span> <span class='ocrx_word' id='word_1_543' title='bbox 1627 4218 1819 4275; x_wconf 89' lang='lat' dir='ltr'>verbis</span> <span class='ocrx_word' id='word_1_544' title='bbox 1851 4235 1945 4274; x_wconf 85' lang='lat' dir='ltr'>ca-</span> 
     </span>
    </p>
   </div>
   <div class='ocr_carea' id='block_1_75' title="bbox 299 4303 1947 4381">
    <p class='ocr_par' dir='ltr' id='par_1_75' title="bbox 299 4303 1947 4381">
     <span class='ocr_line' id='line_1_75' title="bbox 299 4303 1947 4381; baseline 0.002 -23"><span class='ocrx_word' id='word_1_545' title='bbox 299 4303 689 4375; x_wconf 86' lang='lat' dir='ltr'>lumniantur,</span> <span class='ocrx_word' id='word_1_546' title='bbox 722 4312 781 4364; x_wconf 85' lang='lat' dir='ltr'>et</span> <span class='ocrx_word' id='word_1_547' title='bbox 832 4308 1037 4380; x_wconf 90' lang='lat' dir='ltr'>paucis</span> <span class='ocrx_word' id='word_1_548' title='bbox 1085 4307 1302 4364; x_wconf 92' lang='lat' dir='ltr'>additis</span> <span class='ocrx_word' id='word_1_549' title='bbox 1347 4307 1433 4365; x_wconf 89' lang='lat' dir='ltr'>vel</span> <span class='ocrx_word' id='word_1_550' title='bbox 1481 4308 1744 4379; x_wconf 86' lang='lat' dir='ltr'>mutatis,</span> <span class='ocrx_word' id='word_1_551' title='bbox 1778 4307 1947 4381; x_wconf 91' lang='lat' dir='ltr'>quasi</span> 
     </span>
    </p>
   </div>
   <div class='ocr_carea' id='block_1_76' title="bbox 288 4395 1945 4468">
    <p class='ocr_par' dir='ltr' id='par_1_76' title="bbox 288 4395 1945 4468">
     <span class='ocr_line' id='line_1_76' title="bbox 288 4395 1945 4468; baseline 0.002 -18"><span class='ocrx_word' id='word_1_552' title='bbox 288 4395 521 4468; x_wconf 76' lang='lat' dir='ltr'>justam</span> <span class='ocrx_word' id='word_1_553' title='bbox 555 4395 912 4453; x_wconf 89' lang='lat' dir='ltr'>calumniam</span> <span class='ocrx_word' id='word_1_554' title='bbox 944 4397 1185 4455; x_wconf 85' lang='lat' dir='ltr'>faciunt.</span> <span class='ocrx_word' id='word_1_555' title='bbox 1228 4396 1490 4454; x_wconf 89' lang='lat' dir='ltr'>Salvator</span> <span class='ocrx_word' id='word_1_556' title='bbox 1527 4399 1750 4455; x_wconf 86' lang='lat' dir='ltr'>dixerat</span> <span class='ocrx_word' id='word_1_557' title='bbox 1782 4418 1794 4455; x_wconf 94' lang='lat'><strong>:</strong></span> <span class='ocrx_word' id='word_1_558' title='bbox 1826 4400 1945 4456; x_wconf 71' lang='lat' dir='ltr'>Sol-</span> 
     </span>
    </p>
   </div>
   <div class='ocr_carea' id='block_1_77' title="bbox 296 4485 1950 4560">
    <p class='ocr_par' dir='ltr' id='par_1_77' title="bbox 296 4485 1950 4560">
     <span class='ocr_line' id='line_1_77' title="bbox 296 4485 1950 4560; baseline 0.002 -18"><span class='ocrx_word' id='word_1_559' title='bbox 296 4486 406 4543; x_wconf 81' lang='lat' dir='ltr'>vite</span> <span class='ocrx_word' id='word_1_560' title='bbox 434 4485 699 4560; x_wconf 84' lang='lat' dir='ltr'>templum</span> <span class='ocrx_word' id='word_1_561' title='bbox 728 4488 883 4545; x_wconf 71' lang='lat'><strong>224</strong></span> <span class='ocrx_word' id='word_1_562' title='bbox 922 4488 1019 4544; x_wconf 84' lang='lat' dir='ltr'>hoc</span> <span class='ocrx_word' id='word_1_563' title='bbox 1065 4487 1225 4556; x_wconf 84' lang='lat' dir='ltr'>(Ibid.</span> <span class='ocrx_word' id='word_1_564' title='bbox 1261 4488 1387 4559; x_wconf 79' lang='lat'>19);</span> <span class='ocrx_word' id='word_1_565' title='bbox 1437 4487 1535 4543; x_wconf 90' lang='lat' dir='ltr'>isti</span> <span class='ocrx_word' id='word_1_566' title='bbox 1581 4494 1950 4545; x_wconf 88' lang='lat' dir='ltr'>commutant</span> 
     </span>
    </p>
   </div>
   <div class='ocr_carea' id='block_1_78' title="bbox 297 4575 1948 4648">
    <p class='ocr_par' dir='ltr' id='par_1_78' title="bbox 297 4575 1948 4648">
     <span class='ocr_line' id='line_1_78' title="bbox 297 4575 1948 4648; baseline 0.001 -16"><span class='ocrx_word' id='word_1_567' title='bbox 297 4579 357 4632; x_wconf 90' lang='lat' dir='ltr'>et</span> <span class='ocrx_word' id='word_1_568' title='bbox 398 4575 567 4632; x_wconf 89' lang='lat' dir='ltr'>aiunt</span> <span class='ocrx_word' id='word_1_569' title='bbox 598 4592 613 4631; x_wconf 87' lang='lat'><strong>:</strong></span> <span class='ocrx_word' id='word_1_570' title='bbox 668 4577 890 4633; x_wconf 87' lang='lat' dir='ltr'>Possum</span> <span class='ocrx_word' id='word_1_571' title='bbox 938 4578 1215 4633; x_wconf 80' lang='lat' dir='ltr'>destruere</span> <span class='ocrx_word' id='word_1_572' title='bbox 1243 4577 1505 4648; x_wconf 82' lang='lat' dir='ltr'>templum</span> <span class='ocrx_word' id='word_1_573' title='bbox 1534 4580 1654 4634; x_wconf 86' lang='lat' dir='ltr'>Dei.</span> <span class='ocrx_word' id='word_1_574' title='bbox 1688 4581 1825 4648; x_wconf 83' lang='lat' dir='ltr'>Vos,</span> <span class='ocrx_word' id='word_1_575' title='bbox 1860 4579 1948 4633; x_wconf 87' lang='lat' dir='ltr'>in-</span> 
     </span>
    </p>
   </div>
   <div class='ocr_carea' id='block_1_79' title="bbox 298 4664 2025 4757">
    <p class='ocr_par' dir='ltr' id='par_1_79' title="bbox 298 4664 2025 4757">
     <span class='ocr_line' id='line_1_79' title="bbox 298 4664 2025 4757; baseline -0.001 -34"><span class='ocrx_word' id='word_1_576' title='bbox 298 4664 450 4757; x_wconf 79' lang='lat' dir='ltr'>quit,</span> <span class='ocrx_word' id='word_1_577' title='bbox 481 4664 706 4757; x_wconf 84' lang='lat' dir='ltr'>solvite,</span> <span class='ocrx_word' id='word_1_578' title='bbox 740 4683 856 4722; x_wconf 91' lang='lat' dir='ltr'>non</span> <span class='ocrx_word' id='word_1_579' title='bbox 887 4683 1032 4739; x_wconf 85' lang='lat' dir='ltr'>ego;</span> <span class='ocrx_word' id='word_1_580' title='bbox 1088 4667 1229 4738; x_wconf 91' lang='lat' dir='ltr'>quia</span> <span class='ocrx_word' id='word_1_581' title='bbox 1271 4666 1541 4723; x_wconf 89' lang='lat' dir='ltr'>illicitum</span> <span class='ocrx_word' id='word_1_582' title='bbox 1590 4672 1699 4735; x_wconf 91' lang='lat' dir='ltr'>est,</span> <span class='ocrx_word' id='word_1_583' title='bbox 1733 4674 1798 4722; x_wconf 90' lang='lat' dir='ltr'>ut</span> <span class='ocrx_word' id='word_1_584' title='bbox 1836 4668 1947 4739; x_wconf 90' lang='lat' dir='ltr'>ipsi</span> <span class='ocrx_word' id='word_1_585' title='bbox 1978 4693 2025 4757; x_wconf 68' lang='grc' dir='ltr'><strong>Β</strong></span> 
     </span>
    </p>
   </div>
   <div class='ocr_carea' id='block_1_80' title="bbox 297 4755 1951 4829">
    <p class='ocr_par' dir='ltr' id='par_1_80' title="bbox 297 4755 1951 4829">
     <span class='ocr_line' id='line_1_80' title="bbox 297 4755 1951 4829; baseline 0.001 -17"><span class='ocrx_word' id='word_1_586' title='bbox 297 4755 473 4812; x_wconf 87' lang='lat' dir='ltr'>nobis</span> <span class='ocrx_word' id='word_1_587' title='bbox 493 4755 818 4819; x_wconf 85' lang='lat' dir='ltr'>inferamus</span> <span class='ocrx_word' id='word_1_588' title='bbox 842 4773 1075 4812; x_wconf 86' lang='lat' dir='ltr'>manus.</span> <span class='ocrx_word' id='word_1_589' title='bbox 1099 4757 1317 4814; x_wconf 90' lang='lat' dir='ltr'>Deinde</span> <span class='ocrx_word' id='word_1_590' title='bbox 1349 4757 1432 4811; x_wconf 90' lang='lat' dir='ltr'>illi</span> <span class='ocrx_word' id='word_1_591' title='bbox 1456 4762 1725 4813; x_wconf 85' lang='lat' dir='ltr'>vertunt:</span> <span class='ocrx_word' id='word_1_592' title='bbox 1757 4761 1807 4813; x_wconf 87' lang='lat' dir='ltr'>et</span> <span class='ocrx_word' id='word_1_593' title='bbox 1836 4762 1951 4829; x_wconf 85' lang='lat' dir='ltr'>post</span> 
     </span>
    </p>
   </div>
   <div class='ocr_carea' id='block_1_81' title="bbox 298 4844 1951 4921">
    <p class='ocr_par' dir='ltr' id='par_1_81' title="bbox 298 4844 1951 4921">
     <span class='ocr_line' id='line_1_81' title="bbox 298 4844 1951 4921; baseline 0.001 -18"><span class='ocrx_word' id='word_1_594' title='bbox 298 4844 553 4903; x_wconf 80' lang='lat' dir='ltr'>triduum</span> <span class='ocrx_word' id='word_1_595' title='bbox 605 4846 942 4918; x_wconf 69' lang='lat' dir='ltr'>resedi/icere</span> <span class='ocrx_word' id='word_1_596' title='bbox 992 4846 1136 4902; x_wconf 87' lang='lat' dir='ltr'>illud</span> <span class='ocrx_word' id='word_1_597' title='bbox 1167 4864 1185 4901; x_wconf 94' lang='lat'><strong><em>:</em></strong></span> <span class='ocrx_word' id='word_1_598' title='bbox 1238 4851 1305 4903; x_wconf 88' lang='lat' dir='ltr'>ut</span> <span class='ocrx_word' id='word_1_599' title='bbox 1346 4847 1580 4921; x_wconf 87' lang='lat' dir='ltr'>proprie</span> <span class='ocrx_word' id='word_1_600' title='bbox 1617 4848 1689 4904; x_wconf 89' lang='lat' dir='ltr'>de</span> <span class='ocrx_word' id='word_1_601' title='bbox 1732 4848 1951 4921; x_wconf 89' lang='lat' dir='ltr'>templo</span> 
     </span>
    </p>
   </div>
   <div class='ocr_carea' id='block_1_82' title="bbox 295 4934 1954 5007">
    <p class='ocr_par' dir='ltr' id='par_1_82' title="bbox 295 4934 1954 5007">
     <span class='ocr_line' id='line_1_82' title="bbox 295 4934 1954 5007; baseline 0 -15"><span class='ocrx_word' id='word_1_602' title='bbox 295 4934 546 4995; x_wconf 85' lang='lat' dir='ltr'>Judaico</span> <span class='ocrx_word' id='word_1_603' title='bbox 576 4934 791 4992; x_wconf 83' lang='lat' dir='ltr'>dixisse</span> <span class='ocrx_word' id='word_1_604' title='bbox 811 4936 1099 4992; x_wconf 89' lang='lat' dir='ltr'>videatur.</span> <span class='ocrx_word' id='word_1_605' title='bbox 1124 4936 1408 4992; x_wconf 89' lang='lat' dir='ltr'>Dominus</span> <span class='ocrx_word' id='word_1_606' title='bbox 1434 4941 1652 5007; x_wconf 90' lang='lat' dir='ltr'>autem,</span> <span class='ocrx_word' id='word_1_607' title='bbox 1678 4941 1743 4994; x_wconf 91' lang='lat' dir='ltr'>ut</span> <span class='ocrx_word' id='word_1_608' title='bbox 1763 4942 1954 4994; x_wconf 81' lang='lat' dir='ltr'>esten-</span> 
     </span>
    </p>
   </div>
   <div class='ocr_carea' id='block_1_83' title="bbox 299 5024 1954 5100">
    <p class='ocr_par' dir='ltr' id='par_1_83' title="bbox 299 5024 1954 5100">
     <span class='ocr_line' id='line_1_83' title="bbox 299 5024 1954 5100; baseline 0.001 -19"><span class='ocrx_word' id='word_1_609' title='bbox 299 5024 463 5082; x_wconf 85' lang='lat' dir='ltr'>deret</span> <span class='ocrx_word' id='word_1_610' title='bbox 490 5024 746 5082; x_wconf 88' lang='lat' dir='ltr'>animale</span> <span class='ocrx_word' id='word_1_611' title='bbox 777 5029 835 5082; x_wconf 91' lang='lat' dir='ltr'>et</span> <span class='ocrx_word' id='word_1_612' title='bbox 879 5025 1114 5100; x_wconf 88' lang='lat' dir='ltr'>spirans</span> <span class='ocrx_word' id='word_1_613' title='bbox 1138 5025 1448 5099; x_wconf 88' lang='lat' dir='ltr'>templum,</span> <span class='ocrx_word' id='word_1_614' title='bbox 1471 5026 1694 5083; x_wconf 86' lang='lat' dir='ltr'>dixerat</span> <span class='ocrx_word' id='word_1_615' title='bbox 1722 5045 1735 5084; x_wconf 88' lang='lat'><strong>:</strong></span> <span class='ocrx_word' id='word_1_616' title='bbox 1772 5028 1835 5083; x_wconf 86' lang='lat' dir='ltr'>Et</span> <span class='ocrx_word' id='word_1_617' title='bbox 1858 5043 1954 5099; x_wconf 86' lang='lat' dir='ltr'>ego</span> 
     </span>
    </p>
   </div>
   <div class='ocr_carea' id='block_1_84' title="bbox 374 5204 1953 5335">
    <p class='ocr_par' dir='ltr' id='par_1_84' title="bbox 374 5204 1953 5335">
     <span class='ocr_line' id='line_1_84' title="bbox 374 5204 1953 5335; baseline 0.001 -74"><span class='ocrx_word' id='word_1_618' title='bbox 374 5204 394 5289; x_wconf 68' lang='lat'>_‘</span> <span class='ocrx_word' id='word_1_619' title='bbox 424 5208 504 5261; x_wconf 91' lang='lat' dir='ltr'>De</span> <span class='ocrx_word' id='word_1_620' title='bbox 532 5204 773 5289; x_wconf 86' lang='lat' dir='ltr'>Caipha,</span> <span class='ocrx_word' id='word_1_621' title='bbox 808 5204 927 5290; x_wconf 72' lang='lat' dir='ltr'>sive</span> <span class='ocrx_word' id='word_1_622' title='bbox 955 5204 1233 5335; x_wconf 62' lang='lat' dir='ltr'>Josepho,</span> <span class='ocrx_word' id='word_1_623' title='bbox 1267 5205 1361 5262; x_wconf 90' lang='lat' dir='ltr'>cui</span> <span class='ocrx_word' id='word_1_624' title='bbox 1392 5210 1449 5263; x_wconf 92' lang='lat' dir='ltr'>et</span> <span class='ocrx_word' id='word_1_625' title='bbox 1478 5206 1709 5289; x_wconf 72' lang='lat' dir='ltr'>_Caiphaz</span> <span class='ocrx_word' id='word_1_626' title='bbox 1741 5224 1953 5292; x_wconf 81' lang='lat' dir='ltr'>nomen</span> 
     </span>
     <span class='ocr_line' id='line_1_85' title="bbox 374 5276 1952 5335; baseline 0.002 -3"><span class='ocrx_word' id='word_1_627' title='bbox 374 5280 434 5335; x_wconf 79' lang='lat' dir='ltr'>lt.</span> <span class='ocrx_word' id='word_1_628' title='bbox 487 5276 752 5335; x_wconf 78' lang='lat' dir='ltr'>loquitur</span> <span class='ocrx_word' id='word_1_629' title='bbox 806 5280 1043 5335; x_wconf 84' lang='lat' dir='ltr'>amdem</span> <span class='ocrx_word' id='word_1_630' title='bbox 1139 5278 1395 5335; x_wconf 84' lang='lat' dir='ltr'>osenhus</span> <span class='ocrx_word' id='word_1_631' title='bbox 1452 5278 1599 5335; x_wconf 80' lang='lat' dir='ltr'>llbt‘O</span> <span class='ocrx_word' id='word_1_632' title='bbox 1655 5284 1952 5335; x_wconf 76' lang='lat' dir='ltr'>Antzauztt.</span> 
     </span>
    </p>
   </div>
   <div class='ocr_carea' id='block_1_85' title="bbox 298 5276 1952 5351">
    <p class='ocr_par' dir='ltr' id='par_1_85' title="bbox 298 5276 1952 5351">
     <span class='ocr_line' id='line_1_86' title="bbox 298 5276 1952 5351; baseline 0.001 -17"><span class='ocrx_word' id='word_1_633' title='bbox 298 5276 434 5343; x_wconf 81' lang='lat' dir='ltr'>fuit,</span> <span class='ocrx_word' id='word_1_634' title='bbox 469 5276 752 5351; x_wconf 76' lang='lat' dir='ltr'>loquitur</span> <span class='ocrx_word' id='word_1_635' title='bbox 806 5278 1043 5351; x_wconf 87' lang='lat' dir='ltr'>quidem</span> <span class='ocrx_word' id='word_1_636' title='bbox 1099 5276 1395 5351; x_wconf 58' lang='lat' dir='ltr'>Iosephus</span> <span class='ocrx_word' id='word_1_637' title='bbox 1452 5276 1599 5335; x_wconf 81' lang='lat' dir='ltr'>libro</span> <span class='ocrx_word' id='word_1_638' title='bbox 1655 5281 1952 5351; x_wconf 81' lang='lat' dir='ltr'>Antiquitt.</span> 
     </span>
    </p>
   </div>
   <div class='ocr_carea' id='block_1_86' title="bbox 294 5348 1957 5423">
    <p class='ocr_par' dir='ltr' id='par_1_86' title="bbox 294 5348 1957 5423">
     <span class='ocr_line' id='line_1_87' title="bbox 294 5348 1957 5423; baseline 0 -16"><span class='ocrx_word' id='word_1_639' title='bbox 294 5348 582 5423; x_wconf 25' lang='lat' dir='ltr'>xvm‘bis,</span> <span class='ocrx_word' id='word_1_640' title='bbox 629 5365 756 5423; x_wconf 89' lang='lat' dir='ltr'>cap.</span> <span class='ocrx_word' id='word_1_641' title='bbox 797 5348 841 5407; x_wconf 52' lang='lat'>3&#39;</span> <span class='ocrx_word' id='word_1_642' title='bbox 871 5355 928 5407; x_wconf 89' lang='lat' dir='ltr'>et</span> <span class='ocrx_word' id='word_1_643' title='bbox 964 5353 1035 5420; x_wconf 86' lang='grc'>4;</span> <span class='ocrx_word' id='word_1_644' title='bbox 1084 5356 1143 5407; x_wconf 90' lang='lat' dir='ltr'>at</span> <span class='ocrx_word' id='word_1_645' title='bbox 1195 5348 1329 5423; x_wconf 75' lang='lat' dir='ltr'>eum</span> <span class='ocrx_word' id='word_1_646' title='bbox 1381 5352 1564 5423; x_wconf 88' lang='lat' dir='ltr'>pretio</span> <span class='ocrx_word' id='word_1_647' title='bbox 1613 5352 1684 5407; x_wconf 91' lang='lat' dir='ltr'>ab</span> <span class='ocrx_word' id='word_1_648' title='bbox 1733 5348 1957 5408; x_wconf 83' lang='lat' dir='ltr'>Herode</span> 
     </span>
    </p>
   </div>
   <div class='ocr_carea' id='block_1_87' title="bbox 295 5420 1954 5506">
    <p class='ocr_par' dir='ltr' id='par_1_87' title="bbox 295 5420 1954 5506">
     <span class='ocr_line' id='line_1_88' title="bbox 295 5420 1954 5506; baseline 0.001 -28"><span class='ocrx_word' id='word_1_649' title='bbox 295 5420 715 5506; x_wconf 74' lang='lat' dir='ltr'>pontificatum</span> <span class='ocrx_word' id='word_1_650' title='bbox 745 5423 1087 5495; x_wconf 89' lang='lat' dir='ltr'>redemisse,</span> <span class='ocrx_word' id='word_1_651' title='bbox 1114 5420 1398 5479; x_wconf 83' lang='lat' dir='ltr'>traditum</span> <span class='ocrx_word' id='word_1_652' title='bbox 1430 5424 1500 5479; x_wconf 87' lang='lat' dir='ltr'>ab</span> <span class='ocrx_word' id='word_1_653' title='bbox 1534 5422 1807 5480; x_wconf 88' lang='lat' dir='ltr'>historico</span> <span class='ocrx_word' id='word_1_654' title='bbox 1842 5441 1954 5481; x_wconf 93' lang='lat' dir='ltr'>non</span> 
     </span>
    </p>
   </div>
   <div class='ocr_carea' id='block_1_88' title="bbox 296 5510 602 5551">
    <p class='ocr_par' dir='ltr' id='par_1_88' title="bbox 296 5510 602 5551">
     <span class='ocr_line' id='line_1_89' title="bbox 296 5510 602 5551; baseline -0.007 -1"><span class='ocrx_word' id='word_1_655' title='bbox 296 5510 552 5551; x_wconf 75' lang='lat' dir='ltr'>invento.</span> <span class='ocrx_word' id='word_1_656' title='bbox 596 5532 602 5537; x_wconf 89' lang='lat'><em>-</em></span> 
     </span>
    </p>
   </div>
   <div class='ocr_carea' id='block_1_89' title="bbox 370 5566 1742 5639">
    <p class='ocr_par' dir='ltr' id='par_1_89' title="bbox 370 5566 1742 5639">
     <span class='ocr_line' id='line_1_90' title="bbox 370 5566 1742 5639; baseline 0 -17"><span class='ocrx_word' id='word_1_657' title='bbox 370 5568 394 5601; x_wconf 86' lang='grc'>²</span> <span class='ocrx_word' id='word_1_658' title='bbox 424 5566 567 5639; x_wconf 60' lang='grc' dir='ltr'>ξΙξι-εε</span> <span class='ocrx_word' id='word_1_659' title='bbox 601 5581 772 5639; x_wconf 86' lang='lat' dir='ltr'>mss.,</span> <span class='ocrx_word' id='word_1_660' title='bbox 806 5570 861 5639; x_wconf 81' lang='lat' dir='ltr'>et</span> <span class='ocrx_word' id='word_1_661' title='bbox 886 5567 1259 5639; x_wconf 77' lang='lat' dir='ltr'>impatientia,</span> <span class='ocrx_word' id='word_1_662' title='bbox 1292 5582 1397 5638; x_wconf 89' lang='lat' dir='ltr'>pro</span> <span class='ocrx_word' id='word_1_663' title='bbox 1427 5568 1742 5639; x_wconf 77' lang='lat' dir='ltr'>impatiens.</span> 
     </span>
    </p>
   </div>
   <div class='ocr_carea' id='block_1_90' title="bbox 354 5637 1959 5711">
    <p class='ocr_par' dir='ltr' id='par_1_90' title="bbox 354 5637 1959 5711">
     <span class='ocr_line' id='line_1_91' title="bbox 354 5637 1959 5711; baseline 0.002 -20"><span class='ocrx_word' id='word_1_664' title='bbox 354 5640 394 5711; x_wconf 68' lang='lat'>_3</span> <span class='ocrx_word' id='word_1_665' title='bbox 421 5637 866 5711; x_wconf 85' lang='lat' dir='ltr'>Victorius,_cui</span> <span class='ocrx_word' id='word_1_666' title='bbox 919 5637 1164 5695; x_wconf 84' lang='lat' dir='ltr'>mutilus</span> <span class='ocrx_word' id='word_1_667' title='bbox 1204 5637 1376 5711; x_wconf 78' lang='lat' dir='ltr'>antea</span> <span class='ocrx_word' id='word_1_668' title='bbox 1406 5637 1715 5707; x_wconf 28' lang='lat' dir='ltr'>hic‘loeus,</span> <span class='ocrx_word' id='word_1_669' title='bbox 1749 5657 1959 5696; x_wconf 86' lang='lat' dir='ltr'>sensu-</span> 
     </span>
    </p>
   </div>
   <div class='ocr_carea' id='block_1_91' title="bbox 307 5707 1965 5783">
    <p class='ocr_par' dir='ltr' id='par_1_91' title="bbox 307 5707 1965 5783">
     <span class='ocr_line' id='line_1_92' title="bbox 307 5707 1965 5783; baseline -0.001 -16"><span class='ocrx_word' id='word_1_670' title='bbox 307 5707 428 5783; x_wconf 74' lang='lat' dir='ltr'>que</span> <span class='ocrx_word' id='word_1_671' title='bbox 479 5726 675 5783; x_wconf 81' lang='lat' dir='ltr'>carere</span> <span class='ocrx_word' id='word_1_672' title='bbox 714 5707 878 5783; x_wconf 85' lang='lat' dir='ltr'>visus</span> <span class='ocrx_word' id='word_1_673' title='bbox 920 5714 1028 5776; x_wconf 87' lang='lat' dir='ltr'>est,</span> <span class='ocrx_word' id='word_1_674' title='bbox 1061 5712 1133 5766; x_wconf 88' lang='lat' dir='ltr'>de</span> <span class='ocrx_word' id='word_1_675' title='bbox 1164 5728 1269 5783; x_wconf 90' lang='lat' dir='ltr'>suo</span> <span class='ocrx_word' id='word_1_676' title='bbox 1300 5709 1395 5765; x_wconf 90' lang='lat' dir='ltr'>hic</span> <span class='ocrx_word' id='word_1_677' title='bbox 1426 5711 1721 5770; x_wconf 86' lang='lat' dir='ltr'>interserit</span> <span class='ocrx_word' id='word_1_678' title='bbox 1752 5715 1965 5768; x_wconf 76' lang='lat' dir='ltr'>volunt-</span> 
     </span>
    </p>
   </div>
   <div class='ocr_carea' id='block_1_92' title="bbox 2054 3413 3713 3484">
    <p class='ocr_par' dir='ltr' id='par_1_92' title="bbox 2054 3413 3713 3484">
     <span class='ocr_line' id='line_1_93' title="bbox 2054 3413 3713 3484; baseline 0.001 -13"><span class='ocrx_word' id='word_1_679' title='bbox 2054 3413 2404 3471; x_wconf 89' lang='lat' dir='ltr'>sacerdotali</span> <span class='ocrx_word' id='word_1_680' title='bbox 2430 3415 2591 3471; x_wconf 90' lang='lat' dir='ltr'>furor</span> <span class='ocrx_word' id='word_1_681' title='bbox 2620 3419 2972 3484; x_wconf 89' lang='lat' dir='ltr'>excusserat,</span> <span class='ocrx_word' id='word_1_682' title='bbox 3000 3414 3200 3471; x_wconf 89' lang='lat' dir='ltr'>eadem</span> <span class='ocrx_word' id='word_1_683' title='bbox 3234 3413 3427 3471; x_wconf 86' lang='lat' dir='ltr'>rabies</span> <span class='ocrx_word' id='word_1_684' title='bbox 3457 3416 3529 3472; x_wconf 89' lang='lat' dir='ltr'>ad</span> <span class='ocrx_word' id='word_1_685' title='bbox 3561 3415 3713 3472; x_wconf 86' lang='lat' dir='ltr'>scin-</span> 
     </span>
    </p>
   </div>
   <div class='ocr_carea' id='block_1_93' title="bbox 2056 3503 3711 3577">
    <p class='ocr_par' dir='ltr' id='par_1_93' title="bbox 2056 3503 3711 3577">
     <span class='ocr_line' id='line_1_94' title="bbox 2056 3503 3711 3577; baseline -0.001 -17"><span class='ocrx_word' id='word_1_686' title='bbox 2056 3504 2279 3561; x_wconf 90' lang='lat' dir='ltr'>dendas</span> <span class='ocrx_word' id='word_1_687' title='bbox 2324 3508 2518 3562; x_wconf 90' lang='lat' dir='ltr'>vestes</span> <span class='ocrx_word' id='word_1_688' title='bbox 2563 3507 2856 3577; x_wconf 89' lang='lat' dir='ltr'>provocat.</span> <span class='ocrx_word' id='word_1_689' title='bbox 2887 3503 3072 3560; x_wconf 89' lang='lat' dir='ltr'>Scidit</span> <span class='ocrx_word' id='word_1_690' title='bbox 3116 3506 3314 3561; x_wconf 86' lang='lat' dir='ltr'>autem</span> <span class='ocrx_word' id='word_1_691' title='bbox 3360 3503 3711 3561; x_wconf 87' lang='lat' dir='ltr'>vestimenta</span> 
     </span>
    </p>
   </div>
   <div class='ocr_carea' id='block_1_94' title="bbox 2056 3590 3708 3665">
    <p class='ocr_par' dir='ltr' id='par_1_94' title="bbox 2056 3590 3708 3665">
     <span class='ocr_line' id='line_1_95' title="bbox 2056 3590 3708 3665; baseline 0 -16"><span class='ocrx_word' id='word_1_692' title='bbox 2056 3611 2184 3657; x_wconf 89' lang='lat' dir='ltr'>sua,</span> <span class='ocrx_word' id='word_1_693' title='bbox 2218 3597 2287 3648; x_wconf 89' lang='lat' dir='ltr'>ut</span> <span class='ocrx_word' id='word_1_694' title='bbox 2334 3594 2607 3649; x_wconf 88' lang='lat' dir='ltr'>ostendat</span> <span class='ocrx_word' id='word_1_695' title='bbox 2650 3592 2885 3650; x_wconf 74' lang='lat' dir='ltr'>Judaeos</span> <span class='ocrx_word' id='word_1_696' title='bbox 2932 3590 3241 3648; x_wconf 90' lang='lat' dir='ltr'>sacerdotii</span> <span class='ocrx_word' id='word_1_697' title='bbox 3288 3590 3535 3665; x_wconf 80' lang='lat' dir='ltr'>gloriam</span> <span class='ocrx_word' id='word_1_698' title='bbox 3574 3609 3708 3665; x_wconf 88' lang='lat' dir='ltr'>per-</span> 
     </span>
    </p>
   </div>
   <div class='ocr_carea' id='block_1_95' title="bbox 2055 3680 3702 3754">
    <p class='ocr_par' dir='ltr' id='par_1_95' title="bbox 2055 3680 3702 3754">
     <span class='ocr_line' id='line_1_96' title="bbox 2055 3680 3702 3754; baseline -0.001 -15"><span class='ocrx_word' id='word_1_699' title='bbox 2055 3684 2294 3752; x_wconf 88' lang='lat' dir='ltr'>didisse,</span> <span class='ocrx_word' id='word_1_700' title='bbox 2328 3687 2385 3738; x_wconf 89' lang='lat' dir='ltr'>et</span> <span class='ocrx_word' id='word_1_701' title='bbox 2410 3700 2652 3739; x_wconf 85' lang='lat' dir='ltr'>vacuam</span> <span class='ocrx_word' id='word_1_702' title='bbox 2686 3684 2884 3738; x_wconf 89' lang='lat' dir='ltr'>sedem</span> <span class='ocrx_word' id='word_1_703' title='bbox 2916 3683 3129 3738; x_wconf 87' lang='lat' dir='ltr'>habere</span> <span class='ocrx_word' id='word_1_704' title='bbox 3167 3682 3475 3754; x_wconf 79' lang='lat' dir='ltr'>pontifices</span> <span class='ocrx_word' id='word_1_705' title='bbox 3499 3680 3540 3737; x_wconf 72' lang='grc'>⁸.</span> <span class='ocrx_word' id='word_1_706' title='bbox 3592 3682 3702 3739; x_wconf 88' lang='lat' dir='ltr'>Sed</span> 
     </span>
    </p>
   </div>
   <div class='ocr_carea' id='block_1_96' title="bbox 2054 3770 3708 3844">
    <p class='ocr_par' dir='ltr' id='par_1_96' title="bbox 2054 3770 3708 3844">
     <span class='ocr_line' id='line_1_97' title="bbox 2054 3770 3708 3844; baseline 0 -16"><span class='ocrx_word' id='word_1_707' title='bbox 2054 3778 2113 3828; x_wconf 91' lang='lat' dir='ltr'>et</span> <span class='ocrx_word' id='word_1_708' title='bbox 2138 3772 2579 3829; x_wconf 90' lang='lat' dir='ltr'>consuetudinis</span> <span class='ocrx_word' id='word_1_709' title='bbox 2603 3771 2860 3827; x_wconf 73' lang='lat' dir='ltr'>Judaiczn</span> <span class='ocrx_word' id='word_1_710' title='bbox 2893 3775 3004 3838; x_wconf 89' lang='lat' dir='ltr'>est,</span> <span class='ocrx_word' id='word_1_711' title='bbox 3028 3788 3163 3827; x_wconf 88' lang='lat' dir='ltr'>cum</span> <span class='ocrx_word' id='word_1_712' title='bbox 3186 3770 3407 3840; x_wconf 87' lang='lat' dir='ltr'>aliquid</span> <span class='ocrx_word' id='word_1_713' title='bbox 3436 3770 3708 3844; x_wconf 86' lang='lat' dir='ltr'>blasphe-</span> 
     </span>
    </p>
   </div>
   <div class='ocr_carea' id='block_1_97' title="bbox 2057 3858 3706 3934">
    <p class='ocr_par' dir='ltr' id='par_1_97' title="bbox 2057 3858 3706 3934">
     <span class='ocr_line' id='line_1_98' title="bbox 2057 3858 3706 3934; baseline 0 -16"><span class='ocrx_word' id='word_1_714' title='bbox 2057 3862 2189 3918; x_wconf 67' lang='lat' dir='ltr'>mia:</span> <span class='ocrx_word' id='word_1_715' title='bbox 2238 3867 2295 3918; x_wconf 84' lang='lat' dir='ltr'>et</span> <span class='ocrx_word' id='word_1_716' title='bbox 2342 3863 2513 3934; x_wconf 87' lang='lat' dir='ltr'>quasi</span> <span class='ocrx_word' id='word_1_717' title='bbox 2558 3866 2763 3918; x_wconf 90' lang='lat' dir='ltr'>contra</span> <span class='ocrx_word' id='word_1_718' title='bbox 2793 3862 2977 3918; x_wconf 89' lang='lat' dir='ltr'>Deum</span> <span class='ocrx_word' id='word_1_719' title='bbox 3011 3860 3325 3925; x_wconf 90' lang='lat' dir='ltr'>audierint,</span> <span class='ocrx_word' id='word_1_720' title='bbox 3359 3860 3509 3918; x_wconf 68' lang='lat'>225</span> <span class='ocrx_word' id='word_1_721' title='bbox 3545 3858 3706 3919; x_wconf 85' lang='lat' dir='ltr'>scin-</span> 
     </span>
    </p>
   </div>
   <div class='ocr_carea' id='block_1_98' title="bbox 2056 3950 3708 4022">
    <p class='ocr_par' dir='ltr' id='par_1_98' title="bbox 2056 3950 3708 4022">
     <span class='ocr_line' id='line_1_99' title="bbox 2056 3950 3708 4022; baseline -0.002 -14"><span class='ocrx_word' id='word_1_722' title='bbox 2056 3952 2193 4008; x_wconf 91' lang='lat' dir='ltr'>dere</span> <span class='ocrx_word' id='word_1_723' title='bbox 2246 3952 2597 4007; x_wconf 86' lang='lat' dir='ltr'>vestimenta</span> <span class='ocrx_word' id='word_1_724' title='bbox 2651 3968 2777 4007; x_wconf 90' lang='lat' dir='ltr'>sua.</span> <span class='ocrx_word' id='word_1_725' title='bbox 2840 3951 3003 4017; x_wconf 84' lang='lat' dir='ltr'>Quod</span> <span class='ocrx_word' id='word_1_726' title='bbox 3066 3950 3309 4007; x_wconf 86' lang='lat' dir='ltr'>Paulum</span> <span class='ocrx_word' id='word_1_727' title='bbox 3366 3966 3601 4022; x_wconf 88' lang='lat' dir='ltr'>quoque</span> <span class='ocrx_word' id='word_1_728' title='bbox 3648 3953 3708 4006; x_wconf 89' lang='lat' dir='ltr'>et</span> 
     </span>
    </p>
   </div>
   <div class='ocr_carea' id='block_1_99' title="bbox 2056 4037 3706 4111">
    <p class='ocr_par' dir='ltr' id='par_1_99' title="bbox 2056 4037 3706 4111">
     <span class='ocr_line' id='line_1_100' title="bbox 2056 4037 3706 4111; baseline -0.001 -15"><span class='ocrx_word' id='word_1_729' title='bbox 2056 4041 2405 4108; x_wconf 87' lang='lat' dir='ltr'>Barnabam,</span> <span class='ocrx_word' id='word_1_730' title='bbox 2440 4041 2675 4111; x_wconf 89' lang='lat' dir='ltr'>quando</span> <span class='ocrx_word' id='word_1_731' title='bbox 2706 4040 2765 4095; x_wconf 91' lang='lat' dir='ltr'>in</span> <span class='ocrx_word' id='word_1_732' title='bbox 2800 4040 3082 4110; x_wconf 83' lang='lat' dir='ltr'>Lycaonia</span> <span class='ocrx_word' id='word_1_733' title='bbox 3111 4039 3356 4096; x_wconf 90' lang='lat' dir='ltr'>deorum</span> <span class='ocrx_word' id='word_1_734' title='bbox 3395 4037 3555 4095; x_wconf 88' lang='lat' dir='ltr'>cultu</span> <span class='ocrx_word' id='word_1_735' title='bbox 3599 4038 3706 4097; x_wconf 86' lang='lat' dir='ltr'>ho-</span> 
     </span>
    </p>
   </div>
   <div class='ocr_carea' id='block_1_100' title="bbox 2058 4126 3704 4199">
    <p class='ocr_par' dir='ltr' id='par_1_100' title="bbox 2058 4126 3704 4199">
     <span class='ocr_line' id='line_1_101' title="bbox 2058 4126 3704 4199; baseline -0.002 -14"><span class='ocrx_word' id='word_1_736' title='bbox 2058 4130 2441 4196; x_wconf 88' lang='lat' dir='ltr'>norabantur,</span> <span class='ocrx_word' id='word_1_737' title='bbox 2473 4128 2679 4184; x_wconf 88' lang='lat' dir='ltr'>fecisse</span> <span class='ocrx_word' id='word_1_738' title='bbox 2710 4126 2960 4199; x_wconf 86' lang='lat' dir='ltr'>legimus</span> <span class='ocrx_word' id='word_1_739' title='bbox 3011 4126 3147 4198; x_wconf 83' lang='lat' dir='ltr'>(Act.</span> <span class='ocrx_word' id='word_1_740' title='bbox 3181 4143 3295 4197; x_wconf 83' lang='lat' dir='ltr'>XIV,</span> <span class='ocrx_word' id='word_1_741' title='bbox 3333 4128 3417 4197; x_wconf 93' lang='lat'>10,</span> <span class='ocrx_word' id='word_1_742' title='bbox 3451 4127 3561 4195; x_wconf 70' lang='grc'>14).</span> <span class='ocrx_word' id='word_1_743' title='bbox 3597 4127 3704 4182; x_wconf 78' lang='lat' dir='ltr'>lle-</span> 
     </span>
    </p>
   </div>
   <div class='ocr_carea' id='block_1_101' title="bbox 2057 4215 3705 4289">
    <p class='ocr_par' dir='ltr' id='par_1_101' title="bbox 2057 4215 3705 4289">
     <span class='ocr_line' id='line_1_102' title="bbox 2057 4215 3705 4289; baseline -0.002 -14"><span class='ocrx_word' id='word_1_744' title='bbox 2057 4221 2227 4276; x_wconf 89' lang='lat' dir='ltr'>rodes</span> <span class='ocrx_word' id='word_1_745' title='bbox 2276 4223 2493 4286; x_wconf 89' lang='lat' dir='ltr'>autem,</span> <span class='ocrx_word' id='word_1_746' title='bbox 2541 4217 2679 4289; x_wconf 89' lang='lat' dir='ltr'>quia</span> <span class='ocrx_word' id='word_1_747' title='bbox 2727 4233 2841 4272; x_wconf 92' lang='lat' dir='ltr'>non</span> <span class='ocrx_word' id='word_1_748' title='bbox 2891 4215 3054 4271; x_wconf 88' lang='lat' dir='ltr'>dedit</span> <span class='ocrx_word' id='word_1_749' title='bbox 3102 4215 3382 4271; x_wconf 89' lang='lat' dir='ltr'>honorem</span> <span class='ocrx_word' id='word_1_750' title='bbox 3432 4215 3571 4280; x_wconf 88' lang='lat' dir='ltr'>Deo,</span> <span class='ocrx_word' id='word_1_751' title='bbox 3601 4215 3705 4272; x_wconf 86' lang='lat' dir='ltr'>sed</span> 
     </span>
    </p>
   </div>
   <div class='ocr_carea' id='block_1_102' title="bbox 2057 4301 3706 4381">
    <p class='ocr_par' dir='ltr' id='par_1_102' title="bbox 2057 4301 3706 4381">
     <span class='ocr_line' id='line_1_103' title="bbox 2057 4301 3706 4381; baseline -0.004 -17"><span class='ocrx_word' id='word_1_752' title='bbox 2057 4308 2348 4381; x_wconf 88' lang='lat' dir='ltr'>acquievit</span> <span class='ocrx_word' id='word_1_753' title='bbox 2402 4307 2786 4362; x_wconf 86' lang='lat' dir='ltr'>immoderato</span> <span class='ocrx_word' id='word_1_754' title='bbox 2846 4304 3028 4361; x_wconf 87' lang='lat' dir='ltr'>favori</span> <span class='ocrx_word' id='word_1_755' title='bbox 3086 4302 3310 4376; x_wconf 89' lang='lat' dir='ltr'>populi,</span> <span class='ocrx_word' id='word_1_756' title='bbox 3372 4302 3575 4359; x_wconf 88' lang='lat' dir='ltr'>statim</span> <span class='ocrx_word' id='word_1_757' title='bbox 3633 4301 3706 4358; x_wconf 85' lang='lat' dir='ltr'>ab</span> 
     </span>
    </p>
   </div>
   <div class='ocr_carea' id='block_1_103' title="bbox 2057 4393 3309 4472">
    <p class='ocr_par' dir='ltr' id='par_1_103' title="bbox 2057 4393 3309 4472">
     <span class='ocr_line' id='line_1_104' title="bbox 2057 4393 3309 4472; baseline -0.006 -17"><span class='ocrx_word' id='word_1_758' title='bbox 2057 4398 2262 4472; x_wconf 87' lang='lat' dir='ltr'>angelo</span> <span class='ocrx_word' id='word_1_759' title='bbox 2294 4414 2608 4471; x_wconf 89' lang='lat' dir='ltr'>percussus</span> <span class='ocrx_word' id='word_1_760' title='bbox 2649 4399 2739 4452; x_wconf 90' lang='lat' dir='ltr'>est</span> <span class='ocrx_word' id='word_1_761' title='bbox 2778 4396 2913 4467; x_wconf 83' lang='lat' dir='ltr'>(Aet.</span> <span class='ocrx_word' id='word_1_762' title='bbox 2945 4411 3042 4463; x_wconf 86' lang='lat' dir='ltr'>xu,</span> <span class='ocrx_word' id='word_1_763' title='bbox 3074 4395 3164 4461; x_wconf 86' lang='lat'>21,</span> <span class='ocrx_word' id='word_1_764' title='bbox 3196 4393 3309 4462; x_wconf 85' lang='lat'>23).</span> 
     </span>
    </p>
   </div>
   <div class='ocr_carea' id='block_1_104' title="bbox 2128 4481 3711 4561">
    <p class='ocr_par' dir='ltr' id='par_1_104' title="bbox 2128 4481 3711 4561">
     <span class='ocr_line' id='line_1_105' title="bbox 2128 4481 3711 4561; baseline -0.004 -17"><span class='ocrx_word' id='word_1_765' title='bbox 2128 4490 2318 4561; x_wconf 89' lang='lat' dir='ltr'>(Vers.</span> <span class='ocrx_word' id='word_1_766' title='bbox 2350 4488 2466 4559; x_wconf 89' lang='grc'>67.)</span> <span class='ocrx_word' id='word_1_767' title='bbox 2500 4510 2527 4537; x_wconf 90' lang='grc'>‹‹</span> <span class='ocrx_word' id='word_1_768' title='bbox 2558 4488 2720 4543; x_wconf 90' lang='lat' dir='ltr'>Tunc</span> <span class='ocrx_word' id='word_1_769' title='bbox 2749 4488 3109 4558; x_wconf 85' lang='lat' dir='ltr'>exspuerunt</span> <span class='ocrx_word' id='word_1_770' title='bbox 3139 4483 3199 4539; x_wconf 91' lang='lat' dir='ltr'>in</span> <span class='ocrx_word' id='word_1_771' title='bbox 3228 4482 3436 4539; x_wconf 88' lang='lat' dir='ltr'>faciem</span> <span class='ocrx_word' id='word_1_772' title='bbox 3467 4481 3621 4553; x_wconf 82' lang='lat' dir='ltr'>ejus,</span> <span class='ocrx_word' id='word_1_773' title='bbox 3651 4484 3711 4538; x_wconf 90' lang='lat' dir='ltr'>et</span> 
     </span>
    </p>
   </div>
   <div class='ocr_carea' id='block_1_105' title="bbox 2060 4572 3709 4650">
    <p class='ocr_par' dir='ltr' id='par_1_105' title="bbox 2060 4572 3709 4650">
     <span class='ocr_line' id='line_1_106' title="bbox 2060 4572 3709 4650; baseline -0.003 -17"><span class='ocrx_word' id='word_1_774' title='bbox 2060 4577 2322 4650; x_wconf 87' lang='lat' dir='ltr'>colaphis</span> <span class='ocrx_word' id='word_1_775' title='bbox 2352 4594 2487 4633; x_wconf 87' lang='lat' dir='ltr'>eum</span> <span class='ocrx_word' id='word_1_776' title='bbox 2520 4576 2874 4632; x_wconf 86' lang='lat' dir='ltr'>ceciderunt.</span> <span class='ocrx_word' id='word_1_777' title='bbox 2910 4597 2933 4627; x_wconf 70' lang='grc' dir='ltr'><strong><em>ι</em></strong></span> <span class='ocrx_word' id='word_1_778' title='bbox 2989 4574 3063 4630; x_wconf 92' lang='lat' dir='ltr'>Ut</span> <span class='ocrx_word' id='word_1_779' title='bbox 3093 4572 3515 4646; x_wconf 87' lang='lat' dir='ltr'>adimpleretur</span> <span class='ocrx_word' id='word_1_780' title='bbox 3551 4572 3709 4645; x_wconf 89' lang='lat' dir='ltr'>quod</span> 
     </span>
    </p>
   </div>
   <div class='ocr_carea' id='block_1_106' title="bbox 2058 4660 3715 4741">
    <p class='ocr_par' dir='ltr' id='par_1_106' title="bbox 2058 4660 3715 4741">
     <span class='ocr_line' id='line_1_107' title="bbox 2058 4660 3715 4741; baseline -0.001 -20"><span class='ocrx_word' id='word_1_781' title='bbox 2058 4665 2281 4722; x_wconf 90' lang='lat' dir='ltr'>dictum</span> <span class='ocrx_word' id='word_1_782' title='bbox 2340 4670 2476 4722; x_wconf 90' lang='lat' dir='ltr'>est:</span> <span class='ocrx_word' id='word_1_783' title='bbox 2530 4664 2665 4720; x_wconf 87' lang='lat' dir='ltr'>Dedi</span> <span class='ocrx_word' id='word_1_784' title='bbox 2720 4665 2992 4720; x_wconf 69' lang='lat' dir='ltr'>maxillas</span> <span class='ocrx_word' id='word_1_785' title='bbox 3048 4679 3196 4720; x_wconf 86' lang='lat' dir='ltr'>meas</span> <span class='ocrx_word' id='word_1_786' title='bbox 3251 4660 3363 4741; x_wconf 43' lang='lat' dir='ltr'>[A‘L</span> <span class='ocrx_word' id='word_1_787' title='bbox 3409 4663 3715 4721; x_wconf 76' lang='lat' dir='ltr'>maxillam</span> 
     </span>
    </p>
   </div>
   <div class='ocr_carea' id='block_1_107' title="bbox 2058 4753 3714 4827">
    <p class='ocr_par' dir='ltr' id='par_1_107' title="bbox 2058 4753 3714 4827">
     <span class='ocr_line' id='line_1_108' title="bbox 2058 4753 3714 4827; baseline -0.001 -16"><span class='ocrx_word' id='word_1_788' title='bbox 2058 4757 2258 4827; x_wconf 79' lang='lat' dir='ltr'>meam]</span> <span class='ocrx_word' id='word_1_789' title='bbox 2308 4756 2486 4827; x_wconf 83' lang='lat' dir='ltr'>alapis</span> <span class='ocrx_word' id='word_1_790' title='bbox 2534 4762 2585 4809; x_wconf 87' lang='lat' dir='ltr'>et</span> <span class='ocrx_word' id='word_1_791' title='bbox 2629 4753 2831 4824; x_wconf 72' lang='lat' dir='ltr'>[aciem</span> <span class='ocrx_word' id='word_1_792' title='bbox 2875 4770 3056 4809; x_wconf 86' lang='lat' dir='ltr'>meam</span> <span class='ocrx_word' id='word_1_793' title='bbox 3092 4769 3202 4809; x_wconf 80' lang='lat' dir='ltr'>non</span> <span class='ocrx_word' id='word_1_794' title='bbox 3241 4754 3418 4808; x_wconf 86' lang='lat' dir='ltr'>averti</span> <span class='ocrx_word' id='word_1_795' title='bbox 3454 4769 3489 4809; x_wconf 88' lang='lat' dir='ltr'>a</span> <span class='ocrx_word' id='word_1_796' title='bbox 3526 4754 3714 4824; x_wconf 67' lang='lat' dir='ltr'>confw</span> 
     </span>
    </p>
   </div>
   <div class='ocr_carea' id='block_1_108' title="bbox 2057 4842 3031 4917">
    <p class='ocr_par' dir='ltr' id='par_1_108' title="bbox 2057 4842 3031 4917">
     <span class='ocr_line' id='line_1_109' title="bbox 2057 4842 3031 4917; baseline -0.006 -15"><span class='ocrx_word' id='word_1_797' title='bbox 2057 4847 2214 4903; x_wconf 82' lang='lat' dir='ltr'>sione</span> <span class='ocrx_word' id='word_1_798' title='bbox 2242 4849 2527 4917; x_wconf 85' lang='lat' dir='ltr'>sputorum</span> <span class='ocrx_word' id='word_1_799' title='bbox 2554 4843 2770 4915; x_wconf 82' lang='lat' dir='ltr'>(Threu.</span> <span class='ocrx_word' id='word_1_800' title='bbox 2802 4859 2887 4913; x_wconf 84' lang='lat' dir='ltr'><strong>III,</strong></span> <span class='ocrx_word' id='word_1_801' title='bbox 2919 4842 3031 4914; x_wconf 91' lang='lat'>30).</span> 
     </span>
    </p>
   </div>
   <div class='ocr_carea' id='block_1_109' title="bbox 2133 4930 3714 5007">
    <p class='ocr_par' dir='ltr' id='par_1_109' title="bbox 2133 4930 3714 5007">
     <span class='ocr_line' id='line_1_110' title="bbox 2133 4930 3714 5007; baseline -0.002 -17"><span class='ocrx_word' id='word_1_802' title='bbox 2133 4935 2317 5007; x_wconf 87' lang='lat' dir='ltr'>(Vers.</span> <span class='ocrx_word' id='word_1_803' title='bbox 2351 4935 2464 5005; x_wconf 85' lang='lat'>68).</span> <span class='ocrx_word' id='word_1_804' title='bbox 2516 4957 2545 4983; x_wconf 75' lang='grc' dir='ltr'>α</span> <span class='ocrx_word' id='word_1_805' title='bbox 2580 4930 2695 4987; x_wconf 79' lang='lat' dir='ltr'>Alii</span> <span class='ocrx_word' id='word_1_806' title='bbox 2746 4935 2942 4988; x_wconf 84' lang='lat' dir='ltr'>autem</span> <span class='ocrx_word' id='word_1_807' title='bbox 2981 4931 3209 5004; x_wconf 87' lang='lat' dir='ltr'>palmas</span> <span class='ocrx_word' id='word_1_808' title='bbox 3254 4932 3313 4987; x_wconf 90' lang='lat' dir='ltr'>in</span> <span class='ocrx_word' id='word_1_809' title='bbox 3347 4932 3554 4991; x_wconf 85' lang='lat' dir='ltr'>faciem</span> <span class='ocrx_word' id='word_1_810' title='bbox 3582 4931 3714 5003; x_wconf 84' lang='lat' dir='ltr'>ejus</span> 
     </span>
    </p>
   </div>
   <div class='ocr_carea' id='block_1_110' title="bbox 2063 5020 3713 5097">
    <p class='ocr_par' dir='ltr' id='par_1_110' title="bbox 2063 5020 3713 5097">
     <span class='ocr_line' id='line_1_111' title="bbox 2063 5020 3713 5097; baseline -0.004 -15"><span class='ocrx_word' id='word_1_811' title='bbox 2063 5026 2372 5097; x_wconf 89' lang='lat' dir='ltr'>dederunt,</span> <span class='ocrx_word' id='word_1_812' title='bbox 2398 5024 2659 5080; x_wconf 89' lang='lat' dir='ltr'>dicentes</span> <span class='ocrx_word' id='word_1_813' title='bbox 2683 5038 2696 5077; x_wconf 92' lang='lat'><strong>:</strong></span> <span class='ocrx_word' id='word_1_814' title='bbox 2732 5021 3079 5095; x_wconf 89' lang='lat' dir='ltr'>Prophetiza</span> <span class='ocrx_word' id='word_1_815' title='bbox 3096 5021 3286 5094; x_wconf 90' lang='lat' dir='ltr'>nobis,</span> <span class='ocrx_word' id='word_1_816' title='bbox 3309 5022 3557 5089; x_wconf 88' lang='lat' dir='ltr'>Christe,</span> <span class='ocrx_word' id='word_1_817' title='bbox 3580 5020 3713 5094; x_wconf 87' lang='lat' dir='ltr'>quis</span> 
     </span>
    </p>
   </div>
   <div class='ocr_carea' id='block_1_111' title="bbox 2066 5195 3713 5280">
    <p class='ocr_par' dir='ltr' id='par_1_111' title="bbox 2066 5195 3713 5280">
     <span class='ocr_line' id='line_1_112' title="bbox 2066 5195 3713 5280; baseline -0.009 -18"><span class='ocrx_word' id='word_1_818' title='bbox 2066 5210 2455 5280; x_wconf 80' lang='lat' dir='ltr'>praeterquam</span> <span class='ocrx_word' id='word_1_819' title='bbox 2508 5202 2665 5280; x_wconf 82' lang='lat' dir='ltr'>quod</span> <span class='ocrx_word' id='word_1_820' title='bbox 2711 5200 2863 5280; x_wconf 83' lang='lat' dir='ltr'>nihil</span> <span class='ocrx_word' id='word_1_821' title='bbox 2907 5216 3090 5280; x_wconf 76' lang='lat' dir='ltr'>supra</span> <span class='ocrx_word' id='word_1_822' title='bbox 3131 5200 3299 5280; x_wconf 76' lang='lat' dir='ltr'>codd.</span> <span class='ocrx_word' id='word_1_823' title='bbox 3333 5195 3713 5280; x_wconf 40' lang='lat' dir='ltr'>mss-aucte-</span> 
     </span>
    </p>
   </div>
   <div class='ocr_carea' id='block_1_112' title="bbox 2067 5265 3714 5348">
    <p class='ocr_par' dir='ltr' id='par_1_112' title="bbox 2067 5265 3714 5348">
     <span class='ocr_line' id='line_1_113' title="bbox 2067 5265 3714 5348; baseline -0.009 -13"><span class='ocrx_word' id='word_1_824' title='bbox 2067 5265 2312 5335; x_wconf 46' lang='lat' dir='ltr'>ritatem&#39;</span> <span class='ocrx_word' id='word_1_825' title='bbox 2348 5265 2747 5341; x_wconf 57' lang='lat' dir='ltr'>licere&#39;debet,</span> <span class='ocrx_word' id='word_1_826' title='bbox 2781 5265 3080 5347; x_wconf 82' lang='lat' dir='ltr'>superflua</span> <span class='ocrx_word' id='word_1_827' title='bbox 3120 5273 3291 5348; x_wconf 76' lang='lat' dir='ltr'>plane</span> <span class='ocrx_word' id='word_1_828' title='bbox 3319 5270 3583 5348; x_wconf 63' lang='lat' dir='ltr'>videatur</span> <span class='ocrx_word' id='word_1_829' title='bbox 3611 5265 3714 5348; x_wconf 85' lang='lat' dir='ltr'>ad-</span> 
     </span>
    </p>
   </div>
   <div class='ocr_carea' id='block_1_113' title="bbox 2068 5341 3715 5416">
    <p class='ocr_par' dir='ltr' id='par_1_113' title="bbox 2068 5341 3715 5416">
     <span class='ocr_line' id='line_1_114' title="bbox 2068 5341 3715 5416; baseline -0.01 -9"><span class='ocrx_word' id='word_1_830' title='bbox 2068 5351 2210 5407; x_wconf 89' lang='lat' dir='ltr'>ditio</span> <span class='ocrx_word' id='word_1_831' title='bbox 2256 5348 2378 5415; x_wconf 88' lang='lat' dir='ltr'>illa,</span> <span class='ocrx_word' id='word_1_832' title='bbox 2429 5350 2764 5405; x_wconf 89' lang='lat' dir='ltr'>contextum</span> <span class='ocrx_word' id='word_1_833' title='bbox 2814 5341 3188 5416; x_wconf 77' lang='lat' dir='ltr'>mentemque</span> <span class='ocrx_word' id='word_1_834' title='bbox 3226 5344 3285 5400; x_wconf 91' lang='lat' dir='ltr'>S.</span> <span class='ocrx_word' id='word_1_835' title='bbox 3317 5341 3600 5416; x_wconf 29' lang='lat' dir='ltr'>Doctorjs‘</span> <span class='ocrx_word' id='word_1_836' title='bbox 3628 5341 3715 5392; x_wconf 78' lang='lat' dir='ltr'>at-</span> 
     </span>
    </p>
   </div>
   <div class='ocr_carea' id='block_1_114' title="bbox 2068 5410 3715 5493">
    <p class='ocr_par' dir='ltr' id='par_1_114' title="bbox 2068 5410 3715 5493">
     <span class='ocr_line' id='line_1_115' title="bbox 2068 5410 3715 5493; baseline -0.009 -15"><span class='ocrx_word' id='word_1_837' title='bbox 2068 5410 2488 5492; x_wconf 35' lang='lat' dir='ltr'>tendenti,&#39;qui</span> <span class='ocrx_word' id='word_1_838' title='bbox 2518 5418 2960 5493; x_wconf 73' lang='lat' dir='ltr'>accusatoribus</span> <span class='ocrx_word' id='word_1_839' title='bbox 2991 5410 3311 5490; x_wconf 80' lang='lat' dir='ltr'>principem</span> <span class='ocrx_word' id='word_1_840' title='bbox 3344 5410 3715 5493; x_wconf 74' lang='lat' dir='ltr'>sacerdotum</span> 
     </span>
    </p>
   </div>
   <div class='ocr_carea' id='block_1_115' title="bbox 2062 5485 3718 5567">
    <p class='ocr_par' dir='ltr' id='par_1_115' title="bbox 2062 5485 3718 5567">
     <span class='ocr_line' id='line_1_116' title="bbox 2062 5485 3718 5567; baseline -0.01 -16"><span class='ocrx_word' id='word_1_841' title='bbox 2062 5485 2345 5567; x_wconf 71' lang='lat' dir='ltr'>jungens,</span> <span class='ocrx_word' id='word_1_842' title='bbox 2378 5485 2443 5549; x_wconf 75' lang='lat' dir='ltr'>ut</span> <span class='ocrx_word' id='word_1_843' title='bbox 2471 5492 2834 5567; x_wconf 79' lang='lat' dir='ltr'>superﬂuam</span> <span class='ocrx_word' id='word_1_844' title='bbox 2864 5485 3025 5567; x_wconf 80' lang='lat' dir='ltr'>illam</span> <span class='ocrx_word' id='word_1_845' title='bbox 3064 5485 3192 5567; x_wconf 69' lang='lat' dir='ltr'>esse</span> <span class='ocrx_word' id='word_1_846' title='bbox 3222 5486 3511 5567; x_wconf 75' lang='lat' dir='ltr'>monstret</span> <span class='ocrx_word' id='word_1_847' title='bbox 3538 5485 3718 5567; x_wconf 76' lang='lat' dir='ltr'>inter-</span> 
     </span>
    </p>
   </div>
   <div class='ocr_carea' id='block_1_116' title="bbox 2071 5556 3718 5640">
    <p class='ocr_par' dir='ltr' id='par_1_116' title="bbox 2071 5556 3718 5640">
     <span class='ocr_line' id='line_1_117' title="bbox 2071 5556 3718 5640; baseline -0.007 -18"><span class='ocrx_word' id='word_1_848' title='bbox 2071 5556 2461 5640; x_wconf 40' lang='lat' dir='ltr'>rogiition&#39;em_</span> <span class='ocrx_word' id='word_1_849' title='bbox 2490 5556 2807 5640; x_wconf 69' lang='lat' dir='ltr'>accusandi</span> <span class='ocrx_word' id='word_1_850' title='bbox 2860 5564 2993 5640; x_wconf 76' lang='lat' dir='ltr'>fine,</span> <span class='ocrx_word' id='word_1_851' title='bbox 3028 5558 3157 5640; x_wconf 84' lang='lat' dir='ltr'>aliis</span> <span class='ocrx_word' id='word_1_852' title='bbox 3194 5556 3388 5640; x_wconf 77' lang='lat' dir='ltr'>palam</span> <span class='ocrx_word' id='word_1_853' title='bbox 3419 5556 3718 5627; x_wconf 78' lang='lat' dir='ltr'>arguenti-</span> 
     </span>
    </p>
   </div>
   <div class='ocr_carea' id='block_1_117' title="bbox 2074 5632 3343 5710">
    <p class='ocr_par' dir='ltr' id='par_1_117' title="bbox 2074 5632 3343 5710">
     <span class='ocr_line' id='line_1_118' title="bbox 2074 5632 3343 5710; baseline -0.01 -15"><span class='ocrx_word' id='word_1_854' title='bbox 2074 5632 2208 5703; x_wconf 68' lang='lat' dir='ltr'>bus,</span> <span class='ocrx_word' id='word_1_855' title='bbox 2241 5636 2416 5695; x_wconf 89' lang='lat' dir='ltr'>simul</span> <span class='ocrx_word' id='word_1_856' title='bbox 2451 5637 2645 5703; x_wconf 89' lang='lat' dir='ltr'>infert,</span> <span class='ocrx_word' id='word_1_857' title='bbox 2673 5634 3027 5710; x_wconf 72' lang='lat' dir='ltr'>condemnata</span> <span class='ocrx_word' id='word_1_858' title='bbox 3057 5632 3343 5710; x_wconf 69' lang='lat' dir='ltr'>tacentem.</span> 
     </span>
    </p>
   </div>
   <div class='ocr_carea' id='block_1_118' title="bbox 2144 5708 3719 5779">
    <p class='ocr_par' dir='ltr' id='par_1_118' title="bbox 2144 5708 3719 5779">
     <span class='ocr_line' id='line_1_119' title="bbox 2144 5708 3719 5779; baseline -0.009 -13"><span class='ocrx_word' id='word_1_859' title='bbox 2144 5712 2166 5745; x_wconf 73' lang='grc'><strong>⁴</strong></span> <span class='ocrx_word' id='word_1_860' title='bbox 2197 5710 2360 5766; x_wconf 89' lang='lat' dir='ltr'>Unus</span> <span class='ocrx_word' id='word_1_861' title='bbox 2389 5726 2523 5773; x_wconf 90' lang='lat' dir='ltr'>ms.,</span> <span class='ocrx_word' id='word_1_862' title='bbox 2550 5708 2822 5779; x_wconf 79' lang='lat' dir='ltr'>pontiﬁcis</span> <span class='ocrx_word' id='word_1_863' title='bbox 2844 5710 3008 5779; x_wconf 13' lang='lat' dir='ltr'>:rtum</span> <span class='ocrx_word' id='word_1_864' title='bbox 3034 5708 3156 5779; x_wconf 81' lang='lat' dir='ltr'>pari</span> <span class='ocrx_word' id='word_1_865' title='bbox 3179 5714 3719 5779; x_wconf 82' lang='lat' dir='ltr'>omnesconsensu,</span> 
     </span>
    </p>
   </div>
   <div class='ocr_carea' id='block_1_119' title="bbox 303 5775 3717 5858">
    <p class='ocr_par' dir='ltr' id='par_1_119' title="bbox 303 5775 3717 5858">
     <span class='ocr_line' id='line_1_120' title="bbox 303 5775 3717 5858; baseline -0.002 -16"><span class='ocrx_word' id='word_1_866' title='bbox 303 5775 436 5858; x_wconf 57' lang='lat' dir='ltr'>due,</span> <span class='ocrx_word' id='word_1_867' title='bbox 496 5781 716 5855; x_wconf 85' lang='lat' dir='ltr'>legens,</span> <span class='ocrx_word' id='word_1_868' title='bbox 779 5775 1076 5856; x_wconf 74' lang='lat' dir='ltr'>coluntque</span> <span class='ocrx_word' id='word_1_869' title='bbox 1131 5782 1496 5841; x_wconf 78' lang='lat' dir='ltr'>condemnare</span> <span class='ocrx_word' id='word_1_870' title='bbox 1548 5788 1834 5842; x_wconf 80' lang='lat' dir='ltr'>tacentem.</span> <span class='ocrx_word' id='word_1_871' title='bbox 1896 5788 1967 5840; x_wconf 86' lang='lat' dir='ltr'>At</span> <span class='ocrx_word' id='word_1_872' title='bbox 2073 5782 2287 5857; x_wconf 75' lang='lat' dir='ltr'>aliquid</span> <span class='ocrx_word' id='word_1_873' title='bbox 2340 5775 2731 5853; x_wconf 78' lang='lat' dir='ltr'>blasphemum,</span> <span class='ocrx_word' id='word_1_874' title='bbox 2780 5776 3083 5848; x_wconf 25' lang='lat' dir='ltr'>autoquasi</span> <span class='ocrx_word' id='word_1_875' title='bbox 3128 5782 3319 5832; x_wconf 85' lang='lat' dir='ltr'>contra</span> <span class='ocrx_word' id='word_1_876' title='bbox 3367 5775 3561 5846; x_wconf 84' lang='lat' dir='ltr'>Deum,</span> <span class='ocrx_word' id='word_1_877' title='bbox 3606 5775 3717 5829; x_wconf 72' lang='lat' dir='ltr'>etco</span> 
     </span>
    </p>
   </div>
  </div>
