4304 6616
533 432 661 497 211.

534 573 626 627 est
659 566 763 642 qui
791 572 849 627 te
876 566 1217 642 percussit?
1248 589 1278 620 ››
1311 566 1575 627 Stultum
1600 572 1726 626 erat
1751 565 2192 624 verberantibus
2221 563 2275 629 Α

540 659 914 733 respondere,
948 662 1005 715 et
1055 657 1458 731 prophetizare
1510 659 1824 714 caedentem
1849 658 1889 724 ί,
1921 672 2053 711 cum
2086 670 2191 726 pa-

1798 432 1864 495 S.
1911 427 2227 495 EUSEBII
2270 424 2716 489 HIERONYMI

3837 430 3960 494 212

2377 562 2537 635 (Cap.
2589 560 2809 619 XXVII.
2859 592 2929 604 —
2975 564 3141 619 Vers.
3177 564 3201 619 1
3237 564 3429 636 seqq.)
3474 584 3503 614 «
3537 562 3709 621 Mane
3756 568 3956 622 autem

2306 651 2474 722 facto,
2505 651 2823 708 consilium
2874 651 3137 708 inierunt
3183 668 3387 709 omnes
3427 653 3723 727 principes
3763 671 3958 711 sacer-

544 749 665 806 lam
698 748 1079 822 percutientis
1109 748 1406 804 videretur
1435 747 1685 804 insania.
1731 747 1837 802 Sed
1883 745 2035 801 sicut
2086 742 2193 798 hoc
2304 741 2508 797 dctum
2539 746 2597 796 et
2630 742 2890 797 seniores
2924 740 3122 813 populi
3154 742 3436 799 adversus
3464 743 3687 814 Jesum,
3724 748 3791 799 ut
3819 761 3956 800 eum

546 839 714 897 vobis
744 854 859 894 non
891 837 1281 911 prophetavit,
1303 837 1389 894 sic
1420 836 1564 892 illud
1598 833 2073 891 manifestissime
2103 848 2197 887 va-

2304 832 2480 888 morti
2526 831 2839 887 traderent.
2872 832 2939 886 Et
2986 831 3247 887 vinctum
3297 832 3686 899 adduxerunt,
3722 838 3780 889 et
3834 839 3956 890 tra-

548 927 831 985 ticinatus
880 932 992 993 est,
1037 927 1195 998 quod
1247 925 1709 982 circumdaretur
1754 921 2080 979 Jerusalem
2120 920 2194 977 ab
2305 920 2579 977 diderunt
2607 936 2740 977 eum
2774 920 2981 1007 Pontio
3011 920 3196 977 Pilato
3229 921 3483 994 praesidi.
3520 943 3548 969 υ
3600 922 3724 977 Non
3758 921 3955 979 solum

548 1016 827 1083 exercitu,
859 1020 917 1072 et
947 1033 1061 1071 non
1099 1014 1529 1088 relinqueretur
1557 1014 1707 1087 lapis
1738 1029 1915 1085 super
1941 1010 2195 1084 lapidem
2304 1011 2376 1067 ad
2408 1009 2682 1079 Pilatum,
2715 1010 2816 1066 sed
2846 1010 3025 1067 etiam
3066 1011 3138 1066 ad
3185 1011 3475 1066 Herodem
3507 1011 3720 1069 ductus
3749 1017 3857 1084 est,
3892 1019 3960 1068 ut

546 1105 610 1163 in
641 1105 862 1178 templo
894 1107 1048 1177 (Luc.
1080 1123 1195 1174 XIX,
1229 1106 1318 1172 43,
1351 1106 1461 1175 il).

621 1194 807 1269 (Vers.
832 1195 947 1267 69.)
985 1216 1013 1249 ι
1044 1199 1248 1251 Petrus
1279 1210 1412 1249 vero
1442 1193 1687 1248 sodebat
1708 1190 1848 1248 foris
1880 1191 1940 1246 in
1972 1190 2193 1246 atrio.»

549 1284 715 1342 Foris
743 1284 1001 1351 sedebat,
1029 1287 1094 1337 ut
1121 1283 1341 1339 videret
1370 1283 1588 1338 exitum
1623 1282 1725 1337 rei.
1754 1282 1822 1336 Et
1852 1297 1968 1336 non
1992 1296 2199 1353 appro-

546 1374 873 1447 pinquabat
918 1373 1083 1440 Jesu,
1124 1389 1195 1428 ne
1246 1371 1535 1428 ministris
1580 1370 1777 1443 aliqua
1806 1370 2064 1442 SUSpicio
2094 1386 2197 1424 na-

548 1466 825 1521 sceretur.

618 1552 805 1624 (Vers.
834 1550 947 1623 72).
998 1573 1027 1602 «
1062 1552 1130 1607 Et
1156 1550 1372 1607 iterum
1410 1548 1643 1623 negavit
1671 1564 1805 1605 cum
1842 1549 2197 1621 juramento,

549 1642 690 1716 quia
713 1658 831 1698 non
853 1640 986 1698 novi
1012 1639 1338 1697 hominem.
1366 1641 1437 1696 Et
1464 1644 1600 1712 post
1628 1638 1910 1711 pusillum
1942 1654 2200 1695 accesse-

549 1734 691 1788 runt
719 1730 819 1803 qui
849 1730 1106 1797 stabant,
1139 1733 1197 1785 et
1225 1728 1498 1785 dixerunt
1529 1728 1716 1784 Petro.
1753 1749 1781 1777 ››
1812 1727 1941 1785 Scio
1969 1730 1991 1762 ²
2019 1743 2201 1800 quos-

552 1820 692 1877 dam
723 1819 808 1893 pii
847 1820 1091 1876 atl‘ectus
1142 1819 1249 1890 [AL
1282 1818 1377 1890 pio
1408 1818 1641 1888 affectu]
1691 1833 1828 1890 erga
1871 1815 2196 1890 apostolum

2308 1103 2552 1171 uterque
2582 1099 2827 1155 Domino
2856 1098 3146 1156 illuderet.
3196 1101 3267 1156 Et
3295 1116 3464 1157 cerne
3496 1099 3955 1159 sollicitudinem

2306 1190 2676 1245 sacerdotum
2710 1188 2768 1243 in
2802 1187 3047 1245 malum.
3079 1189 3223 1245 Tota
3252 1193 3418 1245 nocte
3447 1188 3855 1263 vigilaverunt,
3891 1196 3958 1247 ut

2306 1277 2689 1334 homicidium
2716 1278 2987 1333 facerent.
3023 1279 3086 1333 Et
3113 1280 3355 1334 vinclum
3387 1279 3734 1336 tradiderunt
3753 1281 3960 1337 Pilato.

2307 1369 2612 1425 Habebunt
2639 1369 2797 1423 enim
2835 1367 2991 1423 hunc
3035 1384 3279 1436 morem,
3313 1372 3379 1423 ut
3409 1385 3584 1440 quem
3616 1369 3962 1441 adjudicaso

2310 1462 2442 1515 sent
2471 1457 2665 1529 morti,
2698 1456 2948 1530 ligatum
2989 1457 3177 1528 judici
3208 1458 3531 1514 traderent.

2381 1570 2409 1597 ‹‹
2442 1548 2605 1603 Tunc
2651 1547 2856 1602 videns
2903 1546 3112 1615 Judas,
3161 1546 3262 1618 qui
3310 1563 3445 1603 eum
3496 1547 3758 1620 tradidit,
3800 1550 3960 1622 quod

2310 1638 2625 1693 damnatus
2654 1642 2828 1704 esset,
2863 1635 3206 1708 pcenitentia
3233 1636 3469 1706 ductus,
3493 1637 3694 1694 retulit
3722 1638 3965 1712 triginta

2310 1729 2617 1798 argenteos
2663 1725 3027 1798 principibus
3075 1726 3445 1782 sacerdotum
3494 1731 3554 1783 et
3600 1728 3977 1797 senioribus,‘

2310 1816 2513 1871 dicens
2538 1832 2550 1871 :
2576 1815 2828 1885 Peccavi,
2849 1816 3090 1870 tradens
3112 1815 3459 1888 sanguinem
3477 1816 3731 1888 justum.
3762 1840 3784 1866 ι
3818 1822 3964 1875 Ava-

552 1909 813 1976 Petrum,
842 1906 1039 1964 locum
1082 1907 1243 1964 hunc
1272 1907 1355 1964 ita
1385 1907 1816 1980 interpretatos,
1850 1910 1915 1962 ut
1943 1907 2203 1963 dicerent
2234 1941 2281 2007 B
2311 1904 2456 1960 ritiae
2506 1904 2971 2007 magnitudinem
3021 1904 3127 1976 [AL
3163 1905 3590 1978 magnitudine]
3642 1907 3977 1980 impietatis

556 1997 814 2065 Petrum,
849 2012 964 2053 non
998 1997 1180 2052 Deum
1209 2011 1475 2069 negasse,
1508 1997 1608 2053 sed
1639 1996 1958 2067 hominem,
1992 2001 2048 2052 et
2076 2012 2205 2052 esse
2234 1993 2280 2007 ν
2312 1995 2544 2067 pondus
2572 1993 2840 2050 exclusit.
2864 1994 3081 2050 Videns
3109 1995 3294 2051 Judas
3324 1995 3638 2052 Dominum
3668 1997 3968 2069 adjudica-

555 2102 799 2144 sensum
831 2101 845 2141 :
898 2085 1103 2143 Nescio
1150 2085 1469 2157 hominem,
1505 2086 1643 2158 quia
1690 2086 1811 2142 scio
1850 2091 2055 2141 Deum.
2086 2090 2206 2141 Hoc

557 2191 739 2248 quam
787 2173 1061 2231 frivolum
1110 2175 1207 2243 sit,
1241 2175 1499 2248 prudens
1546 2174 1728 2231 lector
1772 2174 2086 2247 intelligit;
2122 2175 2207 2231 sic

559 2263 667 2335 [AL
700 2263 774 2336 si]
822 2262 1142 2321 defendunt
1189 2263 1543 2337 apostolum,
1578 2269 1643 2320 ut
1685 2264 1870 2320 Deum
1915 2264 2206 2321 mendacii

558 2369 723 2410 reum
757 2352 992 2410 faciant.
1027 2352 1085 2410 Si
1117 2354 1275 2410 enim
1307 2353 1418 2410 iste
1450 2370 1565 2409 non
1598 2354 1850 2426 negavit,
1882 2370 2019 2426 ergo
2051 2370 2211 2410 men-

556 2442 703 2499 titus
728 2445 819 2498 est
836 2443 1138 2511 Dominus,
1161 2442 1265 2516 qui
1291 2442 1517 2499 dixerat
1542 2460 1556 2497 :
1587 2445 1758 2498 Amen
1787 2443 1905 2499 dico
1935 2444 2058 2511 tibi,
2078 2445 2209 2516 quia

562 2531 674 2589 hac
701 2540 872 2603 nocte,
905 2534 1198 2604 antequam
1232 2532 1421 2606 gallus
1464 2536 1676 2601 cantet,
1707 2541 1790 2589 ter
1832 2549 1921 2589 me
1966 2533 2206 2604 negabis.

562 2623 744 2680 Cerne
774 2621 873 2694 qui
905 2621 1079 2693 dicat,
1113 2637 1199 2677 me
1224 2623 1470 2692 negabis,
1504 2638 1620 2678 non
1651 2621 1973 2678 hominem.

633 2709 819 2782 (Vers.
868 2710 984 2783 73.)
1034 2732 1064 2759 ‹‹
1105 2710 1253 2767 Vere
1302 2715 1359 2767 et
1405 2715 1467 2766 tu
1518 2727 1587 2767 ex
1635 2710 1751 2767 illis
1802 2727 1912 2767 es:
1965 2729 2101 2767 nam
2155 2713 2211 2766 et

560 2798 795 2872 loquela
820 2803 924 2856 tua
950 2804 1009 2857 te
1037 2800 1417 2857 manifestum
1449 2801 1607 2857 facit.
1643 2824 1672 2853 »
1721 2800 1846 2858 Non
1880 2802 2034 2874 quod
2068 2801 2210 2857 alte-

560 2887 684 2945 rius
733 2886 1022 2945 sermonis
1067 2892 1222 2945 esset
1271 2889 1492 2957 Petrus,
1545 2893 1646 2945 aut
1727 2889 1920 2962 gentis
1980 2894 2208 2946 exteris.

567 2977 784 3034 Omnes
814 2976 1032 3050 quippe
1053 2977 1277 3034 Hebraei
1306 2983 1492 3049 erant,
1516 2978 1615 3051 qui
1647 2979 1991 3051 arguebant,
2025 2983 2082 3035 ct
2111 2979 2211 3050 qui

566 3066 925 3139 arguebatur
955 3067 1061 3137 [AL
1104 3066 1563 3139 arguebantur);
1612 3068 1714 3123 sed
1749 3068 1903 3140 quod
1934 3085 2211 3140 unaquae-

568 3170 684 3227 que
712 3154 1013 3228 provincia
1058 3159 1117 3211 et
1157 3155 1316 3227 regio
1356 3155 1609 3212 habebat
1635 3158 2020 3228 proprietates
2051 3174 2214 3224 suas,

565 3248 625 3300 et
650 3243 756 3316 [AL
790 3248 874 3312 ut]
921 3243 1301 3300 vernaculum
1332 3244 1609 3317 loquendi
1642 3262 1857 3302 sonum
1886 3247 2068 3303 vitare
2097 3264 2211 3305 non

2313 2089 2442 2140 tum
2475 2084 2669 2151 morti,
2703 2083 2955 2155 pretium
3004 2082 3204 2139 retulit
3246 2085 3670 2153 sacerdotibus,
3703 2086 3872 2158 quasi
3903 2088 3966 2143 in

2315 2177 2601 2245 potestate
2648 2190 2757 2228 sua
2800 2177 2955 2228 esset
2995 2178 3439 2245 persecutorum
3471 2179 3702 2231 mutare
3731 2180 3969 2233 senten-

2315 2262 2483 2318 tiam.
2537 2263 2738 2334 Itaque
2795 2261 2930 2318 licet
2986 2263 3297 2319 mutaverit
3354 2263 3717 2320 voluntatem
3775 2282 3971 2333 suam,

2316 2354 2513 2407 tamen
2561 2350 2882 2407 voluntatis
2932 2351 3133 2423 primm
3181 2352 3402 2407 exitum
3449 2370 3565 2409 non
3606 2354 3874 2411 mutavit.
3907 2355 3972 2411 Si

2318 2445 2514 2496 autem
2542 2440 2800 2512 peccavit
2823 2439 2919 2497 ille
2943 2442 3042 2512 qui
3066 2440 3311 2497 tradidit
3339 2441 3686 2515 sanguinem
3709 2444 3971 2514 justum,

2320 2533 2536 2602 quanto
2598 2529 2786 2601 magis
2843 2529 3026 2585 Judaei
3085 2536 3489 2602 peccaverunt,
3543 2531 3644 2604 qui
3699 2536 3974 2589 emerunt

2317 2618 2667 2691 sanguinem
2711 2620 2965 2689 justum,
2999 2625 3053 2674 et
3093 2620 3385 2676 offerendo
3418 2621 3694 2693 pretium,
3725 2622 3798 2677 ad
3833 2639 3967 2695 pro-

2318 2707 2596 2770 ditionem
2647 2707 3002 2780 discipulum
3063 2711 3503 2781 provocarunt?
3547 2710 3655 2774 Qui
3709 2711 3973 2769 diversas

2318 2801 2559 2853 naturas
2610 2802 2897 2854 conantur
2943 2798 3327 2867 introducere,
3384 2805 3440 2855 et
3495 2800 3700 2857 dicunt
3753 2801 3973 2858 Judam

2324 2887 2674 2959 proditorem
2706 2886 2871 2943 malae
2905 2888 3086 2944 fuisse
3117 2893 3361 2957 naturas,
3408 2906 3527 2945 nec
3541 2889 3824 2947 electione
3856 2890 3973 2963 [AL

2321 2976 2663 3032 electionem
2684 2985 2736 3032 et
2755 2977 3006 3048 servare]
3040 2976 3406 3050 apostolatus
3437 2978 3701 3050 potuisse
3733 2980 3974 3048 servari,

2322 3065 2715 3135 respondeant
2763 3067 3055 3137 quomodo
3105 3070 3315 3123 natura
3364 3067 3523 3123 mala
3565 3068 3750 3140 egerit
3788 3068 3980 3141 pceni-

2322 3159 2418 3210 ten
2427 3154 2566 3211 tiam
2578 3196 2591 3210 .

2399 3243 2581 3316 (Vers.
2608 3244 2689 3317 5.)
2722 3268 2749 3295 «
2776 3247 2847 3300 At
2876 3243 2962 3300 illi
2994 3245 3303 3302 dixerunt:
3333 3246 3481 3311 Quid
3508 3246 3581 3302 ad
3613 3263 3721 3303 nos
3740 3248 3768 3302 ?
3793 3248 3876 3303 Tu
3900 3247 3985 3302 vi-

564 3313 771 3407 possit.
802 3332 966 3390 Unde
994 3338 1053 3389 et
1083 3313 1459 3407 prrathaei'3
1498 3334 1557 3389 in
1586 3334 1861 3392 Judicum
1892 3334 2041 3392 libro
2072 3336 2212 3409 (cap.
2245 3313 2288 3382 (ἶ
2327 3313 2502 3389 deris.
2528 3334 2594 3389 Et
2622 3313 2897 3406 projectis
2928 3334 3221 3407 argenteis
3253 3334 3311 3389 in
3344 3334 3585 3407 templo,
3610 3336 3760 3393 ηπ
3791 3351 3983 3393 reces-

564 3439 667 3489 xn,
699 3438 837 3479 vers.
868 3423 923 3495 6)
956 3439 1071 3479 non
1102 3428 1352 3495 possunt
1380 3420 1627 3495 σύνθημα
1659 3424 1867 3481 dicere.

640 3508 823 3581 (Vers.
853 3510 946 3578 74,
977 3510 1093 3579 75.)
1142 3533 1170 3560 ‹‹
1205 3511 1365 3567 Tunc
1396 3511 1571 3584 coepit
1598 3511 1877 3568 detestari
1921 3518 1977 3569 et
2016 3514 2218 3585 jurare

569 3598 706 3671 quia
740 3615 856 3656 non
878 3600 1032 3657 226
1063 3599 1323 3657 novisset
1353 3600 1674 3658 hominem.
1700 3601 1767 3657 Et
1794 3602 2072 3659 continuo
2102 3602 2220 3676 gal-

567 3687 664 3744 lus
694 3688 971 3745 cantavit.
1019 3689 1084 3745 Et
1114 3690 1452 3745 recordatus
1499 3694 1588 3746 est
1628 3690 1832 3746 Petrus
1862 3691 2023 3747 verbi
2052 3692 2216 3761 Jesu,

570 3777 728 3849 quod
757 3776 1017 3833 dixerat:
1052 3777 1396 3849 Priusquam
1427 3778 1619 3852 gallus
1648 3783 1861 3846 cantet,
1889 3784 1975 3837 ter
2000 3798 2093 3837 me
2124 3798 2219 3838 ne-

568 3864 759 3939 gabis.
794 3885 823 3915 »
857 3870 918 3921 In
951 3864 1064 3922 alio
1096 3866 1403 3939 Evangelio
1434 3867 1687 3940 legimus
1722 3885 1736 3925 :
1785 3868 1926 3941 quia
1954 3873 2087 3941 post
2116 3886 2215 3927 ne-

567 3953 862 4028 gationem
896 3954 1069 4023 Petri,
1100 3960 1156 4011 et
1186 3960 1423 4012 cantum
1455 3956 1616 4029 galli,
1651 3958 1970 4029 respexerit
2015 3958 2214 4014 Salva-

566 4047 661 4099 tor
688 4047 946 4113 Petrum,
969 4048 1027 4100 et
1047 4044 1260 4100 intuitu
1284 4061 1390 4102 suo
1413 4063 1547 4102 eum
1575 4047 1645 4103 ad
1671 4063 1905 4103 amaras
1925 4046 2215 4121 lacrymas

565 4133 961 4205 provocaverit
1002 4136 1165 4203 (Luc.
1197 4151 1336 4200 xxn,
1370 4136 1461 4203 60,
1492 4136 1607 4204 62).
1657 4134 1772 4191 Nec
1810 4135 1935 4193 ﬁeri
1967 4140 2211 4208 poterat,

564 4225 630 4278 ut
657 4221 716 4278 in
748 4222 1076 4296 negationis
1105 4223 1363 4281 tenebris
1392 4228 1779 4296 permaneret,
1802 4239 1976 4294 quem
2002 4224 2101 4280 lux
2132 4241 2216 4281 re-

562 4317 832 4385 spexerat
859 4311 1089 4371 mundi.

633 4423 662 4451 «
694 4402 764 4457 Et
793 4417 1068 4474 egressus
1096 4401 1274 4467 foras,
1308 4400 1465 4456 ﬂevit
1493 4417 1712 4457 amare.
1745 4419 1771 4452 ι
1822 4404 1884 4455 In
1918 4402 2064 4458 atrio
2095 4404 2214 4460 Cai-

559 4489 690 4563 pha:
721 4489 955 4558 sedens,
987 4506 1102 4547 non
1134 4494 1363 4562 poterat
1391 4505 1561 4563 agere
1593 4489 2013 4562 paenitentiam.
2038 4492 2208 4566 Egre-

560 4577 722 4634 ditur
749 4576 907 4634 foras
935 4579 1007 4634 de
1036 4578 1354 4651 impiorum
1387 4578 1656 4647 concilio,
1688 4583 1753 4636 ut
1782 4580 2000 4653 pavidae
2032 4598 2207 4657 nega-

558 4665 739 4724 tionis
769 4667 970 4724 sordes
1000 4667 1221 4724 amaris
1252 4666 1491 4724 ﬂetibus
1520 4667 1692 4725 lavet.

633 4826 647 4860 ¹
680 4825 861 4905 Antea
910 4826 1229 4905 legebatur
1258 4828 1602 4888 caedentibus.
1652 4831 1857 4905 verior
1904 4848 2082 4905 quam
2113 4852 2204 4891 re-

557 4896 870 5025 psotsuimus
900 4896 1055 4957 ad'S.
1079 4900 1264 4958 Patris
1296 4906 1547 4959 mentem
1573 4903 1838 4961 omnium
1866 4896 2010 4962 mss.
2032 4904 2204 4964 lectio

558 4984 668 5026 θει.

628 5039 1068 5121 ’_Ex_bis__i_1nus
1093 5042 1328 5121 videtur
1356 5046 1416 5102 S.
1447 5045 1815 5121 Ambrosius,
1865 5049 2035 5121 cujus
2083 5048 2203 5105 hazc

556 5113 850 5193 sententia
878 5112 1047 5193 1ib._x
1089 5114 1152 5193 in_
1182 5116 1418 5193 Lucam,
1451 5134 1508 5173 n.
1544 5122 1658 5193 82_:
1712 5142 1740 5168 «
1772 5112 2205 5193 Bene'negavit

554 5183 1041 5262 hominequuia
1071 5187 1519 5262 sciebatDeum.
1544 5212 1572 5239 »
1605 5190 1673 5262 Et
1702 5190 1925 5262 pridem
1957 5183 2202 5249 fortasse

555 5256 613 5312 S.
658 5256 785 5330 ipse
836 5256 1112 5331 Hilarius,
1145 5259 1245 5331 qui
1294 5260 1352 5315 in
1400 5261 1556 5318 hunc
1603 5256 1845 5318 locum:
1898 5284 1927 5313 «
1956 5263 2026 5318 Et
2070 5282 2203 5321 vere

553 5329 751 5402 prope,
790 5329 896 5407 ait,
930 5331 1069 5407 iam
1118 5329 1247 5388 sine
1277 5332 1526 5407 piaculo
1576 5332 1876 5389 hominem
1926 5336 2198 5407 negabat,

552 5401 731 5471 quam
785 5402 880 5477 Dei
930 5401 1143 5477 Filium
1200 5401 1429 5477 primus
1486 5409 1886 5477 agnoverat.»
1936 5401 2202 5464 Βίἶιὲθιδὶηε

551 5473 867 5532 excusandi
900 5474 1133 5543 allectu,
1170 5473 1284 5532 non
1316 5480 1380 5531 ut
1410 5473 1643 5549 culpam
1684 5484 1984 5551 negarent.

623 5559 915 5618 ’Tessera
962 5563 1257 5634 militaris,
1290 5564 1382 5621 vul
1431 5583 1463 5621 o
1511 5567 1667 5634 apud
1716 5583 1824 5623 nos
1875 5566 1928 5623 te
1974 5571 2085 5623 moi
2126 5568 2201 5624 du

624 5634 694 5692 et,
721 5631 1023 5690 dicebatur
1052 5633 1214 5692 σύνθη
1229 5656 1301 5692 ua
1329 5583 1428 5692 vel
1448 5631 1751 5692 σύμϐολον.
1774 5638 2010 5692 signum
2042 5642 2197 5692 auod

548 5634 694 5702 guet,
721 5631 1023 5690 dicebatur
1052 5633 1214 5706 σύνθη
1228 5631 1301 5709 μα
1329 5631 1424 5693 vel
1448 5631 1751 5708 σύμϐολον,
1774 5638 2010 5710 signum
2042 5642 2197 5711 quod

550 5702 622 5756 ad
655 5718 913 5773 pugnam
942 5709 1292 5765 exeuntibus
1332 5710 1582 5765 dabatur
1625 5709 1873 5765 vitanda:
1903 5711 2196 5768 confusio-

552 5773 645 5831 nis
676 5790 873 5831 causa.
905 5776 1234 5838 Gabaaditsa
1282 5798 1420 5856 ergo
1463 5781 1761 5840 habebant
1800 5799 1902 5856 pro
1933 5782 2100 5857 signo
2130 5802 2195 5843 ac

2329 3424 2404 3479 sit
2438 3440 2451 3479 :
2484 3427 2540 3479 et
2569 3423 2793 3491 abiens,
2829 3422 3038 3495 laqueo
3070 3440 3131 3479 se
3163 3423 3489 3497 suspendit.
3517 3446 3546 3473 ››
3577 3423 3731 3481 Nihil
3763 3425 3986 3498 profuit

2327 3513 2516 3585 egisse
2567 3512 2992 3585 pmnitentiam,
3026 3530 3129 3585 per
3174 3530 3355 3585 quam
3386 3514 3408 3547 ‘
3453 3512 3646 3570 scelus
3689 3513 3981 3589 corrigere

2328 3618 2444 3659 non
2475 3602 2683 3675 potuit.
2708 3603 2767 3659 Si
2799 3602 3035 3674 quando
3066 3601 3149 3658 sic
3179 3603 3358 3659 frater
3388 3607 3589 3675 peccat
3620 3602 3680 3659 in
3712 3605 3974 3673 fratrem,

2325 3696 2390 3748 ut
2410 3693 2721 3749 emendare
2741 3692 2930 3748 valeat
2951 3691 3105 3762 quod
3138 3692 3415 3763 peccavit,
3440 3697 3631 3765 potest
3656 3694 3706 3749 ei
3734 3693 3975 3751 dimitti.

2326 3780 2426 3837 Sin
2467 3785 2663 3837 autem
2709 3785 3055 3852 permanent
3099 3798 3296 3854 opera,
3330 3782 3519 3838 frusta
3547 3798 3681 3839 voce
3712 3782 3974 3839 assumi-

2324 3874 2421 3926 tur
2468 3870 2826 3941 poenitentia.
2878 3870 2994 3926 Hoc
3041 3875 3131 3926 est
3179 3871 3333 3942 quod
3386 3871 3445 3926 in
3490 3870 3718 3943 psalmo
3762 3871 3834 3928 de
3873 3886 3972 3928 eo-

2325 3961 2457 4017 dem
2489 3959 2890 4016 infelicissimo
2920 3959 3072 4015 Juda
3101 3959 3317 4016 dicitur
3348 3976 3361 4015 :
3414 3962 3477 4015 Et
3506 3962 3689 4016 oratio
3726 3963 3845 4033 ejus
3871 3960 3978 4033 ﬁat

2323 4051 2385 4106 in
2412 4054 2689 4121 peccatum
2735 4051 2904 4120 (PsaL
2936 4065 3090 4118 cvm,
3122 4050 3217 4120 7);
3266 4053 3332 4104 ut
3375 4065 3490 4105 non
3541 4050 3732 4106 solum
3771 4066 3973 4107 emen-

2323 4139 2461 4195 dare
2508 4137 2835 4210 nequiverit
2882 4137 3229 4211 proditionis
3279 4138 3464 4203 nefas,
3516 4140 3617 4194 sed
3674 4139 3746 4195 ad
3808 4140 3973 4211 prius

2323 4226 2516 4283 scelus
2563 4227 2741 4283 etiam
2792 4226 3011 4299 proprii
3053 4227 3355 4291 homicidii
3396 4228 3618 4284 crimen
3660 4228 3970 4286 addiderit.

2319 4315 2458 4372 Tale
2509 4316 2649 4389 quid
2693 4319 2750 4372 et
2793 4316 3107 4389 Apostolus
3137 4316 3197 4372 in
3230 4317 3492 4373 secunda
3519 4318 3592 4373 ad
3638 4312 3971 4375 Corinthios

2322 4405 2581 4479 Epistola
2627 4404 2888 4478 loquitur
2919 4422 2932 4462 :
2982 4410 3065 4462 Ne
3104 4406 3495 4462 abundantiori
3522 4407 3749 4464 tristitia
3776 4408 3969 4464 absor-

2322 4497 2516 4552 beatur
2544 4499 2717 4559 frater
2742 4497 2761 4531 ⁵
2792 4495 2862 4568 (Il
2893 4492 3013 4551 Cor.
3048 4513 3108 4568 ιι,
3140 4497 3220 4567 7).

2391 4585 2576 4659 (Vers.
2608 4587 2690 4658 6.)
2726 4608 2748 4635 ι
2786 4584 3079 4657 Principes
3112 4590 3311 4641 autem
3341 4585 3734 4659 sacerdotum,
3766 4578 3967 4659 accep-

2238 4689 2285 4754 Β
2316 4674 2395 4730 tis
2425 4675 2737 4748 argenteis,
2772 4674 3043 4731 dixerunt
3077 4689 3090 4730 :
3140 4673 3266 4732 Non
3309 4674 3445 4731 licet
3487 4691 3585 4732 eos
3633 4675 3866 4732 mittere
3901 4675 3964 4732 in

2315 4834 2685 4907 synthemate
2715 4850 2915 4891 vocem
2942 4819 3138 4903 115313,
3166 4834 3517 4901 schibboleth,
3541 4850 3722 4906 quam
3749 4833 3969 4907 Ephra-

2314 4924 2451 5007 than
2486 4924 2963 4997 pronuntiabant,
2998 4909 3484 5007 nﬁznusibbozeth.
3518 4924 3664 5007 Yide
3690 4922 3965 5007 iudicum
4017 4999 4021 5002 ,

2313 4995 2417 5051 lib.
2480 4995 2606 5067 cap.
2666 5013 2777 5063 x11,
2835 5012 2985 5051 vers.
3045 4997 3099 5051 6.
3159 4996 3345 5052 MART.
3404 5027 3472 5036 —
3530 4996 3719 5053 Videri
3821 4996 3970 5053 ossit

2313 5068 2329 5123 i
2378 5084 2508 5149 sum
2533 5068 2874 5124 Schibholeth
2898 5068 3164 5135 verbum,
3185 5084 3288 5140 pro
3310 5083 3426 5141 quo
3449 5067 3725 5125 Sibboleth
3748 5012 3964 5139 Eﬁihra-

2314 5085 2446 5195 tﬁazi
2476 5140 2956 5195 pronuntiabant.
2981 5142 3346 5195 nronositnm
3380 5139 3664 5195 exemplo.
3701 5140 3839 5195 Mss.
3873 5144 3962 5195 ta-

2314 5139 2446 5195 thazi
2476 5140 2956 5228 pronuntiabant,
2981 5139 3346 5228 propositum
3380 5139 3664 5228 exemplo.
3701 5140 3839 5196 Mss.
3873 5144 3962 5228 te:

2314 5228 2448 5268 men
2497 5212 2715 5267 habent
2761 5212 3028 5282 σύνθημα,
3076 5218 3179 5266 aut
3228 5212 3425 5267 Latine
3460 5212 3767 5283 synt/zemn,
3802 5212 3957 5283 quod

2313 5283 2411 5367 hic
2438 5285 2669 5367 proprie
2697 5285 2942 5367 signum,
2956 5284 3273 5367 _r‘zota,_.si_ve
3303 5284 3573 5367 indicium
3602 5288 3857 5367 estLquo
3886 5282 3959 5339 ab

2313 5354 2676 5437 Ephrathmis
2731 5354 3045 5437 Gglzgaditae
3067 5428 3078 5437 _
3103 5354 3637 5437 distinguebaptur.
3694 5354 3958 5437 Uiuimus
3982 5372 3985 5373 '

2310 5426 2381 5481 de
2404 5426 2512 5483 hoc
2536 5428 2710 5483 verbo
2736 5426 2873 5483 alibi
2898 5428 2968 5482 ad
2992 5428 3159 5499 epist.
3192 5429 3291 5482 118
3308 5426 3391 5482 ad
3415 5426 3738 5499 Julianum,
3765 5426 3953 5496 initio,

2310 5498 2418 5581 ubi
2432 5503 2634 5581 tamen
2668 5499 2893 5555 diverso
2926 5498 3223 5571 paulisper
3250 5500 3323 5554 ab
3354 5499 3463 5555 hoc
3494 5498 3826 5573 significatu
3857 5513 3951 5555 ac-

2308 5575 2356 5625 ci
2405 5575 2542 5626 itur.

2430 5642 2609 5697 Penes
2642 5642 2977 5731 Victor-ium,
3009 5643 3156 5697 nihil
3180 5644 3392 5714 profuit
3418 5644 3478 5697 ei
3514 5657 3639 5697 sera
3676 5642 3953 5714 paeniten-

2306 5716 2406 5781 tia,
2432 5730 2530 5783 per
2559 5730 2742 5785 quam,
2772 5718 2881 5771 etc.

2376 5785 2398 5821 ⁸
2425 5785 2664 5842 Addunt
2693 5785 2959 5846 nonnulli
2992 5801 3159 5858 mss.,
3192 5787 3287 5861 qui
3312 5785 3581 5861 ejusmodi
3609 5789 3705 5843 est.
