4304 6582
286 422 409 488 213

282 559 605 619 corbonam
637 561 742 632 [Αι.
775 563 1140 634 corbanam],
1207 565 1346 636 quia
1399 565 1655 638 pretium
1701 566 1940 639 sangui-
1969 568 2026 635 Α
2054 566 2227 622 Jesus
2302 582 2316 622 :

283 650 381 709 nis
430 656 536 708 est.
598 673 625 702 ››
682 651 829 708 Vere
872 652 1118 709 culicem
1168 652 1482 726 liquentes,
1541 660 1598 711 et
1654 657 1943 712 camelum

280 740 619 815 glutientes.
651 741 710 797 Si
741 740 898 797 enim
929 742 1058 799 ideo
1110 760 1227 799 non
1259 744 1506 800 mittunt
1537 746 1846 813 pecuniam
1883 747 1943 801 in

281 831 623 899 oorbonam,
656 830 766 888 hoc
805 834 895 887 est
925 836 983 886 in
1041 832 1522 906 gazophylacium
1552 838 1609 891 et
1638 836 1791 891 dona
1823 835 1941 901 Dei,

281 921 425 995 quia
452 921 704 994 pretium
737 921 1045 994 sanguinis
1105 927 1212 994 est,
1271 940 1375 979 cur
1430 924 1556 997 ipse
1588 926 1834 998 sanguis
1863 926 1943 981 ef-

279 1010 552 1067 funditur
584 1012 601 1046 ι
625 1010 655 1065 ‘?

353 1100 542 1172 (Vers.
574 1101 630 1167 7,
671 1100 752 1171 8.)
785 1122 814 1151 «ι
846 1100 1106 1157 Consilio
1139 1106 1335 1159 autem
1367 1102 1557 1168 initio,
1585 1107 1855 1160 emerunt
1877 1120 1945 1160 ex

277 1187 400 1246 illis
443 1206 653 1263 agrum
704 1188 894 1263 ﬁguli,
944 1190 1001 1245 in
1053 1190 1417 1263 sepulturam
1450 1192 1942 1265 peregrinorum:

276 1283 515 1353 propter
571 1278 684 1336 hoc
739 1284 984 1337 vocatus
1038 1286 1127 1337 est
1184 1297 1323 1355 ager
1352 1280 1448 1337 ille
1491 1282 1942 1352 Acheldemach,

276 1368 389 1426 hoc
417 1372 507 1425 est
533 1384 673 1441 ager
701 1369 1227 1443 sanguinis,usque
1251 1372 1310 1426 in
1338 1370 1688 1427 hodiernum
1722 1372 1942 1428 diem.»

278 1456 370 1515 Illi
402 1458 643 1532 quidem
675 1458 938 1515 fecerunt
984 1458 1098 1515 alia
1153 1460 1476 1529 voluntate,
1538 1466 1605 1516 ut
1660 1464 1943 1516 aeternum

276 1548 597 1621 impietatis
628 1565 747 1605 suis
779 1548 1176 1622 relinquerent
1195 1568 1265 1607 ex
1284 1551 1407 1623 agri
1433 1550 1729 1623 emptione
1760 1551 1946 1607 moni-

277 1640 567 1694 mentum.
613 1638 896 1695 Caeterum
945 1655 1071 1707 nos,
1128 1639 1229 1713 qui
1279 1640 1573 1713 peregrini
1625 1657 1861 1696 eramus
1910 1658 1945 1696 a

276 1726 404 1800 lege
434 1730 490 1783 et
519 1727 842 1800 prophetis,
875 1746 1053 1801 prava
1101 1745 1304 1786 eorum
1336 1730 1535 1787 studia
1569 1730 1941 1803 suscepimus

272 1812 336 1869 in
361 1812 612 1870 salutem
674 1831 687 1869 :
728 1819 796 1895 et
837 1816 897 1871 in
923 1815 1109 1889 pretio
1140 1817 1460 1892 sanguinis
1485 1820 1613 1890 ejus
1635 1819 1944 1891 requiesci-

276 1918 432 1960 mus.
490 1904 678 1978 Figuli
727 1910 921 1962 autem
972 1922 1109 1979 ager
1162 1905 1516 1981 appellatur,
1551 1907 1693 1981 quia
1723 1908 1941 1982 ﬁgulus

278 1997 484 2050 noster
514 1998 604 2051 est
630 1994 917 2051 Christus.

351 2082 544 2154 (Vers.
575 2085 632 2156 9,
667 2084 777 2158 10.)
814 2106 836 2136 α
871 2086 1036 2141 Tunc
1067 2085 1378 2157 impletum
1402 2092 1492 2143 est
1524 2087 1680 2160 quod
1712 2087 1937 2144 dictum

272 2175 366 2229 est
401 2187 507 2243 per
533 2172 845 2230 Jeremiam
876 2173 1251 2247 prophetam,
1301 2176 1593 2233 dicentem
1628 2194 1640 2232 :
1675 2179 1743 2233 Et
1772 2194 1938 2234 acce-

270 2267 492 2337 perunt
522 2262 761 2336 triginta
782 2265 1377 2337 argenteos,pretium
1401 2267 1942 2340 appretiati,quem’

272 2352 751 2427 appretiaverunt
801 2370 836 2408 a
895 2353 1033 2410 ﬁliis
1092 2354 1294 2424 Israel,
1327 2359 1382 2410 et
1427 2355 1716 2412 dederunt
1748 2373 1847 2413 eos
1877 2358 1936 2412 in

273 2458 484 2517 agrum
516 2441 703 2516 ﬁguli,
730 2442 882 2499 sicut
920 2442 1227 2499 constituit
1255 2443 1399 2499 mihi
1432 2445 1737 2501 Dominus.
1771 2468 1798 2495 »
1820 2446 1938 2502 Hoc

268 2532 677 2590 testimonium
738 2532 891 2590 228
949 2531 1010 2588 in
1068 2533 1323 2589 Ieremia
1374 2550 1492 2590 non
1525 2534 1838 2591 invenitur.
1874 2536 1936 2592 In

269 2621 550 2680 Zacharia
578 2638 711 2679 vero
741 2623 783 2689 ³,
841 2623 943 2695 qui
1004 2639 1151 2695 pene
1211 2623 1457 2683 ultimus
1508 2630 1597 2681 est
1628 2625 1937 2682 duodecim

273 2711 717 2784 prophetarum,
750 2712 1018 2784 quaedam
1068 2711 1396 2769 similitudo
1429 2713 1614 2770 fertur
1645 2714 1826 2786 (Zach.
1855 2732 1934 2780 x1,

272 2802 364 2870 12)
415 2819 429 2870 ;
514 2805 572 2857 et
625 2818 967 2874 quanquam
1024 2818 1234 2858 sensus
1311 2802 1565 2859 multum
1624 2804 1933 2877 discrepet,

267 2892 467 2946 tamen
498 2894 555 2946 et
583 2890 724 2946 ordo
784 2895 842 2945 et
898 2888 1077 2945 verba
1105 2890 1335 2946 diversa
1382 2894 1541 2947 sunt.
1583 2891 1717 2964 Legi
1748 2909 1935 2964 nuper

268 2978 332 3034 in
391 2979 646 3052 quodam
703 2978 986 3035 Hebraico
1039 2979 1359 3049 volumine,
1421 2982 1576 3053 quod
1608 2982 1931 3037 Nazaraenae

267 3072 426 3125 secta
456 3068 601 3125 mihi
630 3069 906 3124 Hebraeus
938 3068 1172 3136 obtulit,
1208 3069 1474 3126 Jeremias
1505 3070 1929 3143 apocryphum,

266 3158 328 3215 in
362 3175 476 3231 quo
508 3158 629 3214 haec
662 3159 736 3214 ad
786 3160 1030 3215 verbum
1091 3158 1309 3231 scripta
1346 3159 1553 3233 reperi.
1588 3161 1699 3216 Sed
1732 3167 1928 3216 tamen

266 3247 414 3306 mihi
444 3248 677 3305 videtur
705 3249 895 3322 magis
924 3250 995 3305 de
1024 3249 1302 3306 Zacharia
1331 3255 1635 3322 sumptum
1668 3251 1930 3306 testimo-

262 3336 432 3395 nium
466 3353 480 3392 :
513 3337 1008 3410 evangelistarum
1063 3342 1119 3393 et
1157 3337 1555 3411 apostolorum
1596 3357 1756 3397 more
1801 3339 1931 3394 vul-
1961 3327 2004 3395 C
2041 3345 2099 3399 et
2117 3343 2283 3415 justo
2311 3341 2398 3398 illi

263 3432 424 3502 gato,
479 3426 581 3500 qui
624 3426 935 3481 verborum
995 3425 1197 3482 ordine
1254 3428 1669 3499 praetermisso,
1718 3445 1930 3486 sensus

262 3521 501 3573 tantum
552 3515 748 3570 Veteri
811 3515 1191 3571 Testamento
1242 3515 1549 3588 proferunt
1616 3518 1678 3573 in
1733 3533 1930 3575 exem-

263 3605 525 3766 male.
561 3694 673 3765 11.)
707 3716 735 3743 ‹‹
766 3697 938 3750 Jesus
969 3698 1167 3749 autem
1226 3693 1389 3751 stetit
1418 3700 1555 3753 ante
1594 3696 1925 3769 praesidem,

265 3789 327 3843 et
352 3784 734 3858 interrogayit
763 3800 898 3840 eum
929 3800 1163 3856 praeses,
1225 3783 1455 3842 discens
1489 3802 1501 3842 :
1537 3787 1624 3842 Tu
1681 3802 1743 3843 es
1828 3804 1927 3844 rex

264 3873 605 3932 Judaeorum
632 3876 654 3929 ξ’
685 3894 713 3922 ››
747 3872 931 3929 Pilato
964 3871 1110 3928 nihil
1139 3872 1299 3930 aliud
1328 3873 1695 3949 interogante
1726 3876 1924 3932 crimi-

266 3961 386 4030 nis,
441 3962 557 4019 nisi
616 3967 816 4018 utrum
890 3978 990 4017 rex
1044 3963 1383 4019 Judaeorum
1443 3965 1540 4036 sit,
1594 3970 1927 4039 arguuntur

266 4049 591 4125 impietatis
617 4050 826 4121 Judai,
861 4051 1017 4123 quod
1072 4067 1146 4107 ne
1177 4051 1324 4109 falso
1376 4054 1616 4125 quidem
1665 4054 1926 4112 invenire

265 4140 566 4215 potuerint
621 4141 777 4214 quod
835 4141 1133 4212 objectent
1178 4141 1478 4199 Salvatori.
1541 4167 1569 4195 ιι
1630 4143 1784 4200 Dixit
1838 4143 1924 4199 illi

344 4265 359 4349 ξ
398 4264 611 4375 ἰξίθνυὶηέ
660 4283 841 4340 penes
870 4266 1219 4338 Victorium,
1250 4283 1349 4322 cur
1376 4270 1562 4339 ipsum
1596 4271 1925 4343 sanguinem

346 4354 420 4375 un
462 4353 533 4375 ηη

261 4336 611 4411 effundunt?
661 4336 680 4340 ⁷
1205 4336 1211 4338 “
1396 4336 1409 4339 ⁷
1699 4336 1718 4343 ⁷

320 4408 363 4487 Δξ
420 4408 837 4487 ΡιθροβιειίιιλιιεΔ
868 4428 1052 4483 quem,
1114 4410 1186 4487 ad
1222 4412 1676 4487 mssaomnium
1707 4413 1924 4487 quibus

267 4481 517 4556 utimur,
566 4482 763 4556 ﬁdem,
823 4481 951 4556 ipso
1000 4482 1674 4556 praetereaadmonente
1725 4481 1924 4542 'Graeco

266 4557 452 4627 textu,
485 4551 542 4607 ὅν
574 4551 918 4627 ἔτιμάσανὲο.
952 4551 1139 4612 Antea
1170 4554 1474 4627 legebatur
1501 4555 1658 4627 quod.

338 4625 362 4659 ³
390 4625 691 4700 Atqueita
719 4626 957 4700 quidem
990 4626 1144 4700 apud
1173 4625 1489 4700 Jefremiam
1517 4625 1749 4700 lectum
1782 4627 1922 4683 olim

262 4696 445 4771 hocce
472 4696 879 4771 testimonium
912 4696 1507 4771 opinatunEusebius
1538 4698 1636 4754 lib.
1671 4717 1706 4754 x
1736 4703 1925 4755 Evan-

259 4770 455 4897 gelicw
474 4769 992 4855 Demonstratipnis';
1011 4769 1221 4853 sedvel
1269 4787 1505 4853 erasum
1540 4771 1675 4827 inde
1722 4776 1928 4857 postea

304 4841 609 4897 udmorum
642 4844 904 4897 perﬁdia.
932 4842 1017 4897 vel
1078 4842 1173 4897 hic
1216 4842 1604 4897 substitutum
1636 4844 1926 4897 Zacharw

304 4841 609 4898 udeorum
642 4842 904 4915 perﬁdia,
932 4842 1017 4915 vel
1078 4842 1173 4915 hic
1216 4842 1604 4899 substitutum
1636 4841 1926 4901 Zachariae

265 4928 622 4989 nomen_pro
645 4913 1317 4989 Ieremiaelibrariorum
1374 4915 1701 4989 oscitantis.
1733 4917 1927 4989 Augu-

264 4985 462 5058 stinus
491 4984 537 5041 Ιῖ
566 5003 649 5055 ιιι,
683 5002 733 5041 c.
791 4988 846 5055 7,
904 4986 970 5042 de
1017 4986 1294 5058 Comensi;
1348 4984 1883 5058 evangelistarum'i

263 5056 500 5112 videtur
530 5058 745 5115 referre
774 5058 846 5114 ad
882 5058 1176 5114 memoriae
1232 5057 1465 5129 lapsum
1490 5056 1559 5115 in
1590 5077 1753 5115 sacro
1786 5059 1926 5115 scri-

266 5131 460 5204 ptore,
482 5130 638 5204 quod
669 5146 821 5204 aegre
851 5130 1089 5204 quidem
1114 5130 1523 5204 concesserim.
1555 5131 1924 5187 Recentiores

264 5200 538 5275 turbatos
594 5200 824 5259 Grzeéos
869 5200 1322 5275 'prophetiarum
1375 5202 1641 5275 Jeremim
1698 5204 1925 5275 codices

306 5271 616 5348 lerumque
650 5271 1009 5348 caueanturf
1024 5274 1130 5330 Alii
1166 5274 1225 5348 in
1280 5274 1640 5348 autographo
1670 5274 1924 5330 Matthasi

265 5289 616 5400 alarumque
650 5289 990 5331 caueantur.
1024 5289 1130 5330 Alll
1166 5291 1225 5329 1n
1280 5289 1640 5348 autographa
1670 5289 1923 5330 mattnan

318 5360 467 5402 raeco
497 5345 961 5429 scriptum‘o-lim.
1015 5346 1396 5429 suspicantur
1442 5345 1653 5429 ΖῃρίουΔ
1669 5363 1775 5429 pro
1807 5364 1923 5418 quo

266 5417 1039 5492 annuenses'simiiitudine
1086 5417 1416 5492 litterarum
1458 5417 1691 5492 decepti
1714 5417 1923 5492 posue-

266 5486 597 5573 rint_’lplco,
632 5506 970 5573 quanquam
1001 5490 1340 5573 hujusmodi
1364 5486 1740 5573 scriptionem
1761 5507 1923 5573 com-

264 5560 484 5635 pendia
514 5560 895 5635 tam—antiqui
916 5579 1061 5619 usus
1080 5560 1387 5635 exstitisse
1418 5560 1661 5620 minime
1686 5564 1923 5619 videan-

263 5634 384 5689 tur.
415 5634 808 5701 Quamobrem
867 5649 936 5691 ea
990 5634 1226 5761 pregior
1278 5636 1347 5692 ad
1380 5635 1555 5691 ﬁdem
1589 5635 1783 5710 opinio
1813 5641 1921 5709 est,

265 5703 556 5761 scriptum
580 5706 652 5761 ab
677 5704 1033 5761 evangelista
1053 5723 1087 5761 8.
1131 5706 1339 5761 solute.
1364 5704 1414 5761 ἐν
1447 5712 1564 5761 τοῖς
1591 5709 1921 5761 προσαίταις.

265 5703 556 5785 scriptum
576 5706 652 5785 ab
677 5703 1033 5785 evangelista
1053 5703 1339 5785 absolute,
1364 5704 1414 5761 ἐν
1430 5712 1564 5785 ,ςερῖς
1591 5703 1921 5785 [rhoeti-cm;

264 5778 343 5854 in,
351 5776 661 5854 prophetis,
680 5776 1191 5854 quemadmodum
1204 5778 1496 5854 nonnulli
1526 5796 1556 5837 e
1586 5776 1925 5854 Greecispa-

265 5848 489 5918 tribus,
521 5848 931 5925 praecipueque
962 5850 1021 5908 S.
1056 5848 1418 5923 Epiphanius
1448 5850 1679 5909 videtur
1704 5848 1920 5926 legisse

760 425 1278 492 COMMENTAR.
1324 430 1404 493 IN
1447 426 1966 495 EVANGELIUM
2011 430 2394 495 MAT'I‘H/EI
2439 432 2592 496 LIB.
2637 430 2742 496 IV.
2789 430 2960 495 CAP.
3006 423 3240 498 XXV”.

3594 428 3731 497 214⁸

2391 568 2476 623 Tu
2554 565 2722 623 dicis.
2785 586 2812 619 ››
2877 566 2971 625 Sic
3028 566 3331 640 respondit
3398 569 3465 625 ut
3516 565 3709 627 virum

2053 654 2273 712 diceret
2317 660 2377 712 et
2424 672 2617 713 sermo
2666 656 2796 729 ejus
2845 655 3150 713 calumniae
3198 673 3315 713 non
3363 660 3604 731 pateret.
3638 659 3711 715 Et

2054 745 2289 803 attende
2320 746 2474 818 quod
2508 745 2716 812 Pilato,
2757 744 2858 819 qui
2888 745 3107 803 invitus
3138 746 3443 819 promebat
3481 752 3712 805 senten-

2053 834 2217 905 tiam,
2262 835 2460 909 aliqua
2489 852 2558 891 ex
2617 839 2781 908 parte
2811 836 3179 909 responderit
3231 852 3247 893 :
3306 836 3709 895 sacerdotibus

2053 929 2248 981 autem
2282 930 2339 981 et
2371 925 2738 999 principibus
2770 926 3121 998 respondere
3138 923 3414 997 noluerit,
3433 925 3709 1000 indignos

2054 1030 2158 1071 suo
2193 1030 2465 1072 sermone
2486 1016 2787 1087 judicans.

2127 1102 2312 1174 (Vers.
2366 1106 2432 1160 l3
2481 1104 2670 1178 seqq.)
2739 1127 2767 1156 «
2819 1106 2984 1161 Tunc
3030 1104 3172 1163 dicit
3224 1104 3450 1163 Pilatus
3505 1123 3526 1163 :
3580 1107 3707 1163 Non

2054 1192 2226 1248 audis
2284 1197 2506 1265 quanta
2564 1195 2874 1251 adversum
2933 1198 2988 1251 te
3053 1195 3259 1251 dicunt
3317 1196 3425 1269 [Αἰ.
3482 1196 3705 1269 dicant]

2053 1281 2381 1339 testimonia
2400 1283 2428 1337 ‘2
2455 1283 2524 1339 Et
2554 1299 2669 1339 non
2699 1284 3003 1356 respondit
3022 1284 3073 1340 ei
3096 1284 3170 1341 ad
3196 1283 3384 1343 ullum
3414 1285 3704 1346 verbum‘:

2054 1372 2135 1428 ita
2192 1378 2257 1427 ut
2310 1372 2628 1428 miraretur
2670 1388 2885 1445 praeses
2930 1374 3322 1431 vehementer.
3381 1378 3493 1433 Per
3545 1375 3706 1434 diem

2054 1466 2249 1517 autem
2283 1462 2607 1518 solemnem
2630 1467 3007 1520 consueverat
3036 1481 3249 1537 praeses
3278 1463 3493 1538 populo
3514 1465 3708 1523 dimit-

2052 1554 2173 1607 tere
2226 1567 2411 1607 unum
2441 1552 2724 1619 vinctum,
2776 1568 2947 1623 quem
2977 1551 3321 1611 voluissent.
3358 1577 3388 1605 »
3420 1554 3703 1614 Ethnicus

2052 1640 2293 1712 quidem
2325 1646 2434 1711 est,
2465 1641 2567 1715 qui
2613 1644 2968 1700 condemnat
2996 1647 3195 1700 Jesum
3257 1662 3271 1699 :
3329 1644 3433 1701 sed
3463 1634 3704 1704 causam

2052 1730 2226 1787 refert
2281 1730 2343 1787 in
2401 1730 2686 1805 populum
2746 1733 3257 1791 Judaeorum.N0n
3283 1733 3443 1790 audis
3499 1740 3708 1808 quanta

2005 1828 2010 1834 ‘
2050 1820 2346 1876 adversum
2377 1824 2428 1877 te
2455 1822 2646 1877 dicunt
2693 1822 3068 1881 testimonia?
3122 1823 3298 1880 Jesus
3354 1826 3552 1881 autem
3609 1830 3722 1883 re-'

1968 1951 2015 2014 Β

2051 1910 2338 1982 spondere
2367 1910 2559 1967 noluit
2588 1927 2660 1968 ne
2691 1912 2910 1968 crimen
2929 1912 3158 1969 diluens
3180 1930 3214 1971 a
3234 1912 3481 1986 praeside
3511 1912 3713 1972 dimit-

2046 2003 2286 2071 teretur,
2320 2004 2378 2056 et
2407 2001 2600 2059 crucis
2632 2001 2854 2058 utilitas
2885 2002 3236 2060 diﬁ‘erretur.
3712 1994 3721 1995 ί

2117 2089 2302 2157 (Vers.
2341 2090 2408 2145 16
2463 2090 2651 2163 seqq.)
2694 2108 2717 2139 ι
2749 2090 3014 2148 Habebat
3042 2096 3239 2148 autem
3270 2097 3412 2149 tunc
3439 2091 3721 2151 vinctum'

2045 2176 2361 2251 insignem,
2415 2179 2515 2250 qui
2581 2178 2888 2237 dicebatur
2946 2180 3261 2237 Barabbas.
3321 2181 3704 2256 Congregatis

2045 2284 2182 2340 ergo
2203 2266 2495 2338 illis,dixit
2518 2267 2775 2324 Pilatus:
2809 2271 2990 2336 Quem
3012 2268 3191 2327 vultis
3218 2269 3511 2327 dimittam
3545 2273 3700 2331 πο

2045 2357 2231 2426 vobis,
2259 2356 2612 2425 Barabbam,
2644 2374 2716 2413 an
2747 2358 2974 2428 Jesum,
3008 2358 3109 2431 qui
3138 2358 3358 2416 dicitur
3385 2359 3652 2418 Christus
3675 2361 3704 2417 ?

2045 2446 2278 2501 Sciebat
2299 2446 2458 2502 enim
2489 2447 2644 2519 quod
2672 2464 2773 2520 per
2802 2447 3085 2504 invidiam
3106 2448 3491 2507 tradidissent
3509 2466 3703 2508 eum.»

2047 2536 2160 2591 Iste
2182 2535 2240 2590 in
2263 2534 2575 2608 Evangelia
2598 2537 2755 2608 quod
2774 2536 3051 2594 scribitur
3063 2540 3235 2611 juxta
3258 2540 3710 2613 Hebraeos,ﬁliu:

2044 2627 2309 2695 magistri
2336 2641 2525 2682 eorum
2553 2625 2993 2699 interpretatur,
3054 2627 3154 2700 qui
3186 2633 3428 2701 propter
3457 2630 3715 2687 seditidu‘

2044 2731 2176 2770 nem
2208 2719 2265 2770 et
2284 2714 2664 2771 homicidium
2685 2716 2876 2773 fuerat
2921 2717 3556 2776 condemnatus.0t'fert
3603 2736 3711 2777 au~

2046 2808 2159 2860 tem
2192 2805 2487 2877 optionem
2520 2804 2742 2862 Pilatus
2773 2806 3110 2863 dimittendi
3168 2823 3345 2880 quem
3387 2807 3589 2880 velint,
3623 2808 3708 2866 la-

2050 2898 2301 2961 tronem,
2352 2912 2423 2951 an
2479 2895 2684 2951 Jesum
2721 2915 2740 2950 :
2772 2912 2887 2951 non
2947 2896 3220 2954 dubitans
3270 2897 3476 2955 Jesum
3506 2899 3710 2971 potiu'

2051 2982 2620 3056 eligendum,sciens
2652 3001 2783 3041 eum
2816 2989 3053 3058 propter
3080 2986 3363 3044 invidiam
3392 2988 3700 3046 traditum.

2048 3072 2233 3146 Igitur
2260 3091 2441 3131 causa
2464 3074 2653 3131 crucis
2684 3074 2995 3132 manifeste
3025 3076 3247 3134 invidia
3274 3082 3387 3134 est.
3706 3090 3707 3097 ‘

2119 3163 2305 3235 (Vers.
2343 3165 2408 3219 19
2438 3164 2625 3237 seqq.)
2661 3185 2688 3217 α
2717 3165 2967 3222 Sedente
3004 3170 3202 3223 autem
3254 3165 3354 3224 illo
3383 3184 3488 3241 pro
3517 3169 3711 3226 tribu-'

2046 3251 2189 3321 nali,
2220 3252 2382 3309 misit
2411 3254 2482 3310 ad
2514 3271 2650 3310 eum
2677 3271 2823 3311 uxor
2849 3256 2999 3327 ejus,
3033 3254 3254 3329 dicens,
3304 3256 3465 3314 Nihil
3519 3259 3625 3317 tibi
3676 3259 3711 3295 δ’

2460 3359 2475 3398 :
2529 3342 2718 3399 multa
2763 3344 2917 3400 enim
2967 3360 3146 3417 passa
3194 3362 3327 3402 sum
3376 3347 3549 3405 hodie
3596 3365 3701 3422 per

2037 3431 2229 3487 visum
2262 3435 2500 3504 propter
2545 3448 2704 3487 eum.
2751 3432 3053 3505 Principes
3100 3437 3295 3492 autem
3327 3436 3697 3493 sacerdotum

2037 3524 2095 3577 et
2124 3520 2382 3577 seniores
2437 3524 2867 3593 persuaserunt
2917 3521 3155 3594 populis
3192 3526 3258 3579 ut
3285 3526 3507 3595 peteret
3557 3524 3697 3582 Bar-

2039 3610 2310 3677 rabbam,
2360 3609 2535 3666 Jsum
2592 3626 2727 3666 vero
2785 3610 3115 3682 perderent.
3167 3612 3551 3685 Respondens
3590 3630 3699 3671 au-

2039 3704 2157 3755 tem
2192 3716 2425 3772 praeses,
2462 3698 2542 3756 ait
2569 3698 2722 3756 illis:
2745 3702 2929 3765 Quem
2959 3699 3135 3758 vultis
3163 3701 3329 3758 vobis
3363 3702 3433 3759 de
3463 3703 3699 3761 duobus

2035 3789 2305 3845 dimitti?
2361 3794 2438 3845 At
2466 3788 2553 3844 illi
2586 3789 2898 3846 dixerunt:
2922 3791 3270 3848 Barabbam.
3298 3813 3327 3842 »
3356 3791 3506 3849 Nota
3535 3794 3694 3866 quod

2035 3880 2309 3952 gentibus
2340 3896 2490 3952 saepe
2521 3896 2554 3934 a
2584 3883 2697 3935 Deo
2756 3880 2987 3936 somnia
3044 3883 3413 3952 revelantur;
3444 3887 3505 3939 et
3534 3883 3691 3956 quod

2036 3968 2093 4023 in
2126 3967 2309 4025 Pilato
2336 3973 2393 4025 et
2418 3985 2595 4024 uxore
2627 3970 2756 4040 ejus
2797 3970 3027 4039 iustum
3059 3971 3371 4027 Dominum
3404 3972 3695 4030 conﬁten-

2033 4058 2193 4113 tibus
2221 4057 2458 4130 gentilis
2489 4057 2690 4130 populi
2714 4058 3120 4115 testimonium
3153 4059 3248 4116 sit.

2106 4145 2289 4217 (Vers.
2346 4147 2438 4214 22,
2496 4147 2616 4214 23.)
2670 4144 2820 4200 Dicit
2871 4144 2990 4202 illis
3022 4145 3225 4204 Pilatis
3256 4165 3270 4204 :
3303 4149 3451 4214 Quid
3509 4150 3692 4223 igitur

2036 4275 2105 4326 At
2162 4287 2455 4345 nonnemo
2511 4270 2815 4345 studiosus
2860 4271 2943 4345 _de
2974 4270 3214 4345 nomine
3259 4272 3458 4345 ipsum
3484 4272 3689 4332 volens

2032 4342 2381 4470 prophetam
2437 4342 2700 4408 laudare,
2761 4341 3062 4427 scripserit
3106 4344 3179 4400 ad
3235 4341 3454 4401 codicis
3499 4361 3687 4420 oram,

2073 4418 2346 4470 achariae.
2369 4416 2526 4470 quod
2559 4431 2768 4470 nomen
2803 4415 3002 4470 priori.
3026 4416 3087 4470 in
3115 4417 3410 4470 mon/retis.
3440 4416 3687 4470 lectione

2073 4418 2346 4499 cellaria,
2369 4416 2526 4499 quod
2559 4431 2768 4499 nomen
2803 4416 3002 4499 priori,
3026 4416 3087 4470 in
3109 4417 3410 4499 prophetis,
3440 4416 3691 4499 lectione

2034 4491 2354 4570 expuncta,‘
2388 4487 2498 4570 alii
2535 4487 2612 4570 'in
2645 4487 2874 4570 textum
2923 4487 3314 4570 importarint.
3347 4489 3532 4570 ρεαδ
3562 4506 3690 4570 qm-

2034 4559 2201 4615 nium
2228 4559 2719 4637 antiquissimum
2753 4559 3295 4637 Latinzeversionis
3347 4561 3691 4637 Evangelio-

2036 4647 2168 4687 rum
2227 4634 2561 4688 Veronense
2612 4631 2911 4693 exemplar
2961 4633 3217 4690 Ieremia:
3275 4631 3540 4692 nomen'
3572 4652 3690 4693 non

1960 4706 2002 4771 D
2035 4703 2320 4788 agnoscit,
2352 4702 2611 4788 legitque
2639 4702 3308 4788 ab‘solute,_'dictu.m‘est_
3322 4708 3423 4788 per
3447 4708 3690 4788 praplte-

2037 4773 2167 4830 tdm.
2200 4775 2308 4850 Sed
2337 4773 2636 4850 e_t'n_otatu
2688 4773 2868 4850 digna
2917 4773 3341 4850 Thcophylacti
3396 4773 3693 4837 sententia

2036 4850 2146 4913 est,
2205 4846 2306 4922 qui
2363 4845 2525 4922 legit,
2560 4861 2683 4922 ,ρετ
2709 4845 3051 4922 ’.Γενετῃίαῃιν
3081 4845 3528 4922 'et'prophetam.
3573 4850 3690 4906 Υπά

2033 4936 2180 4999 atque,
2223 4912 2453 4999 inquit",
2511 4912 2767 4999 ίτὸἸξαὶ,
2826 4916 2917 4999 auat
2974 4912 3327 4999 ἀναγΐνὼσδςὲ,
3389 4918 3484 4999 8ιᾷ
3533 4923 3690 4999 Ἱερι-

2039 4988 2165 5062 pica
2200 4987 2296 5078 θεαὶ
2325 4985 2438 5043 ’τοῦ
2486 4991 2794 5079 προφήτου,
2844 4985 3034 5083 ἤγίῖυνΛ
3065 4985 3356 5066 Ζαχαρίοὺ.
3412 4985 3688 5083 Σύοίχυὶης

2039 5058 2131 5083 HI-
2200 5079 2299 5083 -m_,
2362 5065 2421 5083 ᾲνν
2564 5081 2595 5083 ξ
2677 5060 2844 5083 Ρμγηκν
2944 5081 2951 5083 Α
3046 5066 3054 5083 ι
3102 5081 3123 5083 ξ
3330 5066 3343 5083 ς
3624 5070 3652 5082 υ

2034 5048 2136 5135 adp
2196 5060 2305 5153 ἐῖτι
2358 5065 2493 5153 τῶν,
2526 5048 3227 5153 ὗπέἱὰμφόἷνηρηθξντῶἷνῖ
3284 5066 3354 5153 to}
3408 5048 3687 5151 περ’ἱῗτῆξ

2034 5130 2201 5221 mpii];
2228 5133 2255 5186 ὁ
2288 5130 2558 5209 Ζαχαρίας
2609 5130 2942 5217 )ςὲ“(ὲιόκεφ.’
2989 5130 3075 5188 tu"
3119 5135 3188 5218 τὰ
3226 5136 3349 5212 περὶ
3384 5130 3487 5191 τοῧ
3514 5130 3687 5263 ἁγίοόῦ

2034 5205 2061 5259 ὁ
2111 5203 2359 5282 lapsam:
2391 5224 2512 5282 nec.
2566 5206 2647 5282 ιϐί·
2686 5207 3073 5282 Animadverte
3118 5212 3399 5282 ipsumet
3440 5223 3693 5282 cgpupm

2032 5293 2097 5353 ac
2128 5278 2396 5353 ἱεραὶ-ρετ
2423 5278 2737 5334 Jeremiam
2770 5282 2827 5334 et
2856 5278 3199 5353 prophetam
3227 5281 3436 5353 scilicet
3466 5278 3687 5353 Zacha-

2034 5349 2203 5404 riam.
2236 5349 2527 5406 Miscentur
2554 5353 2705 5406 em'm
2731 5349 3062 5417 una'sz'niul,
3094 5366 3221 5423 qua!
3247 5368 3281 5406 α
3308 5350 3516 5423 duobus
3541 5350 3688 5407 dicta

2032 5424 2178 5479 sunt.
2242 5424 2369 5491 Quae
2426 5424 2662 5494 pretium
2746 5426 3005 5495 spectant,
3066 5421 3359 5495 Zacharias
3416 5421 3683 5495 loquitur,

2032 5511 2154 5565 cap.
2211 5511 2290 5549 x1.
2350 5498 2492 5564 Quae
2522 5494 2823 5568 respiciunt
2849 5495 3182 5568 emptionem
3223 5494 3370 5563 agri,
3400 5494 3689 5571 Ieremigs,

2032 5582 2674 5721 ῗαθιΡῗςῗξιμῦεθςυθηιὶ
2696 5637 2846 5721 sacri
2877 5641 3063 5721 textus
3092 5635 3381 5721 pegioope,
3409 5637 3535 5721 hac
3561 5657 3686 5721 mp;

2032 5708 2104 5765 do
2136 5708 2507 5766 substituunt
2537 5728 2679 5767 mss.
2715 5710 2898 5766 nostri
2928 5708 3123 5764 verba:
3150 5708 3309 5766 Jesus
3326 5714 3509 5769 autem
3538 5713 3688 5771 nihil

2033 5781 2353 5866 νικερρηςιθνθ
2382 5784 2580 5866 volarit,
2609 5781 2874 5866 ethnicus,
2908 5783 3047 5866 etc..

2102 5856 2122 5890 ⁵
2152 5854 2517 5913 Interserunt
2543 5854 2783 5928 quidam
2815 5867 2959 5910 mss.
2992 5854 3089 5909 sit.

3796 2524 3945 2565 ..κί’ρβ
