  <div class='ocr_page' id='page_1' title='image "/cluster/home/n/w/nwhite01/storage/ocr_20150623/26/umn.31951002477320a/113.png"; bbox 0 0 4304 6586; ppageno 0'>
   <div class='ocr_carea' id='block_1_1' title="bbox 573 391 689 475">
    <p class='ocr_par' dir='ltr' id='par_1_1' title="bbox 573 391 689 475">
     <span class='ocr_line' id='line_1_1' title="bbox 573 391 689 475; baseline -0.017 -21"><span class='ocrx_word' id='word_1_1' title='bbox 573 391 689 475; x_wconf 71' lang='lat' dir='ltr'>sis</span> 
     </span>
    </p>
   </div>
   <div class='ocr_carea' id='block_1_2' title="bbox 1818 380 2735 450">
    <p class='ocr_par' dir='ltr' id='par_1_2' title="bbox 1818 380 2735 450">
     <span class='ocr_line' id='line_1_2' title="bbox 1818 380 2735 450; baseline -0.004 -1"><span class='ocrx_word' id='word_1_2' title='bbox 1818 389 1882 449; x_wconf 92' lang='lat' dir='ltr'>S.</span> <span class='ocrx_word' id='word_1_3' title='bbox 1928 385 2242 450; x_wconf 85' lang='lat' dir='ltr'>EUSEBII</span> <span class='ocrx_word' id='word_1_4' title='bbox 2287 380 2735 447; x_wconf 77' lang='lat' dir='ltr'>HIERONYMI</span> 
     </span>
    </p>
   </div>
   <div class='ocr_carea' id='block_1_3' title="bbox 3866 376 3984 441">
    <p class='ocr_par' dir='ltr' id='par_1_3' title="bbox 3866 376 3984 441">
     <span class='ocr_line' id='line_1_3' title="bbox 3866 376 3984 441; baseline -0.034 0"><span class='ocrx_word' id='word_1_5' title='bbox 3866 376 3984 441; x_wconf 73' lang='grc' dir='ltr'>2ίὸ</span> 
     </span>
    </p>
   </div>
   <div class='ocr_carea' id='block_1_4' title="bbox 574 509 3981 603">
    <p class='ocr_par' dir='ltr' id='par_1_4' title="bbox 574 509 3981 603">
     <span class='ocr_line' id='line_1_4' title="bbox 574 509 3981 603; baseline -0.004 -22"><span class='ocrx_word' id='word_1_6' title='bbox 574 524 782 603; x_wconf 74' lang='lat' dir='ltr'>faciam</span> <span class='ocrx_word' id='word_1_7' title='bbox 812 524 886 587; x_wconf 82' lang='lat' dir='ltr'>de</span> <span class='ocrx_word' id='word_1_8' title='bbox 908 523 1072 597; x_wconf 86' lang='lat' dir='ltr'>Jesu,</span> <span class='ocrx_word' id='word_1_9' title='bbox 1105 520 1206 597; x_wconf 91' lang='lat' dir='ltr'>qui</span> <span class='ocrx_word' id='word_1_10' title='bbox 1236 522 1451 579; x_wconf 83' lang='lat' dir='ltr'>dicitur</span> <span class='ocrx_word' id='word_1_11' title='bbox 1502 522 1817 579; x_wconf 86' lang='lat' dir='ltr'>Christus?</span> <span class='ocrx_word' id='word_1_12' title='bbox 1852 523 2059 578; x_wconf 90' lang='lat' dir='ltr'>Dicunt</span> <span class='ocrx_word' id='word_1_13' title='bbox 2092 538 2213 576; x_wconf 91' lang='lat' dir='ltr'>om-</span> <span class='ocrx_word' id='word_1_14' title='bbox 2248 522 2298 587; x_wconf 77' lang='grc' dir='ltr'><strong>Α</strong></span> <span class='ocrx_word' id='word_1_15' title='bbox 2334 522 2511 573; x_wconf 90' lang='lat' dir='ltr'>retur.</span> <span class='ocrx_word' id='word_1_16' title='bbox 2550 539 2577 565; x_wconf 83' lang='lat'>»</span> <span class='ocrx_word' id='word_1_17' title='bbox 2611 514 3104 603; x_wconf 83' lang='lat' dir='ltr'>Barabbaslntro,</span> <span class='ocrx_word' id='word_1_18' title='bbox 3138 510 3235 583; x_wconf 91' lang='lat' dir='ltr'>qui</span> <span class='ocrx_word' id='word_1_19' title='bbox 3279 510 3608 603; x_wconf 78' lang='lat' dir='ltr'>seditiones</span> <span class='ocrx_word' id='word_1_20' title='bbox 3624 509 3889 603; x_wconf 59' lang='lat' dir='ltr'>iaciebat</span> <span class='ocrx_word' id='word_1_21' title='bbox 3922 510 3981 567; x_wconf 90' lang='lat' dir='ltr'>in</span> 
     </span>
    </p>
   </div>
   <div class='ocr_carea' id='block_1_5' title="bbox 576 609 2225 688">
    <p class='ocr_par' dir='ltr' id='par_1_5' title="bbox 576 609 2225 688">
     <span class='ocr_line' id='line_1_5' title="bbox 576 609 2225 688; baseline -0.005 -17"><span class='ocrx_word' id='word_1_22' title='bbox 576 631 680 673; x_wconf 89' lang='lat' dir='ltr'>nes</span> <span class='ocrx_word' id='word_1_23' title='bbox 712 631 727 670; x_wconf 87' lang='lat'><strong>:</strong></span> <span class='ocrx_word' id='word_1_24' title='bbox 760 612 1270 688; x_wconf 81' lang='lat' dir='ltr'>Crucifigatur.Ait</span> <span class='ocrx_word' id='word_1_25' title='bbox 1299 611 1416 668; x_wconf 83' lang='lat' dir='ltr'>illis</span> <span class='ocrx_word' id='word_1_26' title='bbox 1445 629 1659 686; x_wconf 66' lang='lat' dir='ltr'>praeses</span> <span class='ocrx_word' id='word_1_27' title='bbox 1685 628 1697 667; x_wconf 90' lang='lat'>:</span> <span class='ocrx_word' id='word_1_28' title='bbox 1728 612 1874 678; x_wconf 90' lang='lat' dir='ltr'>Quid</span> <span class='ocrx_word' id='word_1_29' title='bbox 1900 612 2057 667; x_wconf 89' lang='lat' dir='ltr'>enim</span> <span class='ocrx_word' id='word_1_30' title='bbox 2090 609 2225 665; x_wconf 89' lang='lat' dir='ltr'>mali</span> 
     </span>
    </p>
   </div>
   <div class='ocr_carea' id='block_1_6' title="bbox 578 690 2226 777">
    <p class='ocr_par' dir='ltr' id='par_1_6' title="bbox 578 690 2226 777">
     <span class='ocr_line' id='line_1_6' title="bbox 578 690 2226 777; baseline -0.004 -16"><span class='ocrx_word' id='word_1_31' title='bbox 578 705 714 777; x_wconf 79' lang='lat' dir='ltr'>fecit</span> <span class='ocrx_word' id='word_1_32' title='bbox 734 705 763 760; x_wconf 83' lang='lat'><strong>?</strong></span> <span class='ocrx_word' id='word_1_33' title='bbox 792 706 865 760; x_wconf 87' lang='lat' dir='ltr'>At</span> <span class='ocrx_word' id='word_1_34' title='bbox 895 702 979 759; x_wconf 90' lang='lat' dir='ltr'>illi</span> <span class='ocrx_word' id='word_1_35' title='bbox 1002 690 1199 777; x_wconf 87' lang='lat' dir='ltr'>magis</span> <span class='ocrx_word' id='word_1_36' title='bbox 1228 702 1582 771; x_wconf 89' lang='lat' dir='ltr'>clamabant,</span> <span class='ocrx_word' id='word_1_37' title='bbox 1642 702 1902 756; x_wconf 80' lang='lat' dir='ltr'>dicentes</span> <span class='ocrx_word' id='word_1_38' title='bbox 1935 718 1947 755; x_wconf 89' lang='lat'><strong>:</strong></span> <span class='ocrx_word' id='word_1_39' title='bbox 1981 701 2226 755; x_wconf 80' lang='lat' dir='ltr'>Cruoili-</span> 
     </span>
    </p>
   </div>
   <div class='ocr_carea' id='block_1_7' title="bbox 578 776 2225 877">
    <p class='ocr_par' dir='ltr' id='par_1_7' title="bbox 578 776 2225 877">
     <span class='ocr_line' id='line_1_7' title="bbox 578 776 2225 877; baseline -0.004 -26"><span class='ocrx_word' id='word_1_40' title='bbox 578 776 768 877; x_wconf 67' lang='lat' dir='ltr'>gatur.</span> <span class='ocrx_word' id='word_1_41' title='bbox 805 817 832 843; x_wconf 84' lang='lat'>»</span> <span class='ocrx_word' id='word_1_42' title='bbox 866 792 1080 851; x_wconf 90' lang='lat' dir='ltr'>Multas</span> <span class='ocrx_word' id='word_1_43' title='bbox 1120 776 1410 848; x_wconf 70' lang='lat' dir='ltr'>liberandi</span> <span class='ocrx_word' id='word_1_44' title='bbox 1468 789 1780 847; x_wconf 86' lang='lat' dir='ltr'>Salvatoris</span> <span class='ocrx_word' id='word_1_45' title='bbox 1813 790 2030 845; x_wconf 81' lang='lat' dir='ltr'>Pilatus</span> <span class='ocrx_word' id='word_1_46' title='bbox 2062 805 2225 845; x_wconf 89' lang='lat' dir='ltr'>occa-</span> 
     </span>
    </p>
   </div>
   <div class='ocr_carea' id='block_1_8' title="bbox 583 879 2225 959">
    <p class='ocr_par' dir='ltr' id='par_1_8' title="bbox 583 879 2225 959">
     <span class='ocr_line' id='line_1_8' title="bbox 583 879 2225 959; baseline -0.005 -18"><span class='ocrx_word' id='word_1_47' title='bbox 583 883 779 959; x_wconf 78' lang='lat' dir='ltr'>siones</span> <span class='ocrx_word' id='word_1_48' title='bbox 809 882 989 939; x_wconf 81' lang='lat' dir='ltr'>dedit.</span> <span class='ocrx_word' id='word_1_49' title='bbox 1022 882 1310 949; x_wconf 90' lang='lat' dir='ltr'>Primum,</span> <span class='ocrx_word' id='word_1_50' title='bbox 1371 880 1656 938; x_wconf 83' lang='lat' dir='ltr'>latronem</span> <span class='ocrx_word' id='word_1_51' title='bbox 1704 880 1868 952; x_wconf 82' lang='lat' dir='ltr'>justo</span> <span class='ocrx_word' id='word_1_52' title='bbox 1900 879 2225 936; x_wconf 87' lang='lat' dir='ltr'>conferens.</span> 
     </span>
    </p>
   </div>
   <div class='ocr_carea' id='block_1_9' title="bbox 586 969 2232 1042">
    <p class='ocr_par' dir='ltr' id='par_1_9' title="bbox 586 969 2232 1042">
     <span class='ocr_line' id='line_1_9' title="bbox 586 969 2232 1042; baseline -0.004 -12"><span class='ocrx_word' id='word_1_53' title='bbox 586 974 801 1031; x_wconf 85' lang='lat' dir='ltr'>Deinde</span> <span class='ocrx_word' id='word_1_54' title='bbox 832 972 1089 1028; x_wconf 80' lang='lat' dir='ltr'>inferens</span> <span class='ocrx_word' id='word_1_55' title='bbox 1122 988 1136 1027; x_wconf 89' lang='lat'><strong>:</strong></span> <span class='ocrx_word' id='word_1_56' title='bbox 1171 970 1313 1041; x_wconf 85' lang='lat' dir='ltr'>Quid</span> <span class='ocrx_word' id='word_1_57' title='bbox 1354 972 1530 1041; x_wconf 87' lang='lat' dir='ltr'>igitur</span> <span class='ocrx_word' id='word_1_58' title='bbox 1580 971 1784 1042; x_wconf 80' lang='lat' dir='ltr'>faciam</span> <span class='ocrx_word' id='word_1_59' title='bbox 1834 969 1899 1025; x_wconf 87' lang='lat' dir='ltr'>de</span> <span class='ocrx_word' id='word_1_60' title='bbox 1952 974 2103 1039; x_wconf 86' lang='lat' dir='ltr'>Jesu,</span> <span class='ocrx_word' id='word_1_61' title='bbox 2136 970 2232 1041; x_wconf 88' lang='lat' dir='ltr'>qui</span> 
     </span>
    </p>
   </div>
   <div class='ocr_carea' id='block_1_10' title="bbox 580 1058 2229 1132">
    <p class='ocr_par' dir='ltr' id='par_1_10' title="bbox 580 1058 2229 1132">
     <span class='ocr_line' id='line_1_10' title="bbox 580 1058 2229 1132; baseline -0.003 -14"><span class='ocrx_word' id='word_1_62' title='bbox 580 1062 788 1120; x_wconf 86' lang='lat' dir='ltr'>dicitur</span> <span class='ocrx_word' id='word_1_63' title='bbox 816 1062 1066 1117; x_wconf 86' lang='lat' dir='ltr'>Christus</span> <span class='ocrx_word' id='word_1_64' title='bbox 1086 1062 1114 1116; x_wconf 76' lang='lat' dir='ltr'>‘t</span> <span class='ocrx_word' id='word_1_65' title='bbox 1142 1061 1252 1119; x_wconf 87' lang='lat' dir='ltr'>hoc</span> <span class='ocrx_word' id='word_1_66' title='bbox 1282 1065 1390 1128; x_wconf 91' lang='lat' dir='ltr'>est,</span> <span class='ocrx_word' id='word_1_67' title='bbox 1423 1060 1523 1132; x_wconf 91' lang='lat' dir='ltr'>qui</span> <span class='ocrx_word' id='word_1_68' title='bbox 1557 1076 1656 1115; x_wconf 89' lang='lat' dir='ltr'>rex</span> <span class='ocrx_word' id='word_1_69' title='bbox 1686 1063 1877 1116; x_wconf 82' lang='lat' dir='ltr'>vester</span> <span class='ocrx_word' id='word_1_70' title='bbox 1915 1063 2022 1116; x_wconf 89' lang='lat' dir='ltr'>est.</span> <span class='ocrx_word' id='word_1_71' title='bbox 2056 1058 2229 1114; x_wconf 88' lang='lat' dir='ltr'>Cum-</span> 
     </span>
    </p>
   </div>
   <div class='ocr_carea' id='block_1_11' title="bbox 581 1146 2232 1233">
    <p class='ocr_par' dir='ltr' id='par_1_11' title="bbox 581 1146 2232 1233">
     <span class='ocr_line' id='line_1_11' title="bbox 581 1146 2232 1233; baseline -0.005 -25"><span class='ocrx_word' id='word_1_72' title='bbox 581 1168 695 1233; x_wconf 89' lang='lat' dir='ltr'>que</span> <span class='ocrx_word' id='word_1_73' title='bbox 735 1149 1175 1223; x_wconf 84' lang='lat' dir='ltr'>responderent,</span> <span class='ocrx_word' id='word_1_74' title='bbox 1211 1150 1593 1220; x_wconf 80' lang='lat' dir='ltr'>Cruciﬁgatur,</span> <span class='ocrx_word' id='word_1_75' title='bbox 1621 1166 1736 1205; x_wconf 89' lang='lat' dir='ltr'>non</span> <span class='ocrx_word' id='word_1_76' title='bbox 1770 1148 1971 1204; x_wconf 79' lang='lat' dir='ltr'>statim</span> <span class='ocrx_word' id='word_1_77' title='bbox 2004 1146 2232 1219; x_wconf 92' lang='lat' dir='ltr'>acquie-</span> 
     </span>
    </p>
   </div>
   <div class='ocr_carea' id='block_1_12' title="bbox 576 1236 2232 1311">
    <p class='ocr_par' dir='ltr' id='par_1_12' title="bbox 576 1236 2232 1311">
     <span class='ocr_line' id='line_1_12' title="bbox 576 1236 2232 1311; baseline -0.007 -10"><span class='ocrx_word' id='word_1_78' title='bbox 576 1241 665 1311; x_wconf 34' lang='lat' dir='ltr'>vit.</span> <span class='ocrx_word' id='word_1_79' title='bbox 693 1259 705 1293; x_wconf 93' lang='lat'>:</span> <span class='ocrx_word' id='word_1_80' title='bbox 742 1241 841 1296; x_wconf 88' lang='lat' dir='ltr'>sed</span> <span class='ocrx_word' id='word_1_81' title='bbox 864 1240 1034 1311; x_wconf 83' lang='lat' dir='ltr'>juxta</span> <span class='ocrx_word' id='word_1_82' title='bbox 1062 1239 1503 1311; x_wconf 84' lang='lat' dir='ltr'>suggestionem</span> <span class='ocrx_word' id='word_1_83' title='bbox 1535 1238 1755 1309; x_wconf 82' lang='lat' dir='ltr'>uxoris,</span> <span class='ocrx_word' id='word_1_84' title='bbox 1814 1254 1940 1309; x_wconf 69' lang='lat' dir='ltr'>qua:</span> <span class='ocrx_word' id='word_1_85' title='bbox 1993 1236 2232 1291; x_wconf 86' lang='lat' dir='ltr'>manda-</span> 
     </span>
    </p>
   </div>
   <div class='ocr_carea' id='block_1_13' title="bbox 579 1325 2229 1399">
    <p class='ocr_par' dir='ltr' id='par_1_13' title="bbox 579 1325 2229 1399">
     <span class='ocr_line' id='line_1_13' title="bbox 579 1325 2229 1399; baseline -0.004 -13"><span class='ocrx_word' id='word_1_86' title='bbox 579 1333 739 1393; x_wconf 86' lang='lat' dir='ltr'>verat</span> <span class='ocrx_word' id='word_1_87' title='bbox 771 1346 785 1385; x_wconf 88' lang='lat'><strong>:</strong></span> <span class='ocrx_word' id='word_1_88' title='bbox 817 1326 984 1384; x_wconf 81' lang='lat' dir='ltr'>Nihil</span> <span class='ocrx_word' id='word_1_89' title='bbox 1013 1328 1115 1382; x_wconf 83' lang='lat' dir='ltr'>tibi</span> <span class='ocrx_word' id='word_1_90' title='bbox 1137 1328 1284 1398; x_wconf 84' lang='lat' dir='ltr'>justo</span> <span class='ocrx_word' id='word_1_91' title='bbox 1319 1325 1433 1394; x_wconf 85' lang='lat' dir='ltr'>illi,</span> <span class='ocrx_word' id='word_1_92' title='bbox 1462 1326 1587 1398; x_wconf 88' lang='lat' dir='ltr'>ipse</span> <span class='ocrx_word' id='word_1_93' title='bbox 1627 1343 1862 1399; x_wconf 88' lang='lat' dir='ltr'>quoque</span> <span class='ocrx_word' id='word_1_94' title='bbox 1893 1325 2229 1397; x_wconf 87' lang='lat' dir='ltr'>respondit:</span> 
     </span>
    </p>
   </div>
   <div class='ocr_carea' id='block_1_14' title="bbox 586 1400 2235 1489">
    <p class='ocr_par' dir='ltr' id='par_1_14' title="bbox 586 1400 2235 1489">
     <span class='ocr_line' id='line_1_14' title="bbox 586 1400 2235 1489; baseline -0.005 -14"><span class='ocrx_word' id='word_1_95' title='bbox 586 1400 730 1489; x_wconf 77' lang='lat' dir='ltr'>Quid</span> <span class='ocrx_word' id='word_1_96' title='bbox 759 1418 909 1485; x_wconf 85' lang='lat' dir='ltr'>enim</span> <span class='ocrx_word' id='word_1_97' title='bbox 941 1418 1081 1471; x_wconf 86' lang='lat' dir='ltr'>mali</span> <span class='ocrx_word' id='word_1_98' title='bbox 1108 1418 1284 1486; x_wconf 80' lang='lat' dir='ltr'>fecit?</span> <span class='ocrx_word' id='word_1_99' title='bbox 1309 1416 1427 1471; x_wconf 91' lang='lat' dir='ltr'>Hoc</span> <span class='ocrx_word' id='word_1_100' title='bbox 1458 1414 1953 1481; x_wconf 85' lang='lat' dir='ltr'>dicendo,Pilatus</span> <span class='ocrx_word' id='word_1_101' title='bbox 1986 1412 2235 1469; x_wconf 87' lang='lat' dir='ltr'>absolvit</span> 
     </span>
    </p>
   </div>
   <div class='ocr_carea' id='block_1_15' title="bbox 576 1492 2239 1579">
    <p class='ocr_par' dir='ltr' id='par_1_15' title="bbox 576 1492 2239 1579">
     <span class='ocr_line' id='line_1_15' title="bbox 576 1492 2239 1579; baseline -0.005 -14"><span class='ocrx_word' id='word_1_102' title='bbox 576 1492 805 1579; x_wconf 34' lang='lat' dir='ltr'>J’esvum.</span> <span class='ocrx_word' id='word_1_103' title='bbox 854 1507 928 1562; x_wconf 86' lang='lat' dir='ltr'>At</span> <span class='ocrx_word' id='word_1_104' title='bbox 986 1505 1071 1563; x_wconf 84' lang='lat' dir='ltr'>illi</span> <span class='ocrx_word' id='word_1_105' title='bbox 1103 1506 1293 1579; x_wconf 86' lang='lat' dir='ltr'>magis</span> <span class='ocrx_word' id='word_1_106' title='bbox 1346 1505 1700 1573; x_wconf 88' lang='lat' dir='ltr'>clamabant,</span> <span class='ocrx_word' id='word_1_107' title='bbox 1733 1504 2239 1564; x_wconf 83' lang='lat' dir='ltr'>dicentes:Cruci-</span> 
     </span>
    </p>
   </div>
   <div class='ocr_carea' id='block_1_16' title="bbox 578 1591 2236 1677">
    <p class='ocr_par' dir='ltr' id='par_1_16' title="bbox 578 1591 2236 1677">
     <span class='ocr_line' id='line_1_16' title="bbox 578 1591 2236 1677; baseline -0.004 -25"><span class='ocrx_word' id='word_1_108' title='bbox 578 1597 805 1677; x_wconf 71' lang='lat' dir='ltr'>ﬁgatur.</span> <span class='ocrx_word' id='word_1_109' title='bbox 866 1595 943 1652; x_wconf 89' lang='lat' dir='ltr'>Ut</span> <span class='ocrx_word' id='word_1_110' title='bbox 999 1593 1347 1668; x_wconf 85' lang='lat' dir='ltr'>impleretur</span> <span class='ocrx_word' id='word_1_111' title='bbox 1403 1594 1559 1666; x_wconf 92' lang='lat' dir='ltr'>quod</span> <span class='ocrx_word' id='word_1_112' title='bbox 1618 1592 1676 1648; x_wconf 92' lang='lat' dir='ltr'>in</span> <span class='ocrx_word' id='word_1_113' title='bbox 1734 1591 2015 1665; x_wconf 89' lang='lat' dir='ltr'>vigesimo</span> <span class='ocrx_word' id='word_1_114' title='bbox 2047 1593 2236 1663; x_wconf 90' lang='lat' dir='ltr'>primo</span> 
     </span>
    </p>
   </div>
   <div class='ocr_carea' id='block_1_17' title="bbox 581 1682 2237 1763">
    <p class='ocr_par' dir='ltr' id='par_1_17' title="bbox 581 1682 2237 1763">
     <span class='ocr_line' id='line_1_17' title="bbox 581 1682 2237 1763; baseline -0.004 -21"><span class='ocrx_word' id='word_1_115' title='bbox 581 1684 811 1763; x_wconf 77' lang='lat' dir='ltr'>psalmo</span> <span class='ocrx_word' id='word_1_116' title='bbox 840 1684 1069 1740; x_wconf 79' lang='lat' dir='ltr'>dixerat</span> <span class='ocrx_word' id='word_1_117' title='bbox 1119 1700 1132 1739; x_wconf 92' lang='lat'>:</span> <span class='ocrx_word' id='word_1_118' title='bbox 1188 1682 1670 1740; x_wconf 84' lang='lat' dir='ltr'>Circumdederunt</span> <span class='ocrx_word' id='word_1_119' title='bbox 1722 1700 1806 1739; x_wconf 87' lang='lat' dir='ltr'>me</span> <span class='ocrx_word' id='word_1_120' title='bbox 1834 1699 1996 1737; x_wconf 87' lang='lat' dir='ltr'>canes</span> <span class='ocrx_word' id='word_1_121' title='bbox 2028 1683 2189 1736; x_wconf 85' lang='lat' dir='ltr'>multi</span> <span class='ocrx_word' id='word_1_122' title='bbox 2219 1700 2237 1736; x_wconf 91' lang='lat'><strong><em>:</em></strong></span> 
     </span>
    </p>
   </div>
   <div class='ocr_carea' id='block_1_18' title="bbox 583 1771 2234 1845">
    <p class='ocr_par' dir='ltr' id='par_1_18' title="bbox 583 1771 2234 1845">
     <span class='ocr_line' id='line_1_18' title="bbox 583 1771 2234 1845; baseline -0.004 -14"><span class='ocrx_word' id='word_1_123' title='bbox 583 1780 639 1832; x_wconf 79' lang='lat' dir='ltr'>et</span> <span class='ocrx_word' id='word_1_124' title='bbox 667 1774 1028 1845; x_wconf 78' lang='lat' dir='ltr'>congregatio</span> <span class='ocrx_word' id='word_1_125' title='bbox 1088 1773 1522 1842; x_wconf 78' lang='lat' dir='ltr'>malignantium</span> <span class='ocrx_word' id='word_1_126' title='bbox 1560 1772 1762 1826; x_wconf 76' lang='lat' dir='ltr'>obsedit</span> <span class='ocrx_word' id='word_1_127' title='bbox 1794 1789 1877 1826; x_wconf 90' lang='lat' dir='ltr'>me</span> <span class='ocrx_word' id='word_1_128' title='bbox 1909 1771 2078 1842; x_wconf 88' lang='lat' dir='ltr'>(Psal.</span> <span class='ocrx_word' id='word_1_129' title='bbox 2120 1788 2234 1839; x_wconf 78' lang='lat' dir='ltr'>xxx,</span> 
     </span>
    </p>
   </div>
   <div class='ocr_carea' id='block_1_19' title="bbox 590 1859 2239 1935">
    <p class='ocr_par' dir='ltr' id='par_1_19' title="bbox 590 1859 2239 1935">
     <span class='ocr_line' id='line_1_19' title="bbox 590 1859 2239 1935; baseline -0.003 -16"><span class='ocrx_word' id='word_1_130' title='bbox 590 1861 811 1935; x_wconf 25' lang='lat' dir='ltr'>12)..Et</span> <span class='ocrx_word' id='word_1_131' title='bbox 864 1859 1011 1918; x_wconf 89' lang='lat' dir='ltr'>illud</span> <span class='ocrx_word' id='word_1_132' title='bbox 1067 1861 1331 1917; x_wconf 68' lang='lat' dir='ltr'>Ieremia:</span> <span class='ocrx_word' id='word_1_133' title='bbox 1391 1878 1404 1915; x_wconf 92' lang='lat'>:</span> <span class='ocrx_word' id='word_1_134' title='bbox 1468 1862 1637 1916; x_wconf 87' lang='lat' dir='ltr'>Facta</span> <span class='ocrx_word' id='word_1_135' title='bbox 1666 1868 1741 1917; x_wconf 81' lang='lat' dir='ltr'>est</span> <span class='ocrx_word' id='word_1_136' title='bbox 1772 1861 1914 1915; x_wconf 86' lang='lat' dir='ltr'>mihi</span> <span class='ocrx_word' id='word_1_137' title='bbox 1942 1859 2239 1916; x_wconf 74' lang='lat' dir='ltr'>haereditas</span> 
     </span>
    </p>
   </div>
   <div class='ocr_carea' id='block_1_20' title="bbox 587 1936 2235 2023">
    <p class='ocr_par' dir='ltr' id='par_1_20' title="bbox 587 1936 2235 2023">
     <span class='ocr_line' id='line_1_20' title="bbox 587 1936 2235 2023; baseline -0.003 -13"><span class='ocrx_word' id='word_1_138' title='bbox 587 1938 710 2011; x_wconf 75' lang='lat' dir='ltr'>mea</span> <span class='ocrx_word' id='word_1_139' title='bbox 748 1936 905 2007; x_wconf 76' lang='lat' dir='ltr'>sicut</span> <span class='ocrx_word' id='word_1_140' title='bbox 961 1952 1044 2006; x_wconf 86' lang='lat' dir='ltr'>leo</span> <span class='ocrx_word' id='word_1_141' title='bbox 1098 1952 1157 2005; x_wconf 89' lang='lat' dir='ltr'>in</span> <span class='ocrx_word' id='word_1_142' title='bbox 1185 1951 1325 2006; x_wconf 88' lang='lat' dir='ltr'>silva</span> <span class='ocrx_word' id='word_1_143' title='bbox 1380 1967 1398 2005; x_wconf 90' lang='lat'><strong><em>:</em></strong></span> <span class='ocrx_word' id='word_1_144' title='bbox 1455 1949 1723 2006; x_wconf 83' lang='lat' dir='ltr'>dederunt</span> <span class='ocrx_word' id='word_1_145' title='bbox 1750 1967 1915 2023; x_wconf 85' lang='lat' dir='ltr'>super</span> <span class='ocrx_word' id='word_1_146' title='bbox 1942 1967 2029 2005; x_wconf 89' lang='lat' dir='ltr'>me</span> <span class='ocrx_word' id='word_1_147' title='bbox 2058 1966 2235 2006; x_wconf 89' lang='lat' dir='ltr'>vocem</span> 
     </span>
    </p>
   </div>
   <div class='ocr_carea' id='block_1_21' title="bbox 587 2038 2236 2113">
    <p class='ocr_par' dir='ltr' id='par_1_21' title="bbox 587 2038 2236 2113">
     <span class='ocr_line' id='line_1_21' title="bbox 587 2038 2236 2113; baseline -0.002 -14"><span class='ocrx_word' id='word_1_148' title='bbox 587 2057 749 2111; x_wconf 78' lang='lat' dir='ltr'>suam</span> <span class='ocrx_word' id='word_1_149' title='bbox 779 2042 995 2113; x_wconf 81' lang='lat' dir='ltr'>(Jerem.</span> <span class='ocrx_word' id='word_1_150' title='bbox 1028 2057 1130 2109; x_wconf 85' lang='lat' dir='ltr'>xu,</span> <span class='ocrx_word' id='word_1_151' title='bbox 1161 2041 1239 2109; x_wconf 89' lang='lat'>8).</span> <span class='ocrx_word' id='word_1_152' title='bbox 1273 2038 1421 2096; x_wconf 86' lang='lat' dir='ltr'>Isaia</span> <span class='ocrx_word' id='word_1_153' title='bbox 1450 2056 1681 2113; x_wconf 81' lang='lat' dir='ltr'>quoque</span> <span class='ocrx_word' id='word_1_154' title='bbox 1712 2040 1773 2095; x_wconf 89' lang='lat' dir='ltr'>in</span> <span class='ocrx_word' id='word_1_155' title='bbox 1806 2040 1913 2096; x_wconf 90' lang='lat' dir='ltr'>hac</span> <span class='ocrx_word' id='word_1_156' title='bbox 1946 2040 2236 2096; x_wconf 82' lang='lat' dir='ltr'>sententia</span> 
     </span>
    </p>
   </div>
   <div class='ocr_carea' id='block_1_22' title="bbox 593 2129 2231 2204">
    <p class='ocr_par' dir='ltr' id='par_1_22' title="bbox 593 2129 2231 2204">
     <span class='ocr_line' id='line_1_22' title="bbox 593 2129 2231 2204; baseline -0.001 -17"><span class='ocrx_word' id='word_1_157' title='bbox 593 2134 946 2204; x_wconf 80' lang='lat' dir='ltr'>congruente</span> <span class='ocrx_word' id='word_1_158' title='bbox 979 2147 991 2185; x_wconf 89' lang='lat'>:</span> <span class='ocrx_word' id='word_1_159' title='bbox 1025 2131 1321 2201; x_wconf 70' lang='lat' dir='ltr'>Erpectavi</span> <span class='ocrx_word' id='word_1_160' title='bbox 1348 2132 1405 2184; x_wconf 86' lang='lat' dir='ltr'>ut</span> <span class='ocrx_word' id='word_1_161' title='bbox 1461 2132 1705 2200; x_wconf 81' lang='lat' dir='ltr'>facerent</span> <span class='ocrx_word' id='word_1_162' title='bbox 1735 2129 2038 2201; x_wconf 84' lang='lat' dir='ltr'>judicium,</span> <span class='ocrx_word' id='word_1_163' title='bbox 2092 2132 2231 2201; x_wconf 81' lang='lat' dir='ltr'>fece-</span> 
     </span>
    </p>
   </div>
   <div class='ocr_carea' id='block_1_23' title="bbox 588 2214 2283 2291">
    <p class='ocr_par' dir='ltr' id='par_1_23' title="bbox 588 2214 2283 2291">
     <span class='ocr_line' id='line_1_23' title="bbox 588 2214 2283 2291; baseline 0 -16"><span class='ocrx_word' id='word_1_164' title='bbox 588 2222 727 2283; x_wconf 68' lang='lat' dir='ltr'>runt</span> <span class='ocrx_word' id='word_1_165' title='bbox 754 2222 936 2275; x_wconf 85' lang='lat' dir='ltr'>autem</span> <span class='ocrx_word' id='word_1_166' title='bbox 958 2220 1334 2291; x_wconf 79' lang='lat' dir='ltr'>iniquitatem,</span> <span class='ocrx_word' id='word_1_167' title='bbox 1366 2222 1417 2276; x_wconf 84' lang='lat' dir='ltr'>et</span> <span class='ocrx_word' id='word_1_168' title='bbox 1452 2235 1563 2274; x_wconf 85' lang='lat' dir='ltr'>non</span> <span class='ocrx_word' id='word_1_169' title='bbox 1594 2221 1883 2285; x_wconf 81' lang='lat' dir='ltr'>iustitiam,</span> <span class='ocrx_word' id='word_1_170' title='bbox 1913 2220 2004 2274; x_wconf 81' lang='lat' dir='ltr'>sed</span> <span class='ocrx_word' id='word_1_171' title='bbox 2032 2220 2233 2275; x_wconf 86' lang='lat' dir='ltr'>clamo-</span> <span class='ocrx_word' id='word_1_172' title='bbox 2276 2214 2283 2219; x_wconf 74' lang='grc'><strong>’</strong></span> 
     </span>
    </p>
   </div>
   <div class='ocr_carea' id='block_1_24' title="bbox 588 2307 1050 2381">
    <p class='ocr_par' dir='ltr' id='par_1_24' title="bbox 588 2307 1050 2381">
     <span class='ocr_line' id='line_1_24' title="bbox 588 2307 1050 2381; baseline -0.004 -16"><span class='ocrx_word' id='word_1_173' title='bbox 588 2325 705 2371; x_wconf 63' lang='lat' dir='ltr'>rem</span> <span class='ocrx_word' id='word_1_174' title='bbox 734 2309 861 2381; x_wconf 83' lang='lat' dir='ltr'>(lsa.</span> <span class='ocrx_word' id='word_1_175' title='bbox 888 2325 943 2376; x_wconf 89' lang='lat' dir='ltr'>v,</span> <span class='ocrx_word' id='word_1_176' title='bbox 971 2307 1050 2379; x_wconf 89' lang='lat'>7).</span> 
     </span>
    </p>
   </div>
   <div class='ocr_carea' id='block_1_25' title="bbox 660 2422 2237 2497">
    <p class='ocr_par' dir='ltr' id='par_1_25' title="bbox 660 2422 2237 2497">
     <span class='ocr_line' id='line_1_25' title="bbox 660 2422 2237 2497; baseline -0.001 -16"><span class='ocrx_word' id='word_1_177' title='bbox 660 2424 848 2497; x_wconf 74' lang='lat' dir='ltr'>(Vera.</span> <span class='ocrx_word' id='word_1_178' title='bbox 902 2423 1017 2495; x_wconf 81' lang='grc'>24.)</span> <span class='ocrx_word' id='word_1_179' title='bbox 1077 2446 1104 2472; x_wconf 91' lang='grc'>‹‹</span> <span class='ocrx_word' id='word_1_180' title='bbox 1163 2422 1381 2481; x_wconf 88' lang='lat' dir='ltr'>Videns</span> <span class='ocrx_word' id='word_1_181' title='bbox 1436 2429 1635 2480; x_wconf 84' lang='lat' dir='ltr'>autem</span> <span class='ocrx_word' id='word_1_182' title='bbox 1669 2424 1891 2481; x_wconf 79' lang='lat' dir='ltr'>Pilatus</span> <span class='ocrx_word' id='word_1_183' title='bbox 1919 2425 2060 2496; x_wconf 88' lang='lat' dir='ltr'>quia</span> <span class='ocrx_word' id='word_1_184' title='bbox 2090 2424 2237 2481; x_wconf 81' lang='lat' dir='ltr'>nihil</span> 
     </span>
    </p>
   </div>
   <div class='ocr_carea' id='block_1_26' title="bbox 590 2512 2240 2588">
    <p class='ocr_par' dir='ltr' id='par_1_26' title="bbox 590 2512 2240 2588">
     <span class='ocr_line' id='line_1_26' title="bbox 590 2512 2240 2588; baseline 0.001 -18"><span class='ocrx_word' id='word_1_185' title='bbox 590 2513 1026 2588; x_wconf 77' lang='lat' dir='ltr'>proﬁceret,sed</span> <span class='ocrx_word' id='word_1_186' title='bbox 1059 2512 1247 2585; x_wconf 91' lang='lat' dir='ltr'>magis</span> <span class='ocrx_word' id='word_1_187' title='bbox 1279 2513 1569 2570; x_wconf 85' lang='lat' dir='ltr'>tumultus</span> <span class='ocrx_word' id='word_1_188' title='bbox 1601 2515 1785 2584; x_wconf 81' lang='lat' dir='ltr'>fieret,</span> <span class='ocrx_word' id='word_1_189' title='bbox 1819 2520 2055 2587; x_wconf 88' lang='lat' dir='ltr'>accepta</span> <span class='ocrx_word' id='word_1_190' title='bbox 2087 2516 2240 2572; x_wconf 74' lang='lat'>280</span> 
     </span>
    </p>
   </div>
   <div class='ocr_carea' id='block_1_27' title="bbox 589 2600 2241 2677">
    <p class='ocr_par' dir='ltr' id='par_1_27' title="bbox 589 2600 2241 2677">
     <span class='ocr_line' id='line_1_27' title="bbox 589 2600 2241 2677; baseline -0.002 -14"><span class='ocrx_word' id='word_1_191' title='bbox 589 2619 765 2677; x_wconf 77' lang='lat' dir='ltr'>aqua,</span> <span class='ocrx_word' id='word_1_192' title='bbox 794 2600 935 2669; x_wconf 78' lang='lat' dir='ltr'>lavit</span> <span class='ocrx_word' id='word_1_193' title='bbox 962 2618 1174 2659; x_wconf 87' lang='lat' dir='ltr'>manus</span> <span class='ocrx_word' id='word_1_194' title='bbox 1213 2618 1406 2657; x_wconf 90' lang='lat' dir='ltr'>coram</span> <span class='ocrx_word' id='word_1_195' title='bbox 1467 2602 1705 2675; x_wconf 90' lang='lat' dir='ltr'>populo,</span> <span class='ocrx_word' id='word_1_196' title='bbox 1736 2603 1937 2659; x_wconf 86' lang='lat' dir='ltr'>dicens</span> <span class='ocrx_word' id='word_1_197' title='bbox 1990 2620 2003 2659; x_wconf 89' lang='lat'><strong>:</strong></span> <span class='ocrx_word' id='word_1_198' title='bbox 2064 2604 2241 2660; x_wconf 88' lang='lat' dir='ltr'>Inno-</span> 
     </span>
    </p>
   </div>
   <div class='ocr_carea' id='block_1_28' title="bbox 592 2676 2241 2765">
    <p class='ocr_par' dir='ltr' id='par_1_28' title="bbox 592 2676 2241 2765">
     <span class='ocr_line' id='line_1_28' title="bbox 592 2676 2241 2765; baseline -0.001 -15"><span class='ocrx_word' id='word_1_199' title='bbox 592 2676 732 2759; x_wconf 31' lang='lat' dir='ltr'>cen‘s</span> <span class='ocrx_word' id='word_1_200' title='bbox 758 2706 867 2765; x_wconf 90' lang='lat' dir='ltr'>ego</span> <span class='ocrx_word' id='word_1_201' title='bbox 915 2708 1048 2749; x_wconf 89' lang='lat' dir='ltr'>sum</span> <span class='ocrx_word' id='word_1_202' title='bbox 1081 2708 1114 2757; x_wconf 80' lang='lat' dir='ltr'>a</span> <span class='ocrx_word' id='word_1_203' title='bbox 1173 2691 1459 2764; x_wconf 85' lang='lat' dir='ltr'>sanguine</span> <span class='ocrx_word' id='word_1_204' title='bbox 1503 2692 1650 2763; x_wconf 88' lang='lat' dir='ltr'>justi</span> <span class='ocrx_word' id='word_1_205' title='bbox 1686 2692 1865 2763; x_wconf 87' lang='lat' dir='ltr'>hujus</span> <span class='ocrx_word' id='word_1_206' title='bbox 1909 2711 1921 2749; x_wconf 91' lang='lat'><strong>:</strong></span> <span class='ocrx_word' id='word_1_207' title='bbox 1953 2710 2053 2748; x_wconf 88' lang='lat' dir='ltr'>vos</span> <span class='ocrx_word' id='word_1_208' title='bbox 2083 2694 2241 2749; x_wconf 87' lang='lat' dir='ltr'>vide-</span> 
     </span>
    </p>
   </div>
   <div class='ocr_carea' id='block_1_29' title="bbox 592 2779 2245 2854">
    <p class='ocr_par' dir='ltr' id='par_1_29' title="bbox 592 2779 2245 2854">
     <span class='ocr_line' id='line_1_29' title="bbox 592 2779 2245 2854; baseline -0.001 -17"><span class='ocrx_word' id='word_1_209' title='bbox 592 2780 741 2845; x_wconf 81' lang='lat' dir='ltr'>ritis.</span> <span class='ocrx_word' id='word_1_210' title='bbox 775 2801 804 2831; x_wconf 83' lang='lat'><strong>»</strong></span> <span class='ocrx_word' id='word_1_211' title='bbox 839 2779 1055 2836; x_wconf 85' lang='lat' dir='ltr'>Pilatus</span> <span class='ocrx_word' id='word_1_212' title='bbox 1085 2780 1308 2853; x_wconf 86' lang='lat' dir='ltr'>accepit</span> <span class='ocrx_word' id='word_1_213' title='bbox 1337 2797 1552 2853; x_wconf 87' lang='lat' dir='ltr'>aquam</span> <span class='ocrx_word' id='word_1_214' title='bbox 1577 2782 1748 2852; x_wconf 81' lang='lat' dir='ltr'>juxta</span> <span class='ocrx_word' id='word_1_215' title='bbox 1776 2780 1920 2837; x_wconf 90' lang='lat' dir='ltr'>illud</span> <span class='ocrx_word' id='word_1_216' title='bbox 1953 2780 2245 2854; x_wconf 91' lang='lat' dir='ltr'>propheti-</span> 
     </span>
    </p>
   </div>
   <div class='ocr_carea' id='block_1_30' title="bbox 592 2870 2242 2941">
    <p class='ocr_par' dir='ltr' id='par_1_30' title="bbox 592 2870 2242 2941">
     <span class='ocr_line' id='line_1_30' title="bbox 592 2870 2242 2941; baseline -0.002 -12"><span class='ocrx_word' id='word_1_217' title='bbox 592 2886 727 2935; x_wconf 77' lang='lat' dir='ltr'>sum</span> <span class='ocrx_word' id='word_1_218' title='bbox 762 2887 775 2927; x_wconf 90' lang='lat'><strong>:</strong></span> <span class='ocrx_word' id='word_1_219' title='bbox 812 2870 1033 2937; x_wconf 63' lang='lat' dir='ltr'>Lancea,</span> <span class='ocrx_word' id='word_1_220' title='bbox 1060 2871 1205 2926; x_wconf 84' lang='lat' dir='ltr'>inter</span> <span class='ocrx_word' id='word_1_221' title='bbox 1234 2871 1549 2926; x_wconf 77' lang='lat' dir='ltr'>innocentes</span> <span class='ocrx_word' id='word_1_222' title='bbox 1601 2887 1805 2927; x_wconf 84' lang='lat' dir='ltr'>manus</span> <span class='ocrx_word' id='word_1_223' title='bbox 1860 2888 2015 2927; x_wconf 88' lang='lat' dir='ltr'>meas</span> <span class='ocrx_word' id='word_1_224' title='bbox 2071 2872 2242 2941; x_wconf 81' lang='lat' dir='ltr'>(Psal.</span> 
     </span>
    </p>
   </div>
   <div class='ocr_carea' id='block_1_31' title="bbox 592 2957 2246 3033">
    <p class='ocr_par' dir='ltr' id='par_1_31' title="bbox 592 2957 2246 3033">
     <span class='ocr_line' id='line_1_31' title="bbox 592 2957 2246 3033; baseline 0.001 -19"><span class='ocrx_word' id='word_1_225' title='bbox 592 2958 808 3033; x_wconf 57' lang='lat' dir='ltr'>xxv,6)</span> <span class='ocrx_word' id='word_1_226' title='bbox 855 2976 870 3026; x_wconf 88' lang='lat'><strong>;</strong></span> <span class='ocrx_word' id='word_1_227' title='bbox 931 2963 998 3015; x_wconf 88' lang='lat' dir='ltr'>ut</span> <span class='ocrx_word' id='word_1_228' title='bbox 1050 2958 1108 3014; x_wconf 87' lang='lat' dir='ltr'>in</span> <span class='ocrx_word' id='word_1_229' title='bbox 1162 2957 1391 3025; x_wconf 84' lang='lat' dir='ltr'>lavacro</span> <span class='ocrx_word' id='word_1_230' title='bbox 1432 2976 1719 3015; x_wconf 89' lang='lat' dir='ltr'>manuum</span> <span class='ocrx_word' id='word_1_231' title='bbox 1748 2960 1878 3030; x_wconf 87' lang='lat' dir='ltr'>ejus</span> <span class='ocrx_word' id='word_1_232' title='bbox 1937 2960 2246 3031; x_wconf 85' lang='lat' dir='ltr'>gentilium</span> 
     </span>
    </p>
   </div>
   <div class='ocr_carea' id='block_1_32' title="bbox 595 3046 2248 3119">
    <p class='ocr_par' dir='ltr' id='par_1_32' title="bbox 595 3046 2248 3119">
     <span class='ocr_line' id='line_1_32' title="bbox 595 3046 2248 3119; baseline 0 -16"><span class='ocrx_word' id='word_1_233' title='bbox 595 3062 773 3119; x_wconf 88' lang='lat' dir='ltr'>opera</span> <span class='ocrx_word' id='word_1_234' title='bbox 800 3050 1211 3119; x_wconf 84' lang='lat' dir='ltr'>purgarentur,</span> <span class='ocrx_word' id='word_1_235' title='bbox 1234 3050 1292 3103; x_wconf 88' lang='lat' dir='ltr'>et</span> <span class='ocrx_word' id='word_1_236' title='bbox 1321 3047 1394 3102; x_wconf 88' lang='lat' dir='ltr'>ab</span> <span class='ocrx_word' id='word_1_237' title='bbox 1421 3046 1719 3119; x_wconf 87' lang='lat' dir='ltr'>impietate</span> <span class='ocrx_word' id='word_1_238' title='bbox 1748 3048 2109 3115; x_wconf 71' lang='lat' dir='ltr'>Judaeorum,</span> <span class='ocrx_word' id='word_1_239' title='bbox 2147 3049 2248 3119; x_wconf 89' lang='lat' dir='ltr'>qui</span> 
     </span>
    </p>
   </div>
   <div class='ocr_carea' id='block_1_33' title="bbox 596 3133 2245 3209">
    <p class='ocr_par' dir='ltr' id='par_1_33' title="bbox 596 3133 2245 3209">
     <span class='ocr_line' id='line_1_33' title="bbox 596 3133 2245 3209; baseline -0.003 -12"><span class='ocrx_word' id='word_1_240' title='bbox 596 3133 1017 3205; x_wconf 77' lang='lat' dir='ltr'>clamaveruut,</span> <span class='ocrx_word' id='word_1_241' title='bbox 1078 3134 1353 3209; x_wconf 80' lang='lat' dir='ltr'>Cruci/iga</span> <span class='ocrx_word' id='word_1_242' title='bbox 1400 3152 1544 3205; x_wconf 86' lang='lat' dir='ltr'>eum,</span> <span class='ocrx_word' id='word_1_243' title='bbox 1579 3153 1686 3192; x_wconf 91' lang='lat' dir='ltr'>nos</span> <span class='ocrx_word' id='word_1_244' title='bbox 1735 3136 1955 3193; x_wconf 88' lang='lat' dir='ltr'>alienos</span> <span class='ocrx_word' id='word_1_245' title='bbox 2013 3139 2245 3203; x_wconf 82' lang='lat' dir='ltr'>faceret,</span> 
     </span>
    </p>
   </div>
   <div class='ocr_carea' id='block_1_34' title="bbox 596 3223 2250 3299">
    <p class='ocr_par' dir='ltr' id='par_1_34' title="bbox 596 3223 2250 3299">
     <span class='ocr_line' id='line_1_34' title="bbox 596 3223 2250 3299; baseline 0.001 -18"><span class='ocrx_word' id='word_1_246' title='bbox 596 3224 1032 3298; x_wconf 84' lang='lat' dir='ltr'>quodammodo</span> <span class='ocrx_word' id='word_1_247' title='bbox 1063 3223 1173 3280; x_wconf 93' lang='lat' dir='ltr'>hoc</span> <span class='ocrx_word' id='word_1_248' title='bbox 1205 3230 1562 3295; x_wconf 90' lang='lat' dir='ltr'>contestans,</span> <span class='ocrx_word' id='word_1_249' title='bbox 1594 3230 1651 3283; x_wconf 92' lang='lat' dir='ltr'>et</span> <span class='ocrx_word' id='word_1_250' title='bbox 1681 3226 1883 3282; x_wconf 85' lang='lat' dir='ltr'>dicens</span> <span class='ocrx_word' id='word_1_251' title='bbox 1917 3242 1929 3282; x_wconf 89' lang='lat'><strong>:</strong></span> <span class='ocrx_word' id='word_1_252' title='bbox 1966 3227 2083 3299; x_wconf 84' lang='lat' dir='ltr'>Ego</span> <span class='ocrx_word' id='word_1_253' title='bbox 2115 3227 2250 3298; x_wconf 90' lang='lat' dir='ltr'>qui-</span> 
     </span>
    </p>
   </div>
   <div class='ocr_carea' id='block_1_35' title="bbox 2338 600 3982 677">
    <p class='ocr_par' dir='ltr' id='par_1_35' title="bbox 2338 600 3982 677">
     <span class='ocr_line' id='line_1_35' title="bbox 2338 600 3982 677; baseline -0.004 -14"><span class='ocrx_word' id='word_1_254' title='bbox 2338 607 2548 670; x_wconf 77' lang='lat' dir='ltr'>turhis,</span> <span class='ocrx_word' id='word_1_255' title='bbox 2581 604 2680 677; x_wconf 91' lang='lat' dir='ltr'>qui</span> <span class='ocrx_word' id='word_1_256' title='bbox 2713 602 3162 658; x_wconf 88' lang='lat' dir='ltr'>homicidiorum</span> <span class='ocrx_word' id='word_1_257' title='bbox 3196 605 3397 657; x_wconf 91' lang='lat' dir='ltr'>auctor</span> <span class='ocrx_word' id='word_1_258' title='bbox 3427 600 3864 670; x_wconf 89' lang='lat' dir='ltr'>erat,dimissus</span> <span class='ocrx_word' id='word_1_259' title='bbox 3893 606 3982 657; x_wconf 88' lang='lat' dir='ltr'>est</span> 
     </span>
    </p>
   </div>
   <div class='ocr_carea' id='block_1_36' title="bbox 2339 688 3985 769">
    <p class='ocr_par' dir='ltr' id='par_1_36' title="bbox 2339 688 3985 769">
     <span class='ocr_line' id='line_1_36' title="bbox 2339 688 3985 769; baseline -0.002 -18"><span class='ocrx_word' id='word_1_260' title='bbox 2339 697 2551 769; x_wconf 87' lang='lat' dir='ltr'>pepulo</span> <span class='ocrx_word' id='word_1_261' title='bbox 2606 695 2971 759; x_wconf 76' lang='lat' dir='ltr'>Judoeoruxn,</span> <span class='ocrx_word' id='word_1_262' title='bbox 3030 690 3086 745; x_wconf 91' lang='lat' dir='ltr'>id</span> <span class='ocrx_word' id='word_1_263' title='bbox 3146 695 3253 756; x_wconf 90' lang='lat' dir='ltr'>est,</span> <span class='ocrx_word' id='word_1_264' title='bbox 3315 688 3605 760; x_wconf 87' lang='lat' dir='ltr'>diabolus,</span> <span class='ocrx_word' id='word_1_265' title='bbox 3638 690 3736 763; x_wconf 89' lang='lat' dir='ltr'>qui</span> <span class='ocrx_word' id='word_1_266' title='bbox 3796 709 3985 765; x_wconf 87' lang='lat' dir='ltr'>usque</span> 
     </span>
    </p>
   </div>
   <div class='ocr_carea' id='block_1_37' title="bbox 2338 779 3985 855">
    <p class='ocr_par' dir='ltr' id='par_1_37' title="bbox 2338 779 3985 855">
     <span class='ocr_line' id='line_1_37' title="bbox 2338 779 3985 855; baseline -0.002 -14"><span class='ocrx_word' id='word_1_267' title='bbox 2338 785 2509 841; x_wconf 89' lang='lat' dir='ltr'>hodie</span> <span class='ocrx_word' id='word_1_268' title='bbox 2542 788 2743 855; x_wconf 84' lang='lat' dir='ltr'>regnat</span> <span class='ocrx_word' id='word_1_269' title='bbox 2772 782 2831 836; x_wconf 92' lang='lat' dir='ltr'>in</span> <span class='ocrx_word' id='word_1_270' title='bbox 2864 782 2967 845; x_wconf 78' lang='lat' dir='ltr'>eis,</span> <span class='ocrx_word' id='word_1_271' title='bbox 3002 785 3058 836; x_wconf 90' lang='lat' dir='ltr'>et</span> <span class='ocrx_word' id='word_1_272' title='bbox 3105 779 3320 835; x_wconf 90' lang='lat' dir='ltr'>idcirco</span> <span class='ocrx_word' id='word_1_273' title='bbox 3378 797 3579 852; x_wconf 85' lang='lat' dir='ltr'>pacem</span> <span class='ocrx_word' id='word_1_274' title='bbox 3621 781 3835 837; x_wconf 89' lang='lat' dir='ltr'>habere</span> <span class='ocrx_word' id='word_1_275' title='bbox 3868 800 3985 837; x_wconf 91' lang='lat' dir='ltr'>non</span> 
     </span>
    </p>
   </div>
   <div class='ocr_carea' id='block_1_38' title="bbox 2339 869 3982 949">
    <p class='ocr_par' dir='ltr' id='par_1_38' title="bbox 2339 869 3982 949">
     <span class='ocr_line' id='line_1_38' title="bbox 2339 869 3982 949; baseline -0.004 -18"><span class='ocrx_word' id='word_1_276' title='bbox 2339 877 2606 949; x_wconf 82' lang='lat' dir='ltr'>possunt.</span> <span class='ocrx_word' id='word_1_277' title='bbox 2638 874 2806 928; x_wconf 85' lang='lat' dir='ltr'>Jesus</span> <span class='ocrx_word' id='word_1_278' title='bbox 2838 874 3031 927; x_wconf 85' lang='lat' dir='ltr'>autem</span> <span class='ocrx_word' id='word_1_279' title='bbox 3068 887 3100 925; x_wconf 92' lang='lat' dir='ltr'>a</span> <span class='ocrx_word' id='word_1_280' title='bbox 3146 869 3361 924; x_wconf 65' lang='lat' dir='ltr'>Judzeis</span> <span class='ocrx_word' id='word_1_281' title='bbox 3422 870 3695 940; x_wconf 88' lang='lat' dir='ltr'>traditus,</span> <span class='ocrx_word' id='word_1_282' title='bbox 3730 870 3982 926; x_wconf 87' lang='lat' dir='ltr'>absolvi-</span> 
     </span>
    </p>
   </div>
   <div class='ocr_carea' id='block_1_39' title="bbox 2336 958 3987 1032">
    <p class='ocr_par' dir='ltr' id='par_1_39' title="bbox 2336 958 3987 1032">
     <span class='ocr_line' id='line_1_39' title="bbox 2336 958 3987 1032; baseline -0.004 -12"><span class='ocrx_word' id='word_1_283' title='bbox 2336 969 2435 1020; x_wconf 86' lang='lat' dir='ltr'>tur</span> <span class='ocrx_word' id='word_1_284' title='bbox 2464 964 2535 1019; x_wconf 91' lang='lat' dir='ltr'>ab</span> <span class='ocrx_word' id='word_1_285' title='bbox 2566 978 2742 1017; x_wconf 88' lang='lat' dir='ltr'>uxore</span> <span class='ocrx_word' id='word_1_286' title='bbox 2774 959 2965 1025; x_wconf 85' lang='lat' dir='ltr'>Pilati,</span> <span class='ocrx_word' id='word_1_287' title='bbox 2998 964 3053 1015; x_wconf 88' lang='lat' dir='ltr'>et</span> <span class='ocrx_word' id='word_1_288' title='bbox 3110 959 3181 1014; x_wconf 90' lang='lat' dir='ltr'>ab</span> <span class='ocrx_word' id='word_1_289' title='bbox 3214 958 3340 1031; x_wconf 90' lang='lat' dir='ltr'>ipso</span> <span class='ocrx_word' id='word_1_290' title='bbox 3373 960 3616 1031; x_wconf 83' lang='lat' dir='ltr'>praeside</span> <span class='ocrx_word' id='word_1_291' title='bbox 3653 959 3854 1030; x_wconf 91' lang='lat' dir='ltr'>justus</span> <span class='ocrx_word' id='word_1_292' title='bbox 3885 977 3987 1032; x_wconf 88' lang='lat' dir='ltr'>ap-</span> 
     </span>
    </p>
   </div>
   <div class='ocr_carea' id='block_1_40' title="bbox 2340 1048 3987 1127">
    <p class='ocr_par' dir='ltr' id='par_1_40' title="bbox 2340 1048 3987 1127">
     <span class='ocr_line' id='line_1_40' title="bbox 2340 1048 3987 1127; baseline -0.004 -18"><span class='ocrx_word' id='word_1_293' title='bbox 2340 1052 2612 1127; x_wconf 89' lang='lat' dir='ltr'>pellatur.</span> <span class='ocrx_word' id='word_1_294' title='bbox 2679 1052 2747 1106; x_wconf 89' lang='lat' dir='ltr'>Et</span> <span class='ocrx_word' id='word_1_295' title='bbox 2817 1049 3078 1105; x_wconf 89' lang='lat' dir='ltr'>centurio</span> <span class='ocrx_word' id='word_1_296' title='bbox 3128 1048 3437 1104; x_wconf 81' lang='lat' dir='ltr'>conﬁtetur</span> <span class='ocrx_word' id='word_1_297' title='bbox 3482 1050 3637 1121; x_wconf 91' lang='lat' dir='ltr'>quod</span> <span class='ocrx_word' id='word_1_298' title='bbox 3689 1065 3819 1105; x_wconf 85' lang='lat' dir='ltr'>vere</span> <span class='ocrx_word' id='word_1_299' title='bbox 3884 1048 3987 1104; x_wconf 90' lang='lat' dir='ltr'>Dei</span> 
     </span>
    </p>
   </div>
   <div class='ocr_carea' id='block_1_41' title="bbox 2341 1137 3991 1210">
    <p class='ocr_par' dir='ltr' id='par_1_41' title="bbox 2341 1137 3991 1210">
     <span class='ocr_line' id='line_1_41' title="bbox 2341 1137 3991 1210; baseline -0.003 -12"><span class='ocrx_word' id='word_1_300' title='bbox 2341 1142 2525 1199; x_wconf 87' lang='lat' dir='ltr'>Filius</span> <span class='ocrx_word' id='word_1_301' title='bbox 2570 1140 2669 1197; x_wconf 87' lang='lat' dir='ltr'>sit.</span> <span class='ocrx_word' id='word_1_302' title='bbox 2712 1140 2941 1206; x_wconf 64' lang='lat' dir='ltr'>Quaerat</span> <span class='ocrx_word' id='word_1_303' title='bbox 2988 1137 3253 1195; x_wconf 91' lang='lat' dir='ltr'>eruditus</span> <span class='ocrx_word' id='word_1_304' title='bbox 3297 1137 3497 1206; x_wconf 86' lang='lat' dir='ltr'>lector,</span> <span class='ocrx_word' id='word_1_305' title='bbox 3548 1140 3842 1210; x_wconf 88' lang='lat' dir='ltr'>quomodo</span> <span class='ocrx_word' id='word_1_306' title='bbox 3876 1138 3991 1193; x_wconf 87' lang='lat' dir='ltr'>sibi</span> 
     </span>
    </p>
   </div>
   <div class='ocr_carea' id='block_1_42' title="bbox 2341 1228 3987 1299">
    <p class='ocr_par' dir='ltr' id='par_1_42' title="bbox 2341 1228 3987 1299">
     <span class='ocr_line' id='line_1_42' title="bbox 2341 1228 3987 1299; baseline -0.002 -12"><span class='ocrx_word' id='word_1_307' title='bbox 2341 1230 2645 1288; x_wconf 85' lang='lat' dir='ltr'>conveniat</span> <span class='ocrx_word' id='word_1_308' title='bbox 2673 1228 2919 1284; x_wconf 87' lang='lat' dir='ltr'>Pilatum</span> <span class='ocrx_word' id='word_1_309' title='bbox 2950 1228 3161 1283; x_wconf 82' lang='lat' dir='ltr'>lavisse</span> <span class='ocrx_word' id='word_1_310' title='bbox 3193 1245 3405 1283; x_wconf 89' lang='lat' dir='ltr'>manus</span> <span class='ocrx_word' id='word_1_311' title='bbox 3439 1246 3597 1299; x_wconf 89' lang='lat' dir='ltr'>suas,</span> <span class='ocrx_word' id='word_1_312' title='bbox 3632 1232 3689 1283; x_wconf 89' lang='lat' dir='ltr'>et</span> <span class='ocrx_word' id='word_1_313' title='bbox 3718 1229 3937 1287; x_wconf 84' lang='lat' dir='ltr'>dixisse</span> <span class='ocrx_word' id='word_1_314' title='bbox 3972 1246 3987 1283; x_wconf 88' lang='lat'><strong>:</strong></span> 
     </span>
    </p>
   </div>
   <div class='ocr_carea' id='block_1_43' title="bbox 2341 1318 3992 1391">
    <p class='ocr_par' dir='ltr' id='par_1_43' title="bbox 2341 1318 3992 1391">
     <span class='ocr_line' id='line_1_43' title="bbox 2341 1318 3992 1391; baseline -0.002 -14"><span class='ocrx_word' id='word_1_315' title='bbox 2341 1323 2607 1377; x_wconf 85' lang='lat' dir='ltr'>Innocens</span> <span class='ocrx_word' id='word_1_316' title='bbox 2639 1336 2731 1391; x_wconf 85' lang='lat' dir='ltr'>ego</span> <span class='ocrx_word' id='word_1_317' title='bbox 2760 1336 2879 1373; x_wconf 81' lang='lat' dir='ltr'>sum</span> <span class='ocrx_word' id='word_1_318' title='bbox 2912 1336 2943 1372; x_wconf 79' lang='lat' dir='ltr'>a.</span> <span class='ocrx_word' id='word_1_319' title='bbox 2974 1334 3243 1387; x_wconf 79' lang='lat' dir='ltr'>sanguine</span> <span class='ocrx_word' id='word_1_320' title='bbox 3264 1320 3406 1389; x_wconf 83' lang='lat' dir='ltr'>justi</span> <span class='ocrx_word' id='word_1_321' title='bbox 3435 1318 3615 1386; x_wconf 70' lang='lat' dir='ltr'>huius,</span> <span class='ocrx_word' id='word_1_322' title='bbox 3675 1321 3732 1373; x_wconf 83' lang='lat' dir='ltr'>et</span> <span class='ocrx_word' id='word_1_323' title='bbox 3789 1323 3992 1390; x_wconf 84' lang='lat' dir='ltr'>postea</span> 
     </span>
    </p>
   </div>
   <div class='ocr_carea' id='block_1_44' title="bbox 2344 1408 3994 1481">
    <p class='ocr_par' dir='ltr' id='par_1_44' title="bbox 2344 1408 3994 1481">
     <span class='ocr_line' id='line_1_44' title="bbox 2344 1408 3994 1481; baseline -0.002 -16"><span class='ocrx_word' id='word_1_324' title='bbox 2344 1410 2700 1481; x_wconf 81' lang='lat' dir='ltr'>ﬂagellatam</span> <span class='ocrx_word' id='word_1_325' title='bbox 2764 1408 3075 1463; x_wconf 81' lang='lat' dir='ltr'>tradidisse</span> <span class='ocrx_word' id='word_1_326' title='bbox 3116 1408 3319 1463; x_wconf 86' lang='lat' dir='ltr'>Jesum</span> <span class='ocrx_word' id='word_1_327' title='bbox 3379 1413 3443 1463; x_wconf 88' lang='lat' dir='ltr'>ut</span> <span class='ocrx_word' id='word_1_328' title='bbox 3500 1408 3994 1481; x_wconf 82' lang='lat' dir='ltr'>cruciﬁgeretur?</span> 
     </span>
    </p>
   </div>
   <div class='ocr_carea' id='block_1_45' title="bbox 2345 1495 3990 1569">
    <p class='ocr_par' dir='ltr' id='par_1_45' title="bbox 2345 1495 3990 1569">
     <span class='ocr_line' id='line_1_45' title="bbox 2345 1495 3990 1569; baseline -0.003 -14"><span class='ocrx_word' id='word_1_329' title='bbox 2345 1500 2456 1555; x_wconf 89' lang='lat' dir='ltr'>Sed</span> <span class='ocrx_word' id='word_1_330' title='bbox 2518 1497 2817 1553; x_wconf 90' lang='lat' dir='ltr'>sciendum</span> <span class='ocrx_word' id='word_1_331' title='bbox 2876 1502 2965 1551; x_wconf 89' lang='lat' dir='ltr'>est</span> <span class='ocrx_word' id='word_1_332' title='bbox 3022 1497 3300 1552; x_wconf 83' lang='lat' dir='ltr'>Romanis</span> <span class='ocrx_word' id='word_1_333' title='bbox 3358 1514 3490 1553; x_wconf 91' lang='lat' dir='ltr'>eum</span> <span class='ocrx_word' id='word_1_334' title='bbox 3549 1496 3776 1569; x_wconf 75' lang='lat' dir='ltr'>legibus</span> <span class='ocrx_word' id='word_1_335' title='bbox 3814 1495 3990 1553; x_wconf 89' lang='lat' dir='ltr'>mini-</span> 
     </span>
    </p>
   </div>
   <div class='ocr_carea' id='block_1_46' title="bbox 2345 1585 3990 1660">
    <p class='ocr_par' dir='ltr' id='par_1_46' title="bbox 2345 1585 3990 1660">
     <span class='ocr_line' id='line_1_46' title="bbox 2345 1585 3990 1660; baseline -0.001 -17"><span class='ocrx_word' id='word_1_336' title='bbox 2345 1593 2581 1649; x_wconf 85' lang='lat' dir='ltr'>strasse.</span> <span class='ocrx_word' id='word_1_337' title='bbox 2615 1587 2831 1658; x_wconf 88' lang='lat' dir='ltr'>quibus</span> <span class='ocrx_word' id='word_1_338' title='bbox 2863 1585 3150 1641; x_wconf 86' lang='lat' dir='ltr'>sancitum</span> <span class='ocrx_word' id='word_1_339' title='bbox 3198 1591 3305 1651; x_wconf 89' lang='lat' dir='ltr'>est,</span> <span class='ocrx_word' id='word_1_340' title='bbox 3365 1591 3429 1641; x_wconf 90' lang='lat' dir='ltr'>ut</span> <span class='ocrx_word' id='word_1_341' title='bbox 3485 1586 3582 1660; x_wconf 87' lang='lat' dir='ltr'>qui</span> <span class='ocrx_word' id='word_1_342' title='bbox 3627 1586 3990 1659; x_wconf 85' lang='lat' dir='ltr'>criciﬂgitur,</span> 
     </span>
    </p>
   </div>
   <div class='ocr_carea' id='block_1_47' title="bbox 2348 1675 3993 1749">
    <p class='ocr_par' dir='ltr' id='par_1_47' title="bbox 2348 1675 3993 1749">
     <span class='ocr_line' id='line_1_47' title="bbox 2348 1675 3993 1749; baseline 0 -18"><span class='ocrx_word' id='word_1_343' title='bbox 2348 1676 2510 1749; x_wconf 88' lang='lat' dir='ltr'>prius</span> <span class='ocrx_word' id='word_1_344' title='bbox 2543 1676 2788 1748; x_wconf 83' lang='lat' dir='ltr'>ﬂagellis</span> <span class='ocrx_word' id='word_1_345' title='bbox 2843 1676 3195 1730; x_wconf 86' lang='lat' dir='ltr'>verberetur.</span> <span class='ocrx_word' id='word_1_346' title='bbox 3229 1676 3505 1732; x_wconf 87' lang='lat' dir='ltr'>Traditus</span> <span class='ocrx_word' id='word_1_347' title='bbox 3554 1681 3642 1731; x_wconf 84' lang='lat' dir='ltr'>est</span> <span class='ocrx_word' id='word_1_348' title='bbox 3673 1677 3868 1748; x_wconf 86' lang='lat' dir='ltr'>itaque</span> <span class='ocrx_word' id='word_1_349' title='bbox 3896 1675 3993 1733; x_wconf 87' lang='lat' dir='ltr'>Je-</span> 
     </span>
    </p>
   </div>
   <div class='ocr_carea' id='block_1_48' title="bbox 2348 1765 3995 1837">
    <p class='ocr_par' dir='ltr' id='par_1_48' title="bbox 2348 1765 3995 1837">
     <span class='ocr_line' id='line_1_48' title="bbox 2348 1765 3995 1837; baseline -0.001 -14"><span class='ocrx_word' id='word_1_350' title='bbox 2348 1784 2449 1823; x_wconf 87' lang='lat' dir='ltr'>sus</span> <span class='ocrx_word' id='word_1_351' title='bbox 2482 1765 2765 1821; x_wconf 90' lang='lat' dir='ltr'>militibus</span> <span class='ocrx_word' id='word_1_352' title='bbox 2796 1767 3212 1837; x_wconf 85' lang='lat' dir='ltr'>verberandus,</span> <span class='ocrx_word' id='word_1_353' title='bbox 3262 1770 3318 1821; x_wconf 90' lang='lat' dir='ltr'>et</span> <span class='ocrx_word' id='word_1_354' title='bbox 3347 1765 3492 1821; x_wconf 89' lang='lat' dir='ltr'>illud</span> <span class='ocrx_word' id='word_1_355' title='bbox 3526 1766 3995 1823; x_wconf 87' lang='lat' dir='ltr'>sacratissimum</span> 
     </span>
    </p>
   </div>
   <div class='ocr_carea' id='block_1_49' title="bbox 2348 1854 3989 1928">
    <p class='ocr_par' dir='ltr' id='par_1_49' title="bbox 2348 1854 3989 1928">
     <span class='ocr_line' id='line_1_49' title="bbox 2348 1854 3989 1928; baseline 0.003 -18"><span class='ocrx_word' id='word_1_356' title='bbox 2348 1872 2579 1927; x_wconf 86' lang='lat' dir='ltr'>corpus,</span> <span class='ocrx_word' id='word_1_357' title='bbox 2618 1860 2935 1928; x_wconf 87' lang='lat' dir='ltr'>pectusque</span> <span class='ocrx_word' id='word_1_358' title='bbox 2986 1855 3081 1909; x_wconf 86' lang='lat' dir='ltr'>Dei</span> <span class='ocrx_word' id='word_1_359' title='bbox 3142 1870 3340 1926; x_wconf 84' lang='lat' dir='ltr'>capax.</span> <span class='ocrx_word' id='word_1_360' title='bbox 3403 1854 3632 1927; x_wconf 89' lang='lat' dir='ltr'>ﬂagella</span> <span class='ocrx_word' id='word_1_361' title='bbox 3660 1859 3989 1915; x_wconf 80' lang='lat' dir='ltr'>secuerunt.</span> 
     </span>
    </p>
   </div>
   <div class='ocr_carea' id='block_1_50' title="bbox 2344 1943 3994 2017">
    <p class='ocr_par' dir='ltr' id='par_1_50' title="bbox 2344 1943 3994 2017">
     <span class='ocr_line' id='line_1_50' title="bbox 2344 1943 3994 2017; baseline 0.001 -17"><span class='ocrx_word' id='word_1_362' title='bbox 2344 1944 2461 2000; x_wconf 91' lang='lat' dir='ltr'>Hoc</span> <span class='ocrx_word' id='word_1_363' title='bbox 2511 1948 2707 2000; x_wconf 90' lang='lat' dir='ltr'>autem</span> <span class='ocrx_word' id='word_1_364' title='bbox 2760 1946 2979 1999; x_wconf 81' lang='lat' dir='ltr'>factum</span> <span class='ocrx_word' id='word_1_365' title='bbox 3030 1950 3137 2014; x_wconf 89' lang='lat' dir='ltr'>est,</span> <span class='ocrx_word' id='word_1_366' title='bbox 3199 1949 3257 1998; x_wconf 94' lang='lat' dir='ltr'>ut</span> <span class='ocrx_word' id='word_1_367' title='bbox 3305 1943 3443 2016; x_wconf 90' lang='lat' dir='ltr'>quia</span> <span class='ocrx_word' id='word_1_368' title='bbox 3489 1944 3772 2017; x_wconf 89' lang='lat' dir='ltr'>scriptum</span> <span class='ocrx_word' id='word_1_369' title='bbox 3822 1948 3994 2001; x_wconf 89' lang='lat' dir='ltr'>erat:</span> 
     </span>
    </p>
   </div>
   <div class='ocr_carea' id='block_1_51' title="bbox 2345 2033 3998 2105">
    <p class='ocr_par' dir='ltr' id='par_1_51' title="bbox 2345 2033 3998 2105">
     <span class='ocr_line' id='line_1_51' title="bbox 2345 2033 3998 2105; baseline 0.001 -16"><span class='ocrx_word' id='word_1_370' title='bbox 2345 2034 2509 2089; x_wconf 85' lang='lat' dir='ltr'>Multa</span> <span class='ocrx_word' id='word_1_371' title='bbox 2540 2034 2759 2105; x_wconf 82' lang='lat' dir='ltr'>ﬂagella</span> <span class='ocrx_word' id='word_1_372' title='bbox 2785 2042 3129 2105; x_wconf 76' lang='lat' dir='ltr'>peccatorum</span> <span class='ocrx_word' id='word_1_373' title='bbox 3188 2034 3359 2105; x_wconf 84' lang='lat' dir='ltr'>(Psal.</span> <span class='ocrx_word' id='word_1_374' title='bbox 3419 2051 3558 2101; x_wconf 78' lang='lat' dir='ltr'>xxii,</span> <span class='ocrx_word' id='word_1_375' title='bbox 3617 2034 3726 2103; x_wconf 82' lang='grc'>10),</span> <span class='ocrx_word' id='word_1_376' title='bbox 3761 2033 3859 2089; x_wconf 91' lang='lat' dir='ltr'>illo</span> <span class='ocrx_word' id='word_1_377' title='bbox 3892 2033 3998 2090; x_wconf 87' lang='lat' dir='ltr'>ﬂa-</span> 
     </span>
    </p>
   </div>
   <div class='ocr_carea' id='block_1_52' title="bbox 2345 2122 3998 2197">
    <p class='ocr_par' dir='ltr' id='par_1_52' title="bbox 2345 2122 3998 2197">
     <span class='ocr_line' id='line_1_52' title="bbox 2345 2122 3998 2197; baseline -0.001 -19"><span class='ocrx_word' id='word_1_378' title='bbox 2345 2122 2578 2197; x_wconf 87' lang='lat' dir='ltr'>gellato,</span> <span class='ocrx_word' id='word_1_379' title='bbox 2642 2140 2747 2178; x_wconf 90' lang='lat' dir='ltr'>nos</span> <span class='ocrx_word' id='word_1_380' title='bbox 2808 2140 2841 2178; x_wconf 88' lang='lat' dir='ltr'>a</span> <span class='ocrx_word' id='word_1_381' title='bbox 2894 2122 3233 2178; x_wconf 89' lang='lat' dir='ltr'>verberibus</span> <span class='ocrx_word' id='word_1_382' title='bbox 3264 2122 3667 2191; x_wconf 90' lang='lat' dir='ltr'>liberaremur,</span> <span class='ocrx_word' id='word_1_383' title='bbox 3724 2124 3868 2181; x_wconf 68' lang='lat'>281</span> <span class='ocrx_word' id='word_1_384' title='bbox 3908 2123 3998 2177; x_wconf 91' lang='lat' dir='ltr'>di-</span> 
     </span>
    </p>
   </div>
   <div class='ocr_carea' id='block_1_53' title="bbox 2346 2212 3999 2285">
    <p class='ocr_par' dir='ltr' id='par_1_53' title="bbox 2346 2212 3999 2285">
     <span class='ocr_line' id='line_1_53' title="bbox 2346 2212 3999 2285; baseline -0.002 -16"><span class='ocrx_word' id='word_1_385' title='bbox 2346 2219 2508 2269; x_wconf 87' lang='lat' dir='ltr'>cente</span> <span class='ocrx_word' id='word_1_386' title='bbox 2541 2212 2840 2285; x_wconf 78' lang='lat' dir='ltr'>Scriptura</span> <span class='ocrx_word' id='word_1_387' title='bbox 2871 2213 2941 2267; x_wconf 90' lang='lat' dir='ltr'>ad</span> <span class='ocrx_word' id='word_1_388' title='bbox 2973 2212 3160 2267; x_wconf 87' lang='lat' dir='ltr'>virum</span> <span class='ocrx_word' id='word_1_389' title='bbox 3186 2214 3415 2283; x_wconf 86' lang='lat' dir='ltr'>justum</span> <span class='ocrx_word' id='word_1_390' title='bbox 3456 2216 3468 2248; x_wconf 88' lang='grc'>¹</span> <span class='ocrx_word' id='word_1_391' title='bbox 3508 2231 3521 2269; x_wconf 88' lang='lat'><strong>:</strong></span> <span class='ocrx_word' id='word_1_392' title='bbox 3557 2213 3861 2284; x_wconf 75' lang='lat' dir='ltr'>Flagellum</span> <span class='ocrx_word' id='word_1_393' title='bbox 3889 2230 3999 2269; x_wconf 87' lang='lat' dir='ltr'>non</span> 
     </span>
    </p>
   </div>
   <div class='ocr_carea' id='block_1_54' title="bbox 2347 2303 3784 2375">
    <p class='ocr_par' dir='ltr' id='par_1_54' title="bbox 2347 2303 3784 2375">
     <span class='ocr_line' id='line_1_54' title="bbox 2347 2303 3784 2375; baseline -0.003 -16"><span class='ocrx_word' id='word_1_394' title='bbox 2347 2304 2806 2375; x_wconf 80' lang='lat' dir='ltr'>appropinquabit</span> <span class='ocrx_word' id='word_1_395' title='bbox 2836 2303 3191 2358; x_wconf 80' lang='lat' dir='ltr'>tabernaculo</span> <span class='ocrx_word' id='word_1_396' title='bbox 3223 2307 3314 2357; x_wconf 87' lang='lat' dir='ltr'>tuo</span> <span class='ocrx_word' id='word_1_397' title='bbox 3346 2304 3515 2371; x_wconf 82' lang='lat' dir='ltr'>(Psal.</span> <span class='ocrx_word' id='word_1_398' title='bbox 3551 2320 3639 2373; x_wconf 81' lang='lat' dir='ltr'>xc,</span> <span class='ocrx_word' id='word_1_399' title='bbox 3678 2304 3784 2373; x_wconf 85' lang='grc'>10).</span> 
     </span>
    </p>
   </div>
   <div class='ocr_carea' id='block_1_55' title="bbox 2420 2390 4009 2465">
    <p class='ocr_par' dir='ltr' id='par_1_55' title="bbox 2420 2390 4009 2465">
     <span class='ocr_line' id='line_1_55' title="bbox 2420 2390 4009 2465; baseline 0.001 -21"><span class='ocrx_word' id='word_1_400' title='bbox 2420 2393 2602 2463; x_wconf 82' lang='lat' dir='ltr'>(Vcrs.</span> <span class='ocrx_word' id='word_1_401' title='bbox 2663 2394 2734 2445; x_wconf 80' lang='lat'>‘27</span> <span class='ocrx_word' id='word_1_402' title='bbox 2788 2392 2976 2463; x_wconf 84' lang='lat' dir='ltr'>seqq.)</span> <span class='ocrx_word' id='word_1_403' title='bbox 3011 2416 3037 2442; x_wconf 88' lang='grc'>‹‹</span> <span class='ocrx_word' id='word_1_404' title='bbox 3073 2394 3235 2448; x_wconf 82' lang='lat' dir='ltr'>&#39;I‘unc</span> <span class='ocrx_word' id='word_1_405' title='bbox 3277 2392 3492 2447; x_wconf 87' lang='lat' dir='ltr'>milites</span> <span class='ocrx_word' id='word_1_406' title='bbox 3524 2391 3788 2465; x_wconf 71' lang='lat' dir='ltr'>prresidis</span> <span class='ocrx_word' id='word_1_407' title='bbox 3818 2390 4009 2448; x_wconf 87' lang='lat' dir='ltr'>susci-</span> 
     </span>
    </p>
   </div>
   <div class='ocr_carea' id='block_1_56' title="bbox 2350 2480 4010 2554">
    <p class='ocr_par' dir='ltr' id='par_1_56' title="bbox 2350 2480 4010 2554">
     <span class='ocr_line' id='line_1_56' title="bbox 2350 2480 4010 2554; baseline -0.001 -19"><span class='ocrx_word' id='word_1_408' title='bbox 2350 2482 2573 2554; x_wconf 87' lang='lat' dir='ltr'>pientes</span> <span class='ocrx_word' id='word_1_409' title='bbox 2602 2485 2804 2537; x_wconf 88' lang='lat' dir='ltr'>Jesum</span> <span class='ocrx_word' id='word_1_410' title='bbox 2836 2482 2896 2536; x_wconf 90' lang='lat' dir='ltr'>in</span> <span class='ocrx_word' id='word_1_411' title='bbox 2960 2482 3224 2553; x_wconf 61' lang='lat' dir='ltr'>praetorio</span> <span class='ocrx_word' id='word_1_412' title='bbox 3281 2483 3320 2551; x_wconf 86' lang='grc'>²,</span> <span class='ocrx_word' id='word_1_413' title='bbox 3380 2484 3877 2554; x_wconf 84' lang='lat' dir='ltr'>eongregaverunt</span> <span class='ocrx_word' id='word_1_414' title='bbox 3932 2480 4010 2535; x_wconf 86' lang='lat' dir='ltr'>ad</span> 
     </span>
    </p>
   </div>
   <div class='ocr_carea' id='block_1_57' title="bbox 2351 2569 4015 2641">
    <p class='ocr_par' dir='ltr' id='par_1_57' title="bbox 2351 2569 4015 2641">
     <span class='ocr_line' id='line_1_57' title="bbox 2351 2569 4015 2641; baseline 0 -14"><span class='ocrx_word' id='word_1_415' title='bbox 2351 2589 2485 2628; x_wconf 89' lang='lat' dir='ltr'>eum</span> <span class='ocrx_word' id='word_1_416' title='bbox 2522 2571 2853 2637; x_wconf 86' lang='lat' dir='ltr'>universam</span> <span class='ocrx_word' id='word_1_417' title='bbox 2904 2572 3226 2638; x_wconf 88' lang='lat' dir='ltr'>cohortem,</span> <span class='ocrx_word' id='word_1_418' title='bbox 3259 2575 3315 2625; x_wconf 83' lang='lat' dir='ltr'>et</span> <span class='ocrx_word' id='word_1_419' title='bbox 3344 2576 3621 2626; x_wconf 86' lang='lat' dir='ltr'>exuentes</span> <span class='ocrx_word' id='word_1_420' title='bbox 3663 2587 3819 2641; x_wconf 88' lang='lat' dir='ltr'>eum,</span> <span class='ocrx_word' id='word_1_421' title='bbox 3851 2569 4015 2627; x_wconf 85' lang='lat' dir='ltr'>chla-</span> 
     </span>
    </p>
   </div>
   <div class='ocr_carea' id='block_1_58' title="bbox 2355 2659 4009 2734">
    <p class='ocr_par' dir='ltr' id='par_1_58' title="bbox 2355 2659 4009 2734">
     <span class='ocr_line' id='line_1_58' title="bbox 2355 2659 4009 2734; baseline -0.001 -18"><span class='ocrx_word' id='word_1_422' title='bbox 2355 2661 2585 2734; x_wconf 83' lang='lat' dir='ltr'>mydem</span> <span class='ocrx_word' id='word_1_423' title='bbox 2620 2661 2951 2715; x_wconf 78' lang='lat' dir='ltr'>coccineum</span> <span class='ocrx_word' id='word_1_424' title='bbox 3001 2660 3511 2715; x_wconf 88' lang='lat' dir='ltr'>circumdederunt</span> <span class='ocrx_word' id='word_1_425' title='bbox 3541 2660 3613 2715; x_wconf 90' lang='lat' dir='ltr'>ei.</span> <span class='ocrx_word' id='word_1_426' title='bbox 3650 2662 3716 2715; x_wconf 89' lang='lat' dir='ltr'>Et</span> <span class='ocrx_word' id='word_1_427' title='bbox 3745 2659 4009 2733; x_wconf 77' lang='lat' dir='ltr'>plecten-</span> 
     </span>
    </p>
   </div>
   <div class='ocr_carea' id='block_1_59' title="bbox 2354 2749 4012 2823">
    <p class='ocr_par' dir='ltr' id='par_1_59' title="bbox 2354 2749 4012 2823">
     <span class='ocr_line' id='line_1_59' title="bbox 2354 2749 4012 2823; baseline 0 -17"><span class='ocrx_word' id='word_1_428' title='bbox 2354 2756 2441 2806; x_wconf 88' lang='lat' dir='ltr'>tes</span> <span class='ocrx_word' id='word_1_429' title='bbox 2476 2767 2746 2805; x_wconf 88' lang='lat' dir='ltr'>coronam</span> <span class='ocrx_word' id='word_1_430' title='bbox 2774 2750 2843 2805; x_wconf 93' lang='lat' dir='ltr'>de</span> <span class='ocrx_word' id='word_1_431' title='bbox 2875 2749 3418 2822; x_wconf 85' lang='lat' dir='ltr'>spinis,posuerunt</span> <span class='ocrx_word' id='word_1_432' title='bbox 3445 2767 3623 2823; x_wconf 91' lang='lat' dir='ltr'>super</span> <span class='ocrx_word' id='word_1_433' title='bbox 3652 2754 3827 2822; x_wconf 91' lang='lat' dir='ltr'>caput</span> <span class='ocrx_word' id='word_1_434' title='bbox 3852 2750 4012 2820; x_wconf 84' lang='lat' dir='ltr'>ejus,</span> 
     </span>
    </p>
   </div>
   <div class='ocr_carea' id='block_1_60' title="bbox 2355 2838 4013 2913">
    <p class='ocr_par' dir='ltr' id='par_1_60' title="bbox 2355 2838 4013 2913">
     <span class='ocr_line' id='line_1_60' title="bbox 2355 2838 4013 2913; baseline -0.001 -17"><span class='ocrx_word' id='word_1_435' title='bbox 2355 2845 2411 2897; x_wconf 90' lang='lat' dir='ltr'>et</span> <span class='ocrx_word' id='word_1_436' title='bbox 2442 2840 2791 2896; x_wconf 88' lang='lat' dir='ltr'>arundinem</span> <span class='ocrx_word' id='word_1_437' title='bbox 2824 2838 2881 2894; x_wconf 92' lang='lat' dir='ltr'>in</span> <span class='ocrx_word' id='word_1_438' title='bbox 2917 2840 3150 2894; x_wconf 87' lang='lat' dir='ltr'>dextera</span> <span class='ocrx_word' id='word_1_439' title='bbox 3179 2840 3308 2909; x_wconf 91' lang='lat' dir='ltr'>ejus</span> <span class='ocrx_word' id='word_1_440' title='bbox 3343 2857 3355 2894; x_wconf 92' lang='lat'>:</span> <span class='ocrx_word' id='word_1_441' title='bbox 3390 2844 3448 2895; x_wconf 91' lang='lat' dir='ltr'>et</span> <span class='ocrx_word' id='word_1_442' title='bbox 3493 2856 3645 2913; x_wconf 88' lang='lat' dir='ltr'>genu</span> <span class='ocrx_word' id='word_1_443' title='bbox 3694 2840 3838 2896; x_wconf 84' lang='lat' dir='ltr'>ﬂexo</span> <span class='ocrx_word' id='word_1_444' title='bbox 3867 2844 4013 2895; x_wconf 88' lang='lat' dir='ltr'>ante</span> 
     </span>
    </p>
   </div>
   <div class='ocr_carea' id='block_1_61' title="bbox 2359 2927 4010 2999">
    <p class='ocr_par' dir='ltr' id='par_1_61' title="bbox 2359 2927 4010 2999">
     <span class='ocr_line' id='line_1_61' title="bbox 2359 2927 4010 2999; baseline 0 -14"><span class='ocrx_word' id='word_1_445' title='bbox 2359 2946 2517 2997; x_wconf 91' lang='lat' dir='ltr'>eum,</span> <span class='ocrx_word' id='word_1_446' title='bbox 2579 2928 2901 2984; x_wconf 85' lang='lat' dir='ltr'>illudebant</span> <span class='ocrx_word' id='word_1_447' title='bbox 2957 2929 3029 2995; x_wconf 89' lang='lat' dir='ltr'>ei,</span> <span class='ocrx_word' id='word_1_448' title='bbox 3093 2928 3398 2985; x_wconf 89' lang='lat' dir='ltr'>dicentes:</span> <span class='ocrx_word' id='word_1_449' title='bbox 3433 2934 3570 2999; x_wconf 86' lang='lat' dir='ltr'>Ave,</span> <span class='ocrx_word' id='word_1_450' title='bbox 3626 2945 3724 2985; x_wconf 87' lang='lat' dir='ltr'>rex</span> <span class='ocrx_word' id='word_1_451' title='bbox 3774 2927 4010 2985; x_wconf 64' lang='lat' dir='ltr'>Judmo-</span> 
     </span>
    </p>
   </div>
   <div class='ocr_carea' id='block_1_62' title="bbox 2359 3017 4015 3091">
    <p class='ocr_par' dir='ltr' id='par_1_62' title="bbox 2359 3017 4015 3091">
     <span class='ocr_line' id='line_1_62' title="bbox 2359 3017 4015 3091; baseline 0 -17"><span class='ocrx_word' id='word_1_452' title='bbox 2359 3036 2510 3075; x_wconf 90' lang='lat' dir='ltr'>rum.</span> <span class='ocrx_word' id='word_1_453' title='bbox 2548 3041 2574 3067; x_wconf 88' lang='grc'><strong>››</strong></span> <span class='ocrx_word' id='word_1_454' title='bbox 2606 3018 2814 3073; x_wconf 86' lang='lat' dir='ltr'>Milites</span> <span class='ocrx_word' id='word_1_455' title='bbox 2871 3018 3106 3091; x_wconf 89' lang='lat' dir='ltr'>quidem</span> <span class='ocrx_word' id='word_1_456' title='bbox 3148 3018 3285 3090; x_wconf 87' lang='lat' dir='ltr'>quia</span> <span class='ocrx_word' id='word_1_457' title='bbox 3341 3035 3439 3073; x_wconf 84' lang='lat' dir='ltr'>rex</span> <span class='ocrx_word' id='word_1_458' title='bbox 3493 3018 3830 3075; x_wconf 68' lang='lat' dir='ltr'>Judaaorum</span> <span class='ocrx_word' id='word_1_459' title='bbox 3890 3017 4015 3074; x_wconf 85' lang='lat' dir='ltr'>fue-</span> 
     </span>
    </p>
   </div>
   <div class='ocr_carea' id='block_1_63' title="bbox 2360 3107 4014 3180">
    <p class='ocr_par' dir='ltr' id='par_1_63' title="bbox 2360 3107 4014 3180">
     <span class='ocr_line' id='line_1_63' title="bbox 2360 3107 4014 3180; baseline 0 -18"><span class='ocrx_word' id='word_1_460' title='bbox 2360 3114 2448 3163; x_wconf 88' lang='lat' dir='ltr'>rat</span> <span class='ocrx_word' id='word_1_461' title='bbox 2516 3107 2861 3180; x_wconf 87' lang='lat' dir='ltr'>appellatus,</span> <span class='ocrx_word' id='word_1_462' title='bbox 2948 3115 3004 3162; x_wconf 89' lang='lat' dir='ltr'>et</span> <span class='ocrx_word' id='word_1_463' title='bbox 3082 3108 3191 3163; x_wconf 89' lang='lat' dir='ltr'>hoc</span> <span class='ocrx_word' id='word_1_464' title='bbox 3272 3108 3319 3165; x_wconf 88' lang='lat' dir='ltr'>ci</span> <span class='ocrx_word' id='word_1_465' title='bbox 3405 3108 3617 3175; x_wconf 74' lang='lat' dir='ltr'>Scribce</span> <span class='ocrx_word' id='word_1_466' title='bbox 3698 3112 3755 3162; x_wconf 89' lang='lat' dir='ltr'>et</span> <span class='ocrx_word' id='word_1_467' title='bbox 3821 3124 4014 3163; x_wconf 84' lang='lat' dir='ltr'>sacer-</span> 
     </span>
    </p>
   </div>
   <div class='ocr_carea' id='block_1_64' title="bbox 2361 3196 4018 3270">
    <p class='ocr_par' dir='ltr' id='par_1_64' title="bbox 2361 3196 4018 3270">
     <span class='ocr_line' id='line_1_64' title="bbox 2361 3196 4018 3270; baseline 0.001 -19"><span class='ocrx_word' id='word_1_468' title='bbox 2361 3196 2524 3251; x_wconf 89' lang='lat' dir='ltr'>dotes</span> <span class='ocrx_word' id='word_1_469' title='bbox 2593 3196 2813 3251; x_wconf 90' lang='lat' dir='ltr'>crimen</span> <span class='ocrx_word' id='word_1_470' title='bbox 2881 3198 3234 3269; x_wconf 87' lang='lat' dir='ltr'>objeeerant,</span> <span class='ocrx_word' id='word_1_471' title='bbox 3304 3197 3459 3269; x_wconf 89' lang='lat' dir='ltr'>quod</span> <span class='ocrx_word' id='word_1_472' title='bbox 3529 3196 3639 3253; x_wconf 88' lang='lat' dir='ltr'>sibi</span> <span class='ocrx_word' id='word_1_473' title='bbox 3693 3197 3752 3252; x_wconf 90' lang='lat' dir='ltr'>in</span> <span class='ocrx_word' id='word_1_474' title='bbox 3794 3196 4018 3270; x_wconf 90' lang='lat' dir='ltr'>populo</span> 
     </span>
    </p>
   </div>
   <div class='ocr_carea' id='block_1_65' title="bbox 598 3271 4016 3389">
    <p class='ocr_par' dir='ltr' id='par_1_65' title="bbox 598 3271 4016 3389">
     <span class='ocr_line' id='line_1_65' title="bbox 598 3271 4016 3389; baseline -0.001 -14"><span class='ocrx_word' id='word_1_475' title='bbox 598 3271 1661 3389; x_wconf 49' lang='lat' dir='ltr'>asangm}:animus;</span> <span class='ocrx_word' id='word_1_476' title='bbox 1683 3271 2247 3388; x_wconf 59' lang='grc' dir='ltr'>ξξςῖῑίυέηςῑξῑηῑῐιί.</span> <span class='ocrx_word' id='word_1_477' title='bbox 2282 3271 2325 3338; x_wconf 75' lang='grc' dir='ltr'>α</span> <span class='ocrx_word' id='word_1_478' title='bbox 2367 3286 2535 3341; x_wconf 55' lang='lat' dir='ltr'>Israel</span> <span class='ocrx_word' id='word_1_479' title='bbox 2558 3290 2884 3389; x_wconf 59' lang='grc' dir='ltr'>,υευτρειτρε</span> <span class='ocrx_word' id='word_1_480' title='bbox 2913 3286 3251 3389; x_wconf 45' lang='lat' dir='ltr'>imperius.</span> <span class='ocrx_word' id='word_1_481' title='bbox 3283 3286 3597 3389; x_wconf 53' lang='grc' dir='ltr'>ίιιιθάεεηιαε</span> <span class='ocrx_word' id='word_1_482' title='bbox 3628 3286 3735 3389; x_wconf 55' lang='lat' dir='ltr'>hee</span> <span class='ocrx_word' id='word_1_483' title='bbox 3766 3286 4016 3389; x_wconf 56' lang='grc' dir='ltr'>τεείιδοι,</span> 
     </span>
    </p>
   </div>
   <div class='ocr_carea' id='block_1_66' title="bbox 596 3402 2257 3476">
    <p class='ocr_par' dir='ltr' id='par_1_66' title="bbox 596 3402 2257 3476">
     <span class='ocr_line' id='line_1_66' title="bbox 596 3402 2257 3476; baseline 0.001 -14"><span class='ocrx_word' id='word_1_484' title='bbox 596 3403 800 3476; x_wconf 80' lang='lat' dir='ltr'>etiam]</span> <span class='ocrx_word' id='word_1_485' title='bbox 833 3402 1038 3473; x_wconf 71' lang='lat' dir='ltr'>seditio</span> <span class='ocrx_word' id='word_1_486' title='bbox 1066 3404 1271 3475; x_wconf 90' lang='lat' dir='ltr'>oritur,</span> <span class='ocrx_word' id='word_1_487' title='bbox 1315 3409 1370 3461; x_wconf 90' lang='lat' dir='ltr'>et</span> <span class='ocrx_word' id='word_1_488' title='bbox 1408 3404 1829 3476; x_wconf 86' lang='lat' dir='ltr'>perduellionis</span> <span class='ocrx_word' id='word_1_489' title='bbox 1879 3405 2021 3461; x_wconf 88' lang='lat' dir='ltr'>mihi</span> <span class='ocrx_word' id='word_1_490' title='bbox 2056 3411 2257 3465; x_wconf 86' lang='lat' dir='ltr'>contra</span> 
     </span>
    </p>
   </div>
   <div class='ocr_carea' id='block_1_67' title="bbox 598 3492 2259 3567">
    <p class='ocr_par' dir='ltr' id='par_1_67' title="bbox 598 3492 2259 3567">
     <span class='ocr_line' id='line_1_67' title="bbox 598 3492 2259 3567; baseline 0.001 -18"><span class='ocrx_word' id='word_1_491' title='bbox 598 3497 879 3563; x_wconf 68' lang='lat' dir='ltr'>Caesarem</span> <span class='ocrx_word' id='word_1_492' title='bbox 912 3492 1130 3555; x_wconf 83' lang='lat' dir='ltr'>crimen</span> <span class='ocrx_word' id='word_1_493' title='bbox 1185 3493 1536 3567; x_wconf 75' lang='lat' dir='ltr'>impingitur</span> <span class='ocrx_word' id='word_1_494' title='bbox 1592 3511 1607 3548; x_wconf 88' lang='lat'><strong>:</strong></span> <span class='ocrx_word' id='word_1_495' title='bbox 1660 3496 1919 3551; x_wconf 81' lang='lat' dir='ltr'>Innocens</span> <span class='ocrx_word' id='word_1_496' title='bbox 1951 3512 2043 3567; x_wconf 86' lang='lat' dir='ltr'>ego</span> <span class='ocrx_word' id='word_1_497' title='bbox 2072 3512 2196 3551; x_wconf 80' lang='lat' dir='ltr'>sum</span> <span class='ocrx_word' id='word_1_498' title='bbox 2223 3512 2259 3551; x_wconf 82' lang='grc' dir='ltr'><em>α</em></span> 
     </span>
    </p>
   </div>
   <div class='ocr_carea' id='block_1_68' title="bbox 598 3583 2256 3656">
    <p class='ocr_par' dir='ltr' id='par_1_68' title="bbox 598 3583 2256 3656">
     <span class='ocr_line' id='line_1_68' title="bbox 598 3583 2256 3656; baseline 0.001 -16"><span class='ocrx_word' id='word_1_499' title='bbox 598 3585 872 3656; x_wconf 77' lang='lat' dir='ltr'>sanguine</span> <span class='ocrx_word' id='word_1_500' title='bbox 887 3584 1035 3655; x_wconf 74' lang='lat' dir='ltr'>justi</span> <span class='ocrx_word' id='word_1_501' title='bbox 1066 3583 1442 3655; x_wconf 80' lang='lat' dir='ltr'>huju_s.Judex</span> <span class='ocrx_word' id='word_1_502' title='bbox 1475 3584 1573 3655; x_wconf 89' lang='lat' dir='ltr'>qui</span> <span class='ocrx_word' id='word_1_503' title='bbox 1605 3584 1834 3656; x_wconf 88' lang='lat' dir='ltr'>cogitur</span> <span class='ocrx_word' id='word_1_504' title='bbox 1863 3592 2069 3641; x_wconf 90' lang='lat' dir='ltr'>contra</span> <span class='ocrx_word' id='word_1_505' title='bbox 2091 3585 2256 3641; x_wconf 88' lang='lat' dir='ltr'>Chri-</span> 
     </span>
    </p>
   </div>
   <div class='ocr_carea' id='block_1_69' title="bbox 604 3672 2317 3743">
    <p class='ocr_par' dir='ltr' id='par_1_69' title="bbox 604 3672 2317 3743">
     <span class='ocr_line' id='line_1_69' title="bbox 604 3672 2317 3743; baseline -0.008 0"><span class='ocrx_word' id='word_1_506' title='bbox 604 3678 764 3743; x_wconf 62' lang='grc' dir='ltr'>ιιιιω</span> <span class='ocrx_word' id='word_1_507' title='bbox 794 3672 1146 3741; x_wconf 70' lang='lat' dir='ltr'>sententiam</span> <span class='ocrx_word' id='word_1_508' title='bbox 1180 3673 1347 3741; x_wconf 83' lang='lat' dir='ltr'>ferre,</span> <span class='ocrx_word' id='word_1_509' title='bbox 1384 3689 1495 3728; x_wconf 92' lang='lat' dir='ltr'>non</span> <span class='ocrx_word' id='word_1_510' title='bbox 1530 3675 1773 3729; x_wconf 78' lang='lat' dir='ltr'>damnat</span> <span class='ocrx_word' id='word_1_511' title='bbox 1803 3672 2104 3742; x_wconf 78' lang='lat' dir='ltr'>oblatum;</span> <span class='ocrx_word' id='word_1_512' title='bbox 2157 3675 2253 3731; x_wconf 91' lang='lat' dir='ltr'>sed</span> <span class='ocrx_word' id='word_1_513' title='bbox 2312 3724 2317 3729; x_wconf 82' lang='lat'>.</span> 
     </span>
    </p>
   </div>
   <div class='ocr_carea' id='block_1_70' title="bbox 608 3760 2260 3834">
    <p class='ocr_par' dir='ltr' id='par_1_70' title="bbox 608 3760 2260 3834">
     <span class='ocr_line' id='line_1_70' title="bbox 608 3760 2260 3834; baseline -0.001 -16"><span class='ocrx_word' id='word_1_514' title='bbox 608 3760 805 3834; x_wconf 63' lang='lat' dir='ltr'>arguit</span> <span class='ocrx_word' id='word_1_515' title='bbox 853 3760 1181 3829; x_wconf 72' lang='lat' dir='ltr'>offerentes,</span> <span class='ocrx_word' id='word_1_516' title='bbox 1234 3763 1463 3832; x_wconf 87' lang='lat' dir='ltr'>justum</span> <span class='ocrx_word' id='word_1_517' title='bbox 1519 3779 1647 3818; x_wconf 89' lang='lat' dir='ltr'>esse</span> <span class='ocrx_word' id='word_1_518' title='bbox 1712 3763 2101 3833; x_wconf 87' lang='lat' dir='ltr'>pronuntians</span> <span class='ocrx_word' id='word_1_519' title='bbox 2157 3762 2260 3834; x_wconf 90' lang='lat' dir='ltr'>qui</span> 
     </span>
    </p>
   </div>
   <div class='ocr_carea' id='block_1_71' title="bbox 608 3848 2259 3923">
    <p class='ocr_par' dir='ltr' id='par_1_71' title="bbox 608 3848 2259 3923">
     <span class='ocr_line' id='line_1_71' title="bbox 608 3848 2259 3923; baseline -0.001 -16"><span class='ocrx_word' id='word_1_520' title='bbox 608 3849 1043 3921; x_wconf 75' lang='lat' dir='ltr'>cruciﬁgendus</span> <span class='ocrx_word' id='word_1_521' title='bbox 1071 3854 1179 3904; x_wconf 80' lang='lat' dir='ltr'>est.</span> <span class='ocrx_word' id='word_1_522' title='bbox 1222 3850 1338 3915; x_wconf 84' lang='lat' dir='ltr'>Vos,</span> <span class='ocrx_word' id='word_1_523' title='bbox 1370 3848 1583 3922; x_wconf 90' lang='lat' dir='ltr'>inquit,</span> <span class='ocrx_word' id='word_1_524' title='bbox 1616 3850 1882 3906; x_wconf 86' lang='lat' dir='ltr'>videritis.</span> <span class='ocrx_word' id='word_1_525' title='bbox 1934 3852 2053 3923; x_wconf 86' lang='lat' dir='ltr'>Ego</span> <span class='ocrx_word' id='word_1_526' title='bbox 2079 3852 2259 3907; x_wconf 87' lang='lat' dir='ltr'>mini-</span> 
     </span>
    </p>
   </div>
   <div class='ocr_carea' id='block_1_72' title="bbox 608 3938 2159 4011">
    <p class='ocr_par' dir='ltr' id='par_1_72' title="bbox 608 3938 2159 4011">
     <span class='ocr_line' id='line_1_72' title="bbox 608 3938 2159 4011; baseline -0.001 -13"><span class='ocrx_word' id='word_1_527' title='bbox 608 3943 733 4009; x_wconf 70' lang='lat' dir='ltr'>ster</span> <span class='ocrx_word' id='word_1_528' title='bbox 761 3954 897 4007; x_wconf 72' lang='lat' dir='ltr'>sum</span> <span class='ocrx_word' id='word_1_529' title='bbox 923 3938 1120 4011; x_wconf 90' lang='lat' dir='ltr'>legum</span> <span class='ocrx_word' id='word_1_530' title='bbox 1156 3954 1169 3992; x_wconf 90' lang='lat'><strong>:</strong></span> <span class='ocrx_word' id='word_1_531' title='bbox 1204 3943 1399 3996; x_wconf 87' lang='lat' dir='ltr'>vestra</span> <span class='ocrx_word' id='word_1_532' title='bbox 1428 3956 1534 3995; x_wconf 88' lang='lat' dir='ltr'>vox</span> <span class='ocrx_word' id='word_1_533' title='bbox 1564 3939 1913 4011; x_wconf 87' lang='lat' dir='ltr'>sanguinem</span> <span class='ocrx_word' id='word_1_534' title='bbox 1946 3942 2159 3996; x_wconf 83' lang='lat' dir='ltr'>fundit.</span> 
     </span>
    </p>
   </div>
   <div class='ocr_carea' id='block_1_73' title="bbox 679 4062 2257 4139">
    <p class='ocr_par' dir='ltr' id='par_1_73' title="bbox 679 4062 2257 4139">
     <span class='ocr_line' id='line_1_73' title="bbox 679 4062 2257 4139; baseline 0.004 -23"><span class='ocrx_word' id='word_1_535' title='bbox 679 4062 868 4134; x_wconf 84' lang='lat' dir='ltr'>(Vere.</span> <span class='ocrx_word' id='word_1_536' title='bbox 900 4063 1017 4130; x_wconf 86' lang='lat'>25.)</span> <span class='ocrx_word' id='word_1_537' title='bbox 1073 4082 1094 4110; x_wconf 79' lang='grc' dir='ltr'>α</span> <span class='ocrx_word' id='word_1_538' title='bbox 1159 4064 1223 4118; x_wconf 91' lang='lat' dir='ltr'>Et</span> <span class='ocrx_word' id='word_1_539' title='bbox 1256 4064 1615 4137; x_wconf 89' lang='lat' dir='ltr'>respondens</span> <span class='ocrx_word' id='word_1_540' title='bbox 1646 4065 1953 4122; x_wconf 89' lang='lat' dir='ltr'>universus</span> <span class='ocrx_word' id='word_1_541' title='bbox 1984 4065 2257 4139; x_wconf 88' lang='lat' dir='ltr'>populus,</span> 
     </span>
    </p>
   </div>
   <div class='ocr_carea' id='block_1_74' title="bbox 607 4152 2259 4227">
    <p class='ocr_par' dir='ltr' id='par_1_74' title="bbox 607 4152 2259 4227">
     <span class='ocr_line' id='line_1_74' title="bbox 607 4152 2259 4227; baseline 0 -16"><span class='ocrx_word' id='word_1_542' title='bbox 607 4152 755 4211; x_wconf 80' lang='lat' dir='ltr'>dixit</span> <span class='ocrx_word' id='word_1_543' title='bbox 785 4167 799 4206; x_wconf 91' lang='lat'><strong>:</strong></span> <span class='ocrx_word' id='word_1_544' title='bbox 832 4152 1084 4225; x_wconf 83' lang='lat' dir='ltr'>Sanguis</span> <span class='ocrx_word' id='word_1_545' title='bbox 1115 4152 1245 4223; x_wconf 90' lang='lat' dir='ltr'>ejus</span> <span class='ocrx_word' id='word_1_546' title='bbox 1276 4169 1453 4225; x_wconf 90' lang='lat' dir='ltr'>super</span> <span class='ocrx_word' id='word_1_547' title='bbox 1512 4171 1615 4208; x_wconf 88' lang='lat' dir='ltr'>nos</span> <span class='ocrx_word' id='word_1_548' title='bbox 1655 4159 1711 4209; x_wconf 88' lang='lat' dir='ltr'>et</span> <span class='ocrx_word' id='word_1_549' title='bbox 1743 4172 1919 4227; x_wconf 87' lang='lat' dir='ltr'>super</span> <span class='ocrx_word' id='word_1_550' title='bbox 1948 4155 2099 4211; x_wconf 78' lang='lat' dir='ltr'>filios</span> <span class='ocrx_word' id='word_1_551' title='bbox 2157 4172 2259 4211; x_wconf 91' lang='lat' dir='ltr'>no-</span> 
     </span>
    </p>
   </div>
   <div class='ocr_carea' id='block_1_75' title="bbox 608 4241 2261 4315">
    <p class='ocr_par' dir='ltr' id='par_1_75' title="bbox 608 4241 2261 4315">
     <span class='ocr_line' id='line_1_75' title="bbox 608 4241 2261 4315; baseline 0.001 -16"><span class='ocrx_word' id='word_1_552' title='bbox 608 4246 847 4314; x_wconf 49' lang='lat' dir='ltr'>stros.»</span> <span class='ocrx_word' id='word_1_553' title='bbox 879 4241 1212 4312; x_wconf 80' lang='lat' dir='ltr'>Perseverat</span> <span class='ocrx_word' id='word_1_554' title='bbox 1241 4258 1430 4313; x_wconf 82' lang='lat' dir='ltr'>usque</span> <span class='ocrx_word' id='word_1_555' title='bbox 1460 4242 1519 4298; x_wconf 90' lang='lat' dir='ltr'>in</span> <span class='ocrx_word' id='word_1_556' title='bbox 1577 4248 1922 4315; x_wconf 79' lang='lat' dir='ltr'>praesentem</span> <span class='ocrx_word' id='word_1_557' title='bbox 1953 4245 2107 4300; x_wconf 90' lang='lat' dir='ltr'>diem</span> <span class='ocrx_word' id='word_1_558' title='bbox 2140 4244 2261 4300; x_wconf 75' lang='lat' dir='ltr'>haec</span> 
     </span>
    </p>
   </div>
   <div class='ocr_carea' id='block_1_76' title="bbox 607 4331 2259 4404">
    <p class='ocr_par' dir='ltr' id='par_1_76' title="bbox 607 4331 2259 4404">
     <span class='ocr_line' id='line_1_76' title="bbox 607 4331 2259 4404; baseline -0.001 -15"><span class='ocrx_word' id='word_1_559' title='bbox 607 4332 952 4404; x_wconf 73' lang='lat' dir='ltr'>inprecatio</span> <span class='ocrx_word' id='word_1_560' title='bbox 984 4348 1162 4404; x_wconf 88' lang='lat' dir='ltr'>super</span> <span class='ocrx_word' id='word_1_561' title='bbox 1187 4331 1444 4401; x_wconf 76' lang='lat' dir='ltr'>Judzeos,</span> <span class='ocrx_word' id='word_1_562' title='bbox 1476 4335 1535 4386; x_wconf 87' lang='lat' dir='ltr'>et</span> <span class='ocrx_word' id='word_1_563' title='bbox 1579 4332 1824 4403; x_wconf 81' lang='lat' dir='ltr'>sanguis</span> <span class='ocrx_word' id='word_1_564' title='bbox 1881 4332 2114 4388; x_wconf 87' lang='lat' dir='ltr'>Domini</span> <span class='ocrx_word' id='word_1_565' title='bbox 2145 4350 2259 4389; x_wconf 91' lang='lat' dir='ltr'>non</span> 
     </span>
    </p>
   </div>
   <div class='ocr_carea' id='block_1_77' title="bbox 609 4407 2264 4499">
    <p class='ocr_par' dir='ltr' id='par_1_77' title="bbox 609 4407 2264 4499">
     <span class='ocr_line' id='line_1_77' title="bbox 609 4407 2264 4499; baseline 0.001 -23"><span class='ocrx_word' id='word_1_566' title='bbox 609 4407 907 4476; x_wconf 75' lang='lat' dir='ltr'>auferetur</span> <span class='ocrx_word' id='word_1_567' title='bbox 964 4421 1037 4499; x_wconf 82' lang='lat' dir='ltr'>ab</span> <span class='ocrx_word' id='word_1_568' title='bbox 1095 4420 1200 4476; x_wconf 90' lang='lat' dir='ltr'>eis.</span> <span class='ocrx_word' id='word_1_569' title='bbox 1257 4420 1421 4476; x_wconf 92' lang='lat' dir='ltr'>Unde</span> <span class='ocrx_word' id='word_1_570' title='bbox 1463 4437 1566 4493; x_wconf 91' lang='lat' dir='ltr'>per</span> <span class='ocrx_word' id='word_1_571' title='bbox 1595 4420 1804 4478; x_wconf 89' lang='lat' dir='ltr'>Isaiam</span> <span class='ocrx_word' id='word_1_572' title='bbox 1865 4420 2171 4493; x_wconf 90' lang='lat' dir='ltr'>loquitur:</span> <span class='ocrx_word' id='word_1_573' title='bbox 2205 4425 2264 4478; x_wconf 88' lang='lat' dir='ltr'>Si</span> 
     </span>
    </p>
   </div>
   <div class='ocr_carea' id='block_1_78' title="bbox 613 4500 2260 4586">
    <p class='ocr_par' dir='ltr' id='par_1_78' title="bbox 613 4500 2260 4586">
     <span class='ocr_line' id='line_1_78' title="bbox 613 4500 2260 4586; baseline 0.003 -24"><span class='ocrx_word' id='word_1_574' title='bbox 613 4500 926 4586; x_wconf 64' lang='lat' dir='ltr'>lavoveritis</span> <span class='ocrx_word' id='word_1_575' title='bbox 972 4507 1043 4562; x_wconf 87' lang='lat' dir='ltr'>ad</span> <span class='ocrx_word' id='word_1_576' title='bbox 1101 4523 1185 4564; x_wconf 84' lang='lat' dir='ltr'>me</span> <span class='ocrx_word' id='word_1_577' title='bbox 1241 4524 1458 4577; x_wconf 85' lang='lat' dir='ltr'>manus,</span> <span class='ocrx_word' id='word_1_578' title='bbox 1499 4525 1609 4564; x_wconf 85' lang='lat' dir='ltr'>non</span> <span class='ocrx_word' id='word_1_579' title='bbox 1640 4509 1933 4566; x_wconf 71' lang='lat' dir='ltr'>exaudiam</span> <span class='ocrx_word' id='word_1_580' title='bbox 1988 4526 2094 4567; x_wconf 84' lang='lat' dir='ltr'>vos.</span> <span class='ocrx_word' id='word_1_581' title='bbox 2136 4515 2260 4567; x_wconf 81' lang='grc' dir='ltr'>Μα-</span> 
     </span>
    </p>
   </div>
   <div class='ocr_carea' id='block_1_79' title="bbox 611 4596 2773 4708">
    <p class='ocr_par' dir='ltr' id='par_1_79' title="bbox 611 4596 2773 4708">
     <span class='ocr_line' id='line_1_79' title="bbox 611 4596 2773 4708; baseline 0.007 -59"><span class='ocrx_word' id='word_1_582' title='bbox 611 4596 892 4708; x_wconf 33' lang='grc' dir='ltr'>Ἇαξαεηίτη</span> <span class='ocrx_word' id='word_1_583' title='bbox 938 4599 1148 4708; x_wconf 50' lang='grc' dir='ltr'>ἔθανες</span> <span class='ocrx_word' id='word_1_584' title='bbox 1197 4596 1371 4669; x_wconf 78' lang='lat' dir='ltr'>plenae</span> <span class='ocrx_word' id='word_1_585' title='bbox 1431 4604 1560 4653; x_wconf 83' lang='lat' dir='ltr'>sunt</span> <span class='ocrx_word' id='word_1_586' title='bbox 1609 4602 1877 4708; x_wconf 53' lang='lat' dir='ltr'>sanguine</span> <span class='ocrx_word' id='word_1_587' title='bbox 1916 4601 2044 4671; x_wconf 84' lang='lat' dir='ltr'>(Isa.</span> <span class='ocrx_word' id='word_1_588' title='bbox 2077 4616 2115 4673; x_wconf 81' lang='grc' dir='ltr'>ι,</span> <span class='ocrx_word' id='word_1_589' title='bbox 2149 4602 2260 4673; x_wconf 87' lang='grc'>15).</span> <span class='ocrx_word' id='word_1_590' title='bbox 2294 4645 2338 4708; x_wconf 75' lang='lat' dir='ltr'><strong>D</strong></span> <span class='ocrx_word' id='word_1_591' title='bbox 2441 4624 2627 4695; x_wconf 47' lang='lat' dir='ltr'>(vers.</span> <span class='ocrx_word' id='word_1_592' title='bbox 2660 4626 2773 4697; x_wconf 59' lang='grc' dir='ltr'>δα)</span> 
     </span>
    </p>
   </div>
   <div class='ocr_carea' id='block_1_80' title="bbox 613 4684 2260 4761">
    <p class='ocr_par' dir='ltr' id='par_1_80' title="bbox 613 4684 2260 4761">
     <span class='ocr_line' id='line_1_80' title="bbox 613 4684 2260 4761; baseline 0.002 -20"><span class='ocrx_word' id='word_1_593' title='bbox 613 4684 906 4757; x_wconf 77' lang='lat' dir='ltr'>Optimam</span> <span class='ocrx_word' id='word_1_594' title='bbox 938 4685 1337 4742; x_wconf 74' lang='lat' dir='ltr'>haereditatem</span> <span class='ocrx_word' id='word_1_595' title='bbox 1367 4687 1545 4743; x_wconf 64' lang='lat' dir='ltr'>Judaei</span> <span class='ocrx_word' id='word_1_596' title='bbox 1586 4686 1721 4743; x_wconf 85' lang='lat' dir='ltr'>ﬁliis</span> <span class='ocrx_word' id='word_1_597' title='bbox 1770 4688 2110 4761; x_wconf 89' lang='lat' dir='ltr'>relinquunt</span> <span class='ocrx_word' id='word_1_598' title='bbox 2138 4691 2260 4761; x_wconf 77' lang='grc' dir='ltr'>[Αἰ.</span> 
     </span>
    </p>
   </div>
   <div class='ocr_carea' id='block_1_81' title="bbox 613 4766 2262 4861">
    <p class='ocr_par' dir='ltr' id='par_1_81' title="bbox 613 4766 2262 4861">
     <span class='ocr_line' id='line_1_81' title="bbox 613 4766 2262 4861; baseline 0.004 -33"><span class='ocrx_word' id='word_1_599' title='bbox 613 4766 1019 4861; x_wconf 62' lang='lat' dir='ltr'>reliquerunt],</span> <span class='ocrx_word' id='word_1_600' title='bbox 1052 4775 1313 4830; x_wconf 89' lang='lat' dir='ltr'>dicentes</span> <span class='ocrx_word' id='word_1_601' title='bbox 1374 4794 1387 4832; x_wconf 87' lang='lat'><strong>:</strong></span> <span class='ocrx_word' id='word_1_602' title='bbox 1439 4777 1684 4850; x_wconf 84' lang='lat' dir='ltr'>Sanguis</span> <span class='ocrx_word' id='word_1_603' title='bbox 1712 4779 1823 4849; x_wconf 85' lang='lat' dir='ltr'>ejus</span> <span class='ocrx_word' id='word_1_604' title='bbox 1874 4795 2036 4850; x_wconf 77' lang='lat' dir='ltr'>super</span> <span class='ocrx_word' id='word_1_605' title='bbox 2064 4796 2183 4848; x_wconf 85' lang='lat' dir='ltr'>nos,</span> <span class='ocrx_word' id='word_1_606' title='bbox 2212 4782 2262 4835; x_wconf 83' lang='lat' dir='ltr'>et</span> 
     </span>
    </p>
   </div>
   <div class='ocr_carea' id='block_1_82' title="bbox 610 4864 1197 4941">
    <p class='ocr_par' dir='ltr' id='par_1_82' title="bbox 610 4864 1197 4941">
     <span class='ocr_line' id='line_1_82' title="bbox 610 4864 1197 4941; baseline 0 -22"><span class='ocrx_word' id='word_1_607' title='bbox 610 4880 776 4941; x_wconf 73' lang='lat' dir='ltr'>super</span> <span class='ocrx_word' id='word_1_608' title='bbox 802 4864 946 4934; x_wconf 82' lang='lat' dir='ltr'>ﬁlios</span> <span class='ocrx_word' id='word_1_609' title='bbox 971 4868 1197 4921; x_wconf 86' lang='lat' dir='ltr'>nostros.</span> 
     </span>
    </p>
   </div>
   <div class='ocr_carea' id='block_1_83' title="bbox 683 4980 2253 5053">
    <p class='ocr_par' dir='ltr' id='par_1_83' title="bbox 683 4980 2253 5053">
     <span class='ocr_line' id='line_1_83' title="bbox 683 4980 2253 5053; baseline 0.002 -14"><span class='ocrx_word' id='word_1_610' title='bbox 683 4980 873 5053; x_wconf 72' lang='lat' dir='ltr'>(Vere.</span> <span class='ocrx_word' id='word_1_611' title='bbox 903 4981 1019 5051; x_wconf 86' lang='lat'>26.)</span> <span class='ocrx_word' id='word_1_612' title='bbox 1050 5004 1077 5031; x_wconf 83' lang='grc'>‹‹</span> <span class='ocrx_word' id='word_1_613' title='bbox 1109 4983 1268 5036; x_wconf 82' lang='lat' dir='ltr'>Tunc</span> <span class='ocrx_word' id='word_1_614' title='bbox 1324 4981 1551 5039; x_wconf 86' lang='lat' dir='ltr'>dimisit</span> <span class='ocrx_word' id='word_1_615' title='bbox 1603 4982 1722 5040; x_wconf 88' lang='lat' dir='ltr'>illis</span> <span class='ocrx_word' id='word_1_616' title='bbox 1777 4984 2123 5053; x_wconf 86' lang='lat' dir='ltr'>Barabbam,</span> <span class='ocrx_word' id='word_1_617' title='bbox 2154 4985 2253 5043; x_wconf 88' lang='lat' dir='ltr'>Je-</span> 
     </span>
    </p>
   </div>
   <div class='ocr_carea' id='block_1_84' title="bbox 532 5068 2260 5158">
    <p class='ocr_par' dir='ltr' id='par_1_84' title="bbox 532 5068 2260 5158">
     <span class='ocr_line' id='line_1_84' title="bbox 532 5068 2260 5158; baseline -0.001 -27"><span class='ocrx_word' id='word_1_618' title='bbox 532 5112 545 5131; x_wconf 59' lang='grc' dir='ltr'>χ</span> <span class='ocrx_word' id='word_1_619' title='bbox 613 5087 747 5158; x_wconf 72' lang='lat' dir='ltr'>sum</span> <span class='ocrx_word' id='word_1_620' title='bbox 779 5071 977 5145; x_wconf 70' lang='lat' dir='ltr'>autem</span> <span class='ocrx_word' id='word_1_621' title='bbox 1009 5068 1366 5143; x_wconf 79' lang='lat' dir='ltr'>ﬂagellatum</span> <span class='ocrx_word' id='word_1_622' title='bbox 1424 5071 1665 5128; x_wconf 85' lang='lat' dir='ltr'>tradidit</span> <span class='ocrx_word' id='word_1_623' title='bbox 1723 5073 1806 5129; x_wconf 90' lang='lat' dir='ltr'>eis</span> <span class='ocrx_word' id='word_1_624' title='bbox 1864 5078 1929 5127; x_wconf 86' lang='lat' dir='ltr'>ut</span> <span class='ocrx_word' id='word_1_625' title='bbox 1961 5074 2260 5148; x_wconf 80' lang='lat' dir='ltr'>cruciﬁge-</span> 
     </span>
    </p>
   </div>
   <div class='ocr_carea' id='block_1_85' title="bbox 684 5194 2259 5269">
    <p class='ocr_par' dir='ltr' id='par_1_85' title="bbox 684 5194 2259 5269">
     <span class='ocr_line' id='line_1_85' title="bbox 684 5194 2259 5269; baseline 0 -16"><span class='ocrx_word' id='word_1_626' title='bbox 684 5198 840 5253; x_wconf 65' lang='lat' dir='ltr'>‘Pro</span> <span class='ocrx_word' id='word_1_627' title='bbox 870 5194 1031 5269; x_wconf 87' lang='lat' dir='ltr'>hisce</span> <span class='ocrx_word' id='word_1_628' title='bbox 1071 5195 1280 5269; x_wconf 81' lang='lat' dir='ltr'>verbis,</span> <span class='ocrx_word' id='word_1_629' title='bbox 1338 5197 1551 5252; x_wconf 81' lang='lat' dir='ltr'>dicente</span> <span class='ocrx_word' id='word_1_630' title='bbox 1604 5199 1894 5269; x_wconf 81' lang='lat' dir='ltr'>Scriptura</span> <span class='ocrx_word' id='word_1_631' title='bbox 1951 5201 2023 5256; x_wconf 84' lang='lat' dir='ltr'>ad</span> <span class='ocrx_word' id='word_1_632' title='bbox 2079 5200 2259 5255; x_wconf 79' lang='lat' dir='ltr'>virum</span> 
     </span>
    </p>
   </div>
   <div class='ocr_carea' id='block_1_86' title="bbox 610 5264 2261 5345">
    <p class='ocr_par' dir='ltr' id='par_1_86' title="bbox 610 5264 2261 5345">
     <span class='ocr_line' id='line_1_86' title="bbox 610 5264 2261 5345; baseline -0.001 -18"><span class='ocrx_word' id='word_1_633' title='bbox 610 5272 835 5345; x_wconf 75' lang='lat' dir='ltr'>iustum,</span> <span class='ocrx_word' id='word_1_634' title='bbox 867 5264 983 5324; x_wconf 88' lang='lat' dir='ltr'>duo</span> <span class='ocrx_word' id='word_1_635' title='bbox 1006 5264 1435 5345; x_wconf 37' lang='lat' dir='ltr'>_Pa_latin.&#39;mss.</span> <span class='ocrx_word' id='word_1_636' title='bbox 1470 5264 1769 5325; x_wconf 81' lang='lat' dir='ltr'>secundum</span> <span class='ocrx_word' id='word_1_637' title='bbox 1826 5272 1968 5343; x_wconf 82' lang='lat' dir='ltr'>quod</span> <span class='ocrx_word' id='word_1_638' title='bbox 1998 5273 2261 5344; x_wconf 79' lang='lat' dir='ltr'>scriptum</span> 
     </span>
    </p>
   </div>
   <div class='ocr_carea' id='block_1_87' title="bbox 608 5340 1244 5407">
    <p class='ocr_par' dir='ltr' id='par_1_87' title="bbox 608 5340 1244 5407">
     <span class='ocr_line' id='line_1_87' title="bbox 608 5340 1244 5407; baseline -0.008 -9"><span class='ocrx_word' id='word_1_639' title='bbox 608 5340 712 5407; x_wconf 78' lang='lat' dir='ltr'>est,</span> <span class='ocrx_word' id='word_1_640' title='bbox 728 5340 974 5396; x_wconf 73' lang='lat' dir='ltr'>tantum</span> <span class='ocrx_word' id='word_1_641' title='bbox 1006 5340 1244 5396; x_wconf 87' lang='lat' dir='ltr'>habent.</span> 
     </span>
    </p>
   </div>
   <div class='ocr_carea' id='block_1_88' title="bbox 680 5410 2255 5485">
    <p class='ocr_par' dir='ltr' id='par_1_88' title="bbox 680 5410 2255 5485">
     <span class='ocr_line' id='line_1_88' title="bbox 680 5410 2255 5485; baseline 0.003 -20"><span class='ocrx_word' id='word_1_642' title='bbox 680 5415 703 5451; x_wconf 73' lang='grc'>³</span> <span class='ocrx_word' id='word_1_643' title='bbox 725 5412 1017 5485; x_wconf 74' lang='lat' dir='ltr'>Victorius</span> <span class='ocrx_word' id='word_1_644' title='bbox 1051 5417 1171 5467; x_wconf 89' lang='lat' dir='ltr'>tam</span> <span class='ocrx_word' id='word_1_645' title='bbox 1205 5410 1263 5466; x_wconf 91' lang='lat' dir='ltr'>in</span> <span class='ocrx_word' id='word_1_646' title='bbox 1297 5415 1473 5482; x_wconf 82' lang='lat' dir='ltr'>textu,</span> <span class='ocrx_word' id='word_1_647' title='bbox 1538 5430 1713 5485; x_wconf 87' lang='lat' dir='ltr'>quam</span> <span class='ocrx_word' id='word_1_648' title='bbox 1764 5414 1821 5469; x_wconf 89' lang='lat' dir='ltr'>in</span> <span class='ocrx_word' id='word_1_649' title='bbox 1863 5414 2255 5469; x_wconf 81' lang='lat' dir='ltr'>Commentar.</span> 
     </span>
    </p>
   </div>
   <div class='ocr_carea' id='block_1_89' title="bbox 615 5482 2257 5567">
    <p class='ocr_par' dir='ltr' id='par_1_89' title="bbox 615 5482 2257 5567">
     <span class='ocr_line' id='line_1_89' title="bbox 615 5482 2257 5567; baseline 0.002 -28"><span class='ocrx_word' id='word_1_650' title='bbox 615 5482 1228 5567; x_wconf 59' lang='lat' dir='ltr'>reponit,‘prwtoriu_m</span> <span class='ocrx_word' id='word_1_651' title='bbox 1260 5501 1272 5539; x_wconf 89' lang='lat'>:</span> <span class='ocrx_word' id='word_1_652' title='bbox 1309 5485 1458 5553; x_wconf 82' lang='lat' dir='ltr'>quod</span> <span class='ocrx_word' id='word_1_653' title='bbox 1482 5482 1700 5567; x_wconf 70' lang='lat' dir='ltr'>melior</span> <span class='ocrx_word' id='word_1_654' title='bbox 1732 5485 2036 5567; x_wconf 57' lang='lat' dir='ltr'>isthmesjt</span> <span class='ocrx_word' id='word_1_655' title='bbox 2069 5487 2257 5567; x_wconf 76' lang='lat' dir='ltr'>lectio,</span> 
     </span>
    </p>
   </div>
   <div class='ocr_carea' id='block_1_90' title="bbox 614 5555 2260 5629">
    <p class='ocr_par' dir='ltr' id='par_1_90' title="bbox 614 5555 2260 5629">
     <span class='ocr_line' id='line_1_90' title="bbox 614 5555 2260 5629; baseline 0.002 -19"><span class='ocrx_word' id='word_1_656' title='bbox 614 5555 694 5610; x_wconf 87' lang='lat' dir='ltr'>uti</span> <span class='ocrx_word' id='word_1_657' title='bbox 756 5560 841 5629; x_wconf 84' lang='lat' dir='ltr'>est</span> <span class='ocrx_word' id='word_1_658' title='bbox 894 5555 954 5629; x_wconf 84' lang='lat' dir='ltr'>in</span> <span class='ocrx_word' id='word_1_659' title='bbox 984 5555 1235 5629; x_wconf 85' lang='lat' dir='ltr'>vulgatis</span> <span class='ocrx_word' id='word_1_660' title='bbox 1288 5557 1785 5629; x_wconf 86' lang='lat' dir='ltr'>emendatioribus</span> <span class='ocrx_word' id='word_1_661' title='bbox 1824 5558 2123 5613; x_wconf 83' lang='lat' dir='ltr'>codicibus</span> <span class='ocrx_word' id='word_1_662' title='bbox 2154 5560 2260 5613; x_wconf 87' lang='lat' dir='ltr'>im-</span> 
     </span>
    </p>
   </div>
   <div class='ocr_carea' id='block_1_91' title="bbox 617 5628 2257 5709">
    <p class='ocr_par' dir='ltr' id='par_1_91' title="bbox 617 5628 2257 5709">
     <span class='ocr_line' id='line_1_91' title="bbox 617 5628 2257 5709; baseline 0.004 -30"><span class='ocrx_word' id='word_1_663' title='bbox 617 5628 857 5709; x_wconf 85' lang='lat' dir='ltr'>pressis.</span> <span class='ocrx_word' id='word_1_664' title='bbox 1060 5628 1302 5699; x_wconf 88' lang='lat' dir='ltr'>insuper</span> <span class='ocrx_word' id='word_1_665' title='bbox 1352 5628 1641 5709; x_wconf 80' lang='lat' dir='ltr'>retineant</span> <span class='ocrx_word' id='word_1_666' title='bbox 1666 5630 1864 5709; x_wconf 81' lang='lat' dir='ltr'>omnia</span> <span class='ocrx_word' id='word_1_667' title='bbox 1891 5631 2069 5709; x_wconf 78' lang='lat' dir='ltr'>terme</span> <span class='ocrx_word' id='word_1_668' title='bbox 2102 5631 2257 5702; x_wconf 84' lang='lat' dir='ltr'>apud</span> 
     </span>
    </p>
   </div>
   <div class='ocr_carea' id='block_1_92' title="bbox 613 5698 2258 5777">
    <p class='ocr_par' dir='ltr' id='par_1_92' title="bbox 613 5698 2258 5777">
     <span class='ocr_line' id='line_1_92' title="bbox 613 5698 2258 5777; baseline 0.002 -24"><span class='ocrx_word' id='word_1_669' title='bbox 613 5698 681 5753; x_wconf 80' lang='lat' dir='ltr'>sc</span> <span class='ocrx_word' id='word_1_670' title='bbox 714 5712 854 5777; x_wconf 81' lang='lat' dir='ltr'>mss.</span> <span class='ocrx_word' id='word_1_671' title='bbox 887 5698 1234 5777; x_wconf 60' lang='lat' dir='ltr'>Bibliorum</span> <span class='ocrx_word' id='word_1_672' title='bbox 1294 5699 1671 5777; x_wconf 76' lang='lat' dir='ltr'>exemplaria,</span> <span class='ocrx_word' id='word_1_673' title='bbox 1707 5700 1812 5755; x_wconf 91' lang='lat' dir='ltr'>hoo</span> <span class='ocrx_word' id='word_1_674' title='bbox 1872 5706 1958 5777; x_wconf 75' lang='lat' dir='ltr'>est</span> <span class='ocrx_word' id='word_1_675' title='bbox 1988 5698 2258 5777; x_wconf 75' lang='lat' dir='ltr'>_nuniero</span> 
     </span>
    </p>
   </div>
   <div class='ocr_carea' id='block_1_93' title="bbox 613 5768 2257 5845">
    <p class='ocr_par' dir='ltr' id='par_1_93' title="bbox 613 5768 2257 5845">
     <span class='ocr_line' id='line_1_93' title="bbox 613 5768 2257 5845; baseline 0.002 -20"><span class='ocrx_word' id='word_1_676' title='bbox 613 5768 1005 5842; x_wconf 83' lang='lat' dir='ltr'>quadraginta</span> <span class='ocrx_word' id='word_1_677' title='bbox 1038 5770 1189 5827; x_wconf 86' lang='lat' dir='ltr'>inter</span> <span class='ocrx_word' id='word_1_678' title='bbox 1236 5788 1361 5845; x_wconf 65' lang='lat' dir='ltr'>quin</span> <span class='ocrx_word' id='word_1_679' title='bbox 1421 5771 1635 5828; x_wconf 83' lang='lat' dir='ltr'>librum</span> <span class='ocrx_word' id='word_1_680' title='bbox 1695 5772 1948 5828; x_wconf 77' lang='lat' dir='ltr'>Cmnobii</span> <span class='ocrx_word' id='word_1_681' title='bbox 1981 5774 2037 5829; x_wconf 87' lang='lat' dir='ltr'>S.</span> <span class='ocrx_word' id='word_1_682' title='bbox 2072 5773 2257 5843; x_wconf 85' lang='lat' dir='ltr'>Pauli,</span> 
     </span>
    </p>
   </div>
   <div class='ocr_carea' id='block_1_94' title="bbox 2365 3374 4017 3449">
    <p class='ocr_par' dir='ltr' id='par_1_94' title="bbox 2365 3374 4017 3449">
     <span class='ocr_line' id='line_1_94' title="bbox 2365 3374 4017 3449; baseline 0.001 -19"><span class='ocrx_word' id='word_1_683' title='bbox 2365 3380 2430 3430; x_wconf 89' lang='lat' dir='ltr'>ut</span> <span class='ocrx_word' id='word_1_684' title='bbox 2459 3376 2684 3430; x_wconf 91' lang='lat' dir='ltr'>nudum</span> <span class='ocrx_word' id='word_1_685' title='bbox 2720 3374 2985 3447; x_wconf 90' lang='lat' dir='ltr'>pristinis</span> <span class='ocrx_word' id='word_1_686' title='bbox 3032 3375 3311 3445; x_wconf 85' lang='lat' dir='ltr'>vestibus,</span> <span class='ocrx_word' id='word_1_687' title='bbox 3365 3376 3612 3432; x_wconf 88' lang='lat' dir='ltr'>induant</span> <span class='ocrx_word' id='word_1_688' title='bbox 3643 3375 4017 3449; x_wconf 80' lang='lat' dir='ltr'>chlamydem</span> 
     </span>
    </p>
   </div>
   <div class='ocr_carea' id='block_1_95' title="bbox 2366 3464 4024 3537">
    <p class='ocr_par' dir='ltr' id='par_1_95' title="bbox 2366 3464 4024 3537">
     <span class='ocr_line' id='line_1_95' title="bbox 2366 3464 4024 3537; baseline 0.001 -17"><span class='ocrx_word' id='word_1_689' title='bbox 2366 3466 2693 3522; x_wconf 77' lang='lat' dir='ltr'>coccineum</span> <span class='ocrx_word' id='word_1_690' title='bbox 2719 3482 2822 3537; x_wconf 91' lang='lat' dir='ltr'>pro</span> <span class='ocrx_word' id='word_1_691' title='bbox 2846 3464 3184 3520; x_wconf 62' lang='lat' dir='ltr'>rut‘o’limbo</span> <span class='ocrx_word' id='word_1_692' title='bbox 3207 3482 3322 3537; x_wconf 93' lang='lat' dir='ltr'>quo</span> <span class='ocrx_word' id='word_1_693' title='bbox 3346 3482 3509 3537; x_wconf 89' lang='lat' dir='ltr'>reges</span> <span class='ocrx_word' id='word_1_694' title='bbox 3533 3470 3749 3523; x_wconf 89' lang='lat' dir='ltr'>veteres</span> <span class='ocrx_word' id='word_1_695' title='bbox 3774 3464 4024 3521; x_wconf 87' lang='lat' dir='ltr'>uteban-</span> 
     </span>
    </p>
   </div>
   <div class='ocr_carea' id='block_1_96' title="bbox 2364 3554 4018 3626">
    <p class='ocr_par' dir='ltr' id='par_1_96' title="bbox 2364 3554 4018 3626">
     <span class='ocr_line' id='line_1_96' title="bbox 2364 3554 4018 3626; baseline 0.001 -17"><span class='ocrx_word' id='word_1_696' title='bbox 2364 3559 2497 3611; x_wconf 89' lang='lat' dir='ltr'>tur:</span> <span class='ocrx_word' id='word_1_697' title='bbox 2523 3559 2579 3610; x_wconf 91' lang='lat' dir='ltr'>et</span> <span class='ocrx_word' id='word_1_698' title='bbox 2610 3571 2711 3626; x_wconf 91' lang='lat' dir='ltr'>pro</span> <span class='ocrx_word' id='word_1_699' title='bbox 2745 3554 3074 3609; x_wconf 87' lang='lat' dir='ltr'>diademate</span> <span class='ocrx_word' id='word_1_700' title='bbox 3098 3558 3315 3626; x_wconf 89' lang='lat' dir='ltr'>ponant</span> <span class='ocrx_word' id='word_1_701' title='bbox 3344 3555 3394 3609; x_wconf 92' lang='lat' dir='ltr'>ei</span> <span class='ocrx_word' id='word_1_702' title='bbox 3419 3572 3692 3610; x_wconf 89' lang='lat' dir='ltr'>coronam</span> <span class='ocrx_word' id='word_1_703' title='bbox 3725 3554 4018 3625; x_wconf 85' lang='lat' dir='ltr'>spineam;</span> 
     </span>
    </p>
   </div>
   <div class='ocr_carea' id='block_1_97' title="bbox 2368 3642 4022 3717">
    <p class='ocr_par' dir='ltr' id='par_1_97' title="bbox 2368 3642 4022 3717">
     <span class='ocr_line' id='line_1_97' title="bbox 2368 3642 4022 3717; baseline 0 -18"><span class='ocrx_word' id='word_1_704' title='bbox 2368 3662 2469 3717; x_wconf 89' lang='lat' dir='ltr'>pro</span> <span class='ocrx_word' id='word_1_705' title='bbox 2501 3649 2729 3717; x_wconf 86' lang='lat' dir='ltr'>sceptro</span> <span class='ocrx_word' id='word_1_706' title='bbox 2762 3642 2940 3716; x_wconf 87' lang='lat' dir='ltr'>regali</span> <span class='ocrx_word' id='word_1_707' title='bbox 2974 3644 3111 3698; x_wconf 88' lang='lat' dir='ltr'>dent</span> <span class='ocrx_word' id='word_1_708' title='bbox 3138 3644 3452 3711; x_wconf 86' lang='lat' dir='ltr'>calamum,</span> <span class='ocrx_word' id='word_1_709' title='bbox 3475 3649 3531 3699; x_wconf 91' lang='lat' dir='ltr'>et</span> <span class='ocrx_word' id='word_1_710' title='bbox 3561 3644 3805 3700; x_wconf 87' lang='lat' dir='ltr'>adorent</span> <span class='ocrx_word' id='word_1_711' title='bbox 3843 3642 4022 3716; x_wconf 85' lang='lat' dir='ltr'>quasi</span> 
     </span>
    </p>
   </div>
   <div class='ocr_carea' id='block_1_98' title="bbox 2326 3732 4018 3806">
    <p class='ocr_par' dir='ltr' id='par_1_98' title="bbox 2326 3732 4018 3806">
     <span class='ocr_line' id='line_1_98' title="bbox 2326 3732 4018 3806; baseline -0.002 -14"><span class='ocrx_word' id='word_1_712' title='bbox 2326 3733 2708 3805; x_wconf 59' lang='lat' dir='ltr'>\regem.Nos</span> <span class='ocrx_word' id='word_1_713' title='bbox 2740 3737 2932 3788; x_wconf 87' lang='lat' dir='ltr'>autem</span> <span class='ocrx_word' id='word_1_714' title='bbox 2956 3732 3076 3788; x_wconf 59' lang='lat' dir='ltr'>haec</span> <span class='ocrx_word' id='word_1_715' title='bbox 3109 3734 3309 3787; x_wconf 90' lang='lat' dir='ltr'>omnia</span> <span class='ocrx_word' id='word_1_716' title='bbox 3328 3732 3726 3806; x_wconf 87' lang='lat' dir='ltr'>intelligamus</span> <span class='ocrx_word' id='word_1_717' title='bbox 3751 3732 4018 3806; x_wconf 83' lang='lat' dir='ltr'>mystice.</span> 
     </span>
    </p>
   </div>
   <div class='ocr_carea' id='block_1_99' title="bbox 2368 3821 4026 3901">
    <p class='ocr_par' dir='ltr' id='par_1_99' title="bbox 2368 3821 4026 3901">
     <span class='ocr_line' id='line_1_99' title="bbox 2368 3821 4026 3901; baseline 0.002 -25"><span class='ocrx_word' id='word_1_718' title='bbox 2368 3822 2667 3889; x_wconf 87' lang='lat' dir='ltr'>Quomodo</span> <span class='ocrx_word' id='word_1_719' title='bbox 2728 3821 2884 3876; x_wconf 90' lang='lat' dir='ltr'>enim</span> <span class='ocrx_word' id='word_1_720' title='bbox 2922 3822 3195 3901; x_wconf 39' lang='lat' dir='ltr'>‘Caiphas</span> <span class='ocrx_word' id='word_1_721' title='bbox 3254 3822 3401 3878; x_wconf 85' lang='lat' dir='ltr'>dixit</span> <span class='ocrx_word' id='word_1_722' title='bbox 3468 3839 3480 3878; x_wconf 90' lang='lat'>:</span> <span class='ocrx_word' id='word_1_723' title='bbox 3546 3824 3762 3895; x_wconf 78' lang='lat' dir='ltr'>Oportet</span> <span class='ocrx_word' id='word_1_724' title='bbox 3844 3839 4026 3879; x_wconf 87' lang='lat' dir='ltr'>unum</span> 
     </span>
    </p>
   </div>
   <div class='ocr_carea' id='block_1_100' title="bbox 2369 3910 4022 3983">
    <p class='ocr_par' dir='ltr' id='par_1_100' title="bbox 2369 3910 4022 3983">
     <span class='ocr_line' id='line_1_100' title="bbox 2369 3910 4022 3983; baseline 0.002 -18"><span class='ocrx_word' id='word_1_725' title='bbox 2369 3910 2650 3967; x_wconf 85' lang='lat' dir='ltr'>hominem</span> <span class='ocrx_word' id='word_1_726' title='bbox 2678 3912 2823 3966; x_wconf 86' lang='lat' dir='ltr'>mori</span> <span class='ocrx_word' id='word_1_727' title='bbox 2847 3928 2952 3983; x_wconf 75' lang='lat' dir='ltr'>pro</span> <span class='ocrx_word' id='word_1_728' title='bbox 2981 3912 3237 3968; x_wconf 81' lang='lat' dir='ltr'>omnibus</span> <span class='ocrx_word' id='word_1_729' title='bbox 3269 3913 3449 3979; x_wconf 85' lang='lat' dir='ltr'>(Joan.</span> <span class='ocrx_word' id='word_1_730' title='bbox 3484 3930 3561 3982; x_wconf 82' lang='lat' dir='ltr'>x1,</span> <span class='ocrx_word' id='word_1_731' title='bbox 3600 3912 3713 3982; x_wconf 88' lang='grc'>50),</span> <span class='ocrx_word' id='word_1_732' title='bbox 3750 3911 4022 3970; x_wconf 86' lang='lat' dir='ltr'>nesciens</span> 
     </span>
    </p>
   </div>
   <div class='ocr_carea' id='block_1_101' title="bbox 2370 4000 4018 4075">
    <p class='ocr_par' dir='ltr' id='par_1_101' title="bbox 2370 4000 4018 4075">
     <span class='ocr_line' id='line_1_101' title="bbox 2370 4000 4018 4075; baseline 0.001 -20"><span class='ocrx_word' id='word_1_733' title='bbox 2370 4000 2512 4074; x_wconf 92' lang='lat' dir='ltr'>quid</span> <span class='ocrx_word' id='word_1_734' title='bbox 2567 4000 2786 4055; x_wconf 89' lang='lat' dir='ltr'>diceret</span> <span class='ocrx_word' id='word_1_735' title='bbox 2843 4017 2856 4054; x_wconf 89' lang='lat'><strong>:</strong></span> <span class='ocrx_word' id='word_1_736' title='bbox 2920 4000 3002 4054; x_wconf 89' lang='lat' dir='ltr'>sic</span> <span class='ocrx_word' id='word_1_737' title='bbox 3056 4005 3112 4056; x_wconf 90' lang='lat' dir='ltr'>et</span> <span class='ocrx_word' id='word_1_738' title='bbox 3161 4002 3253 4056; x_wconf 88' lang='lat' dir='ltr'>isti</span> <span class='ocrx_word' id='word_1_739' title='bbox 3316 4017 3677 4075; x_wconf 70' lang='lat' dir='ltr'>qumcunque</span> <span class='ocrx_word' id='word_1_740' title='bbox 3731 4001 4018 4071; x_wconf 87' lang='lat' dir='ltr'>fecerunt,</span> 
     </span>
    </p>
   </div>
   <div class='ocr_carea' id='block_1_102' title="bbox 2370 4088 4019 4162">
    <p class='ocr_par' dir='ltr' id='par_1_102' title="bbox 2370 4088 4019 4162">
     <span class='ocr_line' id='line_1_102' title="bbox 2370 4088 4019 4162; baseline -0.001 -17"><span class='ocrx_word' id='word_1_741' title='bbox 2370 4088 2504 4145; x_wconf 90' lang='lat' dir='ltr'>licet</span> <span class='ocrx_word' id='word_1_742' title='bbox 2535 4088 2649 4144; x_wconf 91' lang='lat' dir='ltr'>alia</span> <span class='ocrx_word' id='word_1_743' title='bbox 2681 4093 2871 4144; x_wconf 90' lang='lat' dir='ltr'>mente</span> <span class='ocrx_word' id='word_1_744' title='bbox 2903 4089 3181 4157; x_wconf 84' lang='lat' dir='ltr'>fecerunt,</span> <span class='ocrx_word' id='word_1_745' title='bbox 3244 4095 3439 4146; x_wconf 86' lang='lat' dir='ltr'>tamen</span> <span class='ocrx_word' id='word_1_746' title='bbox 3472 4091 3660 4161; x_wconf 86' lang='lat' dir='ltr'>nobis,</span> <span class='ocrx_word' id='word_1_747' title='bbox 3695 4089 3797 4162; x_wconf 90' lang='lat' dir='ltr'>qui</span> <span class='ocrx_word' id='word_1_748' title='bbox 3829 4089 4019 4146; x_wconf 88' lang='lat' dir='ltr'>credi-</span> 
     </span>
    </p>
   </div>
   <div class='ocr_carea' id='block_1_103' title="bbox 2370 4179 4020 4252">
    <p class='ocr_par' dir='ltr' id='par_1_103' title="bbox 2370 4179 4020 4252">
     <span class='ocr_line' id='line_1_103' title="bbox 2370 4179 4020 4252; baseline 0 -18"><span class='ocrx_word' id='word_1_749' title='bbox 2370 4197 2525 4245; x_wconf 88' lang='lat' dir='ltr'>mus,</span> <span class='ocrx_word' id='word_1_750' title='bbox 2560 4183 2926 4234; x_wconf 89' lang='lat' dir='ltr'>sacramenta</span> <span class='ocrx_word' id='word_1_751' title='bbox 2954 4180 3305 4234; x_wconf 86' lang='lat' dir='ltr'>tribuerunt.</span> <span class='ocrx_word' id='word_1_752' title='bbox 3342 4182 3400 4235; x_wconf 84' lang='lat' dir='ltr'>In</span> <span class='ocrx_word' id='word_1_753' title='bbox 3434 4179 3695 4252; x_wconf 85' lang='lat' dir='ltr'>clamyde</span> <span class='ocrx_word' id='word_1_754' title='bbox 3726 4180 4020 4250; x_wconf 86' lang='lat' dir='ltr'>coccinea,</span> 
     </span>
    </p>
   </div>
   <div class='ocr_carea' id='block_1_104' title="bbox 2369 4268 4024 4342">
    <p class='ocr_par' dir='ltr' id='par_1_104' title="bbox 2369 4268 4024 4342">
     <span class='ocr_line' id='line_1_104' title="bbox 2369 4268 4024 4342; baseline -0.001 -18"><span class='ocrx_word' id='word_1_755' title='bbox 2369 4284 2544 4339; x_wconf 77' lang='lat' dir='ltr'>onera</span> <span class='ocrx_word' id='word_1_756' title='bbox 2586 4268 2849 4337; x_wconf 79' lang='lat' dir='ltr'>gentium</span> <span class='ocrx_word' id='word_1_757' title='bbox 2898 4273 3137 4323; x_wconf 88' lang='lat' dir='ltr'>cruenta</span> <span class='ocrx_word' id='word_1_758' title='bbox 3186 4272 3477 4325; x_wconf 82' lang='lat' dir='ltr'>sustentat</span> <span class='ocrx_word' id='word_1_759' title='bbox 3507 4293 3520 4324; x_wconf 83' lang='lat'><strong>:</strong></span> <span class='ocrx_word' id='word_1_760' title='bbox 3556 4270 3612 4323; x_wconf 92' lang='lat' dir='ltr'>in</span> <span class='ocrx_word' id='word_1_761' title='bbox 3660 4285 3874 4325; x_wconf 87' lang='lat' dir='ltr'>corona</span> <span class='ocrx_word' id='word_1_762' title='bbox 3902 4268 4024 4342; x_wconf 89' lang='lat' dir='ltr'>spi-</span> 
     </span>
    </p>
   </div>
   <div class='ocr_carea' id='block_1_105' title="bbox 2372 4356 4018 4429">
    <p class='ocr_par' dir='ltr' id='par_1_105' title="bbox 2372 4356 4018 4429">
     <span class='ocr_line' id='line_1_105' title="bbox 2372 4356 4018 4429; baseline 0.001 -17"><span class='ocrx_word' id='word_1_763' title='bbox 2372 4374 2502 4423; x_wconf 66' lang='lat' dir='ltr'>nea,</span> <span class='ocrx_word' id='word_1_764' title='bbox 2564 4356 2940 4412; x_wconf 86' lang='lat' dir='ltr'>maledictum</span> <span class='ocrx_word' id='word_1_765' title='bbox 3001 4357 3175 4412; x_wconf 89' lang='lat' dir='ltr'>solvit</span> <span class='ocrx_word' id='word_1_766' title='bbox 3219 4358 3526 4429; x_wconf 86' lang='lat' dir='ltr'>antiquum</span> <span class='ocrx_word' id='word_1_767' title='bbox 3592 4374 3605 4413; x_wconf 90' lang='lat'>:</span> <span class='ocrx_word' id='word_1_768' title='bbox 3660 4357 3718 4412; x_wconf 91' lang='lat' dir='ltr'>in</span> <span class='ocrx_word' id='word_1_769' title='bbox 3767 4357 4018 4423; x_wconf 86' lang='lat' dir='ltr'>calamo,</span> 
     </span>
    </p>
   </div>
   <div class='ocr_carea' id='block_1_106' title="bbox 2369 4444 4022 4525">
    <p class='ocr_par' dir='ltr' id='par_1_106' title="bbox 2369 4444 4022 4525">
     <span class='ocr_line' id='line_1_106' title="bbox 2369 4444 4022 4525; baseline 0 -22"><span class='ocrx_word' id='word_1_770' title='bbox 2369 4451 2653 4503; x_wconf 88' lang='lat' dir='ltr'>venenata</span> <span class='ocrx_word' id='word_1_771' title='bbox 2708 4446 2917 4503; x_wconf 90' lang='lat' dir='ltr'>occidit</span> <span class='ocrx_word' id='word_1_772' title='bbox 2974 4444 3271 4503; x_wconf 90' lang='lat' dir='ltr'>animalia.</span> <span class='ocrx_word' id='word_1_773' title='bbox 3329 4448 3458 4503; x_wconf 89' lang='lat' dir='ltr'>Sive</span> <span class='ocrx_word' id='word_1_774' title='bbox 3516 4445 3808 4525; x_wconf 86' lang='lat' dir='ltr'>calamum</span> <span class='ocrx_word' id='word_1_775' title='bbox 3855 4448 4022 4519; x_wconf 79' lang='lat' dir='ltr'>tene-</span> 
     </span>
    </p>
   </div>
   <div class='ocr_carea' id='block_1_107' title="bbox 2371 4534 4020 4607">
    <p class='ocr_par' dir='ltr' id='par_1_107' title="bbox 2371 4534 4020 4607">
     <span class='ocr_line' id='line_1_107' title="bbox 2371 4534 4020 4607; baseline 0.001 -16"><span class='ocrx_word' id='word_1_776' title='bbox 2371 4537 2471 4591; x_wconf 90' lang='lat' dir='ltr'>bat</span> <span class='ocrx_word' id='word_1_777' title='bbox 2502 4535 2561 4590; x_wconf 90' lang='lat' dir='ltr'>in</span> <span class='ocrx_word' id='word_1_778' title='bbox 2596 4552 2796 4603; x_wconf 90' lang='lat' dir='ltr'>manu,</span> <span class='ocrx_word' id='word_1_779' title='bbox 2831 4540 2895 4592; x_wconf 89' lang='lat' dir='ltr'>ut</span> <span class='ocrx_word' id='word_1_780' title='bbox 2924 4534 3296 4607; x_wconf 88' lang='lat' dir='ltr'>sacrilegium</span> <span class='ocrx_word' id='word_1_781' title='bbox 3351 4536 3630 4592; x_wconf 88' lang='lat' dir='ltr'>scriberet</span> <span class='ocrx_word' id='word_1_782' title='bbox 3655 4536 4020 4593; x_wconf 70' lang='lat' dir='ltr'>Judaaorum.</span> 
     </span>
    </p>
   </div>
   <div class='ocr_carea' id='block_1_108' title="bbox 2807 4625 4025 4699">
    <p class='ocr_par' dir='ltr' id='par_1_108' title="bbox 2807 4625 4025 4699">
     <span class='ocr_line' id='line_1_108' title="bbox 2807 4625 4025 4699; baseline -0.002 -16"><span class='ocrx_word' id='word_1_783' title='bbox 2807 4647 2836 4674; x_wconf 89' lang='grc'>‹‹</span> <span class='ocrx_word' id='word_1_784' title='bbox 2869 4625 2937 4683; x_wconf 73' lang='lat' dir='ltr'>Et</span> <span class='ocrx_word' id='word_1_785' title='bbox 2966 4630 3316 4697; x_wconf 84' lang='lat' dir='ltr'>exspuentes</span> <span class='ocrx_word' id='word_1_786' title='bbox 3362 4625 3421 4680; x_wconf 92' lang='lat' dir='ltr'>in</span> <span class='ocrx_word' id='word_1_787' title='bbox 3479 4642 3635 4693; x_wconf 90' lang='lat' dir='ltr'>eum,</span> <span class='ocrx_word' id='word_1_788' title='bbox 3670 4629 4025 4699; x_wconf 86' lang='lat' dir='ltr'>acceperunt</span> 
     </span>
    </p>
   </div>
   <div class='ocr_carea' id='block_1_109' title="bbox 2374 4713 4024 4788">
    <p class='ocr_par' dir='ltr' id='par_1_109' title="bbox 2374 4713 4024 4788">
     <span class='ocr_line' id='line_1_109' title="bbox 2374 4713 4024 4788; baseline 0 -18"><span class='ocrx_word' id='word_1_789' title='bbox 2374 4714 2743 4781; x_wconf 84' lang='lat' dir='ltr'>arundinem,</span> <span class='ocrx_word' id='word_1_790' title='bbox 2776 4719 2832 4769; x_wconf 92' lang='lat' dir='ltr'>et</span> <span class='ocrx_word' id='word_1_791' title='bbox 2862 4713 3262 4785; x_wconf 87' lang='lat' dir='ltr'>percutiebant</span> <span class='ocrx_word' id='word_1_792' title='bbox 3318 4720 3491 4787; x_wconf 91' lang='lat' dir='ltr'>caput</span> <span class='ocrx_word' id='word_1_793' title='bbox 3520 4716 3667 4788; x_wconf 90' lang='lat' dir='ltr'>ejus.</span> <span class='ocrx_word' id='word_1_794' title='bbox 3704 4738 3731 4765; x_wconf 89' lang='grc'>››</span> <span class='ocrx_word' id='word_1_795' title='bbox 3766 4715 3841 4771; x_wconf 85' lang='lat' dir='ltr'>Eo</span> <span class='ocrx_word' id='word_1_796' title='bbox 3870 4717 4024 4770; x_wconf 87' lang='lat' dir='ltr'>tem-</span> 
     </span>
    </p>
   </div>
   <div class='ocr_carea' id='block_1_110' title="bbox 2375 4803 4023 4878">
    <p class='ocr_par' dir='ltr' id='par_1_110' title="bbox 2375 4803 4023 4878">
     <span class='ocr_line' id='line_1_110' title="bbox 2375 4803 4023 4878; baseline 0.001 -20"><span class='ocrx_word' id='word_1_797' title='bbox 2375 4819 2513 4876; x_wconf 88' lang='lat' dir='ltr'>pore</span> <span class='ocrx_word' id='word_1_798' title='bbox 2540 4803 2917 4875; x_wconf 89' lang='lat' dir='ltr'>completum,</span> <span class='ocrx_word' id='word_1_799' title='bbox 2950 4808 3039 4859; x_wconf 87' lang='lat' dir='ltr'>est</span> <span class='ocrx_word' id='word_1_800' title='bbox 3098 4820 3110 4859; x_wconf 92' lang='lat'>:</span> <span class='ocrx_word' id='word_1_801' title='bbox 3171 4804 3289 4860; x_wconf 83' lang='lat' dir='ltr'>Non</span> <span class='ocrx_word' id='word_1_802' title='bbox 3317 4806 3494 4860; x_wconf 82' lang='lat' dir='ltr'>averti</span> <span class='ocrx_word' id='word_1_803' title='bbox 3547 4804 3751 4878; x_wconf 82' lang='lat' dir='ltr'>faciem</span> <span class='ocrx_word' id='word_1_804' title='bbox 3778 4820 3958 4861; x_wconf 86' lang='lat' dir='ltr'>meam</span> <span class='ocrx_word' id='word_1_805' title='bbox 3989 4822 4023 4860; x_wconf 89' lang='lat' dir='ltr'>a</span> 
     </span>
    </p>
   </div>
   <div class='ocr_carea' id='block_1_111' title="bbox 2370 4894 4025 4965">
    <p class='ocr_par' dir='ltr' id='par_1_111' title="bbox 2370 4894 4025 4965">
     <span class='ocr_line' id='line_1_111' title="bbox 2370 4894 4025 4965; baseline 0.003 -18"><span class='ocrx_word' id='word_1_806' title='bbox 2370 4896 2689 4961; x_wconf 83' lang='lat' dir='ltr'>confusione</span> <span class='ocrx_word' id='word_1_807' title='bbox 2744 4901 3031 4964; x_wconf 81' lang='lat' dir='ltr'>sputorum</span> <span class='ocrx_word' id='word_1_808' title='bbox 3086 4894 3208 4964; x_wconf 85' lang='lat' dir='ltr'>(lsa.</span> <span class='ocrx_word' id='word_1_809' title='bbox 3276 4912 3324 4963; x_wconf 68' lang='grc' dir='ltr'>ι,</span> <span class='ocrx_word' id='word_1_810' title='bbox 3382 4897 3459 4965; x_wconf 81' lang='grc'>6),</span> <span class='ocrx_word' id='word_1_811' title='bbox 3519 4899 3578 4950; x_wconf 88' lang='lat' dir='ltr'>et</span> <span class='ocrx_word' id='word_1_812' title='bbox 3632 4898 3828 4951; x_wconf 86' lang='lat' dir='ltr'>tamen</span> <span class='ocrx_word' id='word_1_813' title='bbox 3881 4910 4025 4952; x_wconf 84' lang='lat' dir='ltr'>cum</span> 
     </span>
    </p>
   </div>
   <div class='ocr_carea' id='block_1_112' title="bbox 2373 4982 4022 5054">
    <p class='ocr_par' dir='ltr' id='par_1_112' title="bbox 2373 4982 4022 5054">
     <span class='ocr_line' id='line_1_112' title="bbox 2373 4982 4022 5054; baseline 0.001 -17"><span class='ocrx_word' id='word_1_814' title='bbox 2373 4987 2548 5054; x_wconf 86' lang='lat' dir='ltr'>caput</span> <span class='ocrx_word' id='word_1_815' title='bbox 2604 4982 2730 5053; x_wconf 86' lang='lat' dir='ltr'>ejus</span> <span class='ocrx_word' id='word_1_816' title='bbox 2788 4982 3117 5054; x_wconf 86' lang='lat' dir='ltr'>percutiant</span> <span class='ocrx_word' id='word_1_817' title='bbox 3173 4984 3459 5039; x_wconf 87' lang='lat' dir='ltr'>arundine</span> <span class='ocrx_word' id='word_1_818' title='bbox 3516 4984 3771 5040; x_wconf 86' lang='lat' dir='ltr'>sustinet</span> <span class='ocrx_word' id='word_1_819' title='bbox 3809 4989 4022 5039; x_wconf 88' lang='lat' dir='ltr'>cuncta</span> 
     </span>
    </p>
   </div>
   <div class='ocr_carea' id='block_1_113' title="bbox 2374 5072 4018 5144">
    <p class='ocr_par' dir='ltr' id='par_1_113' title="bbox 2374 5072 4018 5144">
     <span class='ocr_line' id='line_1_113' title="bbox 2374 5072 4018 5144; baseline 0.001 -17"><span class='ocrx_word' id='word_1_820' title='bbox 2374 5072 2678 5144; x_wconf 83' lang='lat' dir='ltr'>patienter,</span> <span class='ocrx_word' id='word_1_821' title='bbox 2730 5076 2793 5127; x_wconf 90' lang='lat' dir='ltr'>ut</span> <span class='ocrx_word' id='word_1_822' title='bbox 2854 5073 3003 5129; x_wconf 71' lang='lat'>232</span> <span class='ocrx_word' id='word_1_823' title='bbox 3062 5072 3219 5128; x_wconf 76' lang='lat' dir='ltr'>Isaiae</span> <span class='ocrx_word' id='word_1_824' title='bbox 3275 5089 3476 5128; x_wconf 90' lang='lat' dir='ltr'>verum</span> <span class='ocrx_word' id='word_1_825' title='bbox 3517 5073 3787 5129; x_wconf 91' lang='lat' dir='ltr'>ostendat</span> <span class='ocrx_word' id='word_1_826' title='bbox 3814 5072 4018 5129; x_wconf 87' lang='lat' dir='ltr'>vatici-</span> 
     </span>
    </p>
   </div>
   <div class='ocr_carea' id='block_1_114' title="bbox 2374 5196 4024 5271">
    <p class='ocr_par' dir='ltr' id='par_1_114' title="bbox 2374 5196 4024 5271">
     <span class='ocr_line' id='line_1_114' title="bbox 2374 5196 4024 5271; baseline 0 -17"><span class='ocrx_word' id='word_1_827' title='bbox 2374 5216 2524 5271; x_wconf 68' lang='lat' dir='ltr'>szepe</span> <span class='ocrx_word' id='word_1_828' title='bbox 2556 5217 2588 5252; x_wconf 84' lang='lat' dir='ltr'>a</span> <span class='ocrx_word' id='word_1_829' title='bbox 2619 5216 2679 5253; x_wconf 84' lang='lat' dir='ltr'>se</span> <span class='ocrx_word' id='word_1_830' title='bbox 2713 5197 3102 5271; x_wconf 84' lang='lat' dir='ltr'>nominatum,</span> <span class='ocrx_word' id='word_1_831' title='bbox 3152 5196 3390 5271; x_wconf 80' lang='lat' dir='ltr'>plurimi</span> <span class='ocrx_word' id='word_1_832' title='bbox 3422 5198 3572 5271; x_wconf 74' lang='lat' dir='ltr'>facit.</span> <span class='ocrx_word' id='word_1_833' title='bbox 3610 5197 4024 5271; x_wconf 79' lang='lat' dir='ltr'>Assentiantur</span> 
     </span>
    </p>
   </div>
   <div class='ocr_carea' id='block_1_115' title="bbox 2372 5269 4022 5343">
    <p class='ocr_par' dir='ltr' id='par_1_115' title="bbox 2372 5269 4022 5343">
     <span class='ocr_line' id='line_1_115' title="bbox 2372 5269 4022 5343; baseline -0.001 -17"><span class='ocrx_word' id='word_1_834' title='bbox 2372 5269 2604 5343; x_wconf 76' lang='lat' dir='ltr'>queque</span> <span class='ocrx_word' id='word_1_835' title='bbox 2636 5270 2772 5325; x_wconf 85' lang='lat' dir='ltr'>huic</span> <span class='ocrx_word' id='word_1_836' title='bbox 2805 5269 3038 5343; x_wconf 80' lang='lat' dir='ltr'>lectioni</span> <span class='ocrx_word' id='word_1_837' title='bbox 3088 5270 3502 5343; x_wconf 72' lang='lat' dir='ltr'>antiquissimi</span> <span class='ocrx_word' id='word_1_838' title='bbox 3545 5270 3757 5326; x_wconf 85' lang='lat' dir='ltr'>Montis</span> <span class='ocrx_word' id='word_1_839' title='bbox 3790 5270 4022 5343; x_wconf 80' lang='lat' dir='ltr'>Cassini</span> 
     </span>
    </p>
   </div>
   <div class='ocr_carea' id='block_1_116' title="bbox 2372 5341 4018 5415">
    <p class='ocr_par' dir='ltr' id='par_1_116' title="bbox 2372 5341 4018 5415">
     <span class='ocr_line' id='line_1_116' title="bbox 2372 5341 4018 5415; baseline 0 -17"><span class='ocrx_word' id='word_1_840' title='bbox 2372 5341 2620 5408; x_wconf 77' lang='lat' dir='ltr'>codices,</span> <span class='ocrx_word' id='word_1_841' title='bbox 2679 5341 3131 5414; x_wconf 82' lang='lat' dir='ltr'>Longobardicis</span> <span class='ocrx_word' id='word_1_842' title='bbox 3188 5341 4018 5415; x_wconf 26' lang='lat' dir='ltr'>cbaracteribusAconscripti,</span> 
     </span>
    </p>
   </div>
   <div class='ocr_carea' id='block_1_117' title="bbox 2374 5412 4017 5483">
    <p class='ocr_par' dir='ltr' id='par_1_117' title="bbox 2374 5412 4017 5483">
     <span class='ocr_line' id='line_1_117' title="bbox 2374 5412 4017 5483; baseline 0.001 -14"><span class='ocrx_word' id='word_1_843' title='bbox 2374 5431 2615 5470; x_wconf 90' lang='lat' dir='ltr'>numero</span> <span class='ocrx_word' id='word_1_844' title='bbox 2648 5412 2847 5469; x_wconf 87' lang='lat' dir='ltr'>decem</span> <span class='ocrx_word' id='word_1_845' title='bbox 2882 5419 2939 5468; x_wconf 90' lang='lat' dir='ltr'>et</span> <span class='ocrx_word' id='word_1_846' title='bbox 2964 5417 3211 5483; x_wconf 88' lang='lat' dir='ltr'>septem,</span> <span class='ocrx_word' id='word_1_847' title='bbox 3233 5421 3285 5468; x_wconf 86' lang='lat' dir='ltr'>et</span> <span class='ocrx_word' id='word_1_848' title='bbox 3320 5412 3762 5469; x_wconf 86' lang='lat' dir='ltr'>Lovaniensium</span> <span class='ocrx_word' id='word_1_849' title='bbox 3793 5412 4017 5470; x_wconf 81' lang='lat' dir='ltr'>theolo-</span> 
     </span>
    </p>
   </div>
   <div class='ocr_carea' id='block_1_118' title="bbox 2374 5484 4019 5556">
    <p class='ocr_par' dir='ltr' id='par_1_118' title="bbox 2374 5484 4019 5556">
     <span class='ocr_line' id='line_1_118' title="bbox 2374 5484 4019 5556; baseline 0.002 -19"><span class='ocrx_word' id='word_1_850' title='bbox 2374 5503 2579 5556; x_wconf 74' lang='lat' dir='ltr'>gnrum</span> <span class='ocrx_word' id='word_1_851' title='bbox 2643 5502 2866 5540; x_wconf 91' lang='lat' dir='ltr'>omnes.</span> <span class='ocrx_word' id='word_1_852' title='bbox 2926 5485 3158 5539; x_wconf 80' lang='lat' dir='ltr'>Graecus</span> <span class='ocrx_word' id='word_1_853' title='bbox 3214 5485 3394 5556; x_wconf 71' lang='lat' dir='ltr'>codex</span> <span class='ocrx_word' id='word_1_854' title='bbox 3447 5486 3711 5554; x_wconf 83' lang='lat' dir='ltr'>ejusdem</span> <span class='ocrx_word' id='word_1_855' title='bbox 3747 5484 4019 5542; x_wconf 86' lang='lat' dir='ltr'>lectionis</span> 
     </span>
    </p>
   </div>
   <div class='ocr_carea' id='block_1_119' title="bbox 2373 5554 3728 5631">
    <p class='ocr_par' dir='ltr' id='par_1_119' title="bbox 2373 5554 3728 5631">
     <span class='ocr_line' id='line_1_119' title="bbox 2373 5554 3728 5631; baseline -0.004 -18"><span class='ocrx_word' id='word_1_856' title='bbox 2373 5554 2525 5621; x_wconf 82' lang='lat' dir='ltr'>tuus,</span> <span class='ocrx_word' id='word_1_857' title='bbox 2558 5558 2680 5631; x_wconf 89' lang='lat' dir='ltr'>ipse</span> <span class='ocrx_word' id='word_1_858' title='bbox 2713 5573 2947 5631; x_wconf 88' lang='lat' dir='ltr'>quoque</span> <span class='ocrx_word' id='word_1_859' title='bbox 2980 5556 3151 5631; x_wconf 69' lang='lat' dir='ltr'>legat,</span> <span class='ocrx_word' id='word_1_860' title='bbox 3186 5554 3263 5631; x_wconf 62' lang='lat' dir='ltr'>si:</span> <span class='ocrx_word' id='word_1_861' title='bbox 3294 5555 3354 5608; x_wconf 84' lang='grc' dir='ltr'>τὸ</span> <span class='ocrx_word' id='word_1_862' title='bbox 3377 5557 3728 5631; x_wconf 50' lang='grc' dir='ltr'>πραιτῲρρον.</span> 
     </span>
    </p>
   </div>
   <div class='ocr_carea' id='block_1_120' title="bbox 2443 5627 4018 5698">
    <p class='ocr_par' dir='ltr' id='par_1_120' title="bbox 2443 5627 4018 5698">
     <span class='ocr_line' id='line_1_120' title="bbox 2443 5627 4018 5698; baseline 0.001 -15"><span class='ocrx_word' id='word_1_863' title='bbox 2443 5632 2463 5663; x_wconf 74' lang='grc'>³</span> <span class='ocrx_word' id='word_1_864' title='bbox 2508 5627 2743 5685; x_wconf 78' lang='lat' dir='ltr'>Rectius</span> <span class='ocrx_word' id='word_1_865' title='bbox 2799 5627 3056 5684; x_wconf 77' lang='lat' dir='ltr'>fortasse</span> <span class='ocrx_word' id='word_1_866' title='bbox 3098 5627 3279 5682; x_wconf 85' lang='lat' dir='ltr'>Palat.</span> <span class='ocrx_word' id='word_1_867' title='bbox 3342 5627 3484 5684; x_wconf 78' lang='lat' dir='ltr'>mes.</span> <span class='ocrx_word' id='word_1_868' title='bbox 3546 5627 3781 5698; x_wconf 86' lang='lat' dir='ltr'>habent,</span> <span class='ocrx_word' id='word_1_869' title='bbox 3840 5643 4018 5695; x_wconf 74' lang='lat' dir='ltr'>russo.</span> 
     </span>
    </p>
   </div>
   <div class='ocr_carea' id='block_1_121' title="bbox 2374 5698 4021 5770">
    <p class='ocr_par' dir='ltr' id='par_1_121' title="bbox 2374 5698 4021 5770">
     <span class='ocr_line' id='line_1_121' title="bbox 2374 5698 4021 5770; baseline 0.001 -15"><span class='ocrx_word' id='word_1_870' title='bbox 2374 5700 2697 5755; x_wconf 83' lang='lat' dir='ltr'>Trebellius</span> <span class='ocrx_word' id='word_1_871' title='bbox 2730 5701 2785 5755; x_wconf 90' lang='lat' dir='ltr'>in</span> <span class='ocrx_word' id='word_1_872' title='bbox 2808 5700 3133 5761; x_wconf 81' lang='lat' dir='ltr'>Clamlio,et</span> <span class='ocrx_word' id='word_1_873' title='bbox 3167 5698 3446 5770; x_wconf 85' lang='lat' dir='ltr'>Vopiscus</span> <span class='ocrx_word' id='word_1_874' title='bbox 3478 5701 3533 5754; x_wconf 93' lang='lat' dir='ltr'>in</span> <span class='ocrx_word' id='word_1_875' title='bbox 3574 5700 3880 5757; x_wconf 82' lang='lat' dir='ltr'>Aureliano</span> <span class='ocrx_word' id='word_1_876' title='bbox 3910 5700 4021 5756; x_wconf 81' lang='lat' dir='ltr'>hu-</span> 
     </span>
    </p>
   </div>
   <div class='ocr_carea' id='block_1_122' title="bbox 2364 5770 3727 5846">
    <p class='ocr_par' dir='ltr' id='par_1_122' title="bbox 2364 5770 3727 5846">
     <span class='ocr_line' id='line_1_122' title="bbox 2364 5770 3727 5846; baseline -0.001 -17"><span class='ocrx_word' id='word_1_877' title='bbox 2364 5772 2629 5844; x_wconf 87' lang='lat' dir='ltr'>jusmodi</span> <span class='ocrx_word' id='word_1_878' title='bbox 2660 5790 2861 5829; x_wconf 75' lang='lat' dir='ltr'>russus</span> <span class='ocrx_word' id='word_1_879' title='bbox 2888 5770 3114 5827; x_wconf 85' lang='lat' dir='ltr'>tunicas</span> <span class='ocrx_word' id='word_1_880' title='bbox 3145 5788 3347 5846; x_wconf 85' lang='lat' dir='ltr'>rogum</span> <span class='ocrx_word' id='word_1_881' title='bbox 3378 5777 3727 5830; x_wconf 86' lang='lat' dir='ltr'>memorant.</span> 
     </span>
    </p>
   </div>
  </div>
