  <div class='ocr_page' id='page_1' title='image "/cluster/home/n/w/nwhite01/storage/ocr_20150623/26/umn.31951002477320a/114.png"; bbox 0 0 4304 6582; ppageno 0'>
   <div class='ocr_carea' id='block_1_1' title="bbox 359 276 565 437">
    <p class='ocr_par' dir='ltr' id='par_1_1' title="bbox 359 276 565 437">
     <span class='ocr_line' id='line_1_1' title="bbox 359 276 565 437; baseline -0.034 0"><span class='ocrx_word' id='word_1_1' title='bbox 359 351 481 437; x_wconf 65' lang='lat' dir='ltr'>an</span> <span class='ocrx_word' id='word_1_2' title='bbox 556 276 565 281; x_wconf 49' lang='grc'><strong>’</strong></span> 
     </span>
    </p>
   </div>
   <div class='ocr_carea' id='block_1_2' title="bbox 831 356 3323 447">
    <p class='ocr_par' dir='ltr' id='par_1_2' title="bbox 831 356 3323 447">
     <span class='ocr_line' id='line_1_2' title="bbox 831 356 3323 447; baseline 0.009 -27"><span class='ocrx_word' id='word_1_3' title='bbox 831 356 1349 426; x_wconf 81' lang='lat' dir='ltr'>COMMENTAR.</span> <span class='ocrx_word' id='word_1_4' title='bbox 1396 364 1476 427; x_wconf 83' lang='grc' dir='ltr'>ΙΝ</span> <span class='ocrx_word' id='word_1_5' title='bbox 1519 366 2038 445; x_wconf 78' lang='lat' dir='ltr'>EVANGELIUM</span> <span class='ocrx_word' id='word_1_6' title='bbox 2081 367 2465 447; x_wconf 59' lang='lat' dir='ltr'>MATTHIEI</span> <span class='ocrx_word' id='word_1_7' title='bbox 2510 371 2660 435; x_wconf 88' lang='lat' dir='ltr'>LIB.</span> <span class='ocrx_word' id='word_1_8' title='bbox 2705 371 2811 437; x_wconf 83' lang='lat' dir='ltr'>IV.</span> <span class='ocrx_word' id='word_1_9' title='bbox 2857 374 3031 437; x_wconf 88' lang='lat' dir='ltr'><strong>CAP.</strong></span> <span class='ocrx_word' id='word_1_10' title='bbox 3078 374 3323 443; x_wconf 78' lang='lat' dir='ltr'><strong>XXVII.</strong></span> 
     </span>
    </p>
   </div>
   <div class='ocr_carea' id='block_1_3' title="bbox 3668 383 3790 457">
    <p class='ocr_par' dir='ltr' id='par_1_3' title="bbox 3668 383 3790 457">
     <span class='ocr_line' id='line_1_3' title="bbox 3668 383 3790 457; baseline -0.016 -10"><span class='ocrx_word' id='word_1_11' title='bbox 3668 383 3790 457; x_wconf 74' lang='lat'>2:18</span> 
     </span>
    </p>
   </div>
   <div class='ocr_carea' id='block_1_4' title="bbox 362 484 3784 583">
    <p class='ocr_par' dir='ltr' id='par_1_4' title="bbox 362 484 3784 583">
     <span class='ocr_line' id='line_1_4' title="bbox 362 484 3784 583; baseline 0.008 -38"><span class='ocrx_word' id='word_1_12' title='bbox 362 484 555 557; x_wconf 85' lang='lat' dir='ltr'>nium,</span> <span class='ocrx_word' id='word_1_13' title='bbox 607 486 893 557; x_wconf 82' lang='lat' dir='ltr'>dicentis:</span> <span class='ocrx_word' id='word_1_14' title='bbox 951 492 1292 552; x_wconf 83' lang='lat' dir='ltr'>Arundinem</span> <span class='ocrx_word' id='word_1_15' title='bbox 1334 510 1661 570; x_wconf 75' lang='lat' dir='ltr'>quassatam</span> <span class='ocrx_word' id='word_1_16' title='bbox 1720 520 1829 557; x_wconf 75' lang='lat' dir='ltr'>non</span> <span class='ocrx_word' id='word_1_17' title='bbox 1887 520 2017 558; x_wconf 87' lang='lat' dir='ltr'>con-</span> <span class='ocrx_word' id='word_1_18' title='bbox 2048 503 2100 571; x_wconf 84' lang='grc' dir='ltr'><strong>Α</strong></span> <span class='ocrx_word' id='word_1_19' title='bbox 2131 502 2341 561; x_wconf 88' lang='lat' dir='ltr'>noxius</span> <span class='ocrx_word' id='word_1_20' title='bbox 2372 503 2828 578; x_wconf 88' lang='lat' dir='ltr'>cruciﬁgeretur.</span> <span class='ocrx_word' id='word_1_21' title='bbox 2855 507 2958 565; x_wconf 90' lang='lat' dir='ltr'>Sin</span> <span class='ocrx_word' id='word_1_22' title='bbox 2988 511 3183 565; x_wconf 89' lang='lat' dir='ltr'>autem</span> <span class='ocrx_word' id='word_1_23' title='bbox 3216 511 3511 583; x_wconf 84' lang='lat' dir='ltr'>quispiam</span> <span class='ocrx_word' id='word_1_24' title='bbox 3545 520 3784 573; x_wconf 87' lang='lat' dir='ltr'>conten-</span> 
     </span>
    </p>
   </div>
   <div class='ocr_carea' id='block_1_5' title="bbox 361 577 1012 656">
    <p class='ocr_par' dir='ltr' id='par_1_5' title="bbox 361 577 1012 656">
     <span class='ocr_line' id='line_1_5' title="bbox 361 577 1012 656; baseline 0.005 -22"><span class='ocrx_word' id='word_1_25' title='bbox 361 577 577 650; x_wconf 77' lang='lat' dir='ltr'>fringet</span> <span class='ocrx_word' id='word_1_26' title='bbox 607 578 732 648; x_wconf 79' lang='lat' dir='ltr'>(Isa.</span> <span class='ocrx_word' id='word_1_27' title='bbox 761 596 899 641; x_wconf 79' lang='lat' dir='ltr'>xm.</span> <span class='ocrx_word' id='word_1_28' title='bbox 932 583 1012 656; x_wconf 90' lang='lat'>3.)</span> 
     </span>
    </p>
   </div>
   <div class='ocr_carea' id='block_1_6' title="bbox 442 664 2020 751">
    <p class='ocr_par' dir='ltr' id='par_1_6' title="bbox 442 664 2020 751">
     <span class='ocr_line' id='line_1_6' title="bbox 442 664 2020 751; baseline 0.015 -34"><span class='ocrx_word' id='word_1_29' title='bbox 442 664 632 737; x_wconf 88' lang='lat' dir='ltr'>(Vers.</span> <span class='ocrx_word' id='word_1_30' title='bbox 664 668 780 740; x_wconf 85' lang='grc'>31.)</span> <span class='ocrx_word' id='word_1_31' title='bbox 801 690 828 719; x_wconf 88' lang='grc'>‹‹</span> <span class='ocrx_word' id='word_1_32' title='bbox 860 670 929 725; x_wconf 87' lang='lat' dir='ltr'>Et</span> <span class='ocrx_word' id='word_1_33' title='bbox 961 676 1272 745; x_wconf 80' lang='lat' dir='ltr'>postquam</span> <span class='ocrx_word' id='word_1_34' title='bbox 1297 675 1610 735; x_wconf 87' lang='lat' dir='ltr'>illuserunt</span> <span class='ocrx_word' id='word_1_35' title='bbox 1640 681 1711 751; x_wconf 89' lang='lat' dir='ltr'>ei,</span> <span class='ocrx_word' id='word_1_36' title='bbox 1737 688 2020 740; x_wconf 90' lang='lat' dir='ltr'>exuerunt</span> 
     </span>
    </p>
   </div>
   <div class='ocr_carea' id='block_1_7' title="bbox 369 754 2022 844">
    <p class='ocr_par' dir='ltr' id='par_1_7' title="bbox 369 754 2022 844">
     <span class='ocr_line' id='line_1_7' title="bbox 369 754 2022 844; baseline 0.013 -34"><span class='ocrx_word' id='word_1_37' title='bbox 369 770 509 811; x_wconf 89' lang='lat' dir='ltr'>eum</span> <span class='ocrx_word' id='word_1_38' title='bbox 542 754 844 831; x_wconf 82' lang='lat' dir='ltr'>chamyde,</span> <span class='ocrx_word' id='word_1_39' title='bbox 878 760 1197 819; x_wconf 85' lang='lat' dir='ltr'>induerunt</span> <span class='ocrx_word' id='word_1_40' title='bbox 1224 781 1357 823; x_wconf 88' lang='lat' dir='ltr'>eum</span> <span class='ocrx_word' id='word_1_41' title='bbox 1388 770 1753 829; x_wconf 86' lang='lat' dir='ltr'>vestimentis</span> <span class='ocrx_word' id='word_1_42' title='bbox 1783 774 1932 844; x_wconf 85' lang='lat' dir='ltr'>ejus,</span> <span class='ocrx_word' id='word_1_43' title='bbox 1965 778 2022 831; x_wconf 88' lang='lat' dir='ltr'>et</span> 
     </span>
    </p>
   </div>
   <div class='ocr_carea' id='block_1_8' title="bbox 364 844 2019 937">
    <p class='ocr_par' dir='ltr' id='par_1_8' title="bbox 364 844 2019 937">
     <span class='ocr_line' id='line_1_8' title="bbox 364 844 2019 937; baseline 0.013 -39"><span class='ocrx_word' id='word_1_44' title='bbox 364 844 662 901; x_wconf 86' lang='lat' dir='ltr'>duxerunt</span> <span class='ocrx_word' id='word_1_45' title='bbox 691 863 848 921; x_wconf 90' lang='lat' dir='ltr'>eum,</span> <span class='ocrx_word' id='word_1_46' title='bbox 887 854 951 906; x_wconf 93' lang='lat' dir='ltr'>ut</span> <span class='ocrx_word' id='word_1_47' title='bbox 998 853 1430 927; x_wconf 87' lang='lat' dir='ltr'>cruciﬁgerent.</span> <span class='ocrx_word' id='word_1_48' title='bbox 1466 881 1494 908; x_wconf 85' lang='lat'>»</span> <span class='ocrx_word' id='word_1_49' title='bbox 1551 860 1792 925; x_wconf 84' lang='lat' dir='ltr'>Quando</span> <span class='ocrx_word' id='word_1_50' title='bbox 1822 865 2019 937; x_wconf 85' lang='lat' dir='ltr'>ﬂagel-</span> 
     </span>
    </p>
   </div>
   <div class='ocr_carea' id='block_1_9' title="bbox 368 932 2021 1022">
    <p class='ocr_par' dir='ltr' id='par_1_9' title="bbox 368 932 2021 1022">
     <span class='ocr_line' id='line_1_9' title="bbox 368 932 2021 1022; baseline 0.014 -34"><span class='ocrx_word' id='word_1_51' title='bbox 368 932 528 991; x_wconf 88' lang='lat' dir='ltr'>latur</span> <span class='ocrx_word' id='word_1_52' title='bbox 557 934 753 1002; x_wconf 84' lang='lat' dir='ltr'>Jesus,</span> <span class='ocrx_word' id='word_1_53' title='bbox 781 941 837 995; x_wconf 91' lang='lat' dir='ltr'>et</span> <span class='ocrx_word' id='word_1_54' title='bbox 870 942 1245 1015; x_wconf 89' lang='lat' dir='ltr'>conspuitur,</span> <span class='ocrx_word' id='word_1_55' title='bbox 1279 950 1335 1001; x_wconf 90' lang='lat' dir='ltr'>et</span> <span class='ocrx_word' id='word_1_56' title='bbox 1364 947 1662 1022; x_wconf 83' lang='lat' dir='ltr'>irridetur,</span> <span class='ocrx_word' id='word_1_57' title='bbox 1699 970 1813 1009; x_wconf 89' lang='lat' dir='ltr'>non</span> <span class='ocrx_word' id='word_1_58' title='bbox 1846 932 2021 1010; x_wconf 81' lang='lat' dir='ltr'>habet</span> 
     </span>
    </p>
   </div>
   <div class='ocr_carea' id='block_1_10' title="bbox 365 1024 2021 1113">
    <p class='ocr_par' dir='ltr' id='par_1_10' title="bbox 365 1024 2021 1113">
     <span class='ocr_line' id='line_1_10' title="bbox 365 1024 2021 1113; baseline 0.014 -36"><span class='ocrx_word' id='word_1_59' title='bbox 365 1024 604 1097; x_wconf 88' lang='lat' dir='ltr'>propria</span> <span class='ocrx_word' id='word_1_60' title='bbox 652 1028 1021 1102; x_wconf 86' lang='lat' dir='ltr'>vestimenta,</span> <span class='ocrx_word' id='word_1_61' title='bbox 1075 1035 1175 1089; x_wconf 84' lang='lat' dir='ltr'>sed</span> <span class='ocrx_word' id='word_1_62' title='bbox 1232 1051 1301 1091; x_wconf 85' lang='lat' dir='ltr'>ea</span> <span class='ocrx_word' id='word_1_63' title='bbox 1353 1054 1481 1108; x_wconf 67' lang='lat' dir='ltr'>quae</span> <span class='ocrx_word' id='word_1_64' title='bbox 1540 1046 1775 1113; x_wconf 80' lang='lat' dir='ltr'>propter</span> <span class='ocrx_word' id='word_1_65' title='bbox 1818 1047 2021 1101; x_wconf 86' lang='lat' dir='ltr'>nostra</span> 
     </span>
    </p>
   </div>
   <div class='ocr_carea' id='block_1_11' title="bbox 363 1118 2021 1203">
    <p class='ocr_par' dir='ltr' id='par_1_11' title="bbox 363 1118 2021 1203">
     <span class='ocr_line' id='line_1_11' title="bbox 363 1118 2021 1203; baseline 0.013 -36"><span class='ocrx_word' id='word_1_66' title='bbox 363 1118 605 1186; x_wconf 87' lang='lat' dir='ltr'>peccata</span> <span class='ocrx_word' id='word_1_67' title='bbox 636 1124 992 1190; x_wconf 83' lang='lat' dir='ltr'>sumpserat.</span> <span class='ocrx_word' id='word_1_68' title='bbox 1026 1126 1168 1180; x_wconf 88' lang='lat' dir='ltr'>Cum</span> <span class='ocrx_word' id='word_1_69' title='bbox 1210 1132 1405 1182; x_wconf 86' lang='lat' dir='ltr'>autem</span> <span class='ocrx_word' id='word_1_70' title='bbox 1457 1130 1839 1203; x_wconf 89' lang='lat' dir='ltr'>cruciﬁgitur,</span> <span class='ocrx_word' id='word_1_71' title='bbox 1872 1138 1928 1187; x_wconf 87' lang='lat' dir='ltr'>et</span> <span class='ocrx_word' id='word_1_72' title='bbox 1957 1134 2021 1188; x_wconf 85' lang='lat' dir='ltr'>i1-</span> 
     </span>
    </p>
   </div>
   <div class='ocr_carea' id='block_1_12' title="bbox 363 1202 2020 1290">
    <p class='ocr_par' dir='ltr' id='par_1_12' title="bbox 363 1202 2020 1290">
     <span class='ocr_line' id='line_1_12' title="bbox 363 1202 2020 1290; baseline 0.013 -33"><span class='ocrx_word' id='word_1_73' title='bbox 363 1202 615 1269; x_wconf 88' lang='lat' dir='ltr'>lusionis</span> <span class='ocrx_word' id='word_1_74' title='bbox 647 1210 825 1279; x_wconf 90' lang='lat' dir='ltr'>atque</span> <span class='ocrx_word' id='word_1_75' title='bbox 881 1208 1174 1270; x_wconf 90' lang='lat' dir='ltr'>irrisionis</span> <span class='ocrx_word' id='word_1_76' title='bbox 1227 1232 1442 1288; x_wconf 81' lang='lat' dir='ltr'>pompa</span> <span class='ocrx_word' id='word_1_77' title='bbox 1486 1202 1848 1290; x_wconf 67' lang='lat' dir='ltr'>praeterierit,</span> <span class='ocrx_word' id='word_1_78' title='bbox 1881 1226 2020 1279; x_wconf 91' lang='lat' dir='ltr'>tunc</span> 
     </span>
    </p>
   </div>
   <div class='ocr_carea' id='block_1_13' title="bbox 361 1291 2023 1377">
    <p class='ocr_par' dir='ltr' id='par_1_13' title="bbox 361 1291 2023 1377">
     <span class='ocr_line' id='line_1_13' title="bbox 361 1291 2023 1377; baseline 0.014 -31"><span class='ocrx_word' id='word_1_79' title='bbox 361 1291 645 1364; x_wconf 88' lang='lat' dir='ltr'>pristinas</span> <span class='ocrx_word' id='word_1_80' title='bbox 676 1302 867 1354; x_wconf 80' lang='lat' dir='ltr'>vestes</span> <span class='ocrx_word' id='word_1_81' title='bbox 899 1302 1125 1374; x_wconf 86' lang='lat' dir='ltr'>recipit,</span> <span class='ocrx_word' id='word_1_82' title='bbox 1153 1308 1208 1359; x_wconf 90' lang='lat' dir='ltr'>et</span> <span class='ocrx_word' id='word_1_83' title='bbox 1238 1306 1539 1377; x_wconf 88' lang='lat' dir='ltr'>proprium</span> <span class='ocrx_word' id='word_1_84' title='bbox 1573 1311 1824 1365; x_wconf 87' lang='lat' dir='ltr'>assumit</span> <span class='ocrx_word' id='word_1_85' title='bbox 1856 1330 2023 1369; x_wconf 82' lang='lat' dir='ltr'>orna-</span> 
     </span>
    </p>
   </div>
   <div class='ocr_carea' id='block_1_14' title="bbox 360 1386 2023 1467">
    <p class='ocr_par' dir='ltr' id='par_1_14' title="bbox 360 1386 2023 1467">
     <span class='ocr_line' id='line_1_14' title="bbox 360 1386 2023 1467; baseline 0.014 -31"><span class='ocrx_word' id='word_1_86' title='bbox 360 1386 527 1439; x_wconf 90' lang='lat' dir='ltr'>tum:</span> <span class='ocrx_word' id='word_1_87' title='bbox 564 1386 881 1459; x_wconf 84' lang='lat' dir='ltr'>statimque</span> <span class='ocrx_word' id='word_1_88' title='bbox 913 1388 1205 1449; x_wconf 89' lang='lat' dir='ltr'>elementa</span> <span class='ocrx_word' id='word_1_89' title='bbox 1258 1397 1593 1467; x_wconf 83' lang='lat' dir='ltr'>turbantur,</span> <span class='ocrx_word' id='word_1_90' title='bbox 1654 1404 1711 1455; x_wconf 80' lang='lat' dir='ltr'>et</span> <span class='ocrx_word' id='word_1_91' title='bbox 1760 1401 2023 1458; x_wconf 86' lang='lat' dir='ltr'>testimo—</span> 
     </span>
    </p>
   </div>
   <div class='ocr_carea' id='block_1_15' title="bbox 362 1470 1279 1540">
    <p class='ocr_par' dir='ltr' id='par_1_15' title="bbox 362 1470 1279 1540">
     <span class='ocr_line' id='line_1_15' title="bbox 362 1470 1279 1540; baseline 0.014 -13"><span class='ocrx_word' id='word_1_92' title='bbox 362 1470 528 1529; x_wconf 88' lang='lat' dir='ltr'>nium</span> <span class='ocrx_word' id='word_1_93' title='bbox 561 1475 813 1533; x_wconf 82' lang='lat' dir='ltr'>Creatori</span> <span class='ocrx_word' id='word_1_94' title='bbox 846 1478 946 1536; x_wconf 91' lang='lat' dir='ltr'>dat</span> <span class='ocrx_word' id='word_1_95' title='bbox 983 1486 1279 1540; x_wconf 89' lang='lat' dir='ltr'>creatura.</span> 
     </span>
    </p>
   </div>
   <div class='ocr_carea' id='block_1_16' title="bbox 434 1561 2028 1643">
    <p class='ocr_par' dir='ltr' id='par_1_16' title="bbox 434 1561 2028 1643">
     <span class='ocr_line' id='line_1_16' title="bbox 434 1561 2028 1643; baseline 0.012 -26"><span class='ocrx_word' id='word_1_96' title='bbox 434 1561 620 1634; x_wconf 87' lang='lat' dir='ltr'>(Vers.</span> <span class='ocrx_word' id='word_1_97' title='bbox 655 1566 767 1638; x_wconf 82' lang='lat'><strong>32.)</strong></span> <span class='ocrx_word' id='word_1_98' title='bbox 800 1590 827 1617; x_wconf 87' lang='grc'>‹‹</span> <span class='ocrx_word' id='word_1_99' title='bbox 864 1570 1152 1629; x_wconf 88' lang='lat' dir='ltr'>Exeuntes</span> <span class='ocrx_word' id='word_1_100' title='bbox 1184 1579 1403 1643; x_wconf 88' lang='lat' dir='ltr'>autem,</span> <span class='ocrx_word' id='word_1_101' title='bbox 1437 1576 1786 1636; x_wconf 84' lang='lat' dir='ltr'>invenerunt</span> <span class='ocrx_word' id='word_1_102' title='bbox 1836 1582 2028 1639; x_wconf 75' lang='lat' dir='ltr'>homi-</span> 
     </span>
    </p>
   </div>
   <div class='ocr_carea' id='block_1_17' title="bbox 364 1657 2021 1745">
    <p class='ocr_par' dir='ltr' id='par_1_17' title="bbox 364 1657 2021 1745">
     <span class='ocr_line' id='line_1_17' title="bbox 364 1657 2021 1745; baseline 0.014 -38"><span class='ocrx_word' id='word_1_103' title='bbox 364 1668 497 1709; x_wconf 85' lang='lat' dir='ltr'>nem</span> <span class='ocrx_word' id='word_1_104' title='bbox 516 1657 874 1728; x_wconf 76' lang='lat' dir='ltr'>Cyrenaeum,</span> <span class='ocrx_word' id='word_1_105' title='bbox 900 1661 1138 1719; x_wconf 90' lang='lat' dir='ltr'>nomine</span> <span class='ocrx_word' id='word_1_106' title='bbox 1155 1664 1483 1736; x_wconf 86' lang='lat' dir='ltr'>Simonem;</span> <span class='ocrx_word' id='word_1_107' title='bbox 1512 1668 1665 1724; x_wconf 87' lang='lat' dir='ltr'>hunc</span> <span class='ocrx_word' id='word_1_108' title='bbox 1687 1675 2021 1745; x_wconf 87' lang='lat' dir='ltr'>angariave-</span> 
     </span>
    </p>
   </div>
   <div class='ocr_carea' id='block_1_18' title="bbox 365 1745 2023 1833">
    <p class='ocr_par' dir='ltr' id='par_1_18' title="bbox 365 1745 2023 1833">
     <span class='ocr_line' id='line_1_18' title="bbox 365 1745 2023 1833; baseline 0.015 -37"><span class='ocrx_word' id='word_1_109' title='bbox 365 1747 522 1833; x_wconf 73' lang='lat' dir='ltr'>runt,</span> <span class='ocrx_word' id='word_1_110' title='bbox 552 1748 617 1800; x_wconf 91' lang='lat' dir='ltr'>ut</span> <span class='ocrx_word' id='word_1_111' title='bbox 648 1745 876 1804; x_wconf 88' lang='lat' dir='ltr'>tolleret</span> <span class='ocrx_word' id='word_1_112' title='bbox 905 1765 1137 1808; x_wconf 88' lang='lat' dir='ltr'>crucem</span> <span class='ocrx_word' id='word_1_113' title='bbox 1168 1754 1316 1825; x_wconf 84' lang='lat' dir='ltr'>ejus.</span> <span class='ocrx_word' id='word_1_114' title='bbox 1349 1776 1375 1807; x_wconf 73' lang='grc' dir='ltr'><strong>η</strong></span> <span class='ocrx_word' id='word_1_115' title='bbox 1409 1756 1491 1813; x_wconf 87' lang='lat' dir='ltr'>Ne</span> <span class='ocrx_word' id='word_1_116' title='bbox 1523 1758 1655 1829; x_wconf 90' lang='lat' dir='ltr'>quis</span> <span class='ocrx_word' id='word_1_117' title='bbox 1689 1766 1852 1833; x_wconf 87' lang='lat' dir='ltr'>putet</span> <span class='ocrx_word' id='word_1_118' title='bbox 1885 1763 2023 1821; x_wconf 90' lang='lat' dir='ltr'>huic</span> 
     </span>
    </p>
   </div>
   <div class='ocr_carea' id='block_1_19' title="bbox 362 1829 2018 1914">
    <p class='ocr_par' dir='ltr' id='par_1_19' title="bbox 362 1829 2018 1914">
     <span class='ocr_line' id='line_1_19' title="bbox 362 1829 2018 1914; baseline 0.013 -27"><span class='ocrx_word' id='word_1_119' title='bbox 362 1829 489 1890; x_wconf 90' lang='lat' dir='ltr'>loco</span> <span class='ocrx_word' id='word_1_120' title='bbox 501 1834 746 1892; x_wconf 85' lang='lat' dir='ltr'>Joannis</span> <span class='ocrx_word' id='word_1_121' title='bbox 768 1838 1135 1914; x_wconf 68' lang='lat' dir='ltr'>evangelista:</span> <span class='ocrx_word' id='word_1_122' title='bbox 1159 1842 1471 1902; x_wconf 79' lang='lat' dir='ltr'>historiam</span> <span class='ocrx_word' id='word_1_123' title='bbox 1492 1864 1622 1905; x_wconf 81' lang='lat' dir='ltr'>esse</span> <span class='ocrx_word' id='word_1_124' title='bbox 1643 1829 2018 1910; x_wconf 84' lang='lat' dir='ltr'>contrariam.</span> 
     </span>
    </p>
   </div>
   <div class='ocr_carea' id='block_1_20' title="bbox 366 1920 2020 2014">
    <p class='ocr_par' dir='ltr' id='par_1_20' title="bbox 366 1920 2020 2014">
     <span class='ocr_line' id='line_1_20' title="bbox 366 1920 2020 2014; baseline 0.013 -36"><span class='ocrx_word' id='word_1_125' title='bbox 366 1920 468 1979; x_wconf 87' lang='lat' dir='ltr'>Ille</span> <span class='ocrx_word' id='word_1_126' title='bbox 498 1924 655 1980; x_wconf 91' lang='lat' dir='ltr'>enim</span> <span class='ocrx_word' id='word_1_127' title='bbox 688 1926 852 1996; x_wconf 84' lang='lat' dir='ltr'>dixit,</span> <span class='ocrx_word' id='word_1_128' title='bbox 910 1936 1215 1988; x_wconf 84' lang='lat' dir='ltr'>exeuntem</span> <span class='ocrx_word' id='word_1_129' title='bbox 1269 1934 1585 1994; x_wconf 90' lang='lat' dir='ltr'>Dominum</span> <span class='ocrx_word' id='word_1_130' title='bbox 1630 1940 1701 1995; x_wconf 90' lang='lat' dir='ltr'>de</span> <span class='ocrx_word' id='word_1_131' title='bbox 1752 1944 2020 2014; x_wconf 64' lang='lat' dir='ltr'>printorio</span> 
     </span>
    </p>
   </div>
   <div class='ocr_carea' id='block_1_21' title="bbox 363 2017 2020 2100">
    <p class='ocr_par' dir='ltr' id='par_1_21' title="bbox 363 2017 2020 2100">
     <span class='ocr_line' id='line_1_21' title="bbox 363 2017 2020 2100; baseline 0.015 -34"><span class='ocrx_word' id='word_1_132' title='bbox 363 2017 631 2083; x_wconf 81' lang='lat' dir='ltr'>portasse</span> <span class='ocrx_word' id='word_1_133' title='bbox 678 2031 911 2074; x_wconf 90' lang='lat' dir='ltr'>crucem</span> <span class='ocrx_word' id='word_1_134' title='bbox 970 2037 1139 2076; x_wconf 91' lang='lat' dir='ltr'>suam</span> <span class='ocrx_word' id='word_1_135' title='bbox 1182 2023 1359 2093; x_wconf 81' lang='lat' dir='ltr'>(Joan.</span> <span class='ocrx_word' id='word_1_136' title='bbox 1393 2043 1509 2093; x_wconf 82' lang='lat' dir='ltr'>xix,</span> <span class='ocrx_word' id='word_1_137' title='bbox 1545 2029 1665 2100; x_wconf 78' lang='lat'><strong>17);</strong></span> <span class='ocrx_word' id='word_1_138' title='bbox 1710 2030 2020 2091; x_wconf 72' lang='lat' dir='ltr'>Matthaeus</span> 
     </span>
    </p>
   </div>
   <div class='ocr_carea' id='block_1_22' title="bbox 363 2104 2017 2196">
    <p class='ocr_par' dir='ltr' id='par_1_22' title="bbox 363 2104 2017 2196">
     <span class='ocr_line' id='line_1_22' title="bbox 363 2104 2017 2196; baseline 0.014 -40"><span class='ocrx_word' id='word_1_139' title='bbox 363 2106 561 2163; x_wconf 87' lang='lat' dir='ltr'>autem</span> <span class='ocrx_word' id='word_1_140' title='bbox 583 2104 756 2163; x_wconf 83' lang='lat' dir='ltr'>refert</span> <span class='ocrx_word' id='word_1_141' title='bbox 775 2108 929 2179; x_wconf 90' lang='lat' dir='ltr'>quod</span> <span class='ocrx_word' id='word_1_142' title='bbox 955 2108 1306 2169; x_wconf 86' lang='lat' dir='ltr'>invenerunt</span> <span class='ocrx_word' id='word_1_143' title='bbox 1331 2114 1630 2174; x_wconf 88' lang='lat' dir='ltr'>hominem</span> <span class='ocrx_word' id='word_1_144' title='bbox 1659 2120 2017 2196; x_wconf 74' lang='lat' dir='ltr'>Cyrenaeam,</span> 
     </span>
    </p>
   </div>
   <div class='ocr_carea' id='block_1_23' title="bbox 199 2187 2022 2286">
    <p class='ocr_par' dir='ltr' id='par_1_23' title="bbox 199 2187 2022 2286">
     <span class='ocr_line' id='line_1_23' title="bbox 199 2187 2022 2286; baseline 0.014 -43"><span class='ocrx_word' id='word_1_145' title='bbox 199 2187 329 2286; x_wconf 70' lang='lat'>\</span> <span class='ocrx_word' id='word_1_146' title='bbox 364 2191 606 2248; x_wconf 89' lang='lat' dir='ltr'>nomine</span> <span class='ocrx_word' id='word_1_147' title='bbox 634 2194 950 2267; x_wconf 86' lang='lat' dir='ltr'>Simonem,</span> <span class='ocrx_word' id='word_1_148' title='bbox 984 2217 1158 2272; x_wconf 88' lang='lat' dir='ltr'>quem</span> <span class='ocrx_word' id='word_1_149' title='bbox 1193 2204 1566 2276; x_wconf 85' lang='lat' dir='ltr'>angariantcs</span> <span class='ocrx_word' id='word_1_150' title='bbox 1610 2207 2022 2281; x_wconf 73' lang='lat' dir='ltr'>imposuerunt</span> 
     </span>
    </p>
   </div>
   <div class='ocr_carea' id='block_1_24' title="bbox 364 2277 2020 2374">
    <p class='ocr_par' dir='ltr' id='par_1_24' title="bbox 364 2277 2020 2374">
     <span class='ocr_line' id='line_1_24' title="bbox 364 2277 2020 2374; baseline 0.014 -39"><span class='ocrx_word' id='word_1_151' title='bbox 364 2277 418 2336; x_wconf 89' lang='lat' dir='ltr'>ei</span> <span class='ocrx_word' id='word_1_152' title='bbox 452 2297 684 2374; x_wconf 83' lang='lat' dir='ltr'>crucem</span> <span class='ocrx_word' id='word_1_153' title='bbox 726 2284 894 2344; x_wconf 88' lang='lat' dir='ltr'>Jesu.</span> <span class='ocrx_word' id='word_1_154' title='bbox 942 2291 1055 2345; x_wconf 88' lang='lat' dir='ltr'>Sed</span> <span class='ocrx_word' id='word_1_155' title='bbox 1106 2290 1214 2347; x_wconf 90' lang='lat' dir='ltr'>hoc</span> <span class='ocrx_word' id='word_1_156' title='bbox 1263 2277 1715 2367; x_wconf 82' lang='lat' dir='ltr'>intelligendum</span> <span class='ocrx_word' id='word_1_157' title='bbox 1744 2303 2020 2374; x_wconf 89' lang='lat' dir='ltr'>estquod</span> 
     </span>
    </p>
   </div>
   <div class='ocr_carea' id='block_1_25' title="bbox 363 2369 2019 2458">
    <p class='ocr_par' dir='ltr' id='par_1_25' title="bbox 363 2369 2019 2458">
     <span class='ocr_line' id='line_1_25' title="bbox 363 2369 2019 2458; baseline 0.013 -32"><span class='ocrx_word' id='word_1_158' title='bbox 363 2369 668 2445; x_wconf 68' lang='lat' dir='ltr'>egrediens</span> <span class='ocrx_word' id='word_1_159' title='bbox 698 2374 769 2431; x_wconf 91' lang='lat' dir='ltr'>de</span> <span class='ocrx_word' id='word_1_160' title='bbox 819 2379 1092 2448; x_wconf 67' lang='lat' dir='ltr'>praetorio</span> <span class='ocrx_word' id='word_1_161' title='bbox 1151 2381 1346 2450; x_wconf 86' lang='lat' dir='ltr'>Jesus,</span> <span class='ocrx_word' id='word_1_162' title='bbox 1378 2383 1503 2456; x_wconf 91' lang='lat' dir='ltr'>ipse</span> <span class='ocrx_word' id='word_1_163' title='bbox 1544 2389 1860 2458; x_wconf 87' lang='lat' dir='ltr'>portaverit</span> <span class='ocrx_word' id='word_1_164' title='bbox 1882 2369 2019 2447; x_wconf 76' lang='lat' dir='ltr'>cru-</span> 
     </span>
    </p>
   </div>
   <div class='ocr_carea' id='block_1_26' title="bbox 365 2470 2017 2549">
    <p class='ocr_par' dir='ltr' id='par_1_26' title="bbox 365 2470 2017 2549">
     <span class='ocr_line' id='line_1_26' title="bbox 365 2470 2017 2549; baseline 0.013 -34"><span class='ocrx_word' id='word_1_165' title='bbox 365 2475 491 2516; x_wconf 87' lang='lat' dir='ltr'>cem</span> <span class='ocrx_word' id='word_1_166' title='bbox 526 2478 732 2518; x_wconf 88' lang='lat' dir='ltr'>suam:</span> <span class='ocrx_word' id='word_1_167' title='bbox 784 2471 991 2538; x_wconf 90' lang='lat' dir='ltr'>postea</span> <span class='ocrx_word' id='word_1_168' title='bbox 1041 2470 1286 2527; x_wconf 90' lang='lat' dir='ltr'>obvium</span> <span class='ocrx_word' id='word_1_169' title='bbox 1337 2471 1651 2535; x_wconf 87' lang='lat' dir='ltr'>habuerint</span> <span class='ocrx_word' id='word_1_170' title='bbox 1697 2478 2017 2549; x_wconf 88' lang='lat' dir='ltr'>Simonem,</span> 
     </span>
    </p>
   </div>
   <div class='ocr_carea' id='block_1_27' title="bbox 367 2549 2019 2643">
    <p class='ocr_par' dir='ltr' id='par_1_27' title="bbox 367 2549 2019 2643">
     <span class='ocr_line' id='line_1_27' title="bbox 367 2549 2019 2643; baseline 0.015 -39"><span class='ocrx_word' id='word_1_171' title='bbox 367 2549 460 2624; x_wconf 81' lang='lat' dir='ltr'>cui</span> <span class='ocrx_word' id='word_1_172' title='bbox 491 2550 842 2623; x_wconf 80' lang='lat' dir='ltr'>portandam</span> <span class='ocrx_word' id='word_1_173' title='bbox 877 2572 1113 2617; x_wconf 87' lang='lat' dir='ltr'>crucem</span> <span class='ocrx_word' id='word_1_174' title='bbox 1147 2559 1555 2632; x_wconf 87' lang='lat' dir='ltr'>imposuerint.</span> <span class='ocrx_word' id='word_1_175' title='bbox 1600 2569 1776 2624; x_wconf 85' lang='lat' dir='ltr'>Juxta</span> <span class='ocrx_word' id='word_1_176' title='bbox 1804 2585 2019 2643; x_wconf 84' lang='lat' dir='ltr'>anago-</span> 
     </span>
    </p>
   </div>
   <div class='ocr_carea' id='block_1_28' title="bbox 366 2646 2023 2732">
    <p class='ocr_par' dir='ltr' id='par_1_28' title="bbox 366 2646 2023 2732">
     <span class='ocr_line' id='line_1_28' title="bbox 366 2646 2023 2732; baseline 0.014 -39"><span class='ocrx_word' id='word_1_177' title='bbox 366 2655 478 2712; x_wconf 82' lang='lat' dir='ltr'>gen</span> <span class='ocrx_word' id='word_1_178' title='bbox 508 2657 662 2714; x_wconf 86' lang='lat' dir='ltr'>vero,</span> <span class='ocrx_word' id='word_1_179' title='bbox 696 2659 927 2702; x_wconf 87' lang='lat' dir='ltr'>crucem</span> <span class='ocrx_word' id='word_1_180' title='bbox 959 2646 1099 2705; x_wconf 89' lang='lat' dir='ltr'>Jesu</span> <span class='ocrx_word' id='word_1_181' title='bbox 1149 2651 1484 2724; x_wconf 80' lang='lat' dir='ltr'>suscipiunt</span> <span class='ocrx_word' id='word_1_182' title='bbox 1523 2655 1806 2725; x_wconf 86' lang='lat' dir='ltr'>nationes,</span> <span class='ocrx_word' id='word_1_183' title='bbox 1840 2664 1897 2716; x_wconf 91' lang='lat' dir='ltr'>et</span> <span class='ocrx_word' id='word_1_184' title='bbox 1926 2676 2023 2732; x_wconf 87' lang='lat' dir='ltr'>pe-</span> 
     </span>
    </p>
   </div>
   <div class='ocr_carea' id='block_1_29' title="bbox 368 2730 2016 2814">
    <p class='ocr_par' dir='ltr' id='par_1_29' title="bbox 368 2730 2016 2814">
     <span class='ocr_line' id='line_1_29' title="bbox 368 2730 2016 2814; baseline 0.01 -30"><span class='ocrx_word' id='word_1_185' title='bbox 368 2730 640 2803; x_wconf 83' lang='lat' dir='ltr'>regrinus</span> <span class='ocrx_word' id='word_1_186' title='bbox 673 2732 954 2792; x_wconf 82' lang='lat' dir='ltr'>obediens</span> <span class='ocrx_word' id='word_1_187' title='bbox 986 2742 1178 2810; x_wconf 90' lang='lat' dir='ltr'>portat</span> <span class='ocrx_word' id='word_1_188' title='bbox 1209 2740 1598 2814; x_wconf 81' lang='lat' dir='ltr'>ignominiam</span> <span class='ocrx_word' id='word_1_189' title='bbox 1630 2730 1962 2806; x_wconf 79' lang='lat' dir='ltr'>Salvatoris.</span> <span class='ocrx_word' id='word_1_190' title='bbox 1987 2772 2016 2801; x_wconf 88' lang='grc'><strong>››</strong></span> 
     </span>
    </p>
   </div>
   <div class='ocr_carea' id='block_1_30' title="bbox 440 2820 2021 2908">
    <p class='ocr_par' dir='ltr' id='par_1_30' title="bbox 440 2820 2021 2908">
     <span class='ocr_line' id='line_1_30' title="bbox 440 2820 2021 2908; baseline 0.011 -33"><span class='ocrx_word' id='word_1_191' title='bbox 440 2820 626 2892; x_wconf 86' lang='lat' dir='ltr'>(Vere.</span> <span class='ocrx_word' id='word_1_192' title='bbox 677 2823 795 2893; x_wconf 89' lang='lat'>33.)</span> <span class='ocrx_word' id='word_1_193' title='bbox 826 2825 894 2880; x_wconf 88' lang='lat' dir='ltr'>Et</span> <span class='ocrx_word' id='word_1_194' title='bbox 941 2834 1226 2885; x_wconf 90' lang='lat' dir='ltr'>venerunt</span> <span class='ocrx_word' id='word_1_195' title='bbox 1273 2829 1333 2887; x_wconf 90' lang='lat' dir='ltr'>in</span> <span class='ocrx_word' id='word_1_196' title='bbox 1394 2831 1588 2890; x_wconf 90' lang='lat' dir='ltr'>locum</span> <span class='ocrx_word' id='word_1_197' title='bbox 1648 2836 1747 2908; x_wconf 91' lang='lat' dir='ltr'>qui</span> <span class='ocrx_word' id='word_1_198' title='bbox 1807 2837 2021 2895; x_wconf 88' lang='lat' dir='ltr'>dicitur</span> 
     </span>
    </p>
   </div>
   <div class='ocr_carea' id='block_1_31' title="bbox 370 2907 2019 2998">
    <p class='ocr_par' dir='ltr' id='par_1_31' title="bbox 370 2907 2019 2998">
     <span class='ocr_line' id='line_1_31' title="bbox 370 2907 2019 2998; baseline 0.012 -34"><span class='ocrx_word' id='word_1_199' title='bbox 370 2907 675 2998; x_wconf 76' lang='lat' dir='ltr'>Cotgotba,</span> <span class='ocrx_word' id='word_1_200' title='bbox 710 2915 868 2986; x_wconf 84' lang='lat' dir='ltr'>quod</span> <span class='ocrx_word' id='word_1_201' title='bbox 898 2920 989 2971; x_wconf 88' lang='lat' dir='ltr'>est</span> <span class='ocrx_word' id='word_1_202' title='bbox 1017 2916 1289 2977; x_wconf 74' lang='lat' dir='ltr'>CaJvariaa</span> <span class='ocrx_word' id='word_1_203' title='bbox 1319 2918 1505 2980; x_wconf 90' lang='lat' dir='ltr'>locus.</span> <span class='ocrx_word' id='word_1_204' title='bbox 1536 2945 1562 2973; x_wconf 88' lang='grc'><strong>››</strong></span> <span class='ocrx_word' id='word_1_205' title='bbox 1588 2907 1791 2981; x_wconf 85' lang='lat' dir='ltr'>Audivi</span> <span class='ocrx_word' id='word_1_206' title='bbox 1814 2944 2019 2998; x_wconf 86' lang='lat' dir='ltr'>quem-</span> 
     </span>
    </p>
   </div>
   <div class='ocr_carea' id='block_1_32' title="bbox 370 2996 2020 3088">
    <p class='ocr_par' dir='ltr' id='par_1_32' title="bbox 370 2996 2020 3088">
     <span class='ocr_line' id='line_1_32' title="bbox 370 2996 2020 3088; baseline 0.013 -36"><span class='ocrx_word' id='word_1_207' title='bbox 370 2996 505 3054; x_wconf 87' lang='lat' dir='ltr'>dam</span> <span class='ocrx_word' id='word_1_208' title='bbox 536 3002 874 3073; x_wconf 78' lang='lat' dir='ltr'>exposuisse</span> <span class='ocrx_word' id='word_1_209' title='bbox 906 3004 1175 3071; x_wconf 70' lang='lat' dir='ltr'>Calvariae</span> <span class='ocrx_word' id='word_1_210' title='bbox 1207 3007 1399 3066; x_wconf 90' lang='lat' dir='ltr'>locum</span> <span class='ocrx_word' id='word_1_211' title='bbox 1422 3012 1462 3078; x_wconf 88' lang='grc'>¹,</span> <span class='ocrx_word' id='word_1_212' title='bbox 1496 3012 1553 3073; x_wconf 88' lang='lat' dir='ltr'>in</span> <span class='ocrx_word' id='word_1_213' title='bbox 1596 3030 1712 3087; x_wconf 85' lang='lat' dir='ltr'>quo</span> <span class='ocrx_word' id='word_1_214' title='bbox 1752 2996 2020 3088; x_wconf 81' lang='lat' dir='ltr'>sepultus</span> 
     </span>
    </p>
   </div>
   <div class='ocr_carea' id='block_1_33' title="bbox 367 3090 2017 3177">
    <p class='ocr_par' dir='ltr' id='par_1_33' title="bbox 367 3090 2017 3177">
     <span class='ocr_line' id='line_1_33' title="bbox 367 3090 2017 3177; baseline 0.011 -35"><span class='ocrx_word' id='word_1_215' title='bbox 367 3093 458 3157; x_wconf 79' lang='lat' dir='ltr'>est</span> <span class='ocrx_word' id='word_1_216' title='bbox 490 3090 689 3161; x_wconf 79' lang='lat' dir='ltr'>Adam,</span> <span class='ocrx_word' id='word_1_217' title='bbox 749 3097 805 3149; x_wconf 89' lang='lat' dir='ltr'>et</span> <span class='ocrx_word' id='word_1_218' title='bbox 863 3093 992 3152; x_wconf 88' lang='lat' dir='ltr'>ideo</span> <span class='ocrx_word' id='word_1_219' title='bbox 1031 3095 1115 3165; x_wconf 86' lang='lat' dir='ltr'>sic</span> <span class='ocrx_word' id='word_1_220' title='bbox 1164 3098 1522 3171; x_wconf 85' lang='lat' dir='ltr'>appellatum</span> <span class='ocrx_word' id='word_1_221' title='bbox 1576 3119 1725 3170; x_wconf 86' lang='lat' dir='ltr'>esse,</span> <span class='ocrx_word' id='word_1_222' title='bbox 1758 3106 1899 3177; x_wconf 90' lang='lat' dir='ltr'>quia</span> <span class='ocrx_word' id='word_1_223' title='bbox 1936 3105 2017 3161; x_wconf 89' lang='lat' dir='ltr'>ibi</span> 
     </span>
    </p>
   </div>
   <div class='ocr_carea' id='block_1_34' title="bbox 368 3177 2017 3262">
    <p class='ocr_par' dir='ltr' id='par_1_34' title="bbox 368 3177 2017 3262">
     <span class='ocr_line' id='line_1_34' title="bbox 368 3177 2017 3262; baseline 0.012 -30"><span class='ocrx_word' id='word_1_224' title='bbox 368 3177 593 3252; x_wconf 91' lang='lat' dir='ltr'>antiqui</span> <span class='ocrx_word' id='word_1_225' title='bbox 624 3179 882 3243; x_wconf 84' lang='lat' dir='ltr'>hominis</span> <span class='ocrx_word' id='word_1_226' title='bbox 932 3184 1009 3245; x_wconf 79' lang='lat' dir='ltr'>sit</span> <span class='ocrx_word' id='word_1_227' title='bbox 1055 3187 1359 3256; x_wconf 83' lang='lat' dir='ltr'>conditum</span> <span class='ocrx_word' id='word_1_228' title='bbox 1419 3195 1612 3262; x_wconf 87' lang='lat' dir='ltr'>caput,</span> <span class='ocrx_word' id='word_1_229' title='bbox 1648 3196 1705 3248; x_wconf 86' lang='lat' dir='ltr'>et</span> <span class='ocrx_word' id='word_1_230' title='bbox 1748 3193 1857 3249; x_wconf 92' lang='lat' dir='ltr'>hoc</span> <span class='ocrx_word' id='word_1_231' title='bbox 1888 3211 2017 3251; x_wconf 87' lang='lat' dir='ltr'>esse</span> 
     </span>
    </p>
   </div>
   <div class='ocr_carea' id='block_1_35' title="bbox 366 3262 2090 3356">
    <p class='ocr_par' dir='ltr' id='par_1_35' title="bbox 366 3262 2090 3356">
     <span class='ocr_line' id='line_1_35' title="bbox 366 3262 2090 3356; baseline 0.011 -34"><span class='ocrx_word' id='word_1_232' title='bbox 366 3267 523 3343; x_wconf 90' lang='lat' dir='ltr'>quod</span> <span class='ocrx_word' id='word_1_233' title='bbox 552 3270 869 3342; x_wconf 78' lang='lat' dir='ltr'>Apostolus</span> <span class='ocrx_word' id='word_1_234' title='bbox 892 3272 1088 3333; x_wconf 86' lang='lat' dir='ltr'>dicat:</span> <span class='ocrx_word' id='word_1_235' title='bbox 1121 3276 1295 3346; x_wconf 85' lang='lat' dir='ltr'>Surge</span> <span class='ocrx_word' id='word_1_236' title='bbox 1324 3280 1422 3349; x_wconf 88' lang='lat' dir='ltr'>qui</span> <span class='ocrx_word' id='word_1_237' title='bbox 1449 3280 1673 3349; x_wconf 80' lang='lat' dir='ltr'>dormis,</span> <span class='ocrx_word' id='word_1_238' title='bbox 1703 3291 1753 3339; x_wconf 78' lang='lat' dir='ltr'>et</span> <span class='ocrx_word' id='word_1_239' title='bbox 1784 3299 2017 3356; x_wconf 68' lang='lat' dir='ltr'>exsurge</span> <span class='ocrx_word' id='word_1_240' title='bbox 2047 3262 2090 3329; x_wconf 70' lang='grc' dir='ltr'>Ο</span> 
     </span>
    </p>
   </div>
   <div class='ocr_carea' id='block_1_36' title="bbox 360 3360 2008 3444">
    <p class='ocr_par' dir='ltr' id='par_1_36' title="bbox 360 3360 2008 3444">
     <span class='ocr_line' id='line_1_36' title="bbox 360 3360 2008 3444; baseline 0.012 -33"><span class='ocrx_word' id='word_1_241' title='bbox 360 3372 399 3427; x_wconf 73' lang='grc' dir='ltr'><strong><em>ᾳ</em></strong></span> <span class='ocrx_word' id='word_1_242' title='bbox 433 3360 689 3427; x_wconf 86' lang='lat' dir='ltr'>mortuis,</span> <span class='ocrx_word' id='word_1_243' title='bbox 722 3364 771 3425; x_wconf 81' lang='lat' dir='ltr'>et</span> <span class='ocrx_word' id='word_1_244' title='bbox 803 3361 1151 3423; x_wconf 71' lang='lat' dir='ltr'>illuminabat</span> <span class='ocrx_word' id='word_1_245' title='bbox 1197 3373 1246 3424; x_wconf 78' lang='lat' dir='ltr'>te</span> <span class='ocrx_word' id='word_1_246' title='bbox 1304 3367 1457 3427; x_wconf 76' lang='lat'>288</span> <span class='ocrx_word' id='word_1_247' title='bbox 1509 3369 1765 3426; x_wconf 78' lang='lat' dir='ltr'>Christus</span> <span class='ocrx_word' id='word_1_248' title='bbox 1795 3372 2008 3444; x_wconf 79' lang='lat' dir='ltr'>(Ephes.</span> 
     </span>
    </p>
   </div>
   <div class='ocr_carea' id='block_1_37' title="bbox 288 3447 2011 3525">
    <p class='ocr_par' dir='ltr' id='par_1_37' title="bbox 288 3447 2011 3525">
     <span class='ocr_line' id='line_1_37' title="bbox 288 3447 2011 3525; baseline 0.012 -26"><span class='ocrx_word' id='word_1_249' title='bbox 288 3506 305 3513; x_wconf 34' lang='grc' dir='ltr'><em>Α</em></span> <span class='ocrx_word' id='word_1_250' title='bbox 361 3462 417 3514; x_wconf 88' lang='lat' dir='ltr'>v,</span> <span class='ocrx_word' id='word_1_251' title='bbox 461 3447 573 3518; x_wconf 83' lang='grc'>14.)</span> <span class='ocrx_word' id='word_1_252' title='bbox 603 3447 957 3505; x_wconf 87' lang='lat' dir='ltr'>Favorabilis</span> <span class='ocrx_word' id='word_1_253' title='bbox 988 3450 1386 3525; x_wconf 88' lang='lat' dir='ltr'>interpretatio</span> <span class='ocrx_word' id='word_1_254' title='bbox 1416 3461 1473 3513; x_wconf 87' lang='lat' dir='ltr'>et</span> <span class='ocrx_word' id='word_1_255' title='bbox 1512 3458 1781 3517; x_wconf 89' lang='lat' dir='ltr'>mulcens</span> <span class='ocrx_word' id='word_1_256' title='bbox 1811 3479 2011 3519; x_wconf 89' lang='lat' dir='ltr'>aurem</span> 
     </span>
    </p>
   </div>
   <div class='ocr_carea' id='block_1_38' title="bbox 356 3534 2015 3608">
    <p class='ocr_par' dir='ltr' id='par_1_38' title="bbox 356 3534 2015 3608">
     <span class='ocr_line' id='line_1_38' title="bbox 356 3534 2015 3608; baseline 0.012 -19"><span class='ocrx_word' id='word_1_257' title='bbox 356 3534 586 3608; x_wconf 86' lang='lat' dir='ltr'>populi,</span> <span class='ocrx_word' id='word_1_258' title='bbox 621 3553 726 3594; x_wconf 88' lang='lat' dir='ltr'>nec</span> <span class='ocrx_word' id='word_1_259' title='bbox 756 3540 954 3595; x_wconf 91' lang='lat' dir='ltr'>tamen</span> <span class='ocrx_word' id='word_1_260' title='bbox 987 3556 1140 3597; x_wconf 86' lang='lat' dir='ltr'>vera.</span> <span class='ocrx_word' id='word_1_261' title='bbox 1191 3543 1366 3599; x_wconf 85' lang='lat' dir='ltr'>Extra</span> <span class='ocrx_word' id='word_1_262' title='bbox 1414 3546 1619 3602; x_wconf 89' lang='lat' dir='ltr'>urbem</span> <span class='ocrx_word' id='word_1_263' title='bbox 1651 3548 1804 3606; x_wconf 86' lang='lat' dir='ltr'>enim</span> <span class='ocrx_word' id='word_1_264' title='bbox 1833 3555 1889 3608; x_wconf 92' lang='lat' dir='ltr'>et</span> <span class='ocrx_word' id='word_1_265' title='bbox 1924 3553 2015 3608; x_wconf 89' lang='lat' dir='ltr'>fo-</span> 
     </span>
    </p>
   </div>
   <div class='ocr_carea' id='block_1_39' title="bbox 356 3626 2014 3714">
    <p class='ocr_par' dir='ltr' id='par_1_39' title="bbox 356 3626 2014 3714">
     <span class='ocr_line' id='line_1_39' title="bbox 356 3626 2014 3714; baseline 0.013 -36"><span class='ocrx_word' id='word_1_266' title='bbox 356 3640 458 3693; x_wconf 81' lang='lat' dir='ltr'>ras</span> <span class='ocrx_word' id='word_1_267' title='bbox 487 3628 739 3697; x_wconf 87' lang='lat' dir='ltr'>portam,</span> <span class='ocrx_word' id='word_1_268' title='bbox 772 3626 900 3695; x_wconf 91' lang='lat' dir='ltr'>loca</span> <span class='ocrx_word' id='word_1_269' title='bbox 930 3636 1071 3685; x_wconf 89' lang='lat' dir='ltr'>sunt</span> <span class='ocrx_word' id='word_1_270' title='bbox 1100 3629 1159 3687; x_wconf 92' lang='lat' dir='ltr'>in</span> <span class='ocrx_word' id='word_1_271' title='bbox 1184 3631 1401 3704; x_wconf 84' lang='lat' dir='ltr'>quibus</span> <span class='ocrx_word' id='word_1_272' title='bbox 1431 3638 1785 3695; x_wconf 89' lang='lat' dir='ltr'>truncantur</span> <span class='ocrx_word' id='word_1_273' title='bbox 1823 3642 2014 3714; x_wconf 90' lang='lat' dir='ltr'>capita</span> 
     </span>
    </p>
   </div>
   <div class='ocr_carea' id='block_1_40' title="bbox 359 3710 2013 3793">
    <p class='ocr_par' dir='ltr' id='par_1_40' title="bbox 359 3710 2013 3793">
     <span class='ocr_line' id='line_1_40' title="bbox 359 3710 2013 3793; baseline 0.013 -25"><span class='ocrx_word' id='word_1_274' title='bbox 359 3710 801 3786; x_wconf 83' lang='lat' dir='ltr'>damnatorum,</span> <span class='ocrx_word' id='word_1_275' title='bbox 849 3722 908 3772; x_wconf 89' lang='lat' dir='ltr'>et</span> <span class='ocrx_word' id='word_1_276' title='bbox 969 3716 1261 3792; x_wconf 71' lang='lat' dir='ltr'>Calvarizn,</span> <span class='ocrx_word' id='word_1_277' title='bbox 1308 3721 1364 3777; x_wconf 89' lang='lat' dir='ltr'>id</span> <span class='ocrx_word' id='word_1_278' title='bbox 1422 3729 1530 3793; x_wconf 88' lang='lat' dir='ltr'>est,</span> <span class='ocrx_word' id='word_1_279' title='bbox 1593 3710 2013 3788; x_wconf 74' lang='lat' dir='ltr'>decollatorum</span> 
     </span>
    </p>
   </div>
   <div class='ocr_carea' id='block_1_41' title="bbox 362 3807 2012 3882">
    <p class='ocr_par' dir='ltr' id='par_1_41' title="bbox 362 3807 2012 3882">
     <span class='ocr_line' id='line_1_41' title="bbox 362 3807 2012 3882; baseline 0.013 -24"><span class='ocrx_word' id='word_1_280' title='bbox 362 3818 670 3882; x_wconf 81' lang='lat' dir='ltr'>sumpsere</span> <span class='ocrx_word' id='word_1_281' title='bbox 701 3821 935 3875; x_wconf 84' lang='lat' dir='ltr'>nomen.</span> <span class='ocrx_word' id='word_1_282' title='bbox 970 3807 1280 3881; x_wconf 86' lang='lat' dir='ltr'>Propterea</span> <span class='ocrx_word' id='word_1_283' title='bbox 1321 3820 1517 3871; x_wconf 89' lang='lat' dir='ltr'>autem</span> <span class='ocrx_word' id='word_1_284' title='bbox 1570 3815 1647 3872; x_wconf 88' lang='lat' dir='ltr'>ibi</span> <span class='ocrx_word' id='word_1_285' title='bbox 1700 3820 2012 3878; x_wconf 86' lang='lat' dir='ltr'>cruciﬁxus</span> 
     </span>
    </p>
   </div>
   <div class='ocr_carea' id='block_1_42' title="bbox 361 3892 2010 3981">
    <p class='ocr_par' dir='ltr' id='par_1_42' title="bbox 361 3892 2010 3981">
     <span class='ocr_line' id='line_1_42' title="bbox 361 3892 2010 3981; baseline 0.012 -34"><span class='ocrx_word' id='word_1_286' title='bbox 361 3896 452 3959; x_wconf 77' lang='lat' dir='ltr'>est</span> <span class='ocrx_word' id='word_1_287' title='bbox 482 3892 793 3971; x_wconf 80' lang='lat' dir='ltr'>Dominus,</span> <span class='ocrx_word' id='word_1_288' title='bbox 825 3899 890 3959; x_wconf 88' lang='lat' dir='ltr'>ut</span> <span class='ocrx_word' id='word_1_289' title='bbox 922 3897 1019 3953; x_wconf 89' lang='lat' dir='ltr'>ubi</span> <span class='ocrx_word' id='word_1_290' title='bbox 1052 3899 1216 3970; x_wconf 88' lang='lat' dir='ltr'>prius</span> <span class='ocrx_word' id='word_1_291' title='bbox 1246 3906 1373 3959; x_wconf 86' lang='lat' dir='ltr'>erat</span> <span class='ocrx_word' id='word_1_292' title='bbox 1401 3920 1536 3961; x_wconf 88' lang='lat' dir='ltr'>area</span> <span class='ocrx_word' id='word_1_293' title='bbox 1574 3906 2010 3981; x_wconf 88' lang='lat' dir='ltr'>damnatorum,</span> 
     </span>
    </p>
   </div>
   <div class='ocr_carea' id='block_1_43' title="bbox 361 3981 2013 4072">
    <p class='ocr_par' dir='ltr' id='par_1_43' title="bbox 361 3981 2013 4072">
     <span class='ocr_line' id='line_1_43' title="bbox 361 3981 2013 4072; baseline 0.013 -36"><span class='ocrx_word' id='word_1_294' title='bbox 361 3981 445 4053; x_wconf 80' lang='lat' dir='ltr'>ibi</span> <span class='ocrx_word' id='word_1_295' title='bbox 475 3982 839 4072; x_wconf 79' lang='lat' dir='ltr'>erigerentur</span> <span class='ocrx_word' id='word_1_296' title='bbox 882 3986 1088 4044; x_wconf 89' lang='lat' dir='ltr'>vexilla</span> <span class='ocrx_word' id='word_1_297' title='bbox 1138 3993 1399 4064; x_wconf 82' lang='lat' dir='ltr'>martyrii</span> <span class='ocrx_word' id='word_1_298' title='bbox 1428 4010 1440 4061; x_wconf 92' lang='lat'><strong>;</strong></span> <span class='ocrx_word' id='word_1_299' title='bbox 1498 3998 1555 4050; x_wconf 91' lang='lat' dir='ltr'>et</span> <span class='ocrx_word' id='word_1_300' title='bbox 1584 4000 1877 4067; x_wconf 90' lang='lat' dir='ltr'>quomodo</span> <span class='ocrx_word' id='word_1_301' title='bbox 1908 4016 2013 4072; x_wconf 92' lang='lat' dir='ltr'>pro</span> 
     </span>
    </p>
   </div>
   <div class='ocr_carea' id='block_1_44' title="bbox 373 4066 2011 4160">
    <p class='ocr_par' dir='ltr' id='par_1_44' title="bbox 373 4066 2011 4160">
     <span class='ocr_line' id='line_1_44' title="bbox 373 4066 2011 4160; baseline 0.011 -32"><span class='ocrx_word' id='word_1_302' title='bbox 373 4070 541 4149; x_wconf 82' lang='lat' dir='ltr'>nobis</span> <span class='ocrx_word' id='word_1_303' title='bbox 572 4066 953 4131; x_wconf 82' lang='lat' dir='ltr'>maledictum</span> <span class='ocrx_word' id='word_1_304' title='bbox 994 4077 1182 4135; x_wconf 90' lang='lat' dir='ltr'>crucis</span> <span class='ocrx_word' id='word_1_305' title='bbox 1214 4080 1403 4138; x_wconf 88' lang='lat' dir='ltr'>factus</span> <span class='ocrx_word' id='word_1_306' title='bbox 1442 4087 1549 4155; x_wconf 90' lang='lat' dir='ltr'>est,</span> <span class='ocrx_word' id='word_1_307' title='bbox 1576 4066 1647 4153; x_wconf 85' lang='lat' dir='ltr'>et</span> <span class='ocrx_word' id='word_1_308' title='bbox 1686 4066 2011 4160; x_wconf 78' lang='lat' dir='ltr'>ﬂagellatus</span> 
     </span>
    </p>
   </div>
   <div class='ocr_carea' id='block_1_45' title="bbox 362 4162 2012 4249">
    <p class='ocr_par' dir='ltr' id='par_1_45' title="bbox 362 4162 2012 4249">
     <span class='ocr_line' id='line_1_45' title="bbox 362 4162 2012 4249; baseline 0.012 -35"><span class='ocrx_word' id='word_1_309' title='bbox 362 4163 474 4237; x_wconf 80' lang='lat' dir='ltr'>est,</span> <span class='ocrx_word' id='word_1_310' title='bbox 506 4166 561 4218; x_wconf 87' lang='lat' dir='ltr'>et</span> <span class='ocrx_word' id='word_1_311' title='bbox 592 4162 906 4231; x_wconf 84' lang='lat' dir='ltr'>cruciﬁxus</span> <span class='ocrx_word' id='word_1_312' title='bbox 936 4181 948 4222; x_wconf 90' lang='lat'>:</span> <span class='ocrx_word' id='word_1_313' title='bbox 982 4166 1069 4223; x_wconf 90' lang='lat' dir='ltr'>sic</span> <span class='ocrx_word' id='word_1_314' title='bbox 1115 4185 1219 4240; x_wconf 90' lang='lat' dir='ltr'>pro</span> <span class='ocrx_word' id='word_1_315' title='bbox 1267 4171 1533 4229; x_wconf 90' lang='lat' dir='ltr'>omnium</span> <span class='ocrx_word' id='word_1_316' title='bbox 1591 4174 1782 4233; x_wconf 88' lang='lat' dir='ltr'>salute</span> <span class='ocrx_word' id='word_1_317' title='bbox 1841 4177 2012 4249; x_wconf 81' lang='lat' dir='ltr'>quasi</span> 
     </span>
    </p>
   </div>
   <div class='ocr_carea' id='block_1_46' title="bbox 441 4283 2008 4373">
    <p class='ocr_par' dir='ltr' id='par_1_46' title="bbox 441 4283 2008 4373">
     <span class='ocr_line' id='line_1_46' title="bbox 441 4283 2008 4373; baseline 0.011 -33"><span class='ocrx_word' id='word_1_318' title='bbox 441 4283 787 4373; x_wconf 61' lang='lat' dir='ltr'>{Atquaita</span> <span class='ocrx_word' id='word_1_319' title='bbox 818 4289 1408 4373; x_wconf 52' lang='lat' dir='ltr'>quidemnsenserunt</span> <span class='ocrx_word' id='word_1_320' title='bbox 1457 4296 1637 4373; x_wconf 82' lang='lat' dir='ltr'>Paula</span> <span class='ocrx_word' id='word_1_321' title='bbox 1683 4304 1749 4373; x_wconf 23' lang='lat' dir='ltr'>et,</span> <span class='ocrx_word' id='word_1_322' title='bbox 1800 4301 2008 4358; x_wconf 86' lang='lat' dir='ltr'>Eusto-</span> 
     </span>
    </p>
   </div>
   <div class='ocr_carea' id='block_1_47' title="bbox 326 4354 2011 4437">
    <p class='ocr_par' dir='ltr' id='par_1_47' title="bbox 326 4354 2011 4437">
     <span class='ocr_line' id='line_1_47' title="bbox 326 4354 2011 4437; baseline 0.011 -26"><span class='ocrx_word' id='word_1_323' title='bbox 326 4398 329 4401; x_wconf 48' lang='grc' dir='ltr'><strong><em>λ</em></strong></span> <span class='ocrx_word' id='word_1_324' title='bbox 363 4354 770 4437; x_wconf 62' lang='grc' dir='ltr'>ᾳὴὶυωξέρίδι.</span> <span class='ocrx_word' id='word_1_325' title='bbox 831 4354 981 4437; x_wconf 74' lang='lat' dir='ltr'>inter</span> <span class='ocrx_word' id='word_1_326' title='bbox 1020 4362 1512 4437; x_wconf 67' lang='lat' dir='ltr'>Hieronymianas</span> <span class='ocrx_word' id='word_1_327' title='bbox 1560 4371 1650 4437; x_wconf 83' lang='grc'>46,</span> <span class='ocrx_word' id='word_1_328' title='bbox 1681 4354 1751 4427; x_wconf 77' lang='lat' dir='ltr'>ad</span> <span class='ocrx_word' id='word_1_329' title='bbox 1786 4354 2011 4429; x_wconf 64' lang='grc' dir='ltr'>ἡᾱιῖέέι-</span> 
     </span>
    </p>
   </div>
   <div class='ocr_carea' id='block_1_48' title="bbox 363 4427 2009 4528">
    <p class='ocr_par' dir='ltr' id='par_1_48' title="bbox 363 4427 2009 4528">
     <span class='ocr_line' id='line_1_48' title="bbox 363 4427 2009 4528; baseline 0.012 -45"><span class='ocrx_word' id='word_1_330' title='bbox 363 4429 498 4499; x_wconf 74' lang='lat' dir='ltr'>tam,</span> <span class='ocrx_word' id='word_1_331' title='bbox 530 4427 1087 4528; x_wconf 46' lang='lat' dir='ltr'>cui—ponscrihendfe</span> <span class='ocrx_word' id='word_1_332' title='bbox 1136 4427 1693 4528; x_wconf 49' lang='lat' dir='ltr'>sensus&#39;prmstisse</span> <span class='ocrx_word' id='word_1_333' title='bbox 1730 4427 2009 4528; x_wconf 60' lang='lat' dir='ltr'>Hierony-</span> 
     </span>
    </p>
   </div>
   <div class='ocr_carea' id='block_1_49' title="bbox 360 4490 2009 4587">
    <p class='ocr_par' dir='ltr' id='par_1_49' title="bbox 360 4490 2009 4587">
     <span class='ocr_line' id='line_1_49' title="bbox 360 4490 2009 4587; baseline 0.01 -32"><span class='ocrx_word' id='word_1_334' title='bbox 360 4490 841 4587; x_wconf 34' lang='lat' dir='ltr'>mum,vu.l‘garis</span> <span class='ocrx_word' id='word_1_335' title='bbox 885 4492 1082 4587; x_wconf 68' lang='lat' dir='ltr'>opinio</span> <span class='ocrx_word' id='word_1_336' title='bbox 1118 4490 1265 4587; x_wconf 15' lang='lat' dir='ltr'>_est.~</span> <span class='ocrx_word' id='word_1_337' title='bbox 1296 4531 1322 4560; x_wconf 84' lang='lat'><strong>«</strong></span> <span class='ocrx_word' id='word_1_338' title='bbox 1360 4490 1568 4587; x_wconf 48' lang='lat' dir='ltr'>L‘ocus,</span> <span class='ocrx_word' id='word_1_339' title='bbox 1590 4512 1914 4587; x_wconf 50' lang='lat' dir='ltr'>inquiunt,</span> <span class='ocrx_word' id='word_1_340' title='bbox 1947 4490 2009 4573; x_wconf 69' lang='lat' dir='ltr'>in</span> 
     </span>
    </p>
   </div>
   <div class='ocr_carea' id='block_1_50' title="bbox 360 4573 2007 4659">
    <p class='ocr_par' dir='ltr' id='par_1_50' title="bbox 360 4573 2007 4659">
     <span class='ocr_line' id='line_1_50' title="bbox 360 4573 2007 4659; baseline 0.01 -32"><span class='ocrx_word' id='word_1_341' title='bbox 360 4588 478 4659; x_wconf 70' lang='lat' dir='ltr'>quo</span> <span class='ocrx_word' id='word_1_342' title='bbox 507 4573 818 4659; x_wconf 68' lang='lat' dir='ltr'>crucifixus</span> <span class='ocrx_word' id='word_1_343' title='bbox 848 4573 942 4632; x_wconf 70' lang='lat' dir='ltr'>est</span> <span class='ocrx_word' id='word_1_344' title='bbox 966 4577 1251 4659; x_wconf 73' lang='lat' dir='ltr'>Dominus</span> <span class='ocrx_word' id='word_1_345' title='bbox 1283 4586 1483 4659; x_wconf 77' lang='lat' dir='ltr'>noster</span> <span class='ocrx_word' id='word_1_346' title='bbox 1511 4573 1771 4659; x_wconf 69' lang='lat' dir='ltr'>Calvaria</span> <span class='ocrx_word' id='word_1_347' title='bbox 1810 4573 2007 4659; x_wconf 74' lang='lat' dir='ltr'>appel-</span> 
     </span>
    </p>
   </div>
   <div class='ocr_carea' id='block_1_51' title="bbox 358 4636 2088 4725">
    <p class='ocr_par' dir='ltr' id='par_1_51' title="bbox 358 4636 2088 4725">
     <span class='ocr_line' id='line_1_51' title="bbox 358 4636 2088 4725; baseline 0.01 -26"><span class='ocrx_word' id='word_1_348' title='bbox 358 4636 536 4725; x_wconf 59' lang='lat' dir='ltr'>i&#39;stur,</span> <span class='ocrx_word' id='word_1_349' title='bbox 569 4645 811 4725; x_wconf 75' lang='lat' dir='ltr'>scilicet,</span> <span class='ocrx_word' id='word_1_350' title='bbox 847 4650 1001 4720; x_wconf 88' lang='lat' dir='ltr'>quod</span> <span class='ocrx_word' id='word_1_351' title='bbox 1035 4650 1126 4725; x_wconf 76' lang='lat' dir='ltr'>ibi</span> <span class='ocrx_word' id='word_1_352' title='bbox 1147 4651 1226 4706; x_wconf 89' lang='lat' dir='ltr'>sit</span> <span class='ocrx_word' id='word_1_353' title='bbox 1250 4636 1477 4725; x_wconf 88' lang='lat' dir='ltr'>antiqui</span> <span class='ocrx_word' id='word_1_354' title='bbox 1524 4636 1781 4712; x_wconf 54' lang='lat' dir='ltr'>hamis;</span> <span class='ocrx_word' id='word_1_355' title='bbox 1812 4636 2011 4716; x_wconf 52' lang='lat' dir='ltr'>&quot;ciiiil-</span> <span class='ocrx_word' id='word_1_356' title='bbox 2041 4636 2088 4700; x_wconf 88' lang='lat' dir='ltr'>D</span> 
     </span>
    </p>
   </div>
   <div class='ocr_carea' id='block_1_52' title="bbox 392 4716 2010 4803">
    <p class='ocr_par' dir='ltr' id='par_1_52' title="bbox 392 4716 2010 4803">
     <span class='ocr_line' id='line_1_52' title="bbox 392 4716 2010 4803; baseline 0.01 -31"><span class='ocrx_word' id='word_1_357' title='bbox 392 4716 450 4803; x_wconf 47' lang='lat' dir='ltr'>.i‘a</span> <span class='ocrx_word' id='word_1_358' title='bbox 478 4716 737 4803; x_wconf 63' lang='lat' dir='ltr'>condita,</span> <span class='ocrx_word' id='word_1_359' title='bbox 799 4716 881 4787; x_wconf 54' lang='lat' dir='ltr'>ut&#39;</span> <span class='ocrx_word' id='word_1_360' title='bbox 911 4722 1211 4803; x_wconf 63' lang='lat' dir='ltr'>secundus</span> <span class='ocrx_word' id='word_1_361' title='bbox 1262 4716 1470 4803; x_wconf 46' lang='lat' dir='ltr'>{\dam,</span> <span class='ocrx_word' id='word_1_362' title='bbox 1500 4726 1577 4803; x_wconf 84' lang='lat' dir='ltr'>_id</span> <span class='ocrx_word' id='word_1_363' title='bbox 1625 4733 1733 4795; x_wconf 89' lang='lat' dir='ltr'>est,</span> <span class='ocrx_word' id='word_1_364' title='bbox 1766 4732 2010 4803; x_wconf 77' lang='lat' dir='ltr'>sanguis</span> 
     </span>
    </p>
   </div>
   <div class='ocr_carea' id='block_1_53' title="bbox 358 4734 2009 4873">
    <p class='ocr_par' dir='ltr' id='par_1_53' title="bbox 358 4734 2009 4873">
     <span class='ocr_line' id='line_1_53' title="bbox 358 4734 2009 4844; baseline 0.011 -73"><span class='ocrx_word' id='word_1_365' title='bbox 358 4734 450 4844; x_wconf 47' lang='lat' dir='ltr'>iis,</span> <span class='ocrx_word' id='word_1_366' title='bbox 478 4734 737 4799; x_wconf 63' lang='lat' dir='ltr'>condita,</span> <span class='ocrx_word' id='word_1_367' title='bbox 799 4734 864 4787; x_wconf 76' lang='lat' dir='ltr'>ut</span> <span class='ocrx_word' id='word_1_368' title='bbox 911 4734 1211 4805; x_wconf 66' lang='lat' dir='ltr'>secundus</span> <span class='ocrx_word' id='word_1_369' title='bbox 1262 4734 1470 4807; x_wconf 45' lang='lat' dir='ltr'>edam,</span> <span class='ocrx_word' id='word_1_370' title='bbox 1524 4734 1577 4782; x_wconf 88' lang='lat' dir='ltr'>id</span> <span class='ocrx_word' id='word_1_371' title='bbox 1625 4734 1733 4795; x_wconf 89' lang='lat' dir='ltr'>est,</span> <span class='ocrx_word' id='word_1_372' title='bbox 1766 4734 2009 4815; x_wconf 75' lang='lat' dir='ltr'>sanguis</span> 
     </span>
     <span class='ocr_line' id='line_1_54' title="bbox 450 4791 2009 4873; baseline 0.012 -30"><span class='ocrx_word' id='word_1_373' title='bbox 450 4791 873 4873; x_wconf 55' lang='lat' dir='ltr'>ristrdepruce</span> <span class='ocrx_word' id='word_1_374' title='bbox 903 4793 1153 4873; x_wconf 64' lang='lat' dir='ltr'>saltans,</span> <span class='ocrx_word' id='word_1_375' title='bbox 1202 4811 1410 4873; x_wconf 54' lang='lat' dir='ltr'>primL</span> <span class='ocrx_word' id='word_1_376' title='bbox 1435 4797 1718 4873; x_wconf 79' lang='lat' dir='ltr'>Adamet</span> <span class='ocrx_word' id='word_1_377' title='bbox 1754 4808 2009 4873; x_wconf 73' lang='lat' dir='ltr'>Jacentis</span> 
     </span>
    </p>
   </div>
   <div class='ocr_carea' id='block_1_54' title="bbox 404 4859 2009 4936">
    <p class='ocr_par' dir='ltr' id='par_1_54' title="bbox 404 4859 2009 4936">
     <span class='ocr_line' id='line_1_55' title="bbox 404 4859 2009 4936; baseline 0.007 -17"><span class='ocrx_word' id='word_1_378' title='bbox 404 4859 705 4936; x_wconf 56' lang='lat' dir='ltr'>rotoplasti</span> <span class='ocrx_word' id='word_1_379' title='bbox 734 4869 965 4936; x_wconf 78' lang='lat' dir='ltr'>peccata</span> <span class='ocrx_word' id='word_1_380' title='bbox 999 4859 1266 4922; x_wconf 74' lang='lat' dir='ltr'>dilueret.</span> <span class='ocrx_word' id='word_1_381' title='bbox 1304 4890 1325 4917; x_wconf 66' lang='grc' dir='ltr'>ι»</span> <span class='ocrx_word' id='word_1_382' title='bbox 1360 4868 1578 4926; x_wconf 89' lang='lat' dir='ltr'>Verum</span> <span class='ocrx_word' id='word_1_383' title='bbox 1627 4859 1777 4929; x_wconf 67' lang='lat' dir='ltr'>hanc</span> <span class='ocrx_word' id='word_1_384' title='bbox 1832 4859 2009 4931; x_wconf 84' lang='lat' dir='ltr'>veluti</span> 
     </span>
    </p>
   </div>
   <div class='ocr_carea' id='block_1_55' title="bbox 423 4931 2007 5012">
    <p class='ocr_par' dir='ltr' id='par_1_55' title="bbox 423 4931 2007 5012">
     <span class='ocr_line' id='line_1_56' title="bbox 423 4931 2007 5012; baseline 0.01 -24"><span class='ocrx_word' id='word_1_385' title='bbox 423 4931 624 5012; x_wconf 66' lang='lat' dir='ltr'>bulam</span> <span class='ocrx_word' id='word_1_386' title='bbox 675 4931 983 5012; x_wconf 75' lang='lat' dir='ltr'>ipse__alibi</span> <span class='ocrx_word' id='word_1_387' title='bbox 1033 4936 1423 5012; x_wconf 73' lang='lat' dir='ltr'>Hieronymus</span> <span class='ocrx_word' id='word_1_388' title='bbox 1489 4945 1779 5001; x_wconf 87' lang='lat' dir='ltr'>exsufﬁat.</span> <span class='ocrx_word' id='word_1_389' title='bbox 1825 4949 2007 5012; x_wconf 86' lang='lat' dir='ltr'>Quem</span> 
     </span>
    </p>
   </div>
   <div class='ocr_carea' id='block_1_56' title="bbox 360 5004 2008 5078">
    <p class='ocr_par' dir='ltr' id='par_1_56' title="bbox 360 5004 2008 5078">
     <span class='ocr_line' id='line_1_57' title="bbox 360 5004 2008 5078; baseline 0.007 -14"><span class='ocrx_word' id='word_1_390' title='bbox 360 5019 497 5078; x_wconf 54' lang='lat' dir='ltr'>vero</span> <span class='ocrx_word' id='word_1_391' title='bbox 537 5004 633 5062; x_wconf 90' lang='lat' dir='ltr'>hic</span> <span class='ocrx_word' id='word_1_392' title='bbox 664 5004 727 5064; x_wconf 81' lang='lat' dir='ltr'>se</span> <span class='ocrx_word' id='word_1_393' title='bbox 784 5008 926 5067; x_wconf 82' lang='lat' dir='ltr'>dicit</span> <span class='ocrx_word' id='word_1_394' title='bbox 973 5004 1288 5078; x_wconf 75' lang='lat' dir='ltr'>audivisse,</span> <span class='ocrx_word' id='word_1_395' title='bbox 1340 5013 1399 5068; x_wconf 89' lang='lat' dir='ltr'>in</span> <span class='ocrx_word' id='word_1_396' title='bbox 1449 5004 1898 5075; x_wconf 77' lang='lat' dir='ltr'>Commentariis</span> <span class='ocrx_word' id='word_1_397' title='bbox 1947 5020 2008 5076; x_wconf 90' lang='lat' dir='ltr'>in</span> 
     </span>
    </p>
   </div>
   <div class='ocr_carea' id='block_1_57' title="bbox 361 5074 2005 5157">
    <p class='ocr_par' dir='ltr' id='par_1_57' title="bbox 361 5074 2005 5157">
     <span class='ocr_line' id='line_1_58' title="bbox 361 5074 2005 5157; baseline 0.009 -24"><span class='ocrx_word' id='word_1_398' title='bbox 361 5074 545 5157; x_wconf 65' lang='lat' dir='ltr'>Epist.</span> <span class='ocrx_word' id='word_1_399' title='bbox 607 5078 677 5134; x_wconf 88' lang='lat' dir='ltr'>ad</span> <span class='ocrx_word' id='word_1_400' title='bbox 718 5078 1004 5157; x_wconf 72' lang='lat' dir='ltr'>Ephesios</span> <span class='ocrx_word' id='word_1_401' title='bbox 1052 5098 1104 5157; x_wconf 39' lang='lat' dir='ltr'>vf</span> <span class='ocrx_word' id='word_1_402' title='bbox 1150 5074 1639 5157; x_wconf 46' lang='lat' dir='ltr'>_14,&#39;diligentius</span> <span class='ocrx_word' id='word_1_403' title='bbox 1688 5074 2005 5148; x_wconf 36' lang='lat' dir='ltr'>describit?</span> 
     </span>
    </p>
   </div>
   <div class='ocr_carea' id='block_1_58' title="bbox 368 5147 2008 5227">
    <p class='ocr_par' dir='ltr' id='par_1_58' title="bbox 368 5147 2008 5227">
     <span class='ocr_line' id='line_1_59' title="bbox 368 5147 2008 5227; baseline 0.012 -25"><span class='ocrx_word' id='word_1_404' title='bbox 368 5147 555 5227; x_wconf 50' lang='lat' dir='ltr'>fﬁcio</span> <span class='ocrx_word' id='word_1_405' title='bbox 583 5165 696 5218; x_wconf 89' lang='lat' dir='ltr'>me,</span> <span class='ocrx_word' id='word_1_406' title='bbox 730 5147 943 5227; x_wconf 79' lang='lat' dir='ltr'>inquit,</span> <span class='ocrx_word' id='word_1_407' title='bbox 970 5147 1263 5227; x_wconf 72' lang='lat' dir='ltr'>audivisse</span> <span class='ocrx_word' id='word_1_408' title='bbox 1294 5147 1610 5227; x_wconf 71' lang='lat' dir='ltr'>quemdam</span> <span class='ocrx_word' id='word_1_409' title='bbox 1643 5161 1714 5217; x_wconf 91' lang='lat' dir='ltr'>de</span> <span class='ocrx_word' id='word_1_410' title='bbox 1743 5161 1852 5219; x_wconf 89' lang='lat' dir='ltr'>hoc</span> <span class='ocrx_word' id='word_1_411' title='bbox 1886 5147 2008 5221; x_wconf 81' lang='lat' dir='ltr'>loco</span> 
     </span>
    </p>
   </div>
   <div class='ocr_carea' id='block_1_59' title="bbox 361 5218 2007 5306">
    <p class='ocr_par' dir='ltr' id='par_1_59' title="bbox 361 5218 2007 5306">
     <span class='ocr_line' id='line_1_60' title="bbox 361 5218 2007 5306; baseline 0.01 -31"><span class='ocrx_word' id='word_1_412' title='bbox 361 5218 782 5306; x_wconf 66' lang='lat' dir='ltr'>disputantem,</span> <span class='ocrx_word' id='word_1_413' title='bbox 799 5218 979 5306; x_wconf 45' lang='lat' dir='ltr'>qui‘in</span> <span class='ocrx_word' id='word_1_414' title='bbox 995 5225 1283 5306; x_wconf 62' lang='lat' dir='ltr'>theatrale</span> <span class='ocrx_word' id='word_1_415' title='bbox 1307 5218 1686 5306; x_wconf 72' lang='lat' dir='ltr'>miraculum,</span> <span class='ocrx_word' id='word_1_416' title='bbox 1703 5218 2007 5306; x_wconf 82' lang='lat' dir='ltr'>nunquam</span> 
     </span>
    </p>
   </div>
   <div class='ocr_carea' id='block_1_60' title="bbox 360 5292 2005 5380">
    <p class='ocr_par' dir='ltr' id='par_1_60' title="bbox 360 5292 2005 5380">
     <span class='ocr_line' id='line_1_61' title="bbox 360 5292 2005 5380; baseline 0.01 -32"><span class='ocrx_word' id='word_1_417' title='bbox 360 5292 497 5380; x_wconf 68' lang='lat' dir='ltr'>sate</span> <span class='ocrx_word' id='word_1_418' title='bbox 526 5292 715 5377; x_wconf 74' lang='lat' dir='ltr'>visam</span> <span class='ocrx_word' id='word_1_419' title='bbox 745 5292 960 5380; x_wconf 64' lang='lat' dir='ltr'>populo</span> <span class='ocrx_word' id='word_1_420' title='bbox 991 5297 1242 5380; x_wconf 72' lang='lat' dir='ltr'>formam</span> <span class='ocrx_word' id='word_1_421' title='bbox 1285 5299 1568 5380; x_wconf 74' lang='lat' dir='ltr'>exhibuit,</span> <span class='ocrx_word' id='word_1_422' title='bbox 1602 5292 2005 5380; x_wconf 43' lang='lat' dir='ltr'>ut’placeret:</span> 
     </span>
    </p>
   </div>
   <div class='ocr_carea' id='block_1_61' title="bbox 356 5363 2007 5443">
    <p class='ocr_par' dir='ltr' id='par_1_61' title="bbox 356 5363 2007 5443">
     <span class='ocr_line' id='line_1_62' title="bbox 356 5363 2007 5443; baseline 0.01 -24"><span class='ocrx_word' id='word_1_423' title='bbox 356 5363 765 5443; x_wconf 66' lang='lat' dir='ltr'>testimonium</span> <span class='ocrx_word' id='word_1_424' title='bbox 797 5363 1285 5443; x_wconf 27' lang='lat' dir='ltr'>‘Eoc,_inquiens,</span> <span class='ocrx_word' id='word_1_425' title='bbox 1329 5363 1407 5443; x_wconf 81' lang='lat' dir='ltr'>ad</span> <span class='ocrx_word' id='word_1_426' title='bbox 1451 5363 1636 5430; x_wconf 76' lang='lat' dir='ltr'>Adam</span> <span class='ocrx_word' id='word_1_427' title='bbox 1685 5363 1902 5434; x_wconf 68' lang='lat' dir='ltr'>dicitur</span> <span class='ocrx_word' id='word_1_428' title='bbox 1948 5363 2007 5435; x_wconf 86' lang='lat' dir='ltr'>in</span> 
     </span>
    </p>
   </div>
   <div class='ocr_carea' id='block_1_62' title="bbox 357 5435 2005 5519">
    <p class='ocr_par' dir='ltr' id='par_1_62' title="bbox 357 5435 2005 5519">
     <span class='ocr_line' id='line_1_63' title="bbox 357 5435 2005 5519; baseline 0.01 -27"><span class='ocrx_word' id='word_1_429' title='bbox 357 5435 486 5519; x_wconf 77' lang='lat' dir='ltr'>loco</span> <span class='ocrx_word' id='word_1_430' title='bbox 503 5435 776 5519; x_wconf 70' lang='lat' dir='ltr'>Calvariee</span> <span class='ocrx_word' id='word_1_431' title='bbox 796 5435 1107 5519; x_wconf 61' lang='lat' dir='ltr'>sepultum</span> <span class='ocrx_word' id='word_1_432' title='bbox 1133 5442 1231 5519; x_wconf 76' lang='lat' dir='ltr'>ubi</span> <span class='ocrx_word' id='word_1_433' title='bbox 1254 5435 1568 5509; x_wconf 85' lang='lat' dir='ltr'>cruciﬁxus</span> <span class='ocrx_word' id='word_1_434' title='bbox 1591 5454 1680 5504; x_wconf 87' lang='lat' dir='ltr'>est</span> <span class='ocrx_word' id='word_1_435' title='bbox 1702 5450 2005 5519; x_wconf 88' lang='lat' dir='ltr'>Dominus,</span> 
     </span>
    </p>
   </div>
   <div class='ocr_carea' id='block_1_63' title="bbox 362 5507 2006 5593">
    <p class='ocr_par' dir='ltr' id='par_1_63' title="bbox 362 5507 2006 5593">
     <span class='ocr_line' id='line_1_64' title="bbox 362 5507 2006 5593; baseline 0.002 -19"><span class='ocrx_word' id='word_1_436' title='bbox 362 5507 465 5593; x_wconf 65' lang='lat' dir='ltr'>qui</span> <span class='ocrx_word' id='word_1_437' title='bbox 492 5508 768 5593; x_wconf 60' lang='lat' dir='ltr'>Palvariae</span> <span class='ocrx_word' id='word_1_438' title='bbox 793 5507 1008 5593; x_wconf 78' lang='lat' dir='ltr'>idcirco</span> <span class='ocrx_word' id='word_1_439' title='bbox 1039 5512 1368 5593; x_wconf 81' lang='lat' dir='ltr'>appellatus</span> <span class='ocrx_word' id='word_1_440' title='bbox 1399 5520 1696 5593; x_wconf 44' lang='lat' dir='ltr'>estLquod</span> <span class='ocrx_word' id='word_1_441' title='bbox 1746 5521 1822 5577; x_wconf 87' lang='lat' dir='ltr'>ibi</span> <span class='ocrx_word' id='word_1_442' title='bbox 1857 5507 2006 5580; x_wconf 53' lang='lat' dir='ltr'>anti:</span> 
     </span>
    </p>
   </div>
   <div class='ocr_carea' id='block_1_64' title="bbox 358 5577 2008 5666">
    <p class='ocr_par' dir='ltr' id='par_1_64' title="bbox 358 5577 2008 5666">
     <span class='ocr_line' id='line_1_65' title="bbox 358 5577 2008 5666; baseline 0.007 -26"><span class='ocrx_word' id='word_1_443' title='bbox 358 5577 462 5654; x_wconf 70' lang='lat' dir='ltr'>(iui</span> <span class='ocrx_word' id='word_1_444' title='bbox 492 5580 935 5666; x_wconf 54' lang='lat' dir='ltr'>hominisesset</span> <span class='ocrx_word' id='word_1_445' title='bbox 954 5577 1252 5666; x_wconf 63' lang='lat' dir='ltr'>cpnditum</span> <span class='ocrx_word' id='word_1_446' title='bbox 1272 5597 1462 5661; x_wconf 86' lang='lat' dir='ltr'>caput.</span> <span class='ocrx_word' id='word_1_447' title='bbox 1491 5577 1607 5666; x_wconf 70' lang='lat' dir='ltr'>illo</span> <span class='ocrx_word' id='word_1_448' title='bbox 1626 5610 1761 5666; x_wconf 85' lang='lat' dir='ltr'>ergo</span> <span class='ocrx_word' id='word_1_449' title='bbox 1785 5577 2008 5666; x_wconf 74' lang='lat' dir='ltr'>tempo-</span> 
     </span>
    </p>
   </div>
   <div class='ocr_carea' id='block_1_65' title="bbox 356 5652 2010 5741">
    <p class='ocr_par' dir='ltr' id='par_1_65' title="bbox 356 5652 2010 5741">
     <span class='ocr_line' id='line_1_66' title="bbox 356 5652 2010 5741; baseline 0.01 -34"><span class='ocrx_word' id='word_1_450' title='bbox 356 5652 441 5722; x_wconf 72' lang='lat' dir='ltr'>re,</span> <span class='ocrx_word' id='word_1_451' title='bbox 475 5667 591 5741; x_wconf 48' lang='lat' dir='ltr'>qluo</span> <span class='ocrx_word' id='word_1_452' title='bbox 621 5652 935 5741; x_wconf 73' lang='lat' dir='ltr'>cruciﬁxus</span> <span class='ocrx_word' id='word_1_453' title='bbox 965 5656 1275 5741; x_wconf 75' lang='lat' dir='ltr'>Dominus,</span> <span class='ocrx_word' id='word_1_454' title='bbox 1326 5652 1530 5741; x_wconf 71' lang='lat' dir='ltr'>super</span> <span class='ocrx_word' id='word_1_455' title='bbox 1559 5652 2010 5741; x_wconf 55' lang='lat' dir='ltr'>ejusupendebat</span> 
     </span>
    </p>
   </div>
   <div class='ocr_carea' id='block_1_66' title="bbox 356 5725 2005 5806">
    <p class='ocr_par' dir='ltr' id='par_1_66' title="bbox 356 5725 2005 5806">
     <span class='ocr_line' id='line_1_67' title="bbox 356 5725 2005 5806; baseline 0.01 -28"><span class='ocrx_word' id='word_1_456' title='bbox 356 5725 717 5806; x_wconf 70' lang='lat' dir='ltr'>sepulcrum,</span> <span class='ocrx_word' id='word_1_457' title='bbox 764 5726 887 5783; x_wconf 67' lang='lat' dir='ltr'>hinc</span> <span class='ocrx_word' id='word_1_458' title='bbox 931 5725 1608 5806; x_wconf 57' lang='lat' dir='ltr'>prophetiacom&#39;pleta&#39;</span> <span class='ocrx_word' id='word_1_459' title='bbox 1628 5725 1737 5805; x_wconf 64' lang='lat' dir='ltr'>est:</span> <span class='ocrx_word' id='word_1_460' title='bbox 1768 5739 2005 5797; x_wconf 83' lang='lat' dir='ltr'>dicens:</span> 
     </span>
    </p>
   </div>
   <div class='ocr_carea' id='block_1_67' title="bbox 352 5797 2011 5883">
    <p class='ocr_par' dir='ltr' id='par_1_67' title="bbox 352 5797 2011 5883">
     <span class='ocr_line' id='line_1_68' title="bbox 352 5797 2011 5883; baseline 0.008 -29"><span class='ocrx_word' id='word_1_461' title='bbox 352 5797 546 5870; x_wconf 79' lang='lat' dir='ltr'>Surge,</span> <span class='ocrx_word' id='word_1_462' title='bbox 580 5797 777 5872; x_wconf 79' lang='lat' dir='ltr'>Adam,</span> <span class='ocrx_word' id='word_1_463' title='bbox 839 5797 955 5872; x_wconf 70' lang='lat' dir='ltr'>qui</span> <span class='ocrx_word' id='word_1_464' title='bbox 994 5797 1226 5869; x_wconf 73' lang='lat' dir='ltr'>dormis,</span> <span class='ocrx_word' id='word_1_465' title='bbox 1257 5812 1309 5861; x_wconf 82' lang='lat' dir='ltr'>et</span> <span class='ocrx_word' id='word_1_466' title='bbox 1336 5797 1576 5879; x_wconf 72' lang='lat' dir='ltr'>exsurge</span> <span class='ocrx_word' id='word_1_467' title='bbox 1603 5826 1637 5864; x_wconf 81' lang='grc' dir='ltr'>ιι</span> <span class='ocrx_word' id='word_1_468' title='bbox 1666 5797 1919 5883; x_wconf 81' lang='lat' dir='ltr'>mortuis,</span> <span class='ocrx_word' id='word_1_469' title='bbox 1952 5815 2011 5871; x_wconf 86' lang='lat' dir='ltr'>et</span> 
     </span>
    </p>
   </div>
   <div class='ocr_carea' id='block_1_68' title="bbox 2128 591 3785 672">
    <p class='ocr_par' dir='ltr' id='par_1_68' title="bbox 2128 591 3785 672">
     <span class='ocr_line' id='line_1_69' title="bbox 2128 591 3785 672; baseline 0.011 -27"><span class='ocrx_word' id='word_1_470' title='bbox 2128 591 2267 647; x_wconf 89' lang='lat' dir='ltr'>dere</span> <span class='ocrx_word' id='word_1_471' title='bbox 2297 594 2567 659; x_wconf 90' lang='lat' dir='ltr'>voluerit,</span> <span class='ocrx_word' id='word_1_472' title='bbox 2621 594 2749 649; x_wconf 90' lang='lat' dir='ltr'>ideo</span> <span class='ocrx_word' id='word_1_473' title='bbox 2798 595 2877 651; x_wconf 90' lang='lat' dir='ltr'>ibi</span> <span class='ocrx_word' id='word_1_474' title='bbox 2926 596 3241 654; x_wconf 89' lang='lat' dir='ltr'>Dominum</span> <span class='ocrx_word' id='word_1_475' title='bbox 3292 601 3658 672; x_wconf 78' lang='lat' dir='ltr'>crucifixum,</span> <span class='ocrx_word' id='word_1_476' title='bbox 3718 612 3785 664; x_wconf 92' lang='lat' dir='ltr'>ut</span> 
     </span>
    </p>
   </div>
   <div class='ocr_carea' id='block_1_69' title="bbox 2131 681 3803 760">
    <p class='ocr_par' dir='ltr' id='par_1_69' title="bbox 2131 681 3803 760">
     <span class='ocr_line' id='line_1_70' title="bbox 2131 681 3803 760; baseline 0.01 -24"><span class='ocrx_word' id='word_1_477' title='bbox 2131 681 2374 751; x_wconf 82' lang='lat' dir='ltr'>sanguis</span> <span class='ocrx_word' id='word_1_478' title='bbox 2405 682 2591 755; x_wconf 88' lang='lat' dir='ltr'>ipsius</span> <span class='ocrx_word' id='word_1_479' title='bbox 2620 701 2797 756; x_wconf 83' lang='lat' dir='ltr'>super</span> <span class='ocrx_word' id='word_1_480' title='bbox 2826 686 2959 741; x_wconf 75' lang='lat' dir='ltr'>Adae</span> <span class='ocrx_word' id='word_1_481' title='bbox 2992 687 3287 745; x_wconf 89' lang='lat' dir='ltr'>tumulum</span> <span class='ocrx_word' id='word_1_482' title='bbox 3329 691 3666 760; x_wconf 87' lang='lat' dir='ltr'>distillaret,</span> <span class='ocrx_word' id='word_1_483' title='bbox 3700 694 3803 753; x_wconf 52' lang='lat' dir='ltr'>in-&#39;</span> 
     </span>
    </p>
   </div>
   <div class='ocr_carea' id='block_1_70' title="bbox 2129 774 3780 855">
    <p class='ocr_par' dir='ltr' id='par_1_70' title="bbox 2129 774 3780 855">
     <span class='ocr_line' id='line_1_71' title="bbox 2129 774 3780 855; baseline 0.01 -30"><span class='ocrx_word' id='word_1_484' title='bbox 2129 774 2495 855; x_wconf 77' lang='lat' dir='ltr'>terrogemus</span> <span class='ocrx_word' id='word_1_485' title='bbox 2528 789 2685 842; x_wconf 88' lang='lat' dir='ltr'>eum,</span> <span class='ocrx_word' id='word_1_486' title='bbox 2718 791 2900 845; x_wconf 89' lang='lat' dir='ltr'>quare</span> <span class='ocrx_word' id='word_1_487' title='bbox 2951 781 3008 832; x_wconf 90' lang='lat' dir='ltr'>et</span> <span class='ocrx_word' id='word_1_488' title='bbox 3067 776 3168 833; x_wconf 79' lang='lat' dir='ltr'>alii</span> <span class='ocrx_word' id='word_1_489' title='bbox 3199 777 3454 836; x_wconf 87' lang='lat' dir='ltr'>latrones</span> <span class='ocrx_word' id='word_1_490' title='bbox 3485 780 3547 837; x_wconf 92' lang='lat' dir='ltr'>in</span> <span class='ocrx_word' id='word_1_491' title='bbox 3577 785 3780 842; x_wconf 91' lang='lat' dir='ltr'>eodem</span> 
     </span>
    </p>
   </div>
   <div class='ocr_carea' id='block_1_71' title="bbox 2130 858 3780 939">
    <p class='ocr_par' dir='ltr' id='par_1_71' title="bbox 2130 858 3780 939">
     <span class='ocr_line' id='line_1_72' title="bbox 2130 858 3780 939; baseline 0.01 -25"><span class='ocrx_word' id='word_1_492' title='bbox 2130 858 2255 916; x_wconf 90' lang='lat' dir='ltr'>loco</span> <span class='ocrx_word' id='word_1_493' title='bbox 2289 862 2548 918; x_wconf 87' lang='lat' dir='ltr'>cruciﬁxi</span> <span class='ocrx_word' id='word_1_494' title='bbox 2581 864 2702 920; x_wconf 87' lang='lat' dir='ltr'>sint</span> <span class='ocrx_word' id='word_1_495' title='bbox 2724 864 2751 919; x_wconf 75' lang='lat' dir='ltr'>‘I</span> <span class='ocrx_word' id='word_1_496' title='bbox 2772 866 2852 920; x_wconf 86' lang='lat' dir='ltr'>Ex</span> <span class='ocrx_word' id='word_1_497' title='bbox 2885 883 2999 938; x_wconf 91' lang='lat' dir='ltr'>quo</span> <span class='ocrx_word' id='word_1_498' title='bbox 3032 872 3275 939; x_wconf 89' lang='lat' dir='ltr'>apparet</span> <span class='ocrx_word' id='word_1_499' title='bbox 3305 869 3630 927; x_wconf 88' lang='lat' dir='ltr'>Calvarium</span> <span class='ocrx_word' id='word_1_500' title='bbox 3665 891 3780 930; x_wconf 87' lang='lat' dir='ltr'>non</span> 
     </span>
    </p>
   </div>
   <div class='ocr_carea' id='block_1_72' title="bbox 2132 950 3783 1033">
    <p class='ocr_par' dir='ltr' id='par_1_72' title="bbox 2132 950 3783 1033">
     <span class='ocr_line' id='line_1_73' title="bbox 2132 950 3783 1033; baseline 0.009 -29"><span class='ocrx_word' id='word_1_501' title='bbox 2132 950 2464 1021; x_wconf 87' lang='lat' dir='ltr'>sepulcrum</span> <span class='ocrx_word' id='word_1_502' title='bbox 2518 952 2689 1024; x_wconf 89' lang='lat' dir='ltr'>primi</span> <span class='ocrx_word' id='word_1_503' title='bbox 2740 954 3025 1027; x_wconf 82' lang='lat' dir='ltr'>hominis,</span> <span class='ocrx_word' id='word_1_504' title='bbox 3067 957 3167 1013; x_wconf 87' lang='lat' dir='ltr'>sed</span> <span class='ocrx_word' id='word_1_505' title='bbox 3224 956 3418 1014; x_wconf 90' lang='lat' dir='ltr'>locum</span> <span class='ocrx_word' id='word_1_506' title='bbox 3451 960 3783 1033; x_wconf 85' lang='lat' dir='ltr'>signiﬁcare</span> 
     </span>
    </p>
   </div>
   <div class='ocr_carea' id='block_1_73' title="bbox 2131 1039 3787 1124">
    <p class='ocr_par' dir='ltr' id='par_1_73' title="bbox 2131 1039 3787 1124">
     <span class='ocr_line' id='line_1_74' title="bbox 2131 1039 3787 1124; baseline 0.008 -30"><span class='ocrx_word' id='word_1_507' title='bbox 2131 1039 2568 1110; x_wconf 89' lang='lat' dir='ltr'>decollatorum,</span> <span class='ocrx_word' id='word_1_508' title='bbox 2607 1047 2670 1098; x_wconf 90' lang='lat' dir='ltr'>ut</span> <span class='ocrx_word' id='word_1_509' title='bbox 2706 1043 2805 1100; x_wconf 92' lang='lat' dir='ltr'>ubi</span> <span class='ocrx_word' id='word_1_510' title='bbox 2853 1045 3172 1102; x_wconf 87' lang='lat' dir='ltr'>abundavit</span> <span class='ocrx_word' id='word_1_511' title='bbox 3229 1053 3551 1118; x_wconf 88' lang='lat' dir='ltr'>peccatum,</span> <span class='ocrx_word' id='word_1_512' title='bbox 3586 1067 3787 1124; x_wconf 85' lang='lat' dir='ltr'>super-</span> 
     </span>
    </p>
   </div>
   <div class='ocr_carea' id='block_1_74' title="bbox 2131 1130 3783 1213">
    <p class='ocr_par' dir='ltr' id='par_1_74' title="bbox 2131 1130 3783 1213">
     <span class='ocr_line' id='line_1_75' title="bbox 2131 1130 3783 1213; baseline 0.007 -28"><span class='ocrx_word' id='word_1_513' title='bbox 2131 1130 2460 1186; x_wconf 88' lang='lat' dir='ltr'>abundaret</span> <span class='ocrx_word' id='word_1_514' title='bbox 2481 1132 2667 1204; x_wconf 82' lang='lat' dir='ltr'>gratia</span> <span class='ocrx_word' id='word_1_515' title='bbox 2691 1134 2886 1205; x_wconf 79' lang='lat' dir='ltr'>((Il&#39;om.</span> <span class='ocrx_word' id='word_1_516' title='bbox 2914 1152 2968 1201; x_wconf 93' lang='lat' dir='ltr'>v,</span> <span class='ocrx_word' id='word_1_517' title='bbox 3008 1136 3118 1207; x_wconf 70' lang='lat'>20).</span> <span class='ocrx_word' id='word_1_518' title='bbox 3171 1138 3355 1192; x_wconf 90' lang='lat' dir='ltr'>Adam</span> <span class='ocrx_word' id='word_1_519' title='bbox 3409 1155 3541 1194; x_wconf 91' lang='lat' dir='ltr'>vero</span> <span class='ocrx_word' id='word_1_520' title='bbox 3591 1141 3783 1213; x_wconf 85' lang='lat' dir='ltr'>sepul-</span> 
     </span>
    </p>
   </div>
   <div class='ocr_carea' id='block_1_75' title="bbox 2130 1220 3781 1291">
    <p class='ocr_par' dir='ltr' id='par_1_75' title="bbox 2130 1220 3781 1291">
     <span class='ocr_line' id='line_1_76' title="bbox 2130 1220 3781 1291; baseline 0.007 -17"><span class='ocrx_word' id='word_1_521' title='bbox 2130 1224 2254 1274; x_wconf 86' lang='lat' dir='ltr'>tum</span> <span class='ocrx_word' id='word_1_522' title='bbox 2280 1220 2449 1291; x_wconf 85' lang='lat' dir='ltr'>juxta</span> <span class='ocrx_word' id='word_1_523' title='bbox 2484 1222 2707 1278; x_wconf 88' lang='lat' dir='ltr'>Hebron</span> <span class='ocrx_word' id='word_1_524' title='bbox 2740 1227 2796 1278; x_wconf 93' lang='lat' dir='ltr'>et</span> <span class='ocrx_word' id='word_1_525' title='bbox 2828 1225 3005 1280; x_wconf 83' lang='lat' dir='ltr'>Arbee</span> <span class='ocrx_word' id='word_1_526' title='bbox 3027 1226 3067 1290; x_wconf 80' lang='grc'>²,</span> <span class='ocrx_word' id='word_1_527' title='bbox 3105 1226 3163 1280; x_wconf 90' lang='lat' dir='ltr'>in</span> <span class='ocrx_word' id='word_1_528' title='bbox 3194 1226 3333 1283; x_wconf 85' lang='lat' dir='ltr'>Jesu</span> <span class='ocrx_word' id='word_1_529' title='bbox 3368 1227 3472 1283; x_wconf 88' lang='lat' dir='ltr'>ﬁlii</span> <span class='ocrx_word' id='word_1_530' title='bbox 3502 1232 3658 1286; x_wconf 89' lang='lat' dir='ltr'>Nave</span> <span class='ocrx_word' id='word_1_531' title='bbox 3690 1248 3781 1286; x_wconf 84' lang='lat' dir='ltr'>vo-</span> 
     </span>
    </p>
   </div>
   <div class='ocr_carea' id='block_1_76' title="bbox 2130 1308 3133 1385">
    <p class='ocr_par' dir='ltr' id='par_1_76' title="bbox 2130 1308 3133 1385">
     <span class='ocr_line' id='line_1_77' title="bbox 2130 1308 3133 1385; baseline 0.006 -21"><span class='ocrx_word' id='word_1_532' title='bbox 2130 1308 2355 1366; x_wconf 90' lang='lat' dir='ltr'>lumine</span> <span class='ocrx_word' id='word_1_533' title='bbox 2388 1309 2640 1383; x_wconf 85' lang='lat' dir='ltr'>legimus</span> <span class='ocrx_word' id='word_1_534' title='bbox 2671 1313 2851 1383; x_wconf 80' lang='lat' dir='ltr'>(Josue</span> <span class='ocrx_word' id='word_1_535' title='bbox 2880 1330 2990 1383; x_wconf 82' lang='lat' dir='ltr'>xiv,</span> <span class='ocrx_word' id='word_1_536' title='bbox 3028 1315 3133 1385; x_wconf 82' lang='lat'>15).</span> 
     </span>
    </p>
   </div>
   <div class='ocr_carea' id='block_1_77' title="bbox 2202 1399 3777 1471">
    <p class='ocr_par' dir='ltr' id='par_1_77' title="bbox 2202 1399 3777 1471">
     <span class='ocr_line' id='line_1_78' title="bbox 2202 1399 3777 1471; baseline 0.011 -21"><span class='ocrx_word' id='word_1_537' title='bbox 2202 1399 2388 1466; x_wconf 87' lang='lat' dir='ltr'>(Vcrs.</span> <span class='ocrx_word' id='word_1_538' title='bbox 2412 1401 2525 1471; x_wconf 78' lang='grc'>34.)</span> <span class='ocrx_word' id='word_1_539' title='bbox 2550 1423 2576 1450; x_wconf 90' lang='grc'>‹‹</span> <span class='ocrx_word' id='word_1_540' title='bbox 2612 1402 2676 1455; x_wconf 81' lang='lat' dir='ltr'>Et</span> <span class='ocrx_word' id='word_1_541' title='bbox 2705 1402 2995 1458; x_wconf 84' lang='lat' dir='ltr'>dederunt</span> <span class='ocrx_word' id='word_1_542' title='bbox 3017 1404 3065 1460; x_wconf 90' lang='lat' dir='ltr'>ei</span> <span class='ocrx_word' id='word_1_543' title='bbox 3109 1409 3339 1461; x_wconf 89' lang='lat' dir='ltr'>acetum</span> <span class='ocrx_word' id='word_1_544' title='bbox 3360 1408 3382 1441; x_wconf 80' lang='grc'><strong><em>³</em></strong></span> <span class='ocrx_word' id='word_1_545' title='bbox 3411 1407 3612 1464; x_wconf 88' lang='lat' dir='ltr'>bibere</span> <span class='ocrx_word' id='word_1_546' title='bbox 3642 1426 3777 1467; x_wconf 91' lang='lat' dir='ltr'>cum</span> 
     </span>
    </p>
   </div>
   <div class='ocr_carea' id='block_1_78' title="bbox 2132 1486 3781 1563">
    <p class='ocr_par' dir='ltr' id='par_1_78' title="bbox 2132 1486 3781 1563">
     <span class='ocr_line' id='line_1_79' title="bbox 2132 1486 3781 1563; baseline 0.008 -21"><span class='ocrx_word' id='word_1_547' title='bbox 2132 1486 2263 1545; x_wconf 85' lang='lat' dir='ltr'>felle</span> <span class='ocrx_word' id='word_1_548' title='bbox 2295 1489 2559 1559; x_wconf 87' lang='lat' dir='ltr'>mistum,</span> <span class='ocrx_word' id='word_1_549' title='bbox 2581 1494 2791 1546; x_wconf 91' lang='lat' dir='ltr'>etcum</span> <span class='ocrx_word' id='word_1_550' title='bbox 2816 1496 3128 1563; x_wconf 83' lang='lat' dir='ltr'>gustasset,</span> <span class='ocrx_word' id='word_1_551' title='bbox 3146 1492 3334 1550; x_wconf 91' lang='lat' dir='ltr'>noluit</span> <span class='ocrx_word' id='word_1_552' title='bbox 3354 1496 3606 1552; x_wconf 87' lang='lat' dir='ltr'>bibere.»</span> <span class='ocrx_word' id='word_1_553' title='bbox 3625 1497 3781 1556; x_wconf 86' lang='lat' dir='ltr'>Deus</span> 
     </span>
    </p>
   </div>
   <div class='ocr_carea' id='block_1_79' title="bbox 2130 1576 3777 1661">
    <p class='ocr_par' dir='ltr' id='par_1_79' title="bbox 2130 1576 3777 1661">
     <span class='ocr_line' id='line_1_80' title="bbox 2130 1576 3777 1661; baseline 0.007 -29"><span class='ocrx_word' id='word_1_554' title='bbox 2130 1576 2398 1650; x_wconf 90' lang='lat' dir='ltr'>loquitur</span> <span class='ocrx_word' id='word_1_555' title='bbox 2416 1579 2488 1634; x_wconf 92' lang='lat' dir='ltr'>ad</span> <span class='ocrx_word' id='word_1_556' title='bbox 2507 1578 2831 1637; x_wconf 89' lang='lat' dir='ltr'>Jerusalem</span> <span class='ocrx_word' id='word_1_557' title='bbox 2850 1599 2861 1636; x_wconf 91' lang='lat'>:</span> <span class='ocrx_word' id='word_1_558' title='bbox 2880 1583 2988 1653; x_wconf 84' lang='lat' dir='ltr'>Ego</span> <span class='ocrx_word' id='word_1_559' title='bbox 3010 1587 3061 1637; x_wconf 85' lang='lat' dir='ltr'>te</span> <span class='ocrx_word' id='word_1_560' title='bbox 3075 1584 3325 1653; x_wconf 74' lang='lat' dir='ltr'>planta-vi</span> <span class='ocrx_word' id='word_1_561' title='bbox 3340 1588 3556 1642; x_wconf 85' lang='lat' dir='ltr'>vineam</span> <span class='ocrx_word' id='word_1_562' title='bbox 3573 1604 3777 1661; x_wconf 83' lang='lat' dir='ltr'>veram,</span> 
     </span>
    </p>
   </div>
   <div class='ocr_carea' id='block_1_80' title="bbox 2133 1670 3775 1751">
    <p class='ocr_par' dir='ltr' id='par_1_80' title="bbox 2133 1670 3775 1751">
     <span class='ocr_line' id='line_1_81' title="bbox 2133 1670 3775 1751; baseline 0.007 -29"><span class='ocrx_word' id='word_1_563' title='bbox 2133 1672 2395 1739; x_wconf 74' lang='lat' dir='ltr'>quomodo</span> <span class='ocrx_word' id='word_1_564' title='bbox 2435 1670 2582 1739; x_wconf 81' lang='lat' dir='ltr'>facta</span> <span class='ocrx_word' id='word_1_565' title='bbox 2611 1686 2665 1725; x_wconf 86' lang='lat' dir='ltr'>es</span> <span class='ocrx_word' id='word_1_566' title='bbox 2694 1672 2755 1725; x_wconf 85' lang='lat' dir='ltr'>in</span> <span class='ocrx_word' id='word_1_567' title='bbox 2800 1672 3227 1729; x_wconf 79' lang='lat' dir='ltr'>amaritudinem</span> <span class='ocrx_word' id='word_1_568' title='bbox 3258 1676 3388 1730; x_wconf 84' lang='lat' dir='ltr'>vitis</span> <span class='ocrx_word' id='word_1_569' title='bbox 3420 1675 3630 1733; x_wconf 50' lang='lat' dir='ltr'>aliena</span> <span class='ocrx_word' id='word_1_570' title='bbox 3662 1676 3775 1751; x_wconf 82' lang='grc' dir='ltr'>[ΑΙ.</span> 
     </span>
    </p>
   </div>
   <div class='ocr_carea' id='block_1_81' title="bbox 2132 1757 3775 1831">
    <p class='ocr_par' dir='ltr' id='par_1_81' title="bbox 2132 1757 3775 1831">
     <span class='ocr_line' id='line_1_82' title="bbox 2132 1757 3775 1831; baseline 0.006 -19"><span class='ocrx_word' id='word_1_571' title='bbox 2132 1757 2340 1829; x_wconf 80' lang='lat' dir='ltr'>aliena]</span> <span class='ocrx_word' id='word_1_572' title='bbox 2373 1759 2598 1830; x_wconf 87' lang='lat' dir='ltr'>(Jerem.</span> <span class='ocrx_word' id='word_1_573' title='bbox 2633 1776 2694 1825; x_wconf 81' lang='grc' dir='ltr'>ιι,</span> <span class='ocrx_word' id='word_1_574' title='bbox 2720 1760 2856 1831; x_wconf 82' lang='lat'>21)?</span> <span class='ocrx_word' id='word_1_575' title='bbox 2883 1763 3091 1817; x_wconf 83' lang='lat' dir='ltr'>Amara</span> <span class='ocrx_word' id='word_1_576' title='bbox 3120 1762 3251 1818; x_wconf 88' lang='lat' dir='ltr'>vitis</span> <span class='ocrx_word' id='word_1_577' title='bbox 3280 1780 3543 1820; x_wconf 90' lang='lat' dir='ltr'>amarum</span> <span class='ocrx_word' id='word_1_578' title='bbox 3574 1766 3775 1823; x_wconf 90' lang='lat' dir='ltr'>vinum</span> 
     </span>
    </p>
   </div>
   <div class='ocr_carea' id='block_1_82' title="bbox 2135 1846 3779 1928">
    <p class='ocr_par' dir='ltr' id='par_1_82' title="bbox 2135 1846 3779 1928">
     <span class='ocr_line' id='line_1_83' title="bbox 2135 1846 3779 1928; baseline 0.007 -27"><span class='ocrx_word' id='word_1_579' title='bbox 2135 1846 2291 1914; x_wconf 82' lang='lat' dir='ltr'>facit,</span> <span class='ocrx_word' id='word_1_580' title='bbox 2309 1848 2460 1919; x_wconf 92' lang='lat' dir='ltr'>quod</span> <span class='ocrx_word' id='word_1_581' title='bbox 2487 1848 2760 1921; x_wconf 90' lang='lat' dir='ltr'>propinat</span> <span class='ocrx_word' id='word_1_582' title='bbox 2774 1851 3015 1906; x_wconf 91' lang='lat' dir='ltr'>Domino</span> <span class='ocrx_word' id='word_1_583' title='bbox 3029 1851 3190 1920; x_wconf 85' lang='lat' dir='ltr'>Jesu,</span> <span class='ocrx_word' id='word_1_584' title='bbox 3207 1856 3270 1908; x_wconf 93' lang='lat' dir='ltr'>ut</span> <span class='ocrx_word' id='word_1_585' title='bbox 3290 1852 3605 1925; x_wconf 88' lang='lat' dir='ltr'>impleatur</span> <span class='ocrx_word' id='word_1_586' title='bbox 3623 1857 3779 1928; x_wconf 92' lang='lat' dir='ltr'>quod</span> 
     </span>
    </p>
   </div>
   <div class='ocr_carea' id='block_1_83' title="bbox 2131 1936 3782 2015">
    <p class='ocr_par' dir='ltr' id='par_1_83' title="bbox 2131 1936 3782 2015">
     <span class='ocr_line' id='line_1_84' title="bbox 2131 1936 3782 2015; baseline 0.006 -23"><span class='ocrx_word' id='word_1_587' title='bbox 2131 1936 2416 2010; x_wconf 89' lang='lat' dir='ltr'>scriptum</span> <span class='ocrx_word' id='word_1_588' title='bbox 2447 1943 2569 1993; x_wconf 88' lang='lat' dir='ltr'>est:</span> <span class='ocrx_word' id='word_1_589' title='bbox 2596 1938 2868 1995; x_wconf 81' lang='lat' dir='ltr'>Dederunt</span> <span class='ocrx_word' id='word_1_590' title='bbox 2898 1942 2958 1996; x_wconf 82' lang='lat' dir='ltr'>in</span> <span class='ocrx_word' id='word_1_591' title='bbox 2987 1958 3166 1997; x_wconf 87' lang='lat' dir='ltr'>escam</span> <span class='ocrx_word' id='word_1_592' title='bbox 3196 1959 3373 1998; x_wconf 85' lang='lat' dir='ltr'>meam</span> <span class='ocrx_word' id='word_1_593' title='bbox 3399 1945 3495 2015; x_wconf 75' lang='lat' dir='ltr'>let,</span> <span class='ocrx_word' id='word_1_594' title='bbox 3518 1948 3568 2000; x_wconf 87' lang='lat' dir='ltr'>et</span> <span class='ocrx_word' id='word_1_595' title='bbox 3595 1946 3653 2001; x_wconf 91' lang='lat' dir='ltr'>in</span> <span class='ocrx_word' id='word_1_596' title='bbox 3681 1947 3782 2002; x_wconf 74' lang='lat' dir='ltr'>siti</span> 
     </span>
    </p>
   </div>
   <div class='ocr_carea' id='block_1_84' title="bbox 2129 2030 3775 2105">
    <p class='ocr_par' dir='ltr' id='par_1_84' title="bbox 2129 2030 3775 2105">
     <span class='ocr_line' id='line_1_85' title="bbox 2129 2030 3775 2105; baseline 0.005 -23"><span class='ocrx_word' id='word_1_597' title='bbox 2129 2044 2247 2083; x_wconf 86' lang='lat' dir='ltr'>mea</span> <span class='ocrx_word' id='word_1_598' title='bbox 2293 2030 2614 2099; x_wconf 82' lang='lat' dir='ltr'>potaverunt</span> <span class='ocrx_word' id='word_1_599' title='bbox 2656 2044 2745 2085; x_wconf 83' lang='lat' dir='ltr'>me</span> <span class='ocrx_word' id='word_1_600' title='bbox 2790 2038 2939 2087; x_wconf 80' lang='lat' dir='ltr'>aceto</span> <span class='ocrx_word' id='word_1_601' title='bbox 2987 2031 3159 2103; x_wconf 82' lang='lat' dir='ltr'>(Psal.</span> <span class='ocrx_word' id='word_1_602' title='bbox 3212 2050 3403 2098; x_wconf 81' lang='lat' dir='ltr'>vaui,</span> <span class='ocrx_word' id='word_1_603' title='bbox 3451 2034 3567 2105; x_wconf 81' lang='lat'>22.)</span> <span class='ocrx_word' id='word_1_604' title='bbox 3612 2035 3775 2099; x_wconf 87' lang='lat' dir='ltr'>Quod</span> 
     </span>
    </p>
   </div>
   <div class='ocr_carea' id='block_1_85' title="bbox 2131 2117 3777 2192">
    <p class='ocr_par' dir='ltr' id='par_1_85' title="bbox 2131 2117 3777 2192">
     <span class='ocr_line' id='line_1_86' title="bbox 2131 2117 3777 2192; baseline 0.004 -20"><span class='ocrx_word' id='word_1_605' title='bbox 2131 2121 2326 2173; x_wconf 90' lang='lat' dir='ltr'>autem</span> <span class='ocrx_word' id='word_1_606' title='bbox 2359 2117 2608 2175; x_wconf 89' lang='lat' dir='ltr'>dicitur:</span> <span class='ocrx_word' id='word_1_607' title='bbox 2642 2122 2859 2175; x_wconf 80' lang='lat' dir='ltr'>Etcum</span> <span class='ocrx_word' id='word_1_608' title='bbox 2890 2124 3179 2191; x_wconf 79' lang='lat' dir='ltr'>gustasset,</span> <span class='ocrx_word' id='word_1_609' title='bbox 3213 2122 3390 2178; x_wconf 81' lang='lat' dir='ltr'>noluit</span> <span class='ocrx_word' id='word_1_610' title='bbox 3432 2124 3636 2192; x_wconf 79' lang='lat' dir='ltr'>bibere,</span> <span class='ocrx_word' id='word_1_611' title='bbox 3668 2123 3777 2180; x_wconf 92' lang='lat' dir='ltr'>hoc</span> 
     </span>
    </p>
   </div>
   <div class='ocr_carea' id='block_1_86' title="bbox 2128 2204 3779 2283">
    <p class='ocr_par' dir='ltr' id='par_1_86' title="bbox 2128 2204 3779 2283">
     <span class='ocr_line' id='line_1_87' title="bbox 2128 2204 3779 2283; baseline 0.006 -23"><span class='ocrx_word' id='word_1_612' title='bbox 2128 2204 2369 2273; x_wconf 86' lang='lat' dir='ltr'>indicat,</span> <span class='ocrx_word' id='word_1_613' title='bbox 2404 2207 2557 2277; x_wconf 92' lang='lat' dir='ltr'>quod</span> <span class='ocrx_word' id='word_1_614' title='bbox 2588 2209 2912 2280; x_wconf 88' lang='lat' dir='ltr'>gustaverit</span> <span class='ocrx_word' id='word_1_615' title='bbox 2943 2210 3179 2281; x_wconf 89' lang='lat' dir='ltr'>quidem</span> <span class='ocrx_word' id='word_1_616' title='bbox 3215 2228 3319 2283; x_wconf 91' lang='lat' dir='ltr'>pro</span> <span class='ocrx_word' id='word_1_617' title='bbox 3368 2212 3539 2268; x_wconf 88' lang='lat' dir='ltr'>nobis</span> <span class='ocrx_word' id='word_1_618' title='bbox 3572 2213 3779 2271; x_wconf 88' lang='lat' dir='ltr'>mortis</span> 
     </span>
    </p>
   </div>
   <div class='ocr_carea' id='block_1_87' title="bbox 2130 2296 3437 2367">
    <p class='ocr_par' dir='ltr' id='par_1_87' title="bbox 2130 2296 3437 2367">
     <span class='ocr_line' id='line_1_88' title="bbox 2130 2296 3437 2367; baseline 0.004 -17"><span class='ocrx_word' id='word_1_619' title='bbox 2130 2296 2607 2367; x_wconf 88' lang='lat' dir='ltr'>amaritudinem,</span> <span class='ocrx_word' id='word_1_620' title='bbox 2642 2298 2743 2353; x_wconf 88' lang='lat' dir='ltr'>sed</span> <span class='ocrx_word' id='word_1_621' title='bbox 2775 2297 2947 2354; x_wconf 90' lang='lat' dir='ltr'>tertia</span> <span class='ocrx_word' id='word_1_622' title='bbox 2976 2299 3069 2354; x_wconf 92' lang='lat' dir='ltr'>die</span> <span class='ocrx_word' id='word_1_623' title='bbox 3102 2302 3437 2357; x_wconf 88' lang='lat' dir='ltr'>resurrexit.</span> 
     </span>
    </p>
   </div>
   <div class='ocr_carea' id='block_1_88' title="bbox 2203 2385 3779 2459">
    <p class='ocr_par' dir='ltr' id='par_1_88' title="bbox 2203 2385 3779 2459">
     <span class='ocr_line' id='line_1_89' title="bbox 2203 2385 3779 2459; baseline 0.006 -21"><span class='ocrx_word' id='word_1_624' title='bbox 2203 2385 2386 2453; x_wconf 90' lang='lat' dir='ltr'>(Vers.</span> <span class='ocrx_word' id='word_1_625' title='bbox 2411 2385 2525 2455; x_wconf 83' lang='lat'><strong>35.)</strong></span> <span class='ocrx_word' id='word_1_626' title='bbox 2552 2391 2923 2459; x_wconf 87' lang='lat' dir='ltr'>«Postquam</span> <span class='ocrx_word' id='word_1_627' title='bbox 2955 2399 3150 2445; x_wconf 85' lang='lat' dir='ltr'>autem</span> <span class='ocrx_word' id='word_1_628' title='bbox 3200 2391 3615 2447; x_wconf 88' lang='lat' dir='ltr'>crucilixerunt</span> <span class='ocrx_word' id='word_1_629' title='bbox 3643 2408 3779 2448; x_wconf 90' lang='lat' dir='ltr'>eum</span> 
     </span>
    </p>
   </div>
   <div class='ocr_carea' id='block_1_89' title="bbox 2129 2475 3779 2550">
    <p class='ocr_par' dir='ltr' id='par_1_89' title="bbox 2129 2475 3779 2550">
     <span class='ocr_line' id='line_1_90' title="bbox 2129 2475 3779 2550; baseline 0.005 -19"><span class='ocrx_word' id='word_1_630' title='bbox 2129 2475 2456 2531; x_wconf 90' lang='lat' dir='ltr'>diviserunt</span> <span class='ocrx_word' id='word_1_631' title='bbox 2502 2478 2852 2534; x_wconf 88' lang='lat' dir='ltr'>vestimenta</span> <span class='ocrx_word' id='word_1_632' title='bbox 2898 2478 3046 2550; x_wconf 84' lang='lat' dir='ltr'>ejus,</span> <span class='ocrx_word' id='word_1_633' title='bbox 3100 2484 3316 2536; x_wconf 88' lang='lat' dir='ltr'>sortem</span> <span class='ocrx_word' id='word_1_634' title='bbox 3371 2481 3670 2538; x_wconf 88' lang='lat' dir='ltr'>mittentes</span> <span class='ocrx_word' id='word_1_635' title='bbox 3712 2486 3779 2539; x_wconf 86' lang='lat' dir='ltr'>ut</span> 
     </span>
    </p>
   </div>
   <div class='ocr_carea' id='block_1_90' title="bbox 2129 2564 3781 2642">
    <p class='ocr_par' dir='ltr' id='par_1_90' title="bbox 2129 2564 3781 2642">
     <span class='ocr_line' id='line_1_91' title="bbox 2129 2564 3781 2642; baseline 0.004 -21"><span class='ocrx_word' id='word_1_636' title='bbox 2129 2564 2472 2638; x_wconf 89' lang='lat' dir='ltr'>impleretur</span> <span class='ocrx_word' id='word_1_637' title='bbox 2500 2566 2655 2637; x_wconf 91' lang='lat' dir='ltr'>quod</span> <span class='ocrx_word' id='word_1_638' title='bbox 2688 2567 2909 2623; x_wconf 89' lang='lat' dir='ltr'>dictum</span> <span class='ocrx_word' id='word_1_639' title='bbox 2934 2574 3023 2624; x_wconf 90' lang='lat' dir='ltr'>est</span> <span class='ocrx_word' id='word_1_640' title='bbox 3055 2586 3158 2641; x_wconf 91' lang='lat' dir='ltr'>per</span> <span class='ocrx_word' id='word_1_641' title='bbox 3183 2570 3550 2642; x_wconf 87' lang='lat' dir='ltr'>prophetam,</span> <span class='ocrx_word' id='word_1_642' title='bbox 3583 2571 3781 2628; x_wconf 89' lang='lat' dir='ltr'>dicen-</span> 
     </span>
    </p>
   </div>
   <div class='ocr_carea' id='block_1_91' title="bbox 2128 2653 3782 2733">
    <p class='ocr_par' dir='ltr' id='par_1_91' title="bbox 2128 2653 3782 2733">
     <span class='ocr_line' id='line_1_92' title="bbox 2128 2653 3782 2733; baseline 0.004 -22"><span class='ocrx_word' id='word_1_643' title='bbox 2128 2660 2246 2711; x_wconf 89' lang='lat' dir='ltr'>tem</span> <span class='ocrx_word' id='word_1_644' title='bbox 2273 2672 2285 2710; x_wconf 87' lang='lat'>:</span> <span class='ocrx_word' id='word_1_645' title='bbox 2320 2653 2653 2711; x_wconf 90' lang='lat' dir='ltr'>Diviserunt</span> <span class='ocrx_word' id='word_1_646' title='bbox 2681 2655 2795 2711; x_wconf 89' lang='lat' dir='ltr'>sibi</span> <span class='ocrx_word' id='word_1_647' title='bbox 2827 2658 3177 2714; x_wconf 86' lang='lat' dir='ltr'>vestimenta</span> <span class='ocrx_word' id='word_1_648' title='bbox 3199 2676 3350 2726; x_wconf 87' lang='lat' dir='ltr'>mea,</span> <span class='ocrx_word' id='word_1_649' title='bbox 3373 2663 3430 2714; x_wconf 89' lang='lat' dir='ltr'>et</span> <span class='ocrx_word' id='word_1_650' title='bbox 3462 2676 3640 2733; x_wconf 89' lang='lat' dir='ltr'>super</span> <span class='ocrx_word' id='word_1_651' title='bbox 3657 2677 3782 2718; x_wconf 89' lang='lat' dir='ltr'>ves-</span> 
     </span>
    </p>
   </div>
   <div class='ocr_carea' id='block_1_92' title="bbox 2128 2743 3776 2806">
    <p class='ocr_par' dir='ltr' id='par_1_92' title="bbox 2128 2743 3776 2806">
     <span class='ocr_line' id='line_1_93' title="bbox 2128 2743 3776 2806; baseline 0.004 -6"><span class='ocrx_word' id='word_1_652' title='bbox 2128 2748 2246 2800; x_wconf 90' lang='lat' dir='ltr'>tem</span> <span class='ocrx_word' id='word_1_653' title='bbox 2293 2760 2483 2801; x_wconf 89' lang='lat' dir='ltr'>meam</span> <span class='ocrx_word' id='word_1_654' title='bbox 2531 2743 2821 2800; x_wconf 88' lang='lat' dir='ltr'>miserunt</span> <span class='ocrx_word' id='word_1_655' title='bbox 2866 2751 3104 2801; x_wconf 88' lang='lat' dir='ltr'>sortem.</span> <span class='ocrx_word' id='word_1_656' title='bbox 3146 2772 3173 2797; x_wconf 83' lang='lat'>»</span> <span class='ocrx_word' id='word_1_657' title='bbox 3228 2752 3294 2803; x_wconf 70' lang='lat' dir='ltr'>Et</span> <span class='ocrx_word' id='word_1_658' title='bbox 3340 2747 3450 2804; x_wconf 90' lang='lat' dir='ltr'>hoc</span> <span class='ocrx_word' id='word_1_659' title='bbox 3480 2749 3539 2804; x_wconf 92' lang='lat' dir='ltr'>in</span> <span class='ocrx_word' id='word_1_660' title='bbox 3571 2749 3776 2806; x_wconf 89' lang='lat' dir='ltr'>eodem</span> 
     </span>
    </p>
   </div>
   <div class='ocr_carea' id='block_1_93' title="bbox 2129 2833 3781 2908">
    <p class='ocr_par' dir='ltr' id='par_1_93' title="bbox 2129 2833 3781 2908">
     <span class='ocr_line' id='line_1_94' title="bbox 2129 2833 3781 2908; baseline 0.002 -18"><span class='ocrx_word' id='word_1_661' title='bbox 2129 2833 2358 2906; x_wconf 87' lang='lat' dir='ltr'>psalmo</span> <span class='ocrx_word' id='word_1_662' title='bbox 2390 2834 2579 2890; x_wconf 87' lang='lat' dir='ltr'>fuerat</span> <span class='ocrx_word' id='word_1_663' title='bbox 2608 2834 3019 2908; x_wconf 89' lang='lat' dir='ltr'>prophetatum</span> <span class='ocrx_word' id='word_1_664' title='bbox 3054 2853 3067 2891; x_wconf 89' lang='lat'>:</span> <span class='ocrx_word' id='word_1_665' title='bbox 3120 2838 3434 2894; x_wconf 82' lang='lat' dir='ltr'>Diviserunt</span> <span class='ocrx_word' id='word_1_666' title='bbox 3477 2838 3589 2893; x_wconf 88' lang='lat' dir='ltr'>sibi</span> <span class='ocrx_word' id='word_1_667' title='bbox 3616 2841 3781 2896; x_wconf 85' lang='lat' dir='ltr'>vesti-</span> 
     </span>
    </p>
   </div>
   <div class='ocr_carea' id='block_1_94' title="bbox 2127 2928 3779 2996">
    <p class='ocr_par' dir='ltr' id='par_1_94' title="bbox 2127 2928 3779 2996">
     <span class='ocr_line' id='line_1_95' title="bbox 2127 2928 3779 2996; baseline 0.004 -16"><span class='ocrx_word' id='word_1_668' title='bbox 2127 2932 2310 2981; x_wconf 79' lang='lat' dir='ltr'>menta</span> <span class='ocrx_word' id='word_1_669' title='bbox 2340 2941 2477 2995; x_wconf 88' lang='lat' dir='ltr'>mea,</span> <span class='ocrx_word' id='word_1_670' title='bbox 2510 2929 2560 2980; x_wconf 87' lang='lat' dir='ltr'>et</span> <span class='ocrx_word' id='word_1_671' title='bbox 2614 2941 2779 2996; x_wconf 82' lang='lat' dir='ltr'>super</span> <span class='ocrx_word' id='word_1_672' title='bbox 2824 2935 3024 2983; x_wconf 80' lang='lat' dir='ltr'>vestem</span> <span class='ocrx_word' id='word_1_673' title='bbox 3069 2944 3251 2984; x_wconf 85' lang='lat' dir='ltr'>meam</span> <span class='ocrx_word' id='word_1_674' title='bbox 3279 2928 3551 2985; x_wconf 83' lang='lat' dir='ltr'>miserunt</span> <span class='ocrx_word' id='word_1_675' title='bbox 3577 2937 3779 2986; x_wconf 76' lang='lat' dir='ltr'>sortem</span> 
     </span>
    </p>
   </div>
   <div class='ocr_carea' id='block_1_95' title="bbox 2129 3014 2588 3085">
    <p class='ocr_par' dir='ltr' id='par_1_95' title="bbox 2129 3014 2588 3085">
     <span class='ocr_line' id='line_1_96' title="bbox 2129 3014 2588 3085; baseline 0.004 -18"><span class='ocrx_word' id='word_1_676' title='bbox 2129 3014 2299 3082; x_wconf 88' lang='lat' dir='ltr'>(Psal.</span> <span class='ocrx_word' id='word_1_677' title='bbox 2328 3031 2445 3080; x_wconf 67' lang='lat' dir='ltr'>xxx,</span> <span class='ocrx_word' id='word_1_678' title='bbox 2480 3015 2588 3085; x_wconf 80' lang='grc'>19).</span> 
     </span>
    </p>
   </div>
   <div class='ocr_carea' id='block_1_96' title="bbox 2200 3103 3781 3175">
    <p class='ocr_par' dir='ltr' id='par_1_96' title="bbox 2200 3103 3781 3175">
     <span class='ocr_line' id='line_1_97' title="bbox 2200 3103 3781 3175; baseline 0.003 -19"><span class='ocrx_word' id='word_1_679' title='bbox 2200 3103 2387 3175; x_wconf 87' lang='lat' dir='ltr'>(Vers.</span> <span class='ocrx_word' id='word_1_680' title='bbox 2423 3104 2537 3175; x_wconf 89' lang='lat'><strong>36.)</strong></span> <span class='ocrx_word' id='word_1_681' title='bbox 2572 3126 2599 3155; x_wconf 87' lang='grc'>‹‹</span> <span class='ocrx_word' id='word_1_682' title='bbox 2628 3108 2693 3160; x_wconf 90' lang='lat' dir='ltr'>Et</span> <span class='ocrx_word' id='word_1_683' title='bbox 2723 3104 2993 3161; x_wconf 88' lang='lat' dir='ltr'>sedentes</span> <span class='ocrx_word' id='word_1_684' title='bbox 3023 3106 3339 3164; x_wconf 89' lang='lat' dir='ltr'>servabant</span> <span class='ocrx_word' id='word_1_685' title='bbox 3380 3124 3538 3163; x_wconf 89' lang='lat' dir='ltr'>eum.</span> <span class='ocrx_word' id='word_1_686' title='bbox 3574 3128 3595 3158; x_wconf 74' lang='grc' dir='ltr'><strong><em>ι</em></strong></span> <span class='ocrx_word' id='word_1_687' title='bbox 3645 3105 3781 3164; x_wconf 91' lang='lat' dir='ltr'>Dili-</span> 
     </span>
    </p>
   </div>
   <div class='ocr_carea' id='block_1_97' title="bbox 2128 3192 3781 3269">
    <p class='ocr_par' dir='ltr' id='par_1_97' title="bbox 2128 3192 3781 3269">
     <span class='ocr_line' id='line_1_98' title="bbox 2128 3192 3781 3269; baseline 0.002 -21"><span class='ocrx_word' id='word_1_688' title='bbox 2128 3193 2325 3265; x_wconf 87' lang='lat' dir='ltr'>gentia</span> <span class='ocrx_word' id='word_1_689' title='bbox 2356 3192 2611 3249; x_wconf 87' lang='lat' dir='ltr'>militum</span> <span class='ocrx_word' id='word_1_690' title='bbox 2644 3198 2697 3249; x_wconf 88' lang='lat' dir='ltr'>et</span> <span class='ocrx_word' id='word_1_691' title='bbox 2756 3194 3128 3249; x_wconf 89' lang='lat' dir='ltr'>sacerdotum</span> <span class='ocrx_word' id='word_1_692' title='bbox 3184 3195 3353 3251; x_wconf 90' lang='lat' dir='ltr'>nobis</span> <span class='ocrx_word' id='word_1_693' title='bbox 3412 3195 3662 3269; x_wconf 86' lang='lat' dir='ltr'>proficit,</span> <span class='ocrx_word' id='word_1_694' title='bbox 3716 3200 3781 3251; x_wconf 87' lang='lat' dir='ltr'>ut</span> 
     </span>
    </p>
   </div>
   <div class='ocr_carea' id='block_1_98' title="bbox 2129 3283 3619 3357">
    <p class='ocr_par' dir='ltr' id='par_1_98' title="bbox 2129 3283 3619 3357">
     <span class='ocr_line' id='line_1_99' title="bbox 2129 3283 3619 3357; baseline 0.001 -20"><span class='ocrx_word' id='word_1_695' title='bbox 2129 3283 2314 3353; x_wconf 89' lang='lat' dir='ltr'>major</span> <span class='ocrx_word' id='word_1_696' title='bbox 2343 3286 2399 3338; x_wconf 90' lang='lat' dir='ltr'>et</span> <span class='ocrx_word' id='word_1_697' title='bbox 2428 3283 2684 3354; x_wconf 85' lang='lat' dir='ltr'>apertior</span> <span class='ocrx_word' id='word_1_698' title='bbox 2713 3284 3077 3356; x_wconf 84' lang='lat' dir='ltr'>resurgentis</span> <span class='ocrx_word' id='word_1_699' title='bbox 3106 3284 3292 3341; x_wconf 90' lang='lat' dir='ltr'>virtus</span> <span class='ocrx_word' id='word_1_700' title='bbox 3323 3290 3619 3357; x_wconf 87' lang='lat' dir='ltr'>appareat.</span> 
     </span>
    </p>
   </div>
   <div class='ocr_carea' id='block_1_99' title="bbox 2197 3371 3772 3447">
    <p class='ocr_par' dir='ltr' id='par_1_99' title="bbox 2197 3371 3772 3447">
     <span class='ocr_line' id='line_1_100' title="bbox 2197 3371 3772 3447; baseline 0.004 -22"><span class='ocrx_word' id='word_1_701' title='bbox 2197 3371 2380 3443; x_wconf 91' lang='lat' dir='ltr'>(Vers.</span> <span class='ocrx_word' id='word_1_702' title='bbox 2415 3373 2529 3443; x_wconf 87' lang='lat'><strong>37.)</strong></span> <span class='ocrx_word' id='word_1_703' title='bbox 2562 3394 2589 3422; x_wconf 88' lang='lat'><strong>«</strong></span> <span class='ocrx_word' id='word_1_704' title='bbox 2624 3373 2693 3427; x_wconf 89' lang='lat' dir='ltr'>Et</span> <span class='ocrx_word' id='word_1_705' title='bbox 2740 3372 3153 3445; x_wconf 89' lang='lat' dir='ltr'>imposuerunt</span> <span class='ocrx_word' id='word_1_706' title='bbox 3195 3391 3372 3445; x_wconf 90' lang='lat' dir='ltr'>super</span> <span class='ocrx_word' id='word_1_707' title='bbox 3417 3379 3595 3446; x_wconf 90' lang='lat' dir='ltr'>caput</span> <span class='ocrx_word' id='word_1_708' title='bbox 3641 3376 3772 3447; x_wconf 84' lang='lat' dir='ltr'>ejus</span> 
     </span>
    </p>
   </div>
   <div class='ocr_carea' id='block_1_100' title="bbox 2123 3460 3773 3537">
    <p class='ocr_par' dir='ltr' id='par_1_100' title="bbox 2123 3460 3773 3537">
     <span class='ocr_line' id='line_1_101' title="bbox 2123 3460 3773 3537; baseline 0.002 -22"><span class='ocrx_word' id='word_1_709' title='bbox 2123 3476 2365 3517; x_wconf 89' lang='lat' dir='ltr'>causam</span> <span class='ocrx_word' id='word_1_710' title='bbox 2396 3460 2585 3533; x_wconf 83' lang='lat' dir='ltr'>ipsius</span> <span class='ocrx_word' id='word_1_711' title='bbox 2613 3460 2913 3533; x_wconf 87' lang='lat' dir='ltr'>scriptam.</span> <span class='ocrx_word' id='word_1_712' title='bbox 2946 3461 3050 3517; x_wconf 93' lang='lat' dir='ltr'>Hic</span> <span class='ocrx_word' id='word_1_713' title='bbox 3080 3466 3169 3518; x_wconf 89' lang='lat' dir='ltr'>est</span> <span class='ocrx_word' id='word_1_714' title='bbox 3198 3466 3393 3530; x_wconf 87' lang='lat' dir='ltr'>Jesus,</span> <span class='ocrx_word' id='word_1_715' title='bbox 3419 3480 3518 3518; x_wconf 89' lang='lat' dir='ltr'>rex</span> <span class='ocrx_word' id='word_1_716' title='bbox 3546 3463 3773 3537; x_wconf 69' lang='lat' dir='ltr'>Judaeu-</span> 
     </span>
    </p>
   </div>
   <div class='ocr_carea' id='block_1_101' title="bbox 2123 3544 3776 3623">
    <p class='ocr_par' dir='ltr' id='par_1_101' title="bbox 2123 3544 3776 3623">
     <span class='ocr_line' id='line_1_102' title="bbox 2123 3544 3776 3623; baseline 0.001 -18"><span class='ocrx_word' id='word_1_717' title='bbox 2123 3544 2277 3605; x_wconf 89' lang='lat' dir='ltr'>rum.</span> <span class='ocrx_word' id='word_1_718' title='bbox 2313 3571 2340 3599; x_wconf 86' lang='lat'>»</span> <span class='ocrx_word' id='word_1_719' title='bbox 2362 3550 2486 3607; x_wconf 90' lang='lat' dir='ltr'>Non</span> <span class='ocrx_word' id='word_1_720' title='bbox 2519 3567 2760 3623; x_wconf 89' lang='lat' dir='ltr'>possum</span> <span class='ocrx_word' id='word_1_721' title='bbox 2794 3549 2968 3623; x_wconf 88' lang='lat' dir='ltr'>digne</span> <span class='ocrx_word' id='word_1_722' title='bbox 3021 3551 3300 3607; x_wconf 91' lang='lat' dir='ltr'>admirari</span> <span class='ocrx_word' id='word_1_723' title='bbox 3356 3568 3459 3623; x_wconf 90' lang='lat' dir='ltr'>pro</span> <span class='ocrx_word' id='word_1_724' title='bbox 3504 3552 3660 3611; x_wconf 71' lang='lat'><strong>234</strong></span> <span class='ocrx_word' id='word_1_725' title='bbox 3690 3551 3776 3607; x_wconf 90' lang='lat' dir='ltr'>rei</span> 
     </span>
    </p>
   </div>
   <div class='ocr_carea' id='block_1_102' title="bbox 2124 3638 3774 3712">
    <p class='ocr_par' dir='ltr' id='par_1_102' title="bbox 2124 3638 3774 3712">
     <span class='ocr_line' id='line_1_103' title="bbox 2124 3638 3774 3712; baseline 0.001 -16"><span class='ocrx_word' id='word_1_726' title='bbox 2124 3638 2547 3711; x_wconf 88' lang='lat' dir='ltr'>magnitudine,</span> <span class='ocrx_word' id='word_1_727' title='bbox 2564 3640 2718 3711; x_wconf 91' lang='lat' dir='ltr'>quod</span> <span class='ocrx_word' id='word_1_728' title='bbox 2744 3639 3062 3712; x_wconf 77' lang='lat' dir='ltr'>redemptis</span> <span class='ocrx_word' id='word_1_729' title='bbox 3085 3638 3268 3712; x_wconf 90' lang='lat' dir='ltr'>pretio</span> <span class='ocrx_word' id='word_1_730' title='bbox 3292 3639 3456 3697; x_wconf 85' lang='lat' dir='ltr'>falsis</span> <span class='ocrx_word' id='word_1_731' title='bbox 3477 3640 3774 3707; x_wconf 76' lang='lat' dir='ltr'>testibus‘,</span> 
     </span>
    </p>
   </div>
   <div class='ocr_carea' id='block_1_103' title="bbox 2122 3722 3770 3803">
    <p class='ocr_par' dir='ltr' id='par_1_103' title="bbox 2122 3722 3770 3803">
     <span class='ocr_line' id='line_1_104' title="bbox 2122 3722 3770 3803; baseline 0.001 -18"><span class='ocrx_word' id='word_1_732' title='bbox 2122 3733 2179 3785; x_wconf 92' lang='lat' dir='ltr'>et</span> <span class='ocrx_word' id='word_1_733' title='bbox 2208 3730 2277 3786; x_wconf 83' lang='lat' dir='ltr'>ad</span> <span class='ocrx_word' id='word_1_734' title='bbox 2310 3722 2655 3786; x_wconf 83' lang='lat' dir='ltr'>seditionem</span> <span class='ocrx_word' id='word_1_735' title='bbox 2688 3728 3122 3802; x_wconf 86' lang='lat' dir='ltr'>clamoremque</span> <span class='ocrx_word' id='word_1_736' title='bbox 3153 3729 3369 3786; x_wconf 86' lang='lat' dir='ltr'>infelici</span> <span class='ocrx_word' id='word_1_737' title='bbox 3400 3730 3615 3803; x_wconf 87' lang='lat' dir='ltr'>populo</span> <span class='ocrx_word' id='word_1_738' title='bbox 3638 3747 3770 3787; x_wconf 83' lang='lat' dir='ltr'>con-</span> 
     </span>
    </p>
   </div>
   <div class='ocr_carea' id='block_1_104' title="bbox 2123 3818 3774 3897">
    <p class='ocr_par' dir='ltr' id='par_1_104' title="bbox 2123 3818 3774 3897">
     <span class='ocr_line' id='line_1_105' title="bbox 2123 3818 3774 3897; baseline 0.001 -21"><span class='ocrx_word' id='word_1_739' title='bbox 2123 3820 2320 3888; x_wconf 86' lang='lat' dir='ltr'>citato,</span> <span class='ocrx_word' id='word_1_740' title='bbox 2344 3819 2568 3876; x_wconf 89' lang='lat' dir='ltr'>nullam</span> <span class='ocrx_word' id='word_1_741' title='bbox 2589 3818 2763 3875; x_wconf 87' lang='lat' dir='ltr'>aliam</span> <span class='ocrx_word' id='word_1_742' title='bbox 2800 3819 3126 3875; x_wconf 90' lang='lat' dir='ltr'>invencrint</span> <span class='ocrx_word' id='word_1_743' title='bbox 3154 3837 3394 3877; x_wconf 88' lang='lat' dir='ltr'>causam</span> <span class='ocrx_word' id='word_1_744' title='bbox 3420 3821 3774 3897; x_wconf 82' lang='lat' dir='ltr'>interfectio-</span> 
     </span>
    </p>
   </div>
   <div class='ocr_carea' id='block_1_105' title="bbox 2123 3908 3777 3980">
    <p class='ocr_par' dir='ltr' id='par_1_105' title="bbox 2123 3908 3777 3980">
     <span class='ocr_line' id='line_1_106' title="bbox 2123 3908 3777 3980; baseline 0 -14"><span class='ocrx_word' id='word_1_745' title='bbox 2123 3911 2216 3966; x_wconf 90' lang='lat' dir='ltr'>nis</span> <span class='ocrx_word' id='word_1_746' title='bbox 2246 3910 2394 3979; x_wconf 89' lang='lat' dir='ltr'>ejus,</span> <span class='ocrx_word' id='word_1_747' title='bbox 2431 3908 2541 3965; x_wconf 88' lang='lat' dir='ltr'>nisi</span> <span class='ocrx_word' id='word_1_748' title='bbox 2572 3909 2724 3980; x_wconf 88' lang='lat' dir='ltr'>quod</span> <span class='ocrx_word' id='word_1_749' title='bbox 2756 3925 2854 3963; x_wconf 85' lang='lat' dir='ltr'>rex</span> <span class='ocrx_word' id='word_1_750' title='bbox 2882 3908 3218 3966; x_wconf 65' lang='lat' dir='ltr'>Judieorum</span> <span class='ocrx_word' id='word_1_751' title='bbox 3248 3914 3419 3967; x_wconf 89' lang='lat' dir='ltr'>esset.</span> <span class='ocrx_word' id='word_1_752' title='bbox 3453 3911 3521 3966; x_wconf 88' lang='lat' dir='ltr'>Et</span> <span class='ocrx_word' id='word_1_753' title='bbox 3545 3909 3632 3966; x_wconf 90' lang='lat' dir='ltr'>illi</span> <span class='ocrx_word' id='word_1_754' title='bbox 3661 3911 3777 3967; x_wconf 90' lang='lat' dir='ltr'>for-</span> 
     </span>
    </p>
   </div>
   <div class='ocr_carea' id='block_1_106' title="bbox 2122 3997 3770 4069">
    <p class='ocr_par' dir='ltr' id='par_1_106' title="bbox 2122 3997 3770 4069">
     <span class='ocr_line' id='line_1_107' title="bbox 2122 3997 3770 4069; baseline 0.001 -14"><span class='ocrx_word' id='word_1_755' title='bbox 2122 3999 2273 4055; x_wconf 86' lang='lat' dir='ltr'>sitan</span> <span class='ocrx_word' id='word_1_756' title='bbox 2306 3998 2617 4053; x_wconf 87' lang='lat' dir='ltr'>illudeutes</span> <span class='ocrx_word' id='word_1_757' title='bbox 2649 3997 3023 4069; x_wconf 88' lang='lat' dir='ltr'>ridentesque</span> <span class='ocrx_word' id='word_1_758' title='bbox 3055 3999 3165 4054; x_wconf 89' lang='lat' dir='ltr'>hoc</span> <span class='ocrx_word' id='word_1_759' title='bbox 3196 3998 3456 4057; x_wconf 90' lang='lat' dir='ltr'>fecerint.</span> <span class='ocrx_word' id='word_1_760' title='bbox 3486 4000 3770 4056; x_wconf 81' lang='lat' dir='ltr'>Caeterum</span> 
     </span>
    </p>
   </div>
   <div class='ocr_carea' id='block_1_107' title="bbox 2120 4085 3767 4161">
    <p class='ocr_par' dir='ltr' id='par_1_107' title="bbox 2120 4085 3767 4161">
     <span class='ocr_line' id='line_1_108' title="bbox 2120 4085 3767 4161; baseline 0.004 -20"><span class='ocrx_word' id='word_1_761' title='bbox 2120 4086 2344 4143; x_wconf 89' lang='lat' dir='ltr'>Pilatus</span> <span class='ocrx_word' id='word_1_762' title='bbox 2374 4086 2547 4141; x_wconf 89' lang='lat' dir='ltr'>etiam</span> <span class='ocrx_word' id='word_1_763' title='bbox 2581 4085 2917 4141; x_wconf 88' lang='lat' dir='ltr'>nolentibus</span> <span class='ocrx_word' id='word_1_764' title='bbox 2972 4088 3310 4159; x_wconf 89' lang='lat' dir='ltr'>respondit:</span> <span class='ocrx_word' id='word_1_765' title='bbox 3367 4088 3516 4158; x_wconf 83' lang='lat' dir='ltr'>Quod</span> <span class='ocrx_word' id='word_1_766' title='bbox 3544 4091 3767 4161; x_wconf 81' lang='lat' dir='ltr'>scripsi,</span> 
     </span>
    </p>
   </div>
   <div class='ocr_carea' id='block_1_108' title="bbox 2120 4173 3766 4248">
    <p class='ocr_par' dir='ltr' id='par_1_108' title="bbox 2120 4173 3766 4248">
     <span class='ocr_line' id='line_1_109' title="bbox 2120 4173 3766 4248; baseline 0.002 -17"><span class='ocrx_word' id='word_1_767' title='bbox 2120 4176 2339 4247; x_wconf 78' lang='lat' dir='ltr'>scripsi.</span> <span class='ocrx_word' id='word_1_768' title='bbox 2371 4173 2593 4239; x_wconf 77' lang='lat' dir='ltr'>Velitis,</span> <span class='ocrx_word' id='word_1_769' title='bbox 2615 4173 2833 4245; x_wconf 89' lang='lat' dir='ltr'>nolitis,</span> <span class='ocrx_word' id='word_1_770' title='bbox 2855 4175 3059 4243; x_wconf 81' lang='lat' dir='ltr'>Judaei,</span> <span class='ocrx_word' id='word_1_771' title='bbox 3087 4176 3280 4231; x_wconf 89' lang='lat' dir='ltr'>omnis</span> <span class='ocrx_word' id='word_1_772' title='bbox 3310 4178 3474 4233; x_wconf 87' lang='lat' dir='ltr'>vobis</span> <span class='ocrx_word' id='word_1_773' title='bbox 3502 4177 3766 4248; x_wconf 83' lang='lat' dir='ltr'>gentium</span> 
     </span>
    </p>
   </div>
   <div class='ocr_carea' id='block_1_109' title="bbox 2120 4296 3763 4372">
    <p class='ocr_par' dir='ltr' id='par_1_109' title="bbox 2120 4296 3763 4372">
     <span class='ocr_line' id='line_1_110' title="bbox 2120 4296 3763 4372; baseline -0.001 -15"><span class='ocrx_word' id='word_1_774' title='bbox 2120 4318 2265 4367; x_wconf 85' lang='lat' dir='ltr'>non,</span> <span class='ocrx_word' id='word_1_775' title='bbox 2324 4303 2387 4355; x_wconf 80' lang='lat' dir='ltr'>ut</span> <span class='ocrx_word' id='word_1_776' title='bbox 2447 4298 2719 4370; x_wconf 74' lang='lat' dir='ltr'>legimus,</span> <span class='ocrx_word' id='word_1_777' title='bbox 2772 4296 3049 4372; x_wconf 61' lang='grc' dir='ltr'>ἐπιφαῷσει</span> <span class='ocrx_word' id='word_1_778' title='bbox 3116 4319 3202 4372; x_wconf 57' lang='grc' dir='ltr'>σοι</span> <span class='ocrx_word' id='word_1_779' title='bbox 3248 4298 3494 4370; x_wconf 69' lang='grc' dir='ltr'>Χριστὸς,</span> <span class='ocrx_word' id='word_1_780' title='bbox 3548 4300 3603 4356; x_wconf 84' lang='lat' dir='ltr'>id</span> <span class='ocrx_word' id='word_1_781' title='bbox 3652 4306 3763 4371; x_wconf 85' lang='lat' dir='ltr'>est,</span> 
     </span>
    </p>
   </div>
   <div class='ocr_carea' id='block_1_110' title="bbox 2119 4369 3766 4455">
    <p class='ocr_par' dir='ltr' id='par_1_110' title="bbox 2119 4369 3766 4455">
     <span class='ocr_line' id='line_1_111' title="bbox 2119 4369 3766 4455; baseline -0.002 -25"><span class='ocrx_word' id='word_1_782' title='bbox 2119 4372 2470 4455; x_wconf 53' lang='lat' dir='ltr'>orieturmtioi</span> <span class='ocrx_word' id='word_1_783' title='bbox 2502 4372 2770 4455; x_wconf 59' lang='lat' dir='ltr'>Christus,</span> <span class='ocrx_word' id='word_1_784' title='bbox 2804 4369 2902 4455; x_wconf 75' lang='lat' dir='ltr'>sed</span> <span class='ocrx_word' id='word_1_785' title='bbox 2939 4369 3241 4455; x_wconf 53' lang='lat' dir='ltr'>suntmissi,</span> <span class='ocrx_word' id='word_1_786' title='bbox 3294 4369 3357 4427; x_wconf 86' lang='lat' dir='ltr'>id</span> <span class='ocrx_word' id='word_1_787' title='bbox 3402 4369 3510 4437; x_wconf 81' lang='lat' dir='ltr'>est,</span> <span class='ocrx_word' id='word_1_788' title='bbox 3532 4369 3766 4455; x_wconf 45' lang='lat' dir='ltr'>.continé</span> 
     </span>
    </p>
   </div>
   <div class='ocr_carea' id='block_1_111' title="bbox 2118 4443 3764 4517">
    <p class='ocr_par' dir='ltr' id='par_1_111' title="bbox 2118 4443 3764 4517">
     <span class='ocr_line' id='line_1_112' title="bbox 2118 4443 3764 4517; baseline -0.003 -14"><span class='ocrx_word' id='word_1_789' title='bbox 2118 4448 2281 4517; x_wconf 82' lang='lat' dir='ltr'>gette</span> <span class='ocrx_word' id='word_1_790' title='bbox 2313 4443 2760 4517; x_wconf 34' lang='lat' dir='ltr'>Christussouia</span> <span class='ocrx_word' id='word_1_791' title='bbox 2807 4444 3075 4500; x_wconf 89' lang='lat' dir='ltr'>videlicet</span> <span class='ocrx_word' id='word_1_792' title='bbox 3129 4450 3286 4500; x_wconf 89' lang='lat' dir='ltr'>tactu</span> <span class='ocrx_word' id='word_1_793' title='bbox 3336 4443 3644 4517; x_wconf 85' lang='lat' dir='ltr'>sanguinis</span> <span class='ocrx_word' id='word_1_794' title='bbox 3678 4446 3764 4517; x_wconf 91' lang='lat' dir='ltr'>ip-</span> 
     </span>
    </p>
   </div>
   <div class='ocr_carea' id='block_1_112' title="bbox 2120 4516 3767 4590">
    <p class='ocr_par' dir='ltr' id='par_1_112' title="bbox 2120 4516 3767 4590">
     <span class='ocr_line' id='line_1_113' title="bbox 2120 4516 3767 4590; baseline 0.001 -18"><span class='ocrx_word' id='word_1_795' title='bbox 2120 4516 2265 4588; x_wconf 88' lang='lat' dir='ltr'>sius,</span> <span class='ocrx_word' id='word_1_796' title='bbox 2298 4521 2355 4571; x_wconf 91' lang='lat' dir='ltr'>et</span> <span class='ocrx_word' id='word_1_797' title='bbox 2384 4516 2642 4587; x_wconf 90' lang='lat' dir='ltr'>corporis</span> <span class='ocrx_word' id='word_1_798' title='bbox 2674 4516 3055 4588; x_wconf 85' lang='lat' dir='ltr'>dependentis</span> <span class='ocrx_word' id='word_1_799' title='bbox 3076 4517 3415 4590; x_wconf 72' lang='lat' dir='ltr'>viviﬁcetur,</span> <span class='ocrx_word' id='word_1_800' title='bbox 3439 4516 3616 4590; x_wconf 75' lang='lat' dir='ltr'>atque</span> <span class='ocrx_word' id='word_1_801' title='bbox 3635 4516 3767 4573; x_wconf 88' lang='lat' dir='ltr'>con-</span> 
     </span>
    </p>
   </div>
   <div class='ocr_carea' id='block_1_113' title="bbox 2120 4588 3761 4661">
    <p class='ocr_par' dir='ltr' id='par_1_113' title="bbox 2120 4588 3761 4661">
     <span class='ocr_line' id='line_1_114' title="bbox 2120 4588 3761 4661; baseline 0 -16"><span class='ocrx_word' id='word_1_802' title='bbox 2120 4592 2323 4661; x_wconf 84' lang='lat' dir='ltr'>surgat</span> <span class='ocrx_word' id='word_1_803' title='bbox 2350 4592 2409 4643; x_wconf 92' lang='lat' dir='ltr'>et</span> <span class='ocrx_word' id='word_1_804' title='bbox 2439 4592 2576 4642; x_wconf 89' lang='lat' dir='ltr'>tunc</span> <span class='ocrx_word' id='word_1_805' title='bbox 2608 4594 2809 4661; x_wconf 81' lang='lat' dir='ltr'>typum</span> <span class='ocrx_word' id='word_1_806' title='bbox 2855 4604 3087 4661; x_wconf 90' lang='lat' dir='ltr'>quoque</span> <span class='ocrx_word' id='word_1_807' title='bbox 3137 4588 3303 4644; x_wconf 91' lang='lat' dir='ltr'>illum</span> <span class='ocrx_word' id='word_1_808' title='bbox 3334 4588 3573 4645; x_wconf 83' lang='lat' dir='ltr'>veritate</span> <span class='ocrx_word' id='word_1_809' title='bbox 3602 4606 3761 4645; x_wconf 89' lang='lat' dir='ltr'>com-</span> 
     </span>
    </p>
   </div>
   <div class='ocr_carea' id='block_1_114' title="bbox 2120 4659 3763 4732">
    <p class='ocr_par' dir='ltr' id='par_1_114' title="bbox 2120 4659 3763 4732">
     <span class='ocr_line' id='line_1_115' title="bbox 2120 4659 3763 4732; baseline 0.002 -17"><span class='ocrx_word' id='word_1_810' title='bbox 2120 4659 2285 4732; x_wconf 81' lang='lat' dir='ltr'>pleri,</span> <span class='ocrx_word' id='word_1_811' title='bbox 2318 4661 2553 4730; x_wconf 89' lang='lat' dir='ltr'>quando</span> <span class='ocrx_word' id='word_1_812' title='bbox 2583 4660 2827 4715; x_wconf 82' lang='lat' dir='ltr'>Elisaeus</span> <span class='ocrx_word' id='word_1_813' title='bbox 2857 4659 3127 4716; x_wconf 81' lang='lat' dir='ltr'>mortuus</span> <span class='ocrx_word' id='word_1_814' title='bbox 3176 4666 3474 4717; x_wconf 79' lang='lat' dir='ltr'>mortuum</span> <span class='ocrx_word' id='word_1_815' title='bbox 3515 4662 3763 4718; x_wconf 89' lang='lat' dir='ltr'>suscita-</span> 
     </span>
    </p>
   </div>
   <div class='ocr_carea' id='block_1_115' title="bbox 2118 4731 3765 4804">
    <p class='ocr_par' dir='ltr' id='par_1_115' title="bbox 2118 4731 3765 4804">
     <span class='ocr_line' id='line_1_116' title="bbox 2118 4731 3765 4804; baseline 0.002 -17"><span class='ocrx_word' id='word_1_816' title='bbox 2118 4731 2218 4787; x_wconf 82' lang='lat' dir='ltr'>vit.</span> <span class='ocrx_word' id='word_1_817' title='bbox 2254 4731 2383 4804; x_wconf 71' lang='lat' dir='ltr'>Haec</span> <span class='ocrx_word' id='word_1_818' title='bbox 2416 4736 2613 4785; x_wconf 90' lang='lat' dir='ltr'>utrum</span> <span class='ocrx_word' id='word_1_819' title='bbox 2646 4748 2779 4788; x_wconf 88' lang='lat' dir='ltr'>vera</span> <span class='ocrx_word' id='word_1_820' title='bbox 2806 4732 2944 4804; x_wconf 87' lang='lat' dir='ltr'>sint,</span> <span class='ocrx_word' id='word_1_821' title='bbox 2996 4749 3197 4801; x_wconf 88' lang='lat' dir='ltr'>necne,</span> <span class='ocrx_word' id='word_1_822' title='bbox 3247 4733 3480 4789; x_wconf 87' lang='lat' dir='ltr'>lectoris</span> <span class='ocrx_word' id='word_1_823' title='bbox 3523 4734 3765 4791; x_wconf 89' lang='lat' dir='ltr'>arbitrio</span> 
     </span>
    </p>
   </div>
   <div class='ocr_carea' id='block_1_116' title="bbox 2119 4801 3763 4878">
    <p class='ocr_par' dir='ltr' id='par_1_116' title="bbox 2119 4801 3763 4878">
     <span class='ocr_line' id='line_1_117' title="bbox 2119 4801 3763 4878; baseline 0.002 -19"><span class='ocrx_word' id='word_1_824' title='bbox 2119 4801 2483 4878; x_wconf 84' lang='lat' dir='ltr'>derelinquo.</span> <span class='ocrx_word' id='word_1_825' title='bbox 2516 4806 2677 4878; x_wconf 79' lang='lat' dir='ltr'>Certe</span> <span class='ocrx_word' id='word_1_826' title='bbox 2710 4806 2847 4858; x_wconf 89' lang='lat' dir='ltr'>tunc</span> <span class='ocrx_word' id='word_1_827' title='bbox 2877 4801 2937 4878; x_wconf 82' lang='lat' dir='ltr'>in</span> <span class='ocrx_word' id='word_1_828' title='bbox 2971 4804 3186 4878; x_wconf 75' lang='lat' dir='ltr'>populo</span> <span class='ocrx_word' id='word_1_829' title='bbox 3214 4805 3368 4862; x_wconf 89' lang='lat' dir='ltr'>dicta</span> <span class='ocrx_word' id='word_1_830' title='bbox 3397 4805 3763 4878; x_wconf 89' lang='lat' dir='ltr'>placuerunt,</span> 
     </span>
    </p>
   </div>
   <div class='ocr_carea' id='block_1_117' title="bbox 2118 4873 3765 4949">
    <p class='ocr_par' dir='ltr' id='par_1_117' title="bbox 2118 4873 3765 4949">
     <span class='ocr_line' id='line_1_118' title="bbox 2118 4873 3765 4949; baseline 0.002 -19"><span class='ocrx_word' id='word_1_831' title='bbox 2118 4878 2175 4931; x_wconf 86' lang='lat' dir='ltr'>et</span> <span class='ocrx_word' id='word_1_832' title='bbox 2203 4873 2465 4949; x_wconf 10' lang='lat' dir='ltr'>quodam;</span> <span class='ocrx_word' id='word_1_833' title='bbox 2491 4873 2797 4949; x_wconf 71' lang='lat' dir='ltr'>plausuac</span> <span class='ocrx_word' id='word_1_834' title='bbox 2825 4873 3083 4949; x_wconf 68' lang='lat' dir='ltr'>tripudio</span> <span class='ocrx_word' id='word_1_835' title='bbox 3114 4882 3254 4933; x_wconf 88' lang='lat' dir='ltr'>sunt</span> <span class='ocrx_word' id='word_1_836' title='bbox 3282 4873 3538 4949; x_wconf 74' lang='lat' dir='ltr'>excepta.</span> <span class='ocrx_word' id='word_1_837' title='bbox 3576 4901 3603 4928; x_wconf 85' lang='lat'>»</span> <span class='ocrx_word' id='word_1_838' title='bbox 3650 4873 3765 4936; x_wconf 79' lang='lat' dir='ltr'>Nos</span> 
     </span>
    </p>
   </div>
   <div class='ocr_carea' id='block_1_118' title="bbox 2119 4944 3762 5020">
    <p class='ocr_par' dir='ltr' id='par_1_118' title="bbox 2119 4944 3762 5020">
     <span class='ocr_line' id='line_1_119' title="bbox 2119 4944 3762 5020; baseline 0.002 -19"><span class='ocrx_word' id='word_1_839' title='bbox 2119 4944 2387 5019; x_wconf 69' lang='lat' dir='ltr'>quaedam</span> <span class='ocrx_word' id='word_1_840' title='bbox 2418 4944 2863 5020; x_wconf 81' lang='lat' dir='ltr'>observabimus</span> <span class='ocrx_word' id='word_1_841' title='bbox 2907 4944 2983 5003; x_wconf 76' lang='lat' dir='ltr'>ad</span> <span class='ocrx_word' id='word_1_842' title='bbox 3034 4948 3337 5018; x_wconf 85' lang='lat' dir='ltr'>hujusmet</span> <span class='ocrx_word' id='word_1_843' title='bbox 3378 4944 3647 5020; x_wconf 68' lang='lat' dir='ltr'>Epistolis</span> <span class='ocrx_word' id='word_1_844' title='bbox 3678 4950 3762 5005; x_wconf 91' lang='lat' dir='ltr'>lo-</span> 
     </span>
    </p>
   </div>
   <div class='ocr_carea' id='block_1_119' title="bbox 2119 5016 3765 5101">
    <p class='ocr_par' dir='ltr' id='par_1_119' title="bbox 2119 5016 3765 5101">
     <span class='ocr_line' id='line_1_120' title="bbox 2119 5016 3765 5101; baseline -0.001 -26"><span class='ocrx_word' id='word_1_845' title='bbox 2119 5016 2252 5075; x_wconf 76' lang='lat' dir='ltr'>cum</span> <span class='ocrx_word' id='word_1_846' title='bbox 2283 5035 2311 5072; x_wconf 38' lang='grc' dir='ltr'>εν</span> <span class='ocrx_word' id='word_1_847' title='bbox 2360 5016 3011 5101; x_wconf 40' lang='grc' dir='ltr'>θεῑὶρυιρὶονθῐγιοθηίρ]</span> <span class='ocrx_word' id='word_1_848' title='bbox 3175 5016 3550 5101; x_wconf 73' lang='lat' dir='ltr'>Ambrosium</span> <span class='ocrx_word' id='word_1_849' title='bbox 3610 5021 3765 5101; x_wconf 67' lang='lat' dir='ltr'>inter</span> 
     </span>
    </p>
   </div>
   <div class='ocr_carea' id='block_1_120' title="bbox 2118 5090 3760 5173">
    <p class='ocr_par' dir='ltr' id='par_1_120' title="bbox 2118 5090 3760 5173">
     <span class='ocr_line' id='line_1_121' title="bbox 2118 5090 3760 5173; baseline -0.001 -26"><span class='ocrx_word' id='word_1_850' title='bbox 2118 5095 2353 5173; x_wconf 60' lang='lat' dir='ltr'>caeteros</span> <span class='ocrx_word' id='word_1_851' title='bbox 2386 5090 2583 5173; x_wconf 74' lang='lat' dir='ltr'>magni</span> <span class='ocrx_word' id='word_1_852' title='bbox 2617 5090 2875 5173; x_wconf 75' lang='lat' dir='ltr'>n_ominis</span> <span class='ocrx_word' id='word_1_853' title='bbox 2921 5091 3074 5148; x_wconf 89' lang='lat' dir='ltr'>viros</span> <span class='ocrx_word' id='word_1_854' title='bbox 3106 5092 3236 5173; x_wconf 60' lang='lat' dir='ltr'>haec</span> <span class='ocrx_word' id='word_1_855' title='bbox 3292 5094 3486 5173; x_wconf 75' lang='lat' dir='ltr'>opinio</span> <span class='ocrx_word' id='word_1_856' title='bbox 3535 5091 3760 5173; x_wconf 40' lang='lat' dir='ltr'>hahui‘t,</span> 
     </span>
    </p>
   </div>
   <div class='ocr_carea' id='block_1_121' title="bbox 2117 5161 3764 5239">
    <p class='ocr_par' dir='ltr' id='par_1_121' title="bbox 2117 5161 3764 5239">
     <span class='ocr_line' id='line_1_122' title="bbox 2117 5161 3764 5239; baseline 0.001 -21"><span class='ocrx_word' id='word_1_857' title='bbox 2117 5161 2512 5239; x_wconf 56' lang='lat' dir='ltr'>Commentar&#39;.</span> <span class='ocrx_word' id='word_1_858' title='bbox 2548 5163 2605 5218; x_wconf 90' lang='lat' dir='ltr'>in</span> <span class='ocrx_word' id='word_1_859' title='bbox 2643 5167 2855 5218; x_wconf 90' lang='lat' dir='ltr'>Lucam</span> <span class='ocrx_word' id='word_1_860' title='bbox 2887 5181 3023 5239; x_wconf 62' lang='lat' dir='ltr'>xm,</span> <span class='ocrx_word' id='word_1_861' title='bbox 3063 5164 3173 5239; x_wconf 84' lang='lat' dir='ltr'>ubi</span> <span class='ocrx_word' id='word_1_862' title='bbox 3212 5173 3286 5228; x_wconf 83' lang='lat' dir='ltr'>et,</span> <span class='ocrx_word' id='word_1_863' title='bbox 3321 5161 3764 5239; x_wconf 25' lang='lat' dir='ltr'>quodddil&#39;ﬁcile</span> 
     </span>
    </p>
   </div>
   <div class='ocr_carea' id='block_1_122' title="bbox 2119 5233 3764 5309">
    <p class='ocr_par' dir='ltr' id='par_1_122' title="bbox 2119 5233 3764 5309">
     <span class='ocr_line' id='line_1_123' title="bbox 2119 5233 3764 5309; baseline -0.001 -19"><span class='ocrx_word' id='word_1_864' title='bbox 2119 5240 2208 5291; x_wconf 89' lang='lat' dir='ltr'>est</span> <span class='ocrx_word' id='word_1_865' title='bbox 2237 5233 2481 5302; x_wconf 89' lang='lat' dir='ltr'>creditu,</span> <span class='ocrx_word' id='word_1_866' title='bbox 2515 5240 2943 5309; x_wconf 85' lang='lat' dir='ltr'>propugnatam</span> <span class='ocrx_word' id='word_1_867' title='bbox 2977 5236 3047 5292; x_wconf 89' lang='lat' dir='ltr'>ab</span> <span class='ocrx_word' id='word_1_868' title='bbox 3077 5233 3356 5294; x_wconf 66' lang='lat' dir='ltr'>Hebraeis</span> <span class='ocrx_word' id='word_1_869' title='bbox 3374 5234 3552 5293; x_wconf 88' lang='lat' dir='ltr'>tradit</span> <span class='ocrx_word' id='word_1_870' title='bbox 3580 5234 3764 5290; x_wconf 85' lang='lat' dir='ltr'>fuisse</span> 
     </span>
    </p>
   </div>
   <div class='ocr_carea' id='block_1_123' title="bbox 2117 5309 2487 5365">
    <p class='ocr_par' dir='ltr' id='par_1_123' title="bbox 2117 5309 2487 5365">
     <span class='ocr_line' id='line_1_124' title="bbox 2117 5309 2487 5365; baseline -0.008 -1"><span class='ocrx_word' id='word_1_871' title='bbox 2117 5309 2487 5365; x_wconf 83' lang='lat' dir='ltr'>sententiam.</span> 
     </span>
    </p>
   </div>
   <div class='ocr_carea' id='block_1_124' title="bbox 2189 5375 3764 5460">
    <p class='ocr_par' dir='ltr' id='par_1_124' title="bbox 2189 5375 3764 5460">
     <span class='ocr_line' id='line_1_125' title="bbox 2189 5375 3764 5460; baseline -0.003 -25"><span class='ocrx_word' id='word_1_872' title='bbox 2189 5381 2211 5415; x_wconf 78' lang='grc'>³</span> <span class='ocrx_word' id='word_1_873' title='bbox 2240 5378 2449 5460; x_wconf 78' lang='lat' dir='ltr'>Confer</span> <span class='ocrx_word' id='word_1_874' title='bbox 2488 5378 2705 5460; x_wconf 70' lang='lat' dir='ltr'>librum</span> <span class='ocrx_word' id='word_1_875' title='bbox 2738 5377 2834 5460; x_wconf 37' lang='lat' dir='ltr'>iis.</span> <span class='ocrx_word' id='word_1_876' title='bbox 2869 5381 3041 5460; x_wconf 56' lang='lat' dir='ltr'>boris,</span> <span class='ocrx_word' id='word_1_877' title='bbox 3087 5380 3158 5433; x_wconf 79' lang='lat' dir='ltr'>ad</span> <span class='ocrx_word' id='word_1_878' title='bbox 3217 5394 3411 5460; x_wconf 68' lang='lat' dir='ltr'>vocem</span> <span class='ocrx_word' id='word_1_879' title='bbox 3441 5376 3629 5460; x_wconf 44' lang='lat' dir='ltr'>arboc.</span> <span class='ocrx_word' id='word_1_880' title='bbox 3662 5375 3764 5431; x_wconf 87' lang='lat' dir='ltr'>Vi-</span> 
     </span>
    </p>
   </div>
   <div class='ocr_carea' id='block_1_125' title="bbox 2117 5450 3689 5533">
    <p class='ocr_par' dir='ltr' id='par_1_125' title="bbox 2117 5450 3689 5533">
     <span class='ocr_line' id='line_1_126' title="bbox 2117 5450 3689 5533; baseline -0.001 -26"><span class='ocrx_word' id='word_1_881' title='bbox 2117 5450 2348 5533; x_wconf 68' lang='lat' dir='ltr'>dendus</span> <span class='ocrx_word' id='word_1_882' title='bbox 2374 5465 2612 5533; x_wconf 81' lang='lat' dir='ltr'>quoque</span> <span class='ocrx_word' id='word_1_883' title='bbox 2642 5451 2702 5506; x_wconf 92' lang='lat' dir='ltr'>S.</span> <span class='ocrx_word' id='word_1_884' title='bbox 2736 5450 3097 5533; x_wconf 83' lang='lat' dir='ltr'>Epiphanius</span> <span class='ocrx_word' id='word_1_885' title='bbox 3129 5456 3329 5505; x_wconf 88' lang='lat' dir='ltr'>contra</span> <span class='ocrx_word' id='word_1_886' title='bbox 3356 5450 3689 5533; x_wconf 73' lang='lat' dir='ltr'>Tatianum.</span> 
     </span>
    </p>
   </div>
   <div class='ocr_carea' id='block_1_126' title="bbox 2188 5521 3767 5596">
    <p class='ocr_par' dir='ltr' id='par_1_126' title="bbox 2188 5521 3767 5596">
     <span class='ocr_line' id='line_1_127' title="bbox 2188 5521 3767 5596; baseline 0 -17"><span class='ocrx_word' id='word_1_887' title='bbox 2188 5524 2211 5557; x_wconf 81' lang='grc'>³</span> <span class='ocrx_word' id='word_1_888' title='bbox 2239 5521 2935 5596; x_wconf 11' lang='grc' dir='ltr'>Ριθνίᾁυθθοῐῃηθεῄῐῇέετ,</span> <span class='ocrx_word' id='word_1_889' title='bbox 2965 5526 3149 5596; x_wconf 72' lang='lat' dir='ltr'>vinum</span> <span class='ocrx_word' id='word_1_890' title='bbox 3182 5537 3284 5596; x_wconf 81' lang='lat' dir='ltr'>pro</span> <span class='ocrx_word' id='word_1_891' title='bbox 3316 5524 3461 5577; x_wconf 80' lang='lat' dir='ltr'>aceto</span> <span class='ocrx_word' id='word_1_892' title='bbox 3496 5521 3600 5596; x_wconf 88' lang='lat' dir='ltr'>hic_</span> <span class='ocrx_word' id='word_1_893' title='bbox 3622 5539 3767 5596; x_wconf 62' lang='lat' dir='ltr'>pras-</span> 
     </span>
    </p>
   </div>
   <div class='ocr_carea' id='block_1_127' title="bbox 2117 5592 3763 5673">
    <p class='ocr_par' dir='ltr' id='par_1_127' title="bbox 2117 5592 3763 5673">
     <span class='ocr_line' id='line_1_128' title="bbox 2117 5592 3763 5673; baseline 0 -22"><span class='ocrx_word' id='word_1_894' title='bbox 2117 5595 2336 5673; x_wconf 70' lang='lat' dir='ltr'>ferunt.</span> <span class='ocrx_word' id='word_1_895' title='bbox 2366 5592 2472 5651; x_wconf 78' lang='lat' dir='ltr'>Sed</span> <span class='ocrx_word' id='word_1_896' title='bbox 2507 5594 2761 5673; x_wconf 62' lang='lat' dir='ltr'>etGragci</span> <span class='ocrx_word' id='word_1_897' title='bbox 2796 5592 3351 5673; x_wconf 49' lang='lat' dir='ltr'>archetypfvariant</span> <span class='ocrx_word' id='word_1_898' title='bbox 3380 5592 3763 5670; x_wconf 79' lang='lat' dir='ltr'>exemplaria:</span> 
     </span>
    </p>
   </div>
   <div class='ocr_carea' id='block_1_128' title="bbox 2118 5661 3256 5739">
    <p class='ocr_par' dir='ltr' id='par_1_128' title="bbox 2118 5661 3256 5739">
     <span class='ocr_line' id='line_1_129' title="bbox 2118 5661 3256 5739; baseline -0.006 -15"><span class='ocrx_word' id='word_1_899' title='bbox 2118 5667 2248 5724; x_wconf 87' lang='lat' dir='ltr'>aliis</span> <span class='ocrx_word' id='word_1_900' title='bbox 2280 5670 2452 5738; x_wconf 80' lang='grc' dir='ltr'>οἶνον,</span> <span class='ocrx_word' id='word_1_901' title='bbox 2487 5667 2617 5723; x_wconf 83' lang='lat' dir='ltr'>aliis</span> <span class='ocrx_word' id='word_1_902' title='bbox 2647 5661 2767 5736; x_wconf 78' lang='grc' dir='ltr'>ὅξος</span> <span class='ocrx_word' id='word_1_903' title='bbox 2800 5661 3256 5739; x_wconf 61' lang='lat' dir='ltr'>prmfercutibus.</span> 
     </span>
    </p>
   </div>
   <div class='ocr_carea' id='block_1_129' title="bbox 2190 5734 3768 5811">
    <p class='ocr_par' dir='ltr' id='par_1_129' title="bbox 2190 5734 3768 5811">
     <span class='ocr_line' id='line_1_130' title="bbox 2190 5734 3768 5811; baseline -0.002 -15"><span class='ocrx_word' id='word_1_904' title='bbox 2190 5742 2209 5773; x_wconf 78' lang='lat'><strong>‘</strong></span> <span class='ocrx_word' id='word_1_905' title='bbox 2240 5739 2404 5797; x_wconf 90' lang='lat' dir='ltr'>Unus</span> <span class='ocrx_word' id='word_1_906' title='bbox 2433 5734 2754 5805; x_wconf 80' lang='lat' dir='ltr'>Palatinus,</span> <span class='ocrx_word' id='word_1_907' title='bbox 2787 5734 2925 5810; x_wconf 61' lang='lat' dir='ltr'>q&#39;uod</span> <span class='ocrx_word' id='word_1_908' title='bbox 2974 5734 3249 5811; x_wconf 63' lang='lat' dir='ltr'>credentes</span> <span class='ocrx_word' id='word_1_909' title='bbox 3296 5737 3459 5811; x_wconf 71' lang='lat' dir='ltr'>falsis</span> <span class='ocrx_word' id='word_1_910' title='bbox 3508 5739 3768 5797; x_wconf 80' lang='lat' dir='ltr'>testibus:</span> 
     </span>
    </p>
   </div>
   <div class='ocr_carea' id='block_1_130' title="bbox 2116 5809 3418 5885">
    <p class='ocr_par' dir='ltr' id='par_1_130' title="bbox 2116 5809 3418 5885">
     <span class='ocr_line' id='line_1_131' title="bbox 2116 5809 3418 5885; baseline -0.002 -16"><span class='ocrx_word' id='word_1_911' title='bbox 2116 5809 2214 5869; x_wconf 88' lang='lat' dir='ltr'>alii</span> <span class='ocrx_word' id='word_1_912' title='bbox 2245 5827 2445 5871; x_wconf 87' lang='lat' dir='ltr'>vocem</span> <span class='ocrx_word' id='word_1_913' title='bbox 2470 5814 2651 5885; x_wconf 85' lang='lat' dir='ltr'>pretio</span> <span class='ocrx_word' id='word_1_914' title='bbox 2682 5809 2911 5867; x_wconf 84' lang='lat' dir='ltr'>tantum</span> <span class='ocrx_word' id='word_1_915' title='bbox 2945 5809 3418 5881; x_wconf 66' lang='lat' dir='ltr'>praetermittunt.</span> 
     </span>
    </p>
   </div>
  </div>
