4304 6586
502 383 625 454 919

1748 392 1810 455 S.
1859 391 2167 458 EUSEBII
2209 392 2660 459 BIERONYMI

3792 390 3913 457 990

507 524 683 581 turba
711 524 1059 599 respondet:
1114 525 1288 585 Jesus
1345 543 1443 584 rex
1497 527 1833 589 Judaecrum
1891 534 1999 603 est,
2042 531 2150 588 hoc
2182 530 2237 596 Α
2266 530 2505 587 daverit.
2540 532 2601 586 In
2635 528 2865 587 duobus
2895 524 3226 586 latronibus
3254 528 3499 601 uterque
3545 521 3821 601 populus,
3853 531 3912 585 et

507 617 614 678 est,
644 613 963 687 imperator
992 617 1352 674 credentium
1386 623 1443 675 et
1472 620 1895 676 confitentium.

579 704 766 776 (Vers.
801 706 917 777 38.)
948 728 976 755 «
1010 707 1173 763 Tunc
1204 707 1461 764 crucifixi
1494 713 1632 765 sunt
1660 727 1790 765 cum
1824 727 1889 766 eo
1921 711 2036 767 duo
2065 711 2148 767 la-

508 796 727 863 trones,
762 812 917 850 unus
944 813 976 851 a
1006 797 1240 865 dextris,
1323 805 1378 853 et
1425 815 1581 854 unus
1631 816 1663 854 a
1720 799 1993 855 sinistris.
2028 822 2055 851 »
2090 801 2148 856 Si

510 882 797 956 Golgotha
827 884 1092 941 tumulus
1124 891 1211 941 est
1239 888 1443 959 Adam,
1476 895 1529 943 et
1591 905 1705 943 non
1736 889 2148 945 damnatorum

506 970 692 1040 locus,
726 978 783 1028 et
813 974 942 1030 ideo
976 976 1255 1032 Dominus
1288 976 1364 1032 ibi
1398 978 1775 1050 crucifigitur,
1809 983 1873 1033 ut
1909 979 2152 1034 suscitet

507 1062 716 1129 Adam,
753 1063 868 1119 duo
900 1064 1151 1120 latrones
1185 1082 1364 1137 quare
1394 1066 1449 1121 in
1486 1067 1607 1123 loco
1640 1068 1753 1123 isto
1784 1068 1986 1123 eodem
2019 1086 2148 1123 cru-

506 1150 827 1222 ciliguntur
846 1152 873 1207 ?

577 1241 764 1309 (Vers.
796 1244 865 1297 39
896 1244 1082 1316 seqq.)
1121 1267 1141 1294 α
1177 1249 1594 1301 Ριοωῐθτθυηὶοδ
1628 1251 1821 1302 autem
1873 1246 2145 1318 blasphe-

506 1331 747 1387 mabant
792 1348 921 1386 eum
986 1339 1280 1390 moventes
1325 1340 1514 1408 capita
1558 1354 1684 1399 sua,
1734 1343 1788 1392 et
1851 1337 2146 1391 dicentes:

508 1419 631 1474 Vah
661 1417 674 1473 ἔ
709 1421 809 1492 qui
843 1422 1098 1478 dcstruis
1129 1423 1415 1496 templum
1447 1425 1571 1492 Dei,
1606 1430 1662 1481 et
1691 1425 1748 1480 in
1781 1425 1975 1481 triduo
2005 1424 2147 1480 illud

507 1506 841 1580 reaediﬁcas,
870 1510 1029 1567 salva
1059 1513 1441 1585 tametipsum
1473 1532 1485 1579 ;
1519 1514 1567 1570 si
1602 1513 1783 1570 Filius
1812 1514 1911 1569 Dei
1944 1532 2024 1581 es,
2060 1515 2152 1570 de-

505 1598 715 1653 scende
747 1599 817 1654 de
864 1615 1056 1655 cruce.
1104 1601 1388 1657 Similiter
1438 1606 1494 1658 et
1540 1603 1834 1674 principes
1884 1604 2148 1659 sacerdo-

504 1689 654 1755 tum,
688 1686 1004 1744 illudentes
1058 1706 1192 1745 cum
1252 1691 1463 1748 scribis
1520 1696 1576 1748 et
1625 1692 1974 1760 senioribus,
2002 1692 2151 1748 dice-

2260 620 2589 692 gentilium,
2622 625 2677 674 et
2704 619 3040 676 Judaaorum
3090 617 3347 691 primum
3406 617 3721 673 Dominum
3752 614 3910 674 blas-

2261 710 2575 782 phemavit.
2606 709 2811 765 Postea
2842 709 3145 780 signorum
3180 707 3587 779 magnitudine
3636 705 3782 762 alter
3812 722 3905 762 ex-

2259 799 2497 855 territus
2528 800 2644 869 egit
2675 799 3097 871 paenitentiam,
3149 802 3203 853 et
3248 812 3437 868 usque
3468 796 3639 851 hodie
3665 796 3906 853 Judreos

2260 887 2522 961 increpat
2551 890 2655 960 [AL
2691 886 3065 959 increpuerit]
3097 886 3594 959 blasphemantes.

2333 978 2513 1050 (Vers.
2549 980 2661 1049 45.)
2697 1000 2723 1028 ‹‹
2756 983 2801 1031 Α
2832 982 2992 1032 sexta
3018 981 3213 1031 autem
3244 976 3409 1042 hora,
3458 976 3709 1031 tenebras
3741 976 3904 1031 factae

2260 1072 2398 1123 sunt
2428 1085 2606 1140 super
2634 1068 2965 1122 universam
2997 1069 3212 1122 terram
3246 1082 3433 1137 usque
3462 1065 3532 1119 ad
3566 1064 3771 1121 horam
3803 1082 3906 1121 no-

2259 1172 2417 1212 nam.
2454 1178 2481 1206 »
2540 1156 2645 1221 Qui
2696 1157 3061 1228 scripserunt
3113 1158 3314 1210 contra
3342 1153 3673 1227 Evangelia,
3707 1154 3906 1226 suspio

2258 1251 2467 1301 cantur
2524 1246 2848 1318 deliquium
2918 1245 3080 1311 solis,
3126 1245 3278 1316 quod
3333 1244 3502 1299 certis
3550 1243 3906 1316 statutisque

2258 1336 2624 1407 temporibus
2675 1335 2936 1391 accidere
2985 1334 3151 1400 solet,
3201 1331 3524 1405 discipulos
3577 1332 3793 1388 Christi
3832 1334 3905 1389 ob

2260 1424 2617 1497 imperitiam
2649 1441 2826 1497 super
2851 1423 3272 1479 resurrectione
3303 1422 3532 1478 Domini
3564 1422 3909 1494 interpreta-

2258 1518 2350 1569 tos
2382 1529 2397 1560 τ
2432 1530 2564 1569 cum
2598 1514 2858 1569 defectus
2891 1512 3030 1569 solis
3062 1529 3388 1584 nunquam,
3423 1511 3534 1567 nisi
3569 1515 3697 1567 ortu
3728 1510 3903 1577 lunae,

2261 1601 2385 1658 ﬁeri
2418 1602 2617 1659 soleat.
2650 1602 2804 1658 Nulli
2840 1608 3034 1658 autem
3084 1602 3335 1658 dubium
3382 1606 3470 1657 est
3498 1600 3728 1674 pascha
3755 1605 3905 1657 tem-

2262 1708 2398 1763 pore
2428 1692 2627 1749 lunam
2660 1692 2840 1748 fuisse
2868 1692 3294 1765 plenissimam.
3331 1694 3398 1746 Et
3443 1707 3515 1746 ne
3546 1690 3789 1747 forsitan
3816 1691 3901 1746 vi-

506 1773 670 1830 bant.
708 1797 735 1825 n
766 1775 1281 1849 Blaspbemabant,
1335 1780 1472 1853 quia
1527 1782 2154 1854 praetergrediebantur
2260 1781 2495 1837 deretur
2524 1783 2735 1838 umbra
2781 1787 2967 1848 terrae,
3017 1779 3106 1837 vel
3154 1779 3313 1836 orbis
3340 1779 3493 1835 lunae
3525 1779 3633 1836 soli
3664 1780 3903 1853 opposi-

506 1863 683 1929 viam,
737 1868 795 1920 et
843 1865 901 1920 in
960 1884 1094 1923 vero
1154 1868 1357 1926 itinere
1388 1871 1820 1944 Scripturarum
1852 1872 2150 1928 ambulare
2181 1910 2228 1974 Β
2258 1874 2374 1938 tus,
2403 1871 2605 1927 breves
2654 1876 2709 1927 et
2758 1870 3121 1943 ferrugineas
3172 1870 3377 1925 fecisse
3407 1869 3698 1934 tenebras,
3721 1869 3902 1926 trium

509 1953 781 1974 __._LA_.
857 1956 937 1974 ..,
1001 1958 1036 1974 ,.
1146 1962 1156 1974 .
1327 1960 1359 1974 .,
1724 1961 1735 1974 .
1825 1964 1837 1974 .
2062 1967 2071 1974 .
2261 1960 2273 1974 .
2699 1961 2733 1974 ..
3013 1961 3046 1974 ..
3223 1964 3232 1974 .
3433 1958 3445 1970 .
3757 1958 3792 1974 ,.

509 1953 804 2010 nolebant.
857 1956 1164 2013 Movebant
1214 1960 1405 2031 capita
1461 1977 1589 2027 sua,
1639 1961 1777 2033 quia
1814 1964 1939 2034 jam
1980 1967 2151 2018 antea
2187 1953 2228 1974 υ
2261 1960 2536 2016 horarum
2586 1961 2843 2033 spatium
2890 1961 3148 2032 ponitur,
3178 1964 3242 2015 ut
3287 1958 3481 2015 omnis
3532 1958 3901 2015 causantium

508 2043 823 2098 movebant
869 2045 1063 2116 pedes,
1112 2052 1169 2102 et
1227 2064 1340 2102 non
1396 2050 1631 2105 stabant
1677 2067 1855 2122 super
1900 2055 2145 2122 petram.

502 2131 762 2203 Idipsum
814 2138 1008 2189 autem
1060 2136 1371 2204 insultans,
1424 2139 1564 2194 dicit
1621 2140 1816 2196 fatuus
1873 2140 2145 2213 populus,

498 2222 652 2293 quod
686 2221 815 2277 falsi
848 2227 1025 2280 testes
1054 2226 1473 2283 conﬂuxerant.

568 2312 755 2380 (Vere.
786 2312 897 2383 42.)
930 2335 951 2361 ιι
980 2312 1137 2369 Alios
1159 2314 1349 2371 salvos
1390 2317 1545 2385 fecit,
1593 2318 1852 2390 seipsum
1898 2335 2012 2374 non
2044 2337 2145 2391 po-

422 2446 441 2460 ,
499 2403 615 2455 test
644 2399 871 2455 salvum
906 2402 1110 2458 facere.
1145 2425 1171 2454 υ
1220 2405 1405 2460 Etiam
1457 2405 1741 2476 nolentes,
1793 2410 2150 2465 confitentur

501 2488 716 2544 Scribaa
746 2493 803 2546 et
833 2489 1129 2560 Pharisaei,
1163 2494 1318 2565 quod
1368 2494 1513 2551 alios
1562 2495 1753 2552 salvos
1786 2497 1999 2552 fecerit.
2035 2498 2147 2553 Ita-

502 2593 616 2649 que
663 2595 765 2634 vos
821 2586 1012 2636 vestra
1071 2583 1423 2639 condemnat
1471 2585 1776 2640 sententia.
1828 2585 1934 2650 Qui
1988 2587 2143 2641 enim

501 2666 650 2723 alios
680 2667 868 2725 salvos
904 2670 1054 2739 fecit,
1090 2672 1292 2744 utique
1324 2673 1371 2728 si
1402 2673 1593 2742 vellet,
1628 2675 1887 2746 seipsum
1922 2674 2146 2731 salvare

496 2759 741 2827 poterat.

572 2845 758 2917 (Vers.
801 2848 910 2920 43).
962 2850 1078 2905 «Si
1134 2868 1233 2907 rex
1281 2852 1455 2907 Israel
1504 2858 1612 2922 est,
1666 2855 2022 2911 descendat‘
2072 2857 2143 2912 de

500 2949 693 3002 cruce,
724 2941 783 2992 et
801 2938 1097 2995 credimus
1128 2940 1201 2997 ei.
1234 2940 1484 2998 Conﬁdit
1510 2941 1571 2998 in
1604 2947 1716 2999 Deo
1743 2968 1757 3011 ;
1785 2943 1989 3001 liberet
2008 2962 2142 3001 eum

501 3041 660 3080 nunc
689 3024 739 3080 si
770 3026 913 3081 vult.
965 3028 1112 3083 Dixit
1158 3030 1336 3098 enim,
1388 3032 1526 3103 quia
1574 3031 1752 3089 Filius
1790 3033 1891 3089 Dei
1923 3051 2076 3090 sum.
2112 3057 2139 3085 »

497 3113 890 3172 Fraudulenta
915 3117 1243 3188 promissio.
1279 3119 1427 3184 Quid
1458 3125 1547 3177 est
1575 3121 1708 3194 plus
1737 3123 1808 3179 de
1838 3139 2009 3179 cruce
2041 3125 2144 3179 ad-

2259 2050 2484 2106 oecasio
2517 2050 2836 2106 tolleretur.
2870 2050 2928 2105 Ei
2962 2051 3071 2105 hoc
3116 2050 3332 2105 factum
3392 2065 3522 2104 reor
3550 2052 3617 2103 ut
3645 2047 3901 2121 comple-

2257 2144 2417 2195 retur
2447 2139 2559 2210 [AL
2594 2139 2975 2213 compleatur]
3003 2139 3324 2211 prophetia,
3354 2138 3591 2194 dicens:
3624 2138 3905 2211 Occumbet

2254 2228 2335 2282 sol
2363 2228 2616 2297 meridie,
2666 2236 2717 2282 et
2763 2228 3240 2283 contenebrabitur
3284 2243 3447 2299 super
3490 2239 3698 2283 terram
3724 2229 3783 2281 in
3811 2226 3902 2283 die

2256 2317 2358 2371 lux
2391 2318 2445 2387 (Α
2459 2333 2569 2372 mos
2593 2335 2715 2383 vm,
2737 2318 2794 2388 9)
2822 2335 2835 2381 ;
2870 2321 2926 2372 et
2957 2317 3014 2371 in
3047 2317 3160 2372 alio
3188 2316 3314 2372 loco
3338 2333 3350 2370 :
3378 2317 3640 2372 Occubuit
3666 2317 3749 2373 sol
3779 2332 3902 2373 cum

2257 2406 2433 2461 adhuc
2465 2407 2643 2461 media
2674 2415 2807 2462 esset
2835 2406 2948 2463 dies
3010 2407 3224 2477 (Jerem.
3276 2423 3367 2475 xv,
3415 2406 3494 2476 9.)
3543 2404 3903 2479 Videturque

2258 2495 2402 2551 mihi
2435 2496 2830 2553 clarissimum
2891 2495 3091 2551 lumen
3146 2495 3374 2560 mundi,
3423 2494 3533 2551 hoc
3580 2499 3688 2565 est,
3735 2494 3904 2551 lumi-

2258 2601 2395 2641 nare
2425 2587 2618 2658 majus
2653 2585 2962 2641 retraxisse
2991 2586 3183 2641 radios
3214 2602 3375 2654 suos,
3409 2601 3481 2640 ne
3512 2589 3613 2641 aut
3651 2585 3906 2657 penden-

2256 2678 2372 2730 tem
2418 2675 2642 2731 videret
2682 2676 3019 2743 Dominum,
3068 2680 3170 2731 aut
3213 2674 3380 2747 impii
3422 2671 3901 2748 blasphemantes

2255 2780 2363 2819 sua
2393 2764 2523 2821 luce
2555 2766 2903 2821 fruerentur.

2327 2854 2507 2925 (Vere.
2569 2856 2680 2926 46.)
2730 2878 2757 2905 ‹‹
2803 2856 2871 2911 Et
2915 2854 3065 2910 circa
3118 2854 3323 2911 horam
3356 2871 3595 2926 nonam,
3627 2854 3903 2912 clamavit

2252 2942 2427 2999 Jesus
2478 2961 2615 2999 voce
2663 2961 2897 3018 magna,
2952 2944 3195 3001 dicens:
3240 2944 3349 3015 Eli,
3376 2944 3485 3011 Eli,
3530 2942 3767 3012 lamma,
3801 2961 3902 3001 sa-

2252 3033 2527 3089 bacthani
2549 3034 2587 3088 ³.
2624 3033 2741 3089 Ηοο
2769 3038 2876 3103 est,
2901 3038 3051 3091 Deus
3083 3050 3270 3100 meus,
3295 3033 3451 3090 Deus
3480 3039 3738 3106 meus,ut
3758 3035 3900 3107 quid

2251 3122 2616 3194 dereliquisti
2651 3123 2791 3180 me?
2824 3147 2845 3176 ι
2884 3123 3177 3196 Principio
3209 3124 3363 3180 286
3391 3122 3654 3179 vicesimi
3684 3122 3905 3197 primi‘

500 3199 613 3258 huc
644 3203 992 3261 descendere
1021 3207 1415 3273 viventem,an
1440 3211 1510 3266 de
1542 3210 1806 3283 sepulcro
1842 3217 2139 3269 mortuum
2188 3283 2198 3285 ᾼ
2251 3211 2462 3285 psalmi
2495 3213 2717 3268 abusus
2748 3216 2858 3280 est,
2890 3211 3153 3283 illudque
3196 3214 3350 3285 quod
3402 3211 3463 3269 in
3496 3212 3689 3270 medio
3719 3213 3901 3270 versi-

498 3294 851 3365 resurgere?
908 3295 1264 3363 Resurrexit,
1327 3302 1383 3353 et
1435 3316 1549 3355 non
1607 3301 1956 3357 credidistis.
1992 3303 2139 3377 Ergo
2171 3283 2214 3351 (ἶ
2253 3283 2384 3357 culo
2415 3300 2631 3375 legitur
2661 3320 2673 3358 :
2710 3304 2928 3373 Respice
2956 3305 3017 3358 in
3044 3319 3149 3374 me,
3182 3283 3549 3375 superfluum
3593 3306 3703 3361 est.
3739 3304 3900 3377 Legi-

498 3380 547 3436 si
583 3381 758 3437 etiam
788 3384 861 3440 de
890 3401 1061 3441 cruce
1091 3386 1487 3456 descenderet,
1539 3389 1812 3446 similiter
1858 3409 1978 3448 non
2010 3410 2139 3449 cre-
2249 3396 2345 3447 tur
2374 3391 2526 3447 enim
2558 3391 2617 3447 in
2652 3392 2925 3448 Hebraeo:
2962 3398 3106 3449 Deus
3144 3408 3319 3463 meus,
3352 3393 3494 3448 Deus
3522 3409 3697 3458 meus,
3728 3408 3902 3465 quare

497 3470 847 3529 deretis.Sed
871 3474 1145 3531 mihihoc
1180 3477 1450 3534 videntur
1489 3480 2135 3539 dmmcnesimmittere.
2248 3496 2335 3536 me
2362 3481 2753 3552 dereh'quz‘sli?
2813 3481 2998 3554 Ergo“
3045 3481 3210 3554 impii
3265 3486 3405 3537 sunt
3452 3481 3552 3554 qui
3598 3480 3894 3555 psalmum

495 3560 701 3616 Statim
734 3561 888 3619 enim
918 3568 984 3620 ut
1013 3566 1327 3623 crucifixus
1356 3572 1447 3624 est
1494 3568 1799 3637 Dominus,
1833 3577 2141 3628 senserunt
2249 3569 2431 3626 istum
2464 3586 2531 3625 ex
2564 3587 2815 3643 persona
2849 3571 3045 3638 David,
3082 3571 3200 3627 sive
3230 3570 3438 3627 Esther
3466 3575 3523 3626 et
3552 3570 3898 3627 Mardochtei

497 3648 772 3705 virtutem
804 3653 1016 3723 crucis,
1039 3658 1095 3709 et
1142 3654 1557 3713 intellexerunt
1598 3658 1811 3714 fractas
1832 3676 1959 3716 esse
1990 3662 2187 3733 viree\
2250 3658 2471 3715 dictum
2503 3664 2732 3731 putant,
2767 3676 2902 3715 cum
2932 3660 3107 3716 etiam
3138 3659 3503 3733 evangelista
3553 3660 3898 3717 testimonia

502 3752 662 3803 suas,
695 3742 753 3793 et
799 3738 909 3794 hoc
962 3746 1164 3813 agunt,
1198 3749 1264 3799 ut
1306 3746 1377 3801 de
1408 3762 1577 3803 cruce
1607 3747 1955 3816 descendat;
1988 3751 2136 3808 285
2184 3738 2227 3823 \
2251 3764 2320 3803 ex
2349 3764 2415 3803 eo
2450 3753 2687 3820 sumpta
2733 3765 2911 3821 super
2955 3747 3248 3805 Salvatore
3297 3748 3666 3823 intelligant:
3718 3753 3784 3807 ut
3811 3754 3902 3806 est

503 3825 606 3881 sed
639 3827 923 3885 Dominus
953 3830 1144 3887 sciens
1196 3833 1662 3891 adversariorum
1713 3837 1979 3909 insidias,
2014 3856 2142 3912 per-
2225 3825 2435 3892 ‘illud:
2469 3837 2783 3893 Diviserunt
2811 3839 2927 3895 sibi
2951 3840 3278 3896 vestimenta
3301 3855 3440 3912 mea,
3473 3848 3527 3895 et
3576 3855 3743 3913 super
3788 3855 3903 3896 ves-

501 3918 701 3970 manet
730 3916 790 3971 in
823 3918 1105 3989 patibulo,
1142 3925 1206 3977 ut
1236 3922 1533 3980 diabolum
1562 3926 1844 3982 destruat.

2254 3930 2358 3982 tem
2386 3942 2561 3982 meam
2592 3927 2879 3983 miserum:
2894 3932 3115 3984 sortem.
3142 3929 3313 3996 (Psal.
3336 3945 3451 3996 xxx,
3474 3930 3587 3997 19.)
3608 3930 3679 3986 Et
3701 3928 3894 3986 aliud:

572 4004 759 4074 (Vere.
794 4006 906 4075 44.)
962 4030 991 4059 ‹‹
1034 4009 1293 4082 Idipsum
1353 4018 1547 4070 autem
1606 4020 1663 4070 et
1717 4015 1990 4084 latrones,
2043 4018 2144 4090 qui
2251 4014 2520 4072 Foderunt
2565 4033 2765 4072 manus
2810 4033 2959 4072 meas
3004 4022 3059 4073 et
3100 4017 3259 4091 pedes
3304 4034 3452 4074 meos
3480 4019 3638 4087 (Ibid.
3674 4018 3787 4091 17.)
3817 4018 3899 4075 Ne

508 4093 770 4149 crucifixi
801 4101 967 4153 erant
996 4115 1127 4155 cum
1160 4116 1245 4170 eo,
1270 4102 1748 4176 imprOperabant
1770 4108 1840 4162 ei.
1863 4129 1891 4159 »
1922 4108 2019 4163 Hic
2045 4125 2148 4180 per
2252 4104 2484 4161 mireris
2517 4107 2827 4161 verborum
2854 4105 3246 4163 humilitatem
3278 4111 3335 4163 et
3372 4107 3775 4180 querimonias
3797 4108 3896 4163 de-

503 4188 754 4255 tropum,
789 4188 889 4258 qui
920 4187 1249 4261 appellatur
1277 4188 1554 4265 σηόλληψις
1575 4195 1617 4265 ³,
1642 4212 1745 4266 pro
1778 4213 1893 4251 uno
1923 4195 2146 4253 latrone
2254 4192 2458 4264 relicti,
2492 4211 2623 4250 cum
2658 4196 2904 4251 formam
2936 4195 3084 4252 servi
3134 4195 3346 4265 sciens,
3381 4195 3724 4253 scandalum
3770 4212 3900 4253 cru-

502 4275 749 4346 uterque
778 4274 1079 4333 inducitur
1106 4279 1569 4352 blasphemasse.
1605 4283 1791 4338 Lucas
1829 4300 1963 4339 vero
1993 4302 2148 4341 asse-
2254 4284 2337 4338 cis
2365 4282 2583 4339 videas.

500 4360 598 4430 rit,
631 4365 786 4433 quod
818 4364 998 4423 altero
1030 4365 1495 4441 blasphemante,
1537 4370 1682 4426 alter
1714 4373 2017 4428 confessus
2048 4375 2141 4429 sit.
2326 4372 2513 4443 (Vers.
2548 4373 2659 4439 47.)
2690 4394 2717 4422 ‹‹
2748 4373 2994 4437 Quidam
3045 4376 3243 4430 autem
3293 4372 3409 4429 illic
3453 4377 3677 4432 stantes
3707 4377 3767 4432 et
3793 4391 3897 4431 au-

506 4453 565 4505 et
616 4454 938 4510 econtrario
999 4455 1385 4529 increpaverit
1433 4457 1939 4532 blasphemantem
1993 4464 2141 4535 (Luc.

504 4555 665 4606 xxm,
696 4541 786 4608 39,
821 4542 930 4614 40).
964 4546 1091 4600 Non
1122 4547 1275 4618 quod
1307 4547 1639 4621 discrepent
1669 4550 1983 4625 Evangelia
2007 4571 2020 4620 ;
2042 4554 2139 4609 sed

2253 4459 2502 4527 dientes,
2537 4461 2845 4518 dicebant:
2878 4462 3066 4518 Eliam
3097 4466 3263 4519 vocat
3292 4462 3421 4520 iste.
3448 4484 3475 4512 n
3511 4462 3637 4521 Non
3669 4479 3896 4534 omnes,

2253 4550 2355 4606 sed
2386 4550 2625 4622 quidam
2659 4567 2806 4623 quos
2837 4551 3089 4608 arbitror
3117 4551 3334 4609 milites
3371 4551 3553 4609 fuisse
3580 4551 3895 4620 Romanos,

502 4628 658 4725 quod
683 4630 939 4725 primum
971 4637 1217 4707 uterque
1247 4635 1755 4709 blasphemaverit,
1781 4641 1990 4698 dehinc
2022 4642 2143 4700 solo
2176 4659 2222 4725 Ι)
2254 4657 2368 4696 non
2401 4639 2793 4713 intelligentes
2825 4641 3114 4698 sermonis
3164 4640 3429 4698 Hebraici
3459 4641 3895 4715 proprietatem,

502 4716 780 4790 fugiente,
814 4724 968 4777 terra
997 4729 1306 4794 commota,
1340 4728 1611 4799 saxisque
1640 4730 1943 4803 disruptio,
1978 4736 2034 4787 et
2064 4733 2146 4788 in-

500 4806 849 4877 gruentibus
879 4811 1153 4879 tenebris,
1186 4830 1340 4871 unus
1389 4817 1697 4874 crediderit
1742 4818 1801 4873 in
1833 4818 2056 4886 Jesum,
2088 4826 2145 4876 et

500 4893 757 4966 priorem
797 4900 1166 4970 negationem
1215 4900 1894 4977 sequenti'confessione
1943 4925 2141 4965 emen-

575 5022 591 5103 ξ
622 5020 983 5103 interserunt
1011 5025 1255 5103 quidam
1291 5046 1433 5086 mss.
1466 5035 1751 5097 voculam,
1784 5050 1950 5088 nunc.

566 5093 590 5175 ξ
622 5092 911 5176 Videntur
934 5092 1189 5176 veterum
1246 5103 1412 5156 codd.
1447 5092 1829 5176 exscriptores
1871 5104 1981 5176 legi
2015 5121 2140 5161 ma-

495 5163 678 5221 luisse
710 5164 989 5237 σύμμιξες,
1024 5173 1175 5239 quod
1210 5177 1295 5226 est
1325 5163 1666 5237 commz'slio}
1692 5176 1806 5231 fere
1826 5163 1982 5231 enim
2016 5194 2140 5232 om-

498 5239 946 5321 nes-praeferunt
986 5257 1323 5321 quanquam
1357 5248 1638 5303 mendosa
1694 5247 2005 5321 scriptura,
2043 5247 2143 5302 σῦ-

503 5313 739 5384 μῌΚΞις,
773 5315 873 5366 aut
904 5311 1191 5384 συμὲωξεςῖ

569 5380 600 5464 ᾗ
621 5382 767 5464 Tres
796 5380 1488 5464 mss.,'LeIimsabaethani
1509 5406 1522 5456 ;
1556 5395 1611 5445 et
1667 5406 1820 5457 mox,
1852 5408 2027 5464 quare
2053 5392 2141 5449 de-

496 5454 788 5522 reliquistz',
820 5460 927 5510 etc.

569 5522 1101 5603 ‘Pseudqfllieron.
1136 5529 1437 5603 ,Breviario
1486 5531 1544 5587 in
1599 5531 1898 5589 Psalmos:
1957 5556 1977 5583 α
2023 5534 2139 5591 Hoc

496 5593 782 5676 versiculo
820 5598 1101 5676 Dominus
1133 5602 1188 5657 in
1241 5620 1411 5660 cruce
1460 5605 1717 5676 pendens
1752 5623 1895 5661 usus
1925 5610 2036 5670 est,
2070 5623 2137 5663 ex

498 5680 613 5735 quo
644 5670 1165 5747 anim-advertimus
1203 5678 1389 5731 totum
1423 5670 1716 5747 psalmum
1744 5695 1776 5731 a
1807 5678 2046 5733 Domino
2078 5678 2137 5734 in

497 5753 666 5803 cruce
686 5742 875 5814 posito
898 5746 1378 5817 decantari.Quod
1403 5742 1600 5807 autem
1622 5748 1799 5805 habet
1836 5749 1895 5807 in
1922 5750 2134 5821 medio,

2254 4730 2356 4786 sed
2386 4746 2455 4786 ex
2479 4746 2545 4786 eo
2575 4730 2729 4803 quod
2762 4730 2941 4787 dixit:
2987 4731 3093 4800 Eli,
3144 4731 3254 4803 Eli,
3286 4734 3558 4805 putantes
3604 4730 3792 4788 Etiam
3824 4731 3897 4788 ab

2253 4833 2319 4874 eo
2347 4818 2698 4873 invocatum.
2732 4816 2831 4872 Sin
2864 4822 3058 4874 autem
3089 4818 3326 4875 Judaaos
3355 4817 3456 4889 qui
3486 4817 3596 4875 hoc
3624 4816 3895 4886 dixerint,

2252 4904 2580 4979 intelligere
2607 4906 2989 4975 voluerimus,
3021 4907 3214 4963 ethoc
3261 4921 3421 4963 more
3475 4905 3589 4963 sibi
3616 4905 3787 4964 solito
3819 4905 3900 4963 fa-

2250 5032 2471 5089 Intende
2499 5031 2659 5099 mihi,
2692 5030 2753 5087 in
2814 5031 3065 5090 Hebraais
3113 5032 3414 5090 codicibus
3461 5047 3577 5089 non
3625 5031 3896 5101 habetur,

2250 5108 2307 5177 et
2336 5106 2672 5177 appositum
2703 5119 2812 5159 vox
2843 5106 3072 5177 Domini
3102 5104 3382 5173 declarat,
3398 5120 3524 5177 qua
3540 5103 3717 5160 etiam
3747 5102 3894 5161 illud

2250 5175 2308 5230 in
2342 5175 2652 5248 Evangelio
2682 5175 3077 5248 praetermisit,
3112 5198 3139 5225 »
3172 5181 3282 5248 etc.

2319 5248 2340 5282 ⁵
2372 5245 2527 5303 Ideni
2586 5248 2646 5302 in
2683 5245 3014 5320 ipsiusmet
3055 5247 3267 5320 psalmi
3313 5245 3591 5303 titulum:
3653 5269 3683 5297 ‹‹
3732 5250 3895 5303 Hanc

2249 5318 2687 5390 inscriptionem
2720 5318 2941 5374 Hebrmi
2969 5318 3137 5375 aliter
3165 5319 3413 5375 habent:
3455 5319 3565 5375 Pro
3592 5334 3746 5376 cervo
3774 5334 3895 5374 ma-

2246 5393 2443 5474 tutino.
2478 5391 2546 5474 Et
2574 5391 3051 5474 interpretatione
3107 5408 3377 5473 perversa
3423 5395 3633 5474 putant
3676 5391 3751 5447 de
3800 5394 3895 5446 Es.

2246 5462 2377 5518 ther
2421 5468 2608 5536 totum
2686 5462 3055 5536 vicesimum;
3100 5462 3357 5535 primum
3415 5462 3716 5536 psalmum
3764 5478 3893 5536 esse

2248 5535 2658 5608 compositum.
2693 5535 2854 5608 Quod
2886 5533 3178 5608 videlicet,
3204 5535 3391 5608 ipsius
3416 5533 3780 5608 'periculcet
3800 5534 3892 5590 in-

2246 5604 2597 5680 tercessione
2627 5606 2781 5677 apud
2813 5622 3007 5679 regem
3038 5608 3115 5663 sit
3150 5604 3507 5680 de'pericu'lo
3538 5604 3892 5664 Israeliticus

2246 5677 2499 5751 populus
2527 5675 2827 5735 liberatus.
2862 5675 2891 5727 ›ἱ
