4304 6638
283 490 390 556 221

733 486 1253 554 COMMENTAR.
1302 488 1383 551 IN
1430 486 1951 553 EVANGELIUM

2071 487 2380 551 ΑΤΤΗΑΞΙ
2425 490 2573 552 LIB.
2622 489 2722 552 ιν.
2770 490 2945 554 CAP.
2992 491 3237 555 XXVII.

3580 490 3700 556 222

292 627 470 693 ciunt,
493 626 558 681 ut
579 621 1642 691 Dominumimbecilitatisinfament,
1677 621 1934 696 quiEliae
1963 623 2018 691 Α
2051 623 2301 678 Lazarus
2325 629 2599 680 mortuus
2631 627 2950 681 resurrexit
3007 627 3183 697 (Joan.
3216 644 3296 694 x1,
3357 627 3466 698 44),
3518 627 3601 685 sic
3643 631 3700 684 et

287 714 560 774 auxilium
590 713 953 785 deprecetur.

355 822 536 893 (Vers.
571 822 684 891 48.)
721 842 742 869 ι
780 820 851 876 Et
899 820 1178 876 continuo
1229 837 1472 876 currens
1521 837 1676 875 unus
1726 836 1794 875 ex
1825 818 1931 887 eis,

290 914 578 984 acceptam
637 907 946 982 spongiam
1006 908 1269 982 implevit
1326 912 1524 965 aceto:
1559 914 1615 964 et
1656 908 1938 982 imposuit

290 1000 578 1069 arundini,
607 1004 666 1055 et
698 999 873 1055 dabat
903 1000 953 1055 ei
983 998 1200 1055 bibere.
1240 1020 1267 1048 ››
1300 999 1508 1055 Ethch
1534 1000 1687 1054 facta
1711 1004 1852 1054 sunt
1872 1001 1938 1053 ut

291 1089 674 1163 compleretur
721 1087 1061 1161 prophetia:
1120 1090 1181 1145 In
1213 1089 1310 1144 siti
1349 1104 1478 1144 mea
1494 1092 1825 1160 potaverunt
1852 1103 1940 1143 me

293 1188 441 1238 aceto
469 1179 645 1251 (Psul.
681 1195 880 1245 Lxxm,
909 1178 1023 1248 22).
1058 1177 1257 1249 Usque
1307 1177 1484 1233 hodie
1512 1177 1702 1234 Judaei
1733 1181 1790 1233 et
1814 1194 1938 1234 om-

292 1286 387 1328 nes
441 1267 735 1326 increduli
789 1267 1107 1323 Dominicie
1164 1267 1612 1324 resurrectionis
1668 1270 1828 1323 aceto
1885 1270 1942 1323 et

291 1358 417 1417 felle
444 1361 652 1432 potant
679 1357 906 1428 Jesum,
949 1360 1007 1412 et
1053 1357 1196 1412 dant
1239 1356 1290 1412 ei
1337 1356 1539 1412 vinum
1572 1356 1939 1429 myrrhatum

295 1453 356 1505 ut
382 1463 513 1505 eum
547 1444 912 1520 consopiant,
947 1450 1003 1501 et
1042 1444 1198 1501 mala
1226 1461 1428 1501 eorum
1471 1461 1587 1502 non
1616 1446 1831 1502 videat.

359 1555 545 1626 (Vers.
585 1554 703 1623 50.)
738 1574 767 1604 ‹‹
796 1552 968 1609 Jesus
1001 1555 1196 1609 autem
1250 1552 1466 1609 iterum
1515 1552 1777 1608 clamans
1805 1568 1944 1609 voce

292 1662 502 1720 magna
530 1642 729 1700 emisit
776 1642 1073 1716 spiritum.
1111 1664 1139 1692 »
1192 1641 1408 1698 Divinas
1458 1642 1767 1715 potestatis
1795 1641 1944 1697 indi-

291 1736 443 1792 cium
470 1737 561 1791 est
580 1732 850 1789 emittere
872 1731 1171 1805 spiritum,
1196 1735 1261 1788 ut
1280 1731 1406 1804 ipse
1424 1748 1658 1804 quoque
1678 1732 1906 1788 dixerat
1929 1748 1941 1787 :

294 1825 453 1883 Nemo
498 1825 672 1898 potest
729 1822 920 1879 tollere
974 1823 1227 1878 animam
1279 1837 1459 1877 meum
1514 1839 1548 1877 a
1577 1838 1702 1890 me;
1737 1821 1827 1877 sed
1847 1838 1947 1891 ego

288 1932 431 1990 pono
462 1931 585 1971 cum
614 1930 648 1969 a
674 1928 763 1968 me
796 1913 933 1986 ipso,
966 1915 1018 1969 et
1046 1927 1270 1967 rursum
1301 1912 1580 1982 accipiam
1617 1928 1741 1967 eam
1764 1913 1944 1981 (Joan.

292 2022 345 2061 κ.
379 2004 491 2076 18).

354 2111 545 2186 (Vers.
577 2111 693 2182 51.)
724 2132 753 2159 ‹‹
785 2108 852 2165 Et
887 2124 1017 2164 ecce
1068 2106 1262 2164 velum
1317 2106 1519 2180 templi
1579 2107 1832 2164 scissum
1866 2113 1955 2164 est

295 2202 360 2259 in
398 2202 552 2257 duas
581 2202 775 2274 partes
805 2216 840 2255 a
872 2214 1106 2255 summo
1138 2214 1327 2269 usque
1365 2198 1662 2254 deorsum.
1690 2220 1718 2247 ››
1741 2197 1952 2254 Velum

300 2289 510 2364 templi
542 2288 789 2346 scissum
829 2292 938 2358 est,
964 2291 1019 2343 et
1041 2287 1242 2343 omnia
1265 2286 1414 2359 legis
1442 2292 1812 2343 sacramenta
1833 2303 1956 2359 qua:

302 2380 471 2454 prius
531 2378 897 2452 tegebantur,
930 2376 1162 2450 prodita
1193 2381 1353 2444 sunt,
1389 2380 1567 2449 atque
1598 2377 1667 2432 ad
1692 2376 1958 2449 gentium

289 2467 580 2543 populum
637 2468 1021 2524 transierunt.
1080 2468 1147 2522 In
1208 2464 1517 2538 Evangelio
1575 2468 1748 2538 cujus
1801 2483 1956 2540 saepe

292 2559 549 2616 facimus
607 2555 989 2623 mentionem,
1049 2552 1500 2628 s'uperliminare
1558 2555 1762 2628 templi
1826 2556 1958 2612 inﬁ-

294 2648 430 2707 nitae
462 2646 893 2722 magnitudinis
930 2646 1183 2702 fractum
1235 2645 1385 2702 287
1438 2661 1567 2701 esse
1615 2650 1791 2718 atque
1820 2646 1961 2701 divi-

299 2735 435 2796 sum
467 2737 725 2812 legimus
785 2736 892 2809 [Αἰ.
951 2734 1109 2809 legi].
1167 2734 1463 2808 Josephus
1517 2751 1751 2808 quoque
1789 2736 1965 2793 refert

299 2827 555 2885 virtutes
627 2824 940 2900 angelicas,
1018 2823 1294 2896 praesides
1366 2824 1663 2897 quondam
1734 2823 1963 2897 templi,

294 2922 442 2975 tunc
496 2916 720 2991 pariter
757 2914 1196 2973 conclamasse:
1250 2915 1611 2971 Transeamus
1650 2932 1718 2971 ex
1763 2916 1850 2972 his
1877 2932 1960 2972 se-

302 3006 520 3066 dibus‘.

369 3116 563 3188 (Vers.
594 3113 712 3186 52.)
748 3134 777 3163 «
806 3113 876 3169 Et
904 3115 1062 3169 terra
1091 3116 1251 3169 mota
1297 3116 1410 3181 est,
1458 3116 1516 3167 et
1563 3115 1738 3184 petrae
1769 3112 1966 3169 scissae

304 3209 474 3273 sunt,
494 3207 567 3265 .et
597 3202 981 3260 monumenta
1032 3206 1233 3274 aperta
1281 3206 1439 3257 sunt.
1476 3224 1504 3250 »
1535 3200 1691 3257 Nulli
1720 3201 1968 3257 dubium

294 3298 392 3351 est
415 3293 565 3368 quin
590 3293 699 3363 [AL
734 3292 901 3365 quid)
925 3290 1219 3364 signiticet
1247 3291 1419 3363 juxta
1445 3290 1700 3347 litteram
1741 3292 1969 3363 magni-

2047 712 2233 768 multa
2263 729 2507 785 corpora
2537 719 2877 770 sanctorum
2909 720 3372 782 resurrexerunt,
3404 722 3470 772 ut
3499 716 3697 773 Domi-

2047 818 2192 858 num
2228 803 2605 859 ostenderent
2635 805 3151 876 resurgentem.Et
3179 809 3375 861 tamen
3407 822 3540 861 cum
3574 822 3697 862 mo-

2047 897 2333 948 numenta
2380 896 2580 964 aperta
2640 892 2778 960 sint,
2832 909 2950 949 non
3001 898 3172 949 antea
3229 900 3696 965 resurrexerunt,

2036 998 2227 1057 \quam
2260 981 2543 1037 Dominus
2569 988 2920 1055 resurgeret,
2960 987 3026 1037 ut
3052 987 3207 1039 esset
3264 984 3696 1058 primogenitus

2049 1072 2490 1127 resurrectionis
2515 1087 2582 1127 ex
2613 1073 2860 1128 mortuis
2894 1073 3113 1144 (Coloss.
3159 1090 3199 1145 ι,
3250 1074 3365 1145 18).
3424 1075 3701 1131 Sanctam

2049 1165 2245 1217 autem
2276 1161 2568 1217 civitatem
2602 1162 2661 1217 in
2684 1178 2802 1233 qua
2830 1162 2939 1217 visi
2973 1167 3115 1218 sunt
3170 1167 3563 1236 resurgentes,
3601 1168 3703 1219 aut

2048 1249 2473 1324 Jerosolymam
2506 1251 2799 1307 ccelestem
2832 1251 3252 1325 intelligamus,
3274 1257 3375 1309 aut
3404 1252 3554 1309 hanc
3582 1257 3704 1309 ter-

2051 1356 2274 1412 renam,
2309 1357 2436 1411 quae
2469 1343 2602 1395 ante
2628 1344 2832 1396 saneta
2852 1338 3062 1397 fuerat.
3094 1341 3258 1397 Sicut
3286 1348 3344 1397 et
3397 1342 3705 1400 Mattheus

2052 1427 2379 1501 appellatur
2410 1429 2759 1499 publicanus
2816 1430 3025 1502 (Matth.
3052 1448 3107 1501 κ,
3135 1431 3212 1502 3),
3261 1448 3377 1487 non
3437 1433 3594 1504 quod
3651 1438 3709 1489 et

2055 1517 2369 1590 Apostolus
2396 1518 2588 1575 adhuc
2620 1525 2959 1590 permaneat
2980 1518 3350 1592 publicanus,
3372 1521 3489 1577 'sed
3549 1522 3709 1593 quod

2054 1607 2373 1680 pristinum
2391 1608 2742 1664 vocabulum
2774 1613 2985 1665 teneat.
3031 1610 3245 1666 Sancta
3301 1609 3710 1683 appellabatur

2055 1698 2258 1755 civitas
2289 1696 2617 1756 Jerusalem
2652 1702 2893 1771 propter
2922 1698 3211 1771 templum
3243 1703 3299 1755 et
3330 1704 3538 1756 saneta
3573 1716 3708 1756 san-

2056 1793 2283 1845 ctorum
2317 1789 2447 1860 (Isa.
2483 1805 2579 1855 Ln,
2617 1788 2691 1859 1),
2726 1791 2784 1844 et
2832 1788 2903 1843 ob
2970 1787 3404 1845 distinctionem
3459 1787 3710 1845 aliarum

2060 1878 2320 1945 urbium,
2354 1877 2414 1932 in
2447 1877 2664 1949 quibus
2689 1877 2846 1933 idola
2866 1876 3227 1934 colebantur.
3280 1878 3523 1943 Quando
3579 1895 3712 1935 vero

1981 2003 2031 2069 Β
2063 1966 2299 2038 dicitur,
2324 1970 2707 2038 apparuerunt
2734 1967 2944 2036 multis,
2986 1965 3318 2023 ostenditur
3376 1983 3493 2022 non
3541 1982 3714 2039 gene-

2064 2056 2205 2113 ralis
2239 2056 2419 2112 t‘uisse
2466 2056 2838 2143 resurrectio,
2886 2072 3013 2128 quae
3052 2055 3329 2111 omnibus
3389 2063 3716 2129 appareret,

2066 2147 2167 2203 sed
2201 2145 2471 2219 specialis
2507 2147 2578 2200 ad
2607 2144 2918 2218 plurimos,
2951 2148 3016 2200 ut
3047 2143 3108 2200 hi
3138 2144 3291 2201 288
3313 2145 3577 2201 viderent
3615 2145 3717 2217 qui

2067 2253 2302 2293 cernere
2334 2236 2730 2292 merebantur.

2140 2326 2327 2398 (Vers.
2356 2326 2474 2397 54.)
2510 2348 2536 2377 ‹‹
2565 2325 2841 2381 Centurio
2872 2328 3067 2382 autem
3095 2328 3152 2380 et
3180 2324 3281 2397 qui
3313 2340 3447 2381 cum
3470 2341 3537 2381 eo
3553 2327 3722 2381 erant

2069 2416 2465 2473 custodientes
2497 2415 2722 2485 Jesum,
2754 2416 2878 2472 viso
2901 2419 3235 2471 terreemotu
3266 2419 3323 2471 et
3351 2414 3445 2471 his
3475 2432 3602 2487 quin
3622 2415 3720 2471 fie-

2070 2506 2575 2575 bant,timuerunt
2606 2503 3233 2576 valde,dicentes:Vere
3267 2503 3448 2561 Filius
3471 2505 3568 2561 Dei
3600 2508 3726 2561 erat

2072 2595 2203 2652 iste.
2240 2596 2350 2651 nIn
2389 2594 2504 2651 alio
2537 2594 2848 2668 Evangelio
2899 2598 3032 2667 post
3079 2598 3483 2650 terreamorum
3542 2594 3723 2650 mani-

2072 2685 2275 2742 festior
2307 2702 2486 2742 causa
2516 2683 2784 2740 miraculi
2805 2682 3166 2739 centurionis
3187 2682 3497 2756 exponitur
3528 2699 3541 2738 :
3566 2683 3724 2755 quod

2074 2792 2209 2832 cum
2238 2774 2485 2831 vidisset
2518 2790 2652 2830 eum
2684 2774 2961 2845 spiritum
2987 2771 3555 2839 dimisisse,dixerit:
3597 2774 3724 2829 Vere

2072 2865 2253 2921 Filius
2275 2864 2376 2919 Dei
2402 2873 2522 2920 erat
2548 2865 2667 2919 iste.
2700 2860 2910 2918 Nullus
2931 2862 3090 2918 enim
3146 2860 3322 2917 habet
3375 2865 3726 2934 potestatem

2075 2952 2411 3010 dimittendi
2442 2953 2716 3024 spiritum
2747 2951 2862 3008 nisi
2890 2950 2991 3007 ille
3012 2950 3112 3023 qui
3146 2951 3477 3006 animarum
3524 2950 3727 3007 condi-

2075 3047 2168 3098 tor
2197 3047 2305 3098 est.
2340 3041 2625 3114 Spiritum
2645 3046 2842 3097 autem
2876 3042 2934 3097 in
2968 3041 3076 3097 hoc
3099 3039 3222 3096 loco
3250 3057 3350 3113 pro
3387 3040 3584 3097 anima
3640 3040 3729 3096 in-

2075 3131 2438 3205 telligamus,
2465 3149 2569 3187 seu
2599 3131 2754 3204 quod
2780 3130 3085 3203 spirituale
3110 3134 3168 3186 et
3190 3129 3367 3187 vitale
3397 3146 3611 3203 corpus
3652 3130 3729 3185 fa-

2080 3224 2215 3293 ciat,
2250 3239 2353 3279 seu
2377 3222 2531 3294 quod
2556 3221 2968 3293 animaeipsius
3000 3206 3331 3276 substantia
3361 3220 3607 3293 spiritus
3632 3220 3728 3290 sit,

2073 3313 2245 3384 juxta
2272 3310 2419 3366 illud
2463 3312 2616 3384 quod
2634 3310 2918 3383 scriptum
2944 3314 3033 3365 est
3066 3326 3078 3363 :
3113 3310 3341 3383 Auferes
3367 3312 3629 3382 spiritum
3650 3326 3735 3367 eo-

298 3384 448 3441 ωἀο
481 3384 818 3457 είεηοτυωι
851 3386 919 3437 ιη
963 3380 1307 3472 θνα-θίῧῗίυω
1357 3379 1672 3449 Dominum
1706 3398 1881 3438 suum
1913 3385 1970 3472 ξι
1999 3385 2042 3452 C
2075 3379 2224 3468 rum,
2257 3404 2307 3457 et
2331 3379 2585 3472 deﬁcient
2616 3400 2727 3472 (Ps.
2755 3379 2881 3467 cui,
2914 3401 3025 3469 29).
3081 3403 3149 3453 Et
3191 3379 3301 3454 hoc
3357 3379 3735 3455 consideran-

299 3474 524 3531 cmlum
556 3476 615 3528 et
643 3475 802 3526 terra
828 3475 886 3526 et
917 3468 1117 3526 omnia
1161 3470 1652 3526 demonstrarent.
1684 3472 1791 3527 Sed
1826 3471 1973 3527 mihi

297 3563 548 3619 videtur
594 3562 966 3615 terrmmotus
1024 3561 1081 3613 et
1137 3557 1365 3629 reliqua
1415 3561 1621 3631 typum
1681 3560 1829 3615 ferre
1857 3577 1975 3616 cre-

300 3651 608 3719 dentium,
653 3648 809 3721 quod
855 3645 1122 3721 pristinis
1153 3662 1417 3704 errorum
1469 3646 1626 3704 vitiis
1655 3648 1974 3720 derelictis,

300 3744 360 3799 et
386 3739 594 3797 cordis
623 3735 886 3794 emollita
914 3736 1152 3807 duritia,
1189 3735 1291 3808 qui
1336 3736 1500 3808 prius
1550 3737 1778 3794 similes
1810 3743 1977 3795 erant

299 3829 567 3888 tumulis
598 3831 989 3895 mortuorum,
1022 3830 1228 3901 postea
1258 3826 1599 3900 agnoverint
1617 3827 1972 3886 Creatorem.

373 3938 573 4010 (Vers.
604 3934 725 4007 53.)
784 3956 812 3985 ‹‹
843 3934 914 3989 Et
960 3932 1151 3990 multa
1199 3950 1445 4007 corpora
1496 3938 1835 3992 sanctorum
1868 3937 1971 4009 qui

300 4026 700 4092 dormierunt,
760 4028 1158 4080 surrexerunt.
1221 4024 1286 4079 Et
1342 4028 1618 4081 exeuntes
1662 4025 1734 4080 de
1764 4041 1972 4082 monu-

304 4116 533 4174 mentis
562 4117 697 4188 post
724 4112 1214 4169 resurrectionem
1241 4114 1393 4185 ejus,
1421 4118 1708 4170 venerunt
1745 4115 1804 4171 in
1837 4132 1972 4172 san-

299 4209 465 4262 ctam
497 4203 795 4262 civitatem
826 4206 884 4259 et
908 4207 1310 4276 apparuerunt
1338 4202 1563 4261 multis.
1608 4224 1637 4253 «
1671 4206 1972 4272 Quomodo

382 4333 403 4367 ι
438 4329 804 4404 Imppsuisse
832 4328 1080 4404 videtur_
1120 4328 1470 4404 Hieronymo
1531 4329 1837 4404 Eusebius,
1872 4331 1972 4404 qui

301 4401 423 4458 hoc
456 4398 810 4473 ex'JosephA
838 4398 1191 4473 miraculum
1249 4399 1311 4454 in
1338 4398 1653 4473 'Chronico
1686 4398 1974 4460 memorat

301 4474 378 4530 ad
416 4489 648 4530 annum
678 4469 893 4529 Christi
924 4473 1014 4539 33,
1048 4472 1120 4527 ad
1155 4487 1329 4544 quem
1359 4472 1487 4543 eius
1516 4477 1574 4529 et
1602 4479 1850 4531 mortem
1883 4492 1973 4531 re-

301 4548 414 4603 fert
442 4562 458 4601 :
499 4567 531 4598 ‹‹
560 4544 857 4618 Josepbus
886 4544 1084 4618 etiam,
1119 4542 1331 4615 inquit,
1362 4544 1715 4618 vernaculus
1742 4546 1974 4603 Judaao-

301 4634 442 4675 rum
475 4614 728 4688 scriptor
759 4614 922 4689 circa
970 4616 1091 4672 haec
1142 4614 1408 4689 tempora
1428 4614 1550 4689 _die
1580 4620 1971 4689 Pentecostes,

300 4686 651 4762 sacerdotes
675 4688 953 4762 primum
973 4686 1399 4744 commotiones
1428 4686 1691 4762 locorum
1722 4694 1779 4745 et
1801 4686 1974 4762 quos;

298 4762 443 4819 dam
474 4833 487 4835 _
505 4758 755 4835 sonitus
799 4758 1057 4835 sensisse
1114 4762 1386 4835 testatur.
1445 4760 1675 4835 Deinde
1701 4776 1770 4816 ex
1800 4758 1972 4835 adyto

296 4833 518 4908 templi
536 4831 902 4908 repentinam
917 4831 1231 4908 subito‘eru
1238 4830 1404 4908 pisse
1406 4848 1606 4908 vocem
1621 4830 1942 4890 dicentium
1959 4852 1974 4908 ;

300 4903 795 4978 Traﬁsmig'remus
823 4920 897 4960 ea:
925 4903 1012 4978 his
1038 4903 1275 4959 sedibus.
1309 4926 1337 4954 ››
1366 4904 1585 4978 Exinde
1617 4909 1838 4978 noster,
1870 4906 1971 4978 qui

293 4974 649 5107 properanti
677 4975 905 5061 calamo
947 4974 1125 5031 hosce
1172 4976 1635 5061 Commentarios
1667 4974 1972 5047 fundebat,

336 5066 458 5107 ana
482 5050 601 5107 fide
624 5048 860 5107 hausit:
907 5063 1011 5104 nec
1048 5048 1288 5107 Josephi
1310 5052 1537 5103 textum
1578 5050 1811 5106 Videtur
1832 5067 1970 5106 con-

336 5066 458 5108 ana
482 5065 601 5107 nae
624 5065 824 5106 ῠδυειι
847 5065 860 5114 ;
907 5065 1011 5104 [160
1048 5065 1288 5114 Josephi
1310 5065 1537 5103 texmm
1578 5065 1811 5106 νιαθωῐι
1832 5067 1970 5106 con-

293 5063 458 5108 nana
482 5063 601 5107 tiae
624 5063 860 5114 hausit;
907 5063 1011 5104 nec
1048 5063 1288 5120 Josephi
1310 5063 1537 5103 textum
1578 5063 1811 5106 Videtur
1832 5067 1970 5106 con-

290 5122 603 5179 suluisse:
629 5120 1133 5193 quemadmodum
1156 5135 1349 5193 neque
1370 5136 1503 5176 cum
1522 5119 1800 5193 epistolas
1825 5123 1888 5176 18
1904 5121 1974 5177 ad

300 5191 722 5259 Damasumjet
745 5193 850 5247 420
869 5191 941 5265 ad
968 5191 1450 5265 Edibiqm,'daret
1483 5191 1688 5263 quaest.
1721 5194 1755 5247 8
1795 5198 1973 5265 atque

296 5265 469 5323 alibi.
496 5265 611 5322 Sed
637 5266 772 5322 cum
795 5264 852 5320 in
877 5263 1092 5334 Isaiam
1140 5262 1467 5320 Comment.
1504 5262 1816 5334 scriberet,
1852 5262 1970 5321 me-

298 5337 439 5395 liori
472 5354 628 5394 usus
645 5335 895 5393 consilio
920 5335 992 5391 ad
1014 5332 1339 5408 ‘ipsiusmet
1366 5335 1604 5408 Josephi
1628 5332 1970 5393 historicum

293 5410 511 5477 fidem,
537 5424 655 5465 non
673 5424 790 5481 quo
814 5423 968 5481 anno
992 5407 1262 5481 mortuus
1283 5411 1372 5481 est
1403 5407 1691 5481 Christus,
1716 5408 1818 5464 sed
1842 5413 1975 5480 post

286 5483 414 5541 fere
445 5478 710 5555 triginta
729 5481 880 5555 duos
901 5479 984 5555 ab
1016 5478 1145 5551 ejus
1179 5479 1477 5555 passione,
1508 5478 1616 5535 hoc
1639 5478 1970 5555 monstrum

294 5555 462 5633 inter
488 5549 585 5633 ea,
599 5569 736 5633 qua:
757 5549 1273 5633 excidium'tem'pli
1298 5550 1643 5633 clademque
1660 5551 1821 5608 urbis
1845 5552 1972 5633 Hie-

286 5623 743 5700 rosolymitanaa
798 5623 1668 5700 antecesserunt,___rectissim_e
1724 5628 1970 5700 censet:

290 5701 397 5767 Eo,
432 5693 661 5770 inquit,
692 5699 958 5770 tempore
978 5693 1217 5770 (excidii
1258 5694 1790 5770 Hierosolymitani)
1822 5701 1880 5753 et
1909 5696 1969 5753 in

290 5766 471 5838 urbe,
508 5766 570 5825 et
599 5766 1091 5841 inptemplottam
1124 5766 1496 5841 sacerdotum
1526 5766 1586 5824 et
1616 5766 1969 5837 Levitarum,

293 5835 490 5917 quam
524 5839 734 5917 vulgii
781 5835 1019 5907 nobilis,
1071 5835 1384 5896 mulierum
1431 5856 1524 5908 ue,
1552 5857 1619 5898 ac
1651 5835 1969 5913 puerorum

294 5914 583 5976 ulalutus
612 5856 852 5973 audﬁus
879 5911 1008 5971 est:
1040 5909 1278 5983 quando
1304 5854 1559 5971 redglidit
1584 5912 1869 5973 Dominus
1887 5929 1970 5973 re-

2007 4766 2053 4831 D

2083 3492 2247 3561 dum,
2282 3490 2438 3562 quod
2471 3490 2732 3545 centurio
2765 3492 2898 3543 ante
2930 3503 3161 3544 crucem
3186 3487 3245 3543 in
3283 3488 3410 3561 ipso
3459 3487 3736 3546 seandalo

2084 3579 2376 3654 passionis
2410 3595 2541 3635 vere
2572 3578 2673 3634 Dei
2698 3577 2909 3633 Filium
2942 3578 3321 3633 conﬁteatur:
3355 3581 3413 3633 et
3441 3577 3622 3633 Arius
3672 3576 3737 3634 in

2083 3669 2342 3726 Ecclesia
2370 3668 2643 3741 praedicet
2664 3672 3013 3723 creaturam.

2155 3759 2342 3831 (Vers.
2375 3760 2463 3826 55,
2489 3758 2636 3829 56.)‹‹
2670 3758 2853 3814 Erant
2884 3762 3080 3813 autem
3114 3756 3195 3812 ibi
3228 3756 3508 3814 mulieres
3539 3756 3745 3814 multae.

2083 3849 2307 3922 alonge
2325 3866 2451 3922 qua:
2484 3853 2696 3905 secuta:
2730 3848 2959 3911 fuerant
2983 3849 3183 3906 Jesum
3217 3865 3251 3905 a
3280 3845 3536 3916 Galilaea,
3569 3846 3738 3903 mini-

2083 3942 2339 3995 strantes
2364 3939 2416 3995 ei
2452 3956 2464 4004 ;
2500 3939 2653 3993 inter
2682 3954 2830 4009 quas
2861 3942 2983 3993 erat
3028 3939 3209 3995 Maria
3258 3935 3621 4010 Magdalene,
3681 3941 3737 3993 et

2082 4028 2267 4085 Maria
2294 4027 2518 4092 Jacobi,
2549 4032 2605 4082 et
2637 4027 2856 4098 Joseph
2882 4031 3089 4093 mater,
3122 4038 3177 4083 et
3235 4031 3423 4083 mater
3480 4026 3736 4083 ﬁliorum

2083 4117 2363 4173 Zebediei.
2399 4139 2421 4169 ι
2463 4114 2924 4171 Consuetudinis
2952 4114 3209 4170 Judaicaa
3242 4116 3371 4187 fuit,
3396 4132 3500 4172 nec
3558 4116 3735 4172 duce-

2083 4207 2257 4262 batur
2288 4203 2347 4260 in
2375 4202 2607 4277 culpam
2644 4218 2804 4258 more
2829 4203 3019 4274 gentis
3052 4203 3318 4275 antiquo,
3345 4208 3406 4260 ut
3457 4202 3734 4261 mulieres

2080 4330 2463 4387 tributionem
2497 4327 2751 4383 inimicis
2773 4327 3178 4400 suis,implens
3218 4326 3732 4384 comminationem

2083 4400 2202 4475 qua
2232 4403 2491 4459 dixerat:
2529 4401 2893 4475 Relinquetur
2919 4401 3069 4455 vobis
3090 4400 3499 4475 domuscestra
3545 4400 3732 4456 deser-

2084 4473 2226 4541 tn,et
2256 4474 2418 4531 illam
2470 4473 2887 4545 prophetiam:
2939 4473 3224 4545 Dereliqui
3278 4473 3502 4545 domum
3556 4488 3739 4545 meam

2084 4548 2321 4618 quando
2355 4544 2632 4618 praesides
2665 4544 2869 4618 templi
2901 4560 3158 4618 consona
3186 4544 3548 4618 angelivoce
3575 4544 3734 4618 dixe-

2084 4562 2321 4618 quanuo
2355 4562 2632 4618 praesules
2665 4562 2869 4671 templi
2901 4562 3158 4601 consona
3186 4562 3379 4617 angen
3410 4562 3548 4601 voce
3575 4562 3734 4601 uixe-

2084 4624 2224 4700 runt.
2256 4620 2672 4700 :'Tr_auseamus
2696 4633 2766 4700 ea:
2813 4619 2878 4700 ‘is
2906 4617 3142 4700 sedibus,
3167 4617 3250 4700 Ide
3277 4615 3520 4700 “quibus
3564 4616 3737 4700 Jose-

2125 4688 2241 4746 hus
2266 4689 2522 4745 Judaicae
2546 4688 2797 4760 scriptor
2813 4688 3094 4760 historiae,
3127 4693 3239 4745 etc.
3275 4688 3369 4745 Sic
3407 4706 3606 4746 revera
3635 4689 3739 4745 ha-

2128 4706 2241 4746 nus
2266 4706 2522 4745 Juuaica:
2546 4706 2797 4760 scriptor
2814 4706 3094 4754 DISLOI‘la},
3127 4706 3239 4745 etc.
3276 4706 3369 4745 Sic
3407 4706 3606 4746 revera
3636 4706 3737 4745 na-

2085 4706 2185 4817 get
2215 4760 2454 4833 Josephi
2477 4757 3098 4835 t_estimoniumlib.v1_,
3137 4778 3264 4834 cap.
3296 4763 3350 4830 2,
3410 4762 3509 4817 ubi
3538 4762 3737 4835 signa,

2086 4849 2213 4905 quae
2246 4831 2782 4905 Hierosolymorum
2810 4831 3272 4906 destructionem
3312 4831 3740 4906 portendebant

2125 4901 2630 4976 raecesseruntque
2687 4903 2968 4976 proxime,
3030 4905 3238 4976 recitat
3271 4921 3285 4960 :
3314 4901 3482 4959 ’Κατά
3530 4901 3613 4960 δέε
3634 4906 3734 4975 τήν

2116 4977 2282 5050 ορτῇκ(
2432 4970 2782 5050 Πεγῖτεδφσξῇ-
2818 4970 3087 5050 καλῇεῖτ-αι,
3147 4975 3357 5050 γύκτωρ
3419 4978 3487 5050 Δοἰ
3571 4970 3735 5050 ἱερεῖς

2082 5043 2645 5124 πάρελθᾴντες-εἷςιτὸ
2704 5043 2853 5124 ἔνρογ
2918 5043 3081 5121 ἱερὸν.
3140 5043 3338 5124 (ἔω-περ’
3376 5047 3557 5109 αὐτοῖς
3616 5043 3732 5109 ἔθος

2082 5115 2169 5194 ἦν’
2203 5118 2344 5194 πρρς
2383 5115 2922 5194 ντάςηλειτουρλὲμας,
2967 5115 3205 5194 ’πρῶτον
3288 5115 3381 5193 ξιέν
3437 5122 3733 5194 ⁸κινήσεως

2082 5186 2458 5246 ἀντελὰϐἑσθαι
2510 5186 2703 5268 ἔφασαν
2745 5186 2844 5243 ’καί
2905 5186 3139 5268 rspice,
3216 5186 3349 5264 ειεὲά
3432 5187 3487 5244 δὲ
3564 5186 3733 5246 tatu—.1

2081 5263 2170 5318 καί
2218 5271 2406 5340 φωνῆς
2460 5257 2677 5337 ἆθρὁας,
2750 5257 3173 5335 Μετκὸαένωμὲν
3217 5257 3505 5318 ’ἐντεῦθεψ
3576 5269 3734 5320 Festo

2080 5336 2267 5392 autem
2324 5337 2431 5406 die,
2478 5339 2574 5407 qui
2643 5338 2958 5391 Pentecoste
2999 5338 3363 5409 appellatur,
3433 5336 3737 5391 sacerdotes

2080 5413 2249 5465 noctu
2280 5410 2545 5479 templum
2576 5409 2817 5479 ingressi
2844 5408 2918 5464 ad
2957 5408 3201 5465 obeunda
3238 5426 3308 5464 ex
3354 5421 3504 5479 more
3560 5408 3736 5463 mini-

2078 5483 2267 5553 steria,
2318 5477 2565 5553 primum
2618 5477 2842 5552 quidem
2917 5485 3147 5549 motum,
3218 5496 3281 5535 ac
3335 5477 3627 5550 strepitum
3679 5496 3736 5537 se

2079 5526 2367 5609 exaudisse
2386 5526 2676 5621 dixerunt,
2727 5560 2840 5608 tum
2918 5553 3111 5607 deinde
3135 5526 3342 5606 ’rocem
3393 5526 3557 5622 quasi
3608 5568 3738 5610 con-

2077 5626 2245 5751 certa:
2273 5625 2652 5681 multitudinis
2679 5625 2848 5681 simul
2869 5625 3178 5683 clamantis,
3227 5621 3550 5693 Migremua
3599 5625 3737 5682 hinc

2129 5696 2428 5751 erosimile
2450 5700 2539 5751 est
2569 5698 2711 5751 adeo
2744 5694 3055 5751 Eusebium
3089 5693 3147 5746 in
3184 5692 3413 5751 vitiafos
3458 5712 3525 5751 ac
3583 5696 3737 5751 male

2129 5696 2428 5753 erosimile
2450 5700 2539 5753 est
2569 5698 2711 5752 adeo
2744 5694 3055 5751 Eusebium
3089 5693 3147 5746 in
3184 5692 3413 5751 vitiat‘os
3458 5712 3525 5752 ac
3583 5696 3737 5753 male

2081 5771 2362 5843 confusos
2383 5767 2626 5843 Josephi
2650 5768 2877 5824 codices
2917 5763 3195 5821 incidisse
3233 5783 3246 5820 :
3306 5768 3460 5841 quod
3510 5769 3737 5843 pridem

2079 5840 2269 5900 doctis
2302 5841 2444 5900 viris
2473 5840 2740 5900 natatum
2770 5842 2878 5895 est.
