4304 6584
561 442 676 503 223

1800 449 1863 508 S.
1910 445 2225 510 EUSEBII
2271 442 2718 509 HIERONYMI

3854 440 3973 502 224

559 577 631 635 de
663 579 997 637 substantia
1017 598 1125 639 sua
1141 581 1359 640 victum
1384 588 1558 657 atque
1595 586 1869 643 vestitum
1896 587 2207 654 prmcepto-
2242 581 2297 646 Α
2326 581 2454 638 lene
2483 586 2538 637 et
2569 580 2749 637 altera
2794 580 2989 646 Maria,
3043 578 3312 635 sedentes
3354 581 3560 633 contra
3607 574 3967 648 sepulcrum'

562 667 726 725 ribus
754 671 1175 728 ministrarent.
1205 674 1320 729 Hoc
1347 676 1485 745 quia
1511 677 1850 732 scandalum
1889 678 2073 732 facere
2106 693 2204 749 po-

560 763 710 815 terat
740 758 796 813 in
833 760 1191 827 nationibus,
1223 764 1438 820 Paulus
1488 768 1768 836 abjecisse
1804 784 1865 821 se
1898 772 2202 821 memorat.

559 846 709 902 Dicit
737 850 894 905 enim
931 852 1089 923 ipse:
1132 855 1397 925 Nunquid
1444 873 1551 910 non
1604 858 1863 911 habemus
1890 860 2204 927 potestatem

560 953 775 994 sorores
804 942 1057 996 muliere.»
1096 945 1556 1007 circumducendi,
1607 948 1750 1000 sicut
1779 950 1829 1000 et
1857 948 2048 1001 caeteri
2076 948 2111 1000 Α
2118 961 2207 1015 p0-

558 1028 687 1083 stolt'
713 1029 936 1097 faciunt
980 1033 1023 1099 (I
1083 1033 1201 1087 Cor.
1262 1051 1334 1099 1x,
1392 1035 1496 1103 5)?
1553 1035 1955 1089 Ministrabant
2010 1040 2202 1089 autem

558 1115 807 1173 Domino
831 1119 901 1173 de
925 1122 1251 1176 substantia
1281 1140 1405 1188 sua,
1432 1128 1493 1176 ut
1517 1128 1756 1178 meteret
1779 1140 1979 1177 earum
2003 1139 2203 1177 carna-

559 1204 659 1272 lia,
694 1207 864 1277 cujus
897 1207 1006 1263 illae
1060 1213 1352 1265 metebant
1398 1211 1723 1282 spiritualia
1771 1212 1928 1282 (Ibid.
1964 1214 2047 1283 ιι).
2077 1212 2199 1265 Non

565 1296 719 1365 quod
748 1295 1033 1365 indigeret
1065 1298 1207 1353 cibis
1244 1300 1522 1355 Dominus
1556 1306 1980 1365 creaturarum,
2014 1301 2112 1355 sed
2139 1306 2204 1354 ut

563 1388 765 1455 typum
800 1388 1129 1440 ostenderet
1162 1388 1597 1459 magistrorum,
1650 1392 1803 1461 quod
1838 1391 1991 1444 victu
2026 1395 2202 1460 utque

557 1473 768 1527 vestitu
814 1490 880 1527 ex
925 1475 1231 1545 discipulis
1279 1479 1556 1533 deberent
1602 1497 1730 1534 esse
1780 1480 2057 1534 contenti.
2090 1480 2201 1533 Sed

553 1558 855 1615 videamus
888 1562 1090 1632 quales
1114 1564 1358 1619 comites
1378 1564 1651 1620 habuerit
1677 1583 1688 1620 :
1714 1567 1953 1620 Mariam
1980 1566 2204 1635 Magda-

551 1646 770 1717 lenam,
802 1667 835 1704 a
863 1668 979 1721 qua
1021 1653 1173 1707 239
1226 1660 1449 1724 septem
1508 1655 1792 1710 daemonia
1849 1657 2116 1725 ejecerat,
2149 1657 2204 1707 et

552 1736 797 1795 Mariam
828 1739 1052 1805 Jacobi,
1104 1746 1161 1796 et
1214 1742 1431 1813 Joseph
1498 1749 1767 1810 matrem,
1828 1748 2200 1798 materteram

554 1842 723 1881 suam
783 1844 1038 1884 sororem
1098 1831 1286 1885 Mariis
1320 1834 1524 1888 matris
1558 1833 1805 1897 Domini,
1838 1837 1896 1887 et
1954 1837 2201 1887 matrem

554 1914 809 1970 filiorum
841 1918 1118 1984 Zebedaei,
1152 1938 1279 1991 quae
1321 1921 1494 1992 paulo
1543 1927 1675 1977 ante
1726 1939 1969 1993 regnum
2004 1922 2202 1976 liberis

556 2004 969 2075 postulaverat,
1005 2012 1062 2063 et
1110 2009 1253 2065 alias
1301 2028 1447 2081 quas
1498 2010 1556 2065 in
1606 2012 1827 2066 caeteris
1879 2011 2201 2083 Evangeliis

554 2092 808 2165 legimus
838 2096 989 2166 (Luc.
1022 2102 1168 2165 vm).

630 2210 817 2279 (Vers.
850 2212 1086 2282 57,58.)
1120 2236 1147 2262 «
1185 2213 1327 2268 Cum
1371 2220 1564 2270 autem
1611 2232 1739 2271 sero
1771 2215 1991 2271 factum
2024 2222 2197 2279 esset,

553 2298 710 2353 venit
742 2300 982 2370 quidam
1028 2301 1203 2357 homo
1253 2304 1413 2359 dives
1464 2305 1535 2359 ab
1585 2305 1930 2371 Arimathia,
1966 2305 2200 2359 nomine

555 2386 795 2458 Joseph,
833 2390 931 2459 qui
968 2394 1025 2443 et
1052 2389 1177 2461 ipse
1208 2391 1532 2464 discipulus
1564 2397 1687 2448 erat
1714 2394 1874 2448 Jesu.
1912 2395 2071 2449 Tunc
2104 2394 2200 2448 Pi-

558 2474 717 2530 latus
742 2478 925 2546 jussit
951 2479 1113 2534 reddi
1145 2498 1375 2551 corpus.
1410 2504 1437 2531 ››
1490 2483 1657 2538 Dives
1707 2484 1954 2538 refertur
1982 2500 2096 2536 non
2131 2483 2200 2536 dc

546 2564 833 2635 jactantia
866 2568 1184 2637 scriptoris,
1220 2586 1335 2641 quo
1356 2570 1545 2626 virum
1572 2571 1820 2625 nobilem
1846 2577 2019 2642 atque
2040 2570 2199 2625 ditis-

554 2653 771 2708 simum
830 2657 1038 2711 referat
1094 2658 1232 2713 Jesu
1290 2659 1472 2715 fuisse
1524 2659 1924 2732 discipulum;
1984 2660 2082 2713 sed
2136 2661 2199 2712 ut

550 2742 822 2797 ostendat
853 2760 1091 2801 causam
1127 2764 1305 2818 quare
1355 2766 1387 2802 a
1446 2748 1627 2804 Pilato
1684 2766 1896 2821 corpus
1923 2748 2060 2803 Jesu
2096 2764 2195 2819 po-

550 2829 728 2885 tuerit
756 2832 1089 2905 impetrare.
1124 2836 1403 2908 Pauperis
1434 2838 1589 2893 enim
1623 2844 1677 2894 et
1716 2840 1895 2909 ignoti
1928 2855 2044 2893 non
2076 2841 2199 2893 erat

552 2919 625 2974 ad
648 2920 895 2976 Pilatum
921 2924 1225 2994 praesidem
1272 2927 1544 2983 Romana
1577 2928 1883 2999 potestatis
1904 2926 2194 2995 accedere,

468 3040 497 3091 ~,\
551 3011 609 3062 et
638 3010 895 3065 cruciﬁxi
928 3028 1138 3083 corpus
1174 3014 1504 3087 impetrare.
1556 3017 1619 3072 In
1670 3016 1782 3072 alio
1832 3014 2198 3087 Evangelista

554 3098 706 3167 (Luc.
741 3115 901 3166 xmu,
933 3101 1024 3171 50)
1054 3102 1269 3175 Joseph
1313 3104 1425 3160 iste
1460 3101 1760 3179 βουλευτὴς
1792 3106 2121 3178 appellatus
2155 3109 2194 3173 ¹,

555 3184 613 3240 id
673 3190 762 3242 est
817 3191 1197 3260 consiliarius,
1254 3197 1312 3248 et
1363 3195 1433 3250 de
1508 3195 1634 3267 ipso
1693 3197 1933 3268 quidam
1990 3199 2198 3268 putant

552 3275 813 3347 primum
846 3279 1139 3350 psalmum
1164 3300 1290 3338 esse
1313 3286 1703 3356 compositum
1733 3303 1746 3340 :
1773 3290 1972 3341 Beatus
1994 3289 2079 3341 vir
2101 3289 2199 3358 qui

550 3380 664 3421 non
698 3366 836 3423 abiit
866 3370 923 3423 in
949 3372 1177 3426 consilio
1208 3374 1523 3443 impiorum,
1557 3379 1613 3430 et
1644 3375 1885 3447 reliqua.

527 3541 539 3551 _
622 3482 805 3552 (Vers.
837 3486 952 3557 59.)
986 3509 1014 3536 «
1049 3488 1115 3542 Et
1143 3494 1378 3560 accepto
1409 3506 1668 3562 corpore,
1714 3492 1929 3563 Joseph
1962 3494 1982 3527 ³
2014 3493 2195 3549 invol-

548 3569 630 3626 vit
658 3570 801 3628 illud
834 3572 893 3628 in
938 3576 1181 3633 sindone
1232 3580 1472 3634 munda.
1514 3602 1539 3629 ››
1592 3581 1669 3636 Ex
1718 3581 1969 3653 simplici
2002 3582 2196 3654 sepul-

550 3662 685 3715 tura
704 3660 960 3735 Domini,
983 3666 1226 3723 ambitio
1256 3668 1503 3725 divitum
1535 3671 2097 3742 condemnatur,qui
2125 3688 2197 3726 ne

548 3746 610 3805 in
643 3750 890 3806 tumulis
920 3752 1158 3823 quidem
1204 3763 1451 3827 possunt
1482 3774 1676 3814 carere
1707 3759 1947 3814 divitiis.
1982 3760 2194 3815 Possu-

551 3851 687 3891 mus
717 3841 909 3895 autem
935 3840 1106 3911 juxta
1136 3842 1583 3916 intelligentiam
1615 3847 1980 3919 spiritualem
2012 3853 2067 3903 et
2089 3848 2196 3904 hoc

552 3925 789 3993 sentire,
813 3929 966 3999 quod
996 3946 1205 4002 corpus
1244 3932 1473 3989 Domini
1516 3952 1631 3990 non
1671 3952 1835 3999 auro,
1860 3938 2107 4004 gemmis
2139 3942 2197 3992 et

551 4014 759 4086 serico,
784 4018 885 4072 sed
906 4017 1247 4077 linteamine
1270 4040 1415 4094 puro
1439 4024 1859 4081 obvolvendum
1886 4026 1982 4092 sit,
2002 4043 2193 4098 quan-

482 4104 495 4111 ’
551 4117 728 4179 quam
751 4111 807 4161 et
827 4106 935 4162 hoc
963 4109 1270 4182 signiticet,
1312 4115 1465 4185 quod
1503 4114 1599 4171 ille
1621 4115 1678 4169 in
1704 4116 1953 4171 sindona
1974 4115 2196 4171 munda

550 4190 789 4249 involvit
815 4195 1038 4265 Jesum,
1070 4200 1170 4271 qui
1201 4218 1348 4273 pura
1378 4208 1570 4259 mente
1610 4221 1743 4259 eum
1776 4204 2119 4275 susceperit.

622 4309 806 4381 (Vers.
835 4314 950 4385 60.)
984 4337 1011 4363 «
1041 4314 1109 4370 Et
1148 4316 1345 4387 posuit
1373 4316 1518 4373 illud
1568 4318 1627 4373 in
1677 4322 2058 4373 monumento
2091 4336 2195 4373 suo

551 4414 720 4466 novo,
754 4402 909 4471 quod
941 4403 1230 4460 exciderat
1276 4404 1336 4461 in
1391 4411 1572 4477 petra,
1628 4412 1685 4463 et
1741 4407 1959 4463 adolvit
1989 4425 2195 4464 saxum

553 4502 836 4558 magnum
867 4491 939 4545 ad
970 4493 1185 4547 ostium
1221 4495 1611 4560 monumenti,
1644 4499 1700 4549 et
1720 4496 1882 4549 abiit.
1914 4520 1934 4545 ιι
1964 4498 2023 4551 In
2052 4514 2195 4553 novo

552 4576 789 4647 ponitur
820 4586 1221 4649 monumento,
1257 4599 1326 4637 ne
1348 4587 1479 4654 post
1498 4584 2004 4654 resurrectionem,
2028 4592 2194 4641 caete-

2315 672 2513 727 Altera
2544 678 2734 726 autem
2770 672 2862 726 die
2893 688 3018 742 quae
3050 674 3138 723 est
3179 672 3308 739 post
3359 683 3730 738 parasceven,
3763 683 3969 723 conve-

2318 767 2531 817 nerunt
2561 762 2852 833 principes
2886 762 3253 816 sacerdotum
3296 763 3353 813 et
3400 756 3673 812 Pharisaei
3707 758 3862 813 240
3893 758 3967 813 ad

2317 851 2589 916 Pilatum,
2624 852 2885 906 dicentes
2916 868 2927 904 :
2959 851 3224 917 Domine,
3260 847 3543 903 recordati
3576 864 3805 915 sumus,
3830 848 3969 918 quia

2316 941 2588 995 seductor
2632 940 2727 995 ille
2785 940 2931 994 dixit
2988 939 3180 993 adhuc
3236 938 3470 992 vivens:
3528 936 3665 991 Post
3692 942 3810 992 tres
3841 938 3966 992 dies

2316 1047 2671 1101 resurgam.»
2706 1029 2939 1083 (laeteris
2970 1026 3436 1097 relinquentibus
3470 1024 3801 1092 Dominum,
3835 1042 3966 1080 mu-

2314 1117 2483 1173 lieres
2545 1120 2601 1173 in
2661 1119 2852 1172 ot'ticio
2913 1121 3304 1189 perseverant,
3365 1120 3770 1186 exspectantes
3808 1116 3965 1185 quod

2314 1209 2662 1278 promiserat
2694 1208 2892 1273 Jesus,
2925 1213 2981 1261 et
3012 1208 3139 1261 ideo
3179 1209 3519 1260 meruerunt
3552 1204 3752 1273 primae
3775 1204 3969 1258 videre

2315 1298 2887 1368 resurgentem,quia
2918 1300 3013 1367 qui
3037 1296 3468 1367 perseveraverit
3497 1309 3666 1363 usque
3694 1294 3753 1347 in
3773 1290 3966 1364 ﬁnem,

2315 1388 2403 1442 hic
2426 1388 2609 1441 salvus
2643 1387 2976 1457 erit(MaIlh.
3009 1405 3063 1452 ι,
3108 1386 3175 1437 2‘2
3202 1403 3214 1449 ;
3242 1401 3393 1448 xx1v,
3427 1384 3536 1452 13).
3657 1376 3663 1382 ’

2385 1478 2571 1546 (Vers.
2606 1478 2672 1530 64
2709 1477 2897 1548 seqq.)
2923 1500 2948 1526 ‹‹
2974 1475 3122 1530 Jubc
3143 1490 3279 1545 ergo
3319 1471 3597 1529 custodiri
3626 1470 3963 1543 sepulcrum

2314 1583 2501 1638 usque
2534 1568 2591 1621 in
2624 1566 2773 1619 diem
2808 1566 3068 1629 tertium,
3120 1581 3190 1619 ne
3240 1564 3386 1618 forte
3432 1562 3668 1617 veniant
3689 1560 3964 1632 discipuli

2313 1655 2462 1728 ejus,
2497 1661 2552 1709 et
2583 1656 2847 1709 furentur
2878 1671 3033 1719 eum,
3084 1659 3142 1708 et
3189 1654 3391 1708 dicant
3438 1651 3615 1724 plebi,
3641 1651 3901 1706 Surrexit
3929 1667 3964 1705 a

2313 1744 2582 1809 mortuis,
2645 1748 2700 1798 et
2757 1743 2864 1799 erit
2923 1742 3280 1798 novissimus
3340 1758 3499 1796 error
3556 1740 3717 1812 pejor
3747 1739 3958 1811 priore.

2311 1830 2405 1886 Ait
2438 1831 2553 1886 illis
2586 1833 2812 1886 Pilatus
2841 1849 2853 1887 :
2888 1832 3129 1886 Habetis
3177 1830 3527 1886 custodiam.
3564 1830 3643 1884 Ite
3672 1828 3962 1884 custodite

2237 1954 2279 2017 Β
2314 1920 2668 1975 sicutscitis.
2707 1920 2793 1975 Illi
2824 1926 3021 1975 autem
3056 1921 3359 1988 abeuntes,
3394 1919 3737 1973 munierunt
3765 1917 3961 1988 sepul-

2311 2026 2498 2075 crum,
2534 2009 2833 2080 signantes
2884 2009 3137 2080 lapidem
3189 2025 3321 2063 cum
3372 2008 3740 2063 custodibus.
3774 2029 3802 2057 ι»
3835 2006 3960 2061 Non

2311 2098 2618 2153 suffecerat
2662 2098 3026 2169 principibus
3076 2098 3467 2163 sacerdotum,
3527 2102 3585 2151 et
3633 2095 3851 2152 Scribis
3891 2113 3958 2151 ac

2312 2186 2638 2255 Pharisaais,
2671 2187 3029 2243 cruciﬁxisse
3068 2187 3375 2242 Dominum
3432 2185 3812 2253 Salvatorem,
3846 2185 3959 2240 nisi

2310 2276 2643 2348 sepulcrum
2700 2276 3080 2345 custodirent,
3140 2276 3438 2332 cohortem
3497 2276 3846 2348 acciperent,
3880 2275 3958 2330 si-

2308 2371 2552 2435 gnarent
2582 2365 2858 2438 lapidem,
2893 2372 3178 2438 quantum
3214 2367 3272 2421 in
3308 2366 3424 2421 illis
3452 2369 3559 2433 est,
3594 2381 3834 2420 manum
3858 2382 3959 2436 op-

2309 2463 2586 2526 ponerent
2630 2456 2973 2528 resurgenti,
3031 2460 3094 2511 ut
3152 2455 3454 2529 diligentia
3511 2471 3713 2510 eorum
3746 2459 3957 2510 nostra:

2310 2542 2441 2597 fidei
2477 2545 2816 2615 proﬁceret:
2849 2549 3067 2616 quanto
3099 2547 3255 2601 enim
3305 2544 3562 2618 amplius
3608 2548 3955 2608 reservatur,

2307 2637 2467 2689 tanto
2491 2634 2679 2706 magis
2702 2634 3145 2690 resurrectionis
3184 2635 3368 2690 virtus
3412 2635 3760 2690 ostenditur.
3794 2633 3956 2689 Unde

2306 2722 2451 2778 etin
2487 2728 2863 2777 monumento
2921 2742 3088 2791 novo,
3148 2726 3303 2796 quod
3361 2724 3619 2779 excisum
3678 2724 3865 2779 fuerat
3894 2723 3952 2777 in

2306 2817 2490 2884 petra,
2524 2812 2795 2867 conditus
2828 2817 2915 2868 est
2945 2832 2957 2869 :
2992 2830 3062 2868 ne
3094 2814 3141 2868 si
3174 2830 3240 2867 ex
3271 2812 3472 2869 multis
3502 2812 3795 2885 lapidibus
3817 2812 3951 2867 aedi-

2307 2901 2545 2957 ﬁcatum
2578 2908 2753 2967 esset,
2787 2904 3055 2957 suffossis
3091 2902 3299 2958 tumuli
3337 2902 3757 2967 fundamentis,
3790 2902 3951 2959 abla-

2304 2993 2401 3047 tus
2432 2991 2585 3046 furto
2630 2992 2937 3047 diceretur.
2996 2992 3158 3056 Quod
3216 2996 3411 3047 autem
3470 2992 3528 3047 in
3560 2990 3826 3064 sepulcro
3858 3009 3954 3063 po-

2306 3081 2536 3136 nendus
2568 3086 2743 3151 esset,
2779 3081 3069 3155 prophetis
3103 3082 3508 3137 testimonium
3534 3086 3641 3150 est,
3666 3081 3952 3137 dicentis:

2306 3170 2405 3226 Hic
2432 3171 2704 3226 habitabit
2758 3174 2815 3225 in
2875 3173 3061 3226 excisa
3117 3172 3388 3243 spelunca
3436 3179 3605 3244 petrae
3633 3171 3954 3242 fortissima:

2310 3262 2435 3332 (Isa.
2467 3277 2663 3327 xxxm,
2702 3260 2811 3331 16).
2871 3260 3197 3332 Statimque
3254 3264 3387 3333 post
3444 3260 3591 3316 duos
3634 3259 3954 3316 versiculos

2229 3325 2273 3393 C
2311 3325 2615 3421 sequitur:
2652 3325 2841 3415 Regem
2874 3367 2993 3404 cum
3018 3325 3193 3419 gloria
3221 3325 3474 3405 videbitis
3506 3349 3663 3421 (Ibid.
3702 3350 3811 3419 17).

2378 3439 2538 3512 (Cap.
2572 3439 2813 3495 XXVIII.
2846 3471 2915 3481 ——
2948 3444 3111 3494 Vers.
3152 3441 3223 3509 1.)
3258 3461 3287 3491 ‹‹
3316 3442 3567 3512 Vespere
3598 3443 3790 3495 autem
3815 3438 3955 3494 Sab-

2306 3529 2425 3584 bati
2459 3547 2581 3599 qua:
2612 3530 2850 3583 lucescit
2904 3530 2962 3583 in
3023 3529 3212 3600 prima
3269 3529 3519 3598 sabbati,
3579 3529 3739 3584 venit
3778 3528 3957 3584 Maria

2308 3618 2649 3690 Magdalene
2707 3624 2763 3674 et
2819 3618 3001 3673 altera
3058 3620 3236 3674 Maria
3289 3619 3482 3674 videre
3539 3618 3953 3689 sepulcrum.»

2308 3708 2465 3773 Quod
2501 3708 2732 3763 diversa
2762 3716 3027 3779 tempora
3056 3707 3300 3763 istarum
3336 3708 3647 3763 mulierum
3679 3710 3738 3762 in
3770 3709 3952 3765 Evan-

2306 3795 2477 3867 geliis
2508 3796 2942 3864 describuntur,
2974 3815 3089 3853 non
3141 3798 3427 3853 mendacii
3479 3798 3712 3869 signum
3746 3802 3852 3866 est,
3887 3800 3954 3852 ut

2304 3884 2471 3956 impii
2516 3885 2820 3956 objiciunt,
2871 3887 2972 3941 sed
3023 3886 3240 3942 sedula:
3292 3885 3638 3943 visitationis
3668 3884 3948 3956 oltlcium,

2305 3975 2446 4029 dum
2479 3976 2678 4030 crebro
2712 3976 2927 4030 abeunt
2957 3993 3022 4030 ac
3053 3980 3380 4043 recurrunt,
3414 3980 3470 4031 et
3498 3992 3616 4032 non
3646 3975 3954 4049 patiuntur

2305 4079 2339 4118 a
2369 4063 2635 4135 sepulcro
2659 4064 2884 4119 Domini
2919 4066 3017 4119 diu
3052 4067 3256 4121 abesse
3287 4066 3374 4121 vel
3407 4065 3663 4138 longius.

2376 4153 2559 4222 (Vers.
2592 4154 2647 4220 2,
2695 4155 2774 4223 2.)
2824 4178 2851 4203 ‹‹
2911 4156 2979 4210 Et
3008 4172 3139 4211 ecce
3194 4160 3561 4211 terraemotus
3617 4156 3805 4210 factus
3858 4157 3951 4210 est

2306 4256 2577 4313 magnus.
2612 4243 2868 4313 Angelus
2900 4245 3054 4299 enim
3086 4245 3320 4301 Domini
3350 4243 3654 4300 descendit
3682 4244 3757 4301 de
3785 4242 3947 4309 omlo,

2306 4334 2361 4384 et
2382 4331 2681 4398 accedens,
2709 4332 2946 4387 revolvit
2968 4334 3243 4405 lapidem,
3268 4339 3326 4389 et
3346 4334 3586 4390 sedebat
3597 4348 3776 4405 super
3788 4349 3945 4400 eum,

2307 4419 2443 4474 Erat
2465 4425 2657 4475 autem
2683 4427 2952 4493 aspectus
2975 4424 3102 4493 ejus
3143 4422 3297 4478 sicut
3340 4422 3535 4495 fulgur
3574 4422 3679 4494 [Αι.
3716 4422 3945 4495 fulgor},

2304 4513 2360 4563 et
2389 4510 2800 4565 vestimentum
2833 4513 2961 4582 ejus
3006 4512 3157 4567 sicut
3208 4512 3326 4569 nix.
3360 4536 3382 4565 ι
3438 4512 3722 4569 Dominus
3753 4517 3951 4567 noster

2305 4615 2457 4655 unus
2475 4604 2651 4672 atque
2676 4602 2826 4657 idem
2856 4602 3037 4657 Filius
3060 4601 3158 4657 Dei
3177 4608 3234 4658 et
3258 4602 3437 4660 Filius
3458 4602 3737 4668 hominis,
3754 4603 3946 4676 juxta,

553 4662 635 4761 {is
692 4668 1031 4761 corporibus
1089 4672 1547 4739 remanentibus.
1609 4675 1995 4731 resurrexissc
2043 4676 2193 4733 alius
2226 4696 2271 4761 ι)
2305 4662 2614 4761 utramque
2668 4696 2962 4757 naturam,
3023 4691 3347 4749 divinitatis
3404 4698 3463 4749 et
3520 4662 3942 4761 carnis:le

553 4753 890 4825 fingeretur.
928 4761 1122 4814 Potest
1154 4763 1347 4816 autem
1379 4767 1435 4818 et
1466 4780 1675 4820 novum
1709 4764 2042 4838 sepulcrum
2078 4767 2195 4821 Ma-

553 4842 649 4897 rias
708 4843 1051 4917 virginalem
1104 4853 1334 4906 uterum
1382 4852 1822 4910 demonstrare:
1870 4872 2193 4929 saxumque

550 4930 699 4988 ostio
725 4934 1080 5005 appositum,
1114 4942 1171 4994 et
1200 4955 1404 4995 saxum
1436 4944 1714 5014 magnum
1739 4947 2039 5001 ostendere
2061 4947 2191 5001 abs-

550 5037 665 5095 que
695 5022 910 5079 auxilio
955 5024 1345 5097 plurimorum
1394 5031 1729 5103 sepulcrum
1784 5052 1897 5091 non
1930 5038 2191 5109 potuisse

547 5127 673 5168 rese
680 5130 770 5169 rar
775 5131 789 5167 ι
800 5155 813 5167 .

618 5212 804 5282 (Vers.
836 5215 901 5269 61
937 5216 1125 5287 seqq.)
1159 5242 1184 5266 ‹‹
1215 5218 1345 5273 Erat
1376 5225 1569 5276 autem
1616 5223 1691 5276 ibi
1741 5225 1920 5279 Maria
1952 5225 2189 5299 Magda-

616 5412 631 5444 ¹
667 5410 1129 5490 Mss.__BOlfAHC,
1163 5414 1287 5490 pari
1319 5432 1600 5490 consensu
1635 5417 1856 5490 legunt.
1889 5423 2063 5479 Porro
2095 5441 2189 5480 ne-

546 5481 686 5560 dum
718 5483 1095 5560 quibusdam,
1130 5481 1227 5542 sed
1264 5487 1464 5543 multis
1495 5481 1784 5560 placuisse
1817 5493 1967 5547 hanc
1997 5496 2067 5548 de
2096 5496 2188 5551 Jo-

545 5553 726 5634 sepho
764 5558 1138 5628 sententiam,
1193 5564 1439 5634 testatur
1484 5553 1775 5634 Expositio
1827 5568 2186 5634 psalmorum

548 5623 749 5689 altera,
782 5642 957 5695 quam
990 5646 1057 5683 ex
1089 5623 1249 5704 parte
1282 5623 1657 5688 Breviaridin
1700 5623 1958 5704 psalmos
1994 5638 2185 5695 Hiero-

547 5711 722 5778 nymo
755 5713 1052 5777 perperam
1085 5702 1355 5785 ascripta,
1406 5704 1550 5760 falso
1581 5710 1638 5760 et
1686 5702 1873 5785 ixsam
1908 5707 2184 5765 tributam

547 5767 998 5831 Buhlungtmus:
1035 5795 1061 5822 α
1093 5776 1445 5831 Generaliter
1471 5778 1543 5831 de
1585 5724 1848 5831 quolibet
1876 5779 2033 5831 iusto
2064 5782 2184 5831 vim

544 5767 998 5839 subjungimus:
1035 5795 1061 5822 α
1093 5767 1445 5833 Generaliter
1471 5778 1543 5833 de
1585 5767 1848 5845 quolibet
1869 5779 2033 5849 justo
2064 5782 2184 5838 viro

2304 4795 2459 4834 nunc
2490 4780 2915 4852 magnitudinis
2946 4798 3083 4849 suae,
3117 4799 3271 4837 nunc
3290 4782 3643 4839 humilitatis
3663 4782 3833 4855 signa
3851 4782 3948 4837 de-

2303 4873 2612 4924 monstrat.
2647 4868 2810 4925 Unde
2852 4876 2908 4925 et
2958 4870 3019 4926 in
3072 4873 3343 4945 praesenti
3398 4872 3545 4942 loco,
3606 4887 3945 4945 quanquam

2303 4956 2477 5013 homo
2507 4957 2583 5013 sit
2611 4960 2711 5032 qui
2743 4960 3054 5018 crucifixus
3084 4970 3193 5028 est,
3243 4962 3344 5034 qui
3393 4960 3659 5035 sepultus
3702 4964 3811 5029 est,
3844 4961 3947 5033 qui

2300 5046 2538 5104 clausus
2570 5049 2817 5117 tumulo,
2851 5066 3027 5121 quem
3058 5050 3208 5124 lapis
3238 5052 3543 5124 oppositus
3575 5051 3831 5122 cohibet,
3862 5056 3949 5108 ta-

2303 5151 2435 5190 men
2466 5153 2596 5209 que:
2630 5140 2769 5195 foris
2798 5144 3073 5213 aguntur,
3108 5142 3425 5198 ostendunt
3460 5141 3673 5198 Filium
3702 5140 3825 5213 Dei,
3857 5139 3944 5198 sol

2299 5224 2550 5299 fugiens,
2578 5228 2828 5284 tenebrae
2852 5229 3213 5302 ingruentes,
3235 5234 3389 5289 terra
3412 5235 3728 5301 commota,
3749 5229 3945 5288 velum

2298 5424 2531 5503 dicitur,
2552 5423 2700 5503 licet
2730 5425 2899 5503 multi
2930 5434 3140 5501 putent
3173 5430 3261 5503 de,
3291 5428 3507 5503 Josepb
3560 5429 3783 5503 dictum
3813 5444 3946 5503 esse

2298 5496 2397 5622 iillo
2429 5496 2500 5550 ab
2533 5496 2879 5569 Arimathia,
2914 5496 3014 5572 qui
3047 5518 3161 5557 non
3214 5496 3449 5557 abierit"
3468 5502 3528 5558 in
3559 5501 3803 5558 oonsilio
3832 5501 3944 5561 Ju-

2338 5585 2578 5623 asorum.
2615 5590 2642 5616 »

2366 5640 2387 5674 ²
2417 5640 2524 5694 Pro
2552 5640 2742 5711 Ioseph
2773 5641 3030 5707 nomine,
3064 5648 3181 5700 tres
3214 5643 3459 5701 Palatini
3504 5661 3649 5702 mss.
3679 5648 3810 5703 Jesu
3834 5644 3941 5700 ha-

2297 5710 2455 5780 bent,
2487 5712 2543 5765 id
2581 5710 2679 5765 est
2696 5728 2919 5785 corpore
2946 5720 3100 5771 Jesu.
