4304 6580
356 433 477 493 225

359 652 708 719 ministeria,
734 669 860 723 quae
891 653 964 708 ab
994 653 1162 709 initio
1186 655 1505 712 nativitatis
1526 658 1653 727 ejus
1678 659 1859 714 Deum
1881 679 2012 733 pro-

360 744 596 799 babant.
631 740 718 797 Ad
751 741 996 797 Mariam
1027 742 1259 798 Gabriel
1288 744 1465 814 venit,
1499 761 1633 800 cum
1663 745 1879 819 Joseph
1910 766 2011 803 an-

368 842 539 905 gelus
570 830 833 902 loquitur
863 826 1009 903 (Luc.
1045 849 1082 898 1,
1115 833 1221 901 26;
1255 833 1441 889 Matth.
1479 852 1515 901 ι,
1550 836 1662 906 20),
1692 835 1845 891 idem
1880 855 2012 909 pas-

358 921 588 977 toribus
634 920 888 986 nuntiat,
922 921 1262 993 angelorum
1307 927 1503 995 postea
1532 924 1772 980 auditur
1801 927 2013 982 chorus

359 1010 678 1068 dicentium
713 1027 726 1065 :
758 1009 945 1066 Gloria
992 1012 1055 1066 in
1102 1013 1333 1067 excelsis
1362 1013 1492 1079 Deo,
1524 1022 1575 1069 et
1618 1016 1676 1069 in
1705 1019 1859 1071 terra
1904 1033 2016 1088 pax

358 1100 675 1158 hominibus
705 1099 856 1155 bonae
905 1100 1197 1156 voluntatis
1228 1102 1379 1172 (Luc.
1416 1118 1476 1169 ιι,
1512 1103 1599 1168 10,
1636 1104 1744 1175 14).
1799 1106 2013 1160 Tenta-

358 1196 460 1247 tur
488 1191 547 1246 in
578 1188 919 1257 solitudine,
941 1194 998 1245 et
1028 1194 1157 1262 post
1185 1190 1488 1247 victoriam
1520 1193 1718 1247 statim
1749 1194 2013 1250 serviunt

357 1279 548 1353 angeli
581 1279 789 1351 (Matth.
834 1296 907 1346 ιν,
944 1280 1052 1347 11).
1088 1280 1251 1335 Nunc
1304 1297 1536 1353 quoque
1585 1282 1828 1354 angelus
1857 1284 2015 1340 venit

355 1375 554 1427 custos
584 1367 836 1440 sepulcri
875 1368 1179 1436 Dominici,
1214 1374 1271 1425 et
1306 1370 1363 1425 in
1413 1370 1626 1425 vestitu
1653 1372 1902 1428 candido
1933 1373 2011 1429 si-

354 1464 498 1533 gnat
528 1457 776 1532 gloriam
801 1457 1251 1530 triumphantis.
1287 1459 1523 1514 Necnon
1557 1461 1909 1517 ascendente
1939 1463 2011 1517 ad

356 1546 532 1605 caelos
560 1546 829 1616 Domino,
863 1546 977 1602 duo
1011 1546 1202 1619 angeli
1222 1546 1279 1603 in
1301 1547 1506 1604 Oliveti
1540 1554 1736 1605 monte
1767 1566 2014 1607 cernun-

355 1643 474 1706 tur,
506 1635 845 1710 pollicentes
875 1634 1158 1707 apostolis
1200 1638 1531 1693 secundum
1559 1637 1875 1695 Salvator-is
1906 1641 2007 1696 ad-

358 1732 595 1784 ventum
624 1727 760 1797 (Act.
795 1743 831 1793 ι,
865 1725 982 1797 11).

430 1815 616 1887 (Vers.
647 1816 701 1887 4,
732 1816 811 1886 5.)
843 1836 873 1866 «
905 1818 1031 1870 Prae
1084 1814 1296 1872 timore
1339 1820 1540 1873 autem
1568 1818 1718 1888 ejus,
1751 1818 2009 1875 exterriti

358 1910 497 1962 sunt
526 1905 819 1969 custodes,
851 1907 909 1959 et
940 1904 1076 1960 facti
1118 1908 1258 1961 sunt
1287 1905 1445 1962 velut
1477 1907 1713 1962 mortui.
1749 1907 2009 1981 Respon-

359 1995 505 2051 dens
536 1998 733 2051 autem
779 1993 1046 2067 angelus,
1078 1994 1223 2050 dixit
1249 1996 1597 2053 mulieribus
1645 2014 1658 2052 :

360 2100 523 2142 mere
558 2101 680 2140 vos.
712 2082 839 2140 Scio
886 2084 1047 2139 enim
1098 2085 1256 2156 quod
1303 2085 1508 2142 Jesum
1557 2086 1659 2159 qui
1703 2087 2014 2143 cruciﬁxus

358 2180 468 2241 est,
504 2172 760 2246 quaaritis
793 2190 806 2229 :
843 2173 970 2229 Non
1004 2177 1095 2228 est
1127 2173 1242 2241 hic,
1276 2174 1531 2231 surrexit
1558 2176 1719 2232 enim
1753 2176 1906 2232 sicut
1935 2175 2017 2231 di-

358 2262 464 2318 xit.
499 2283 528 2311 »
554 2261 852 2333 Custodes,
876 2263 1087 2318 timore
1110 2262 1403 2334 perterriti
1426 2263 1615 2321 instar
1643 2270 2012 2322 mortuorum

359 2351 669 2424 stupefacti
697 2351 918 2423 jaceat,
954 2356 1011 2407 et
1040 2356 1241 2407 tamen
1295 2351 1542 2425 angelus
1573 2371 1687 2409 non
1722 2353 1876 2423 illos,
1910 2355 2011 2410 sed

360 2442 635 2499 mulieres
660 2440 1025 2499 consolatur.
1057 2440 1247 2497 Nolite
1270 2442 1477 2498 timere
1506 2459 1623 2499 vos.
1651 2442 1762 2510 Illi,
1795 2444 2010 2516 inquit,

358 2532 605 2587 timeant
637 2547 650 2586 :
683 2531 744 2586 in
772 2530 867 2587 his
914 2535 1243 2603 perseveret
1273 2548 1470 2603 pavor,
1502 2531 1563 2586 in
1614 2532 1829 2604 quibus
1881 2550 2012 2606 per-

360 2625 557 2677 manet
584 2620 984 2677 incredulitas.
1017 2620 1304 2677 Caeterum
1334 2638 1435 2677 vos
1466 2621 1604 2694 quia
1625 2623 1829 2677 Jesum
1864 2636 2014 2696 quae-

358 2710 486 2766 ritis
529 2711 894 2780 cruciﬁxum,
926 2711 1125 2769 audite
1153 2711 1309 2782 quod
1360 2712 1741 2767 resurrexerit
1788 2717 1845 2766 et
1877 2730 2010 2784 pro-

358 2800 543 2857 missa
571 2799 898 2872 perfecerit.

431 2890 614 2963 (Vers.
647 2891 703 2957 6,
733 2890 813 2962 7.)
849 2910 877 2939 «
907 2888 1135 2957 Venite,
1168 2894 1226 2946 et
1274 2889 1466 2946 videte
1496 2890 1689 2946 locum
1725 2892 1738 2924 ¹
1774 2891 1873 2946 ubi
1906 2909 2009 2964 po-

357 2980 509 3036 situs
541 2983 665 3035 erat
692 2977 997 3035 Dominus.
1037 2980 1106 3034 Et
1135 2978 1249 3034 cito
1285 2984 1512 3051 euntes,
1546 2980 1719 3035 dicite
1750 2980 2010 3053 discipu-

357 3069 433 3126 lis
480 3070 630 3141 ejus.
666 3090 695 3119 »
745 3067 820 3124 Ut
851 3068 900 3123 si
935 3068 1083 3124 meis
1129 3068 1323 3124 verbis
1369 3085 1486 3125 non
1537 3070 1794 3137 creditis,
1827 3086 2009 3127 vacuo

358 3159 610 3215 credatis
640 3156 929 3229 sepulcro,
954 3163 1012 3214 et
1042 3158 1225 3231 gradu
1258 3159 1483 3214 concito
1508 3158 1727 3232 pergite
1759 3175 1825 3215 ac
1857 3176 2008 3215 nun-

354 3248 496 3305 tiate
548 3246 859 3319 discipulis
906 3249 1083 3319 ejus:
1144 3268 1166 3295 α
1217 3247 1363 3312 Quia
1412 3249 1684 3315 surrexit,
1727 3253 1785 3304 et
1833 3250 2009 3305 ecce?

356 3337 631 3411 praecedit
658 3353 760 3392 vos
789 3336 849 3391 in
877 3336 1176 3392 Galilaeam
1211 3355 1224 3393 :
1258 3337 1337 3392 ibi
1360 3354 1493 3393 eum
1522 3338 1797 3395 videbitis
1830 3357 1842 3394 :
1876 3355 2006 3395 ecce
2038 3330 2080 3397 C

354 3426 598 3500 praedixi
636 3425 820 3481 vobis.
856 3447 883 3473 »
916 3424 1036 3479 Hoc
1086 3429 1175 3479 est
1203 3426 1263 3479 in
1295 3425 1665 3482 volutabrum
1718 3428 2005 3501 gentium,

354 3516 462 3572 ubi
511 3518 646 3571 ante
675 3530 836 3568 error
881 3516 1005 3568 erat
1050 3517 1107 3568 et
1151 3512 1465 3584 lubricum,
1498 3520 1555 3570 et
1596 3517 1762 3571 tirmo
1793 3533 1858 3572 ac
1891 3522 2007 3574 sta-

350 3604 461 3662 bili
495 3604 640 3676 pede
671 3601 982 3675 vestigium
1015 3618 1129 3658 non
1163 3602 1433 3675 ponebat.

427 3695 617 3767 (Vers.
648 3693 728 3764 8.)
766 3716 786 3741 α
824 3692 891 3747 Et
923 3692 1185 3748 exierunt
1213 3693 1326 3747 cito
1358 3694 1428 3749 de
1462 3700 1841 3752 monumento
1873 3713 2006 3753 cum

353 3784 565 3841 timore
593 3788 650 3839 et
679 3782 895 3855 gaudio
927 3798 1161 3855 magno,
1195 3787 1495 3847 currentes
1530 3786 1801 3842 nuntiare
1831 3786 2006 3843 disci-

356 3873 513 3947 pulis
545 3871 696 3945 ejus.
723 3895 751 3920 »
782 3871 1006 3944 Duplex
1035 3876 1262 3928 mentes
1313 3873 1626 3929 mulierum
1659 3877 1894 3932 tenebat
1923 3877 2004 3932 af-

358 3964 565 4028 fectus,
594 3961 824 4017 timoris
872 3965 929 4016 et
961 3962 1160 4033 gaudii
1197 3979 1208 4016 :
1245 3962 1393 4017 alter
1438 3963 1510 4018 de
1540 3963 1806 4019 miraculi
1840 3981 2005 4037 mag-

359 4052 646 4121 nitudine,
680 4050 833 4107 242
865 4049 1011 4107 alter
1057 4068 1126 4105 ex
1174 4050 1464 4108 desiderio
1515 4055 1917 4126 resurgentis;
1951 4058 2008 4109 et

358 4147 556 4198 tamen
590 4145 834 4212 uterque
866 4141 1184 4196 femineum
1216 4141 1546 4197 concitabat
1574 4143 1843 4214 gradum.
1877 4142 2007 4197 Per-

362 4229 576 4300 gebant
604 4230 674 4285 ad
701 4228 1018 4302 apostolos,
1050 4235 1115 4285 ut
1158 4246 1259 4302 per
1288 4229 1421 4287 illos
1453 4231 1587 4286 ﬁdei
1619 4232 2003 4289 seminarium

360 4323 746 4391 spargeretur.

432 4406 615 4478 (Vers.
647 4407 725 4480 9.)
757 4430 786 4457 «
820 4408 890 4463 Et
917 4423 1049 4464 ecce
1077 4407 1253 4463 Jesus
1285 4409 1539 4464 occurrit
1580 4409 1718 4479 illis,
1753 4411 1953 4469 dicens
1988 4430 2001 4469 :

353 4498 550 4554 Avete.
588 4520 615 4548 ››
647 4500 779 4564 Quae
830 4496 914 4553 sic
970 4498 1327 4571 quaerebant,
1363 4514 1489 4570 quae
1539 4499 1621 4554 ita
1668 4501 2000 4569 currebant,

358 4587 735 4644 merebantur
774 4586 1007 4643 obvium
1066 4586 1279 4643 habere
1327 4588 1641 4644 Dominum
1692 4603 2003 4661 resurgen-

353 4680 498 4743 tem,
526 4679 585 4732 et
611 4676 868 4749 primum
899 4675 1121 4747 audire,
1153 4677 1335 4747 Avete,
1368 4681 1434 4731 ut
1464 4676 1842 4733 maledictum
1875 4679 2000 4735 Ewe

359 4764 624 4822 mulieris
654 4766 713 4821 in
745 4765 1092 4822 mulieribus
1123 4766 1577 4823 subverteretur.

435 4877 456 4904 ι
493 4852 606 4909 Illae
664 4858 858 4911 autem
915 4859 1307 4925 accesserunt,
1366 4859 1422 4911 et
1467 4860 1783 4913 tenuerunt
1832 4859 2006 4930 pedes

360 4944 515 5016 ejus,
542 4946 599 4999 et
642 4943 1029 4999 adoraverunt
1079 4961 1232 5000 eum.
1268 4967 1297 4995 »
1334 4944 1458 5000 Isim
1507 4947 1791 5002 accedunt
1834 4952 1892 5002 et
1921 4951 2002 5004 te-

357 5038 500 5090 nent
528 5034 706 5106 pedes
735 5033 882 5105 ejus,
916 5034 1052 5107 quia
1100 5034 1490 5091 adoraverunt
1525 5051 1682 5091 eum.
1716 5040 1997 5093 Caeterum

357 5122 483 5192 illa,
519 5139 646 5196 quae
677 5123 975 5196 quaerebat
1001 5124 1287 5179 viventem
1321 5140 1455 5180 cum
1484 5124 1753 5190 mortuis,
1785 5131 1842 5181 et
1872 5144 2003 5184 nes-

358 5213 550 5270 ciebat
580 5211 771 5269 adbuc
796 5212 1008 5269 Filium
1048 5212 1142 5269 Dei
1173 5215 1516 5280 surrexisse,
1550 5214 1756 5270 merito
1788 5216 1954 5271 audit
1988 5234 2001 5273 :

354 5303 437 5359 Ne
483 5306 677 5374 tangas
726 5318 832 5372 me,
881 5303 1129 5359 nondum
1179 5305 1328 5359 enim
1384 5306 1606 5361 escendi
1659 5304 1730 5360 ad
1783 5306 2006 5362 Patrem

353 5407 539 5449 meum
567 5392 744 5463 (Joan.
773 5409 865 5461 xx,
902 5393 1007 5465 17).

429 5482 618 5552 (Vers.
654 5483 770 5552 10.)
801 5505 830 5533 ‹‹
861 5481 1024 5538 Tunc
1041 5482 1122 5538 ait
1140 5481 1254 5564 illis
1272 5483 1443 5541 Jesus
1467 5500 1479 5539 :
1501 5484 1692 5541 Nolite
1723 5484 1947 5542 timere.
1975 5508 2003 5536 ››

354 5572 429 5629 Et
457 5570 518 5627 in
569 5568 746 5627 veteri
797 5575 854 5627 et
901 5570 962 5627 in
1012 5588 1157 5629 novo
1189 5574 1584 5645 Testamento,
1618 5574 1727 5657 hoc
1775 5592 2007 5649 semper

432 5790 449 5830 ¹
483 5792 697 5848 Vocem
729 5788 910 5849 locum
937 5787 1185 5851 Palatini
1217 5809 1361 5852 mss.
1385 5791 1680 5869 ignorant.

810 429 1326 493 COMMENTAR.
1373 433 1453 493 IN
1497 435 2008 500 EVANGELIUM
2054 438 2437 511 ΜΑΤΤΗᾸΞΙ
2486 453 2629 514 LIB.
2680 455 2782 517 IV.
2829 458 3003 520 CAP.
3037 462 3312 524 XXVIII.

358 564 636 633 scissum,
660 578 799 619 saxa
827 561 1082 635 dirupta,
1106 564 1320 620 mortui
1345 566 1633 635 suscitati,
1662 572 2006 641 angelorum
2039 579 2093 641 Α
2122 576 2551 640 observandum
2601 592 2691 642 est
2740 606 2753 643 :

3646 464 3766 528 226

2805 592 2961 661 quod
3016 595 3251 664 quando
3297 598 3599 669 augustior
3655 601 3779 672 [ΑΙ.

2126 670 2449 738 angustior]
2478 672 2678 746 aliqua
2725 682 3063 749 apparuerit
3111 684 3276 749 visio,
3312 686 3565 757 primum
3600 691 3778 747 timor

2126 756 2379 830 pellitur,
2412 767 2475 817 ut
2505 764 2587 818 sic
2631 773 2825 822 mente
2870 769 3116 839 placata,
3147 756 3374 845 possint
3406 793 3533 847 quae
3568 778 3773 835 dicun-

2124 849 2221 900 tur
2252 848 2354 917 [At
2391 850 2637 924 dicunt],
2671 856 2882 911 audiri.

2200 971 2221 1004 α
2264 955 2358 1026 Ite,
2402 962 2665 1017 nuntiate
2716 963 2992 1021 fratribus
3027 968 3191 1037 meis,
3230 975 3292 1025 ut
3341 977 3474 1028 eant
3524 974 3582 1030 in
3618 976 3774 1033 Gali-

2124 1041 2315 1111 lmam,
2345 1046 2425 1101 ibi
2461 1066 2551 1104 me
2597 1051 2894 1109 videbunt.
2932 1058 3065 1120 Quae
3115 1076 3247 1114 cum
3302 1061 3603 1131 abiissent,
3640 1083 3769 1123 ecce

2125 1133 2365 1202 quidam
2414 1137 2486 1192 de
2530 1140 2874 1199 custodibus
2926 1154 3215 1204 venerunt
3264 1150 3322 1206 in
3373 1153 3683 1224 civitatem,
3718 1161 3775 1212 et

2126 1223 2544 1282 nuntiaverunt
2591 1229 2955 1303 principibus
3005 1239 3374 1295 sacerdotum
3408 1244 3607 1300 omnia
3646 1262 3773 1317 qua

2124 1308 2276 1365 facta
2321 1312 2569 1372 fuerant.
2619 1342 2644 1365 ››
2698 1320 2797 1376 His
2846 1321 3126 1379 fratribus
3157 1326 3228 1381 de
3279 1328 3495 1399 quibus
3549 1333 3609 1388 in
3659 1308 3772 1391 alio

2123 1398 2248 1454 loco
2278 1401 2426 1459 dixit
2458 1419 2471 1459 :
2506 1407 2851 1465 Ammnn’abo
2905 1428 3099 1468 nomen
3130 1419 3286 1471 tuum
3306 1398 3313 1399 ί
3333 1420 3606 1489 fratribus
3636 1426 3775 1480 meis

2122 1488 2411 1559 (Psal.xx1,
2445 1496 2535 1565 23)
2575 1514 2587 1550 :
2623 1497 2722 1568 qui
2772 1499 3134 1559 Salvatorem
3167 1488 3541 1581 nequaquam
3572 1512 3631 1566 in
3660 1513 3769 1569 Ju-

2121 1576 2245 1633 daaa
2274 1582 2660 1654 conSpiciunt,
2697 1589 2795 1643 sed
2829 1588 2886 1643 in
2920 1593 3181 1660 gentium
3226 1576 3623 1656 multitudine.

2192 1685 2375 1755 (Vers.
2413 1690 2480 1746 12
2507 1694 2656 1765 seq.)
2705 1717 2733 1745 «
2766 1695 2833 1750 Et
2863 1702 3197 1773 congregati
3249 1720 3382 1759 cum
3415 1707 3768 1783 senioribus,

2121 1774 2363 1832 consilio
2432 1787 2687 1854 accepto,
2749 1787 3056 1856 pecuniam
3129 1791 3425 1864 copiosam
3483 1796 3769 1856 dederunt

2121 1863 2428 1935 militibus,
2462 1869 2721 1927 dicentes
2757 1890 2769 1927 :
2811 1874 3007 1944 Dicite,
3039 1879 3178 1951 quia
3206 1863 3480 1955 discipuli
3511 1887 3638 1956 ejus
3661 1906 3764 1944 no-

1710 1954 1900 2054 N311;
1908 1954 2007 2053 νᾶ-
2041 1954 2089 2019 B
2123 1957 2210 2007 cte
2239 1962 2543 2024 venerunt,
2575 1964 2633 2014 et
2666 1962 2839 2019 furati
2870 1970 3011 2021 sunt
3043 1984 3203 2038 eum,
3237 1954 3403 2027 nobis
3436 1954 3774 2035 dormienti-

2127 2043 2257 2132 bus.
2294 2044 2361 2099 Et
2388 2046 2437 2100 si
2470 2047 2578 2103 hoc
2607 2052 2895 2121 .auditum
2930 2056 3102 2113 fuerit
3132 2075 3165 2115 a
3193 2061 3458 2132 praeside,
3495 2082 3603 2122 nos
3635 2084 3772 2125 sua-

2124 2131 2395 2190 debimus
2421 2134 2493 2202 ei,
2526 2141 2583 2193 et
2611 2156 2848 2198 securos
2877 2161 2978 2200 vos
3009 2131 3314 2207 faciemus.
3350 2156 3421 2206 At
3453 2153 3535 2209 illi
3567 2172 3771 2231 accep-

2122 2224 2181 2276 ta
2206 2224 2473 2295 pecunia,
2502 2226 2764 2286 fecerunt
2791 2232 2942 2289 sicut
2970 2240 3137 2291 erant
3165 2239 3375 2295 edocti.
3406 2242 3471 2296 Et
3501 2224 3769 2319 divulga-

2121 2315 2249 2366 tum
2281 2318 2368 2368 est
2413 2317 2654 2372 verbum
2686 2319 2839 2376 istud
2890 2325 3043 2396 apud
3075 2328 3308 2385 Judazos
3358 2348 3545 2405 usque
3575 2334 3634 2390 in
3666 2315 3772 2393 bo-

2121 2399 2391 2458 diernum
2424 2404 2599 2460 diem.
2627 2428 2654 2456 »
2687 2408 2970 2468 Custodes
2997 2415 3348 2474 miraculum
3372 2423 3725 2481 confitentur
3753 2444 3766 2482 :

2120 2489 2192 2545 ad
2226 2491 2428 2547 urbem
2463 2496 2673 2552 conciti
2706 2500 3644 2584 redeunt,nuntiantprincipibus
3674 2532 3770 2572 sa-

2120 2580 2421 2637 cerdotum
2475 2600 2603 2656 quae
2650 2588 2920 2657 viderint,
2973 2609 3103 2664 quae
3136 2597 3295 2651 facta?
3338 2580 3766 2672 conspexerint.

2122 2667 2211 2723 Illi
2242 2670 2341 2741 qui
2373 2672 2693 2731 debuerant
2722 2682 2976 2735 converti
3025 2683 3097 2737 ad
3131 2667 3557 2758 paenitentiam,
3591 2697 3648 2748 et
3672 2695 3765 2749 .le-

2119 2774 2250 2811 sum
2285 2776 2540 2830 quaerere
2571 2771 2993 2839 resurgentem,
3025 2786 3397 2842 perseverant
3426 2778 3485 2834 in
3518 2781 3763 2855 malitia,

2118 2850 2174 2900 et
2206 2849 2511 2917 pecuniam
2546 2869 2671 2923 quae
2704 2855 2775 2910 ad
2809 2873 2953 2913 usus
2984 2862 3185 2932 templi
3220 2864 3356 2919 data
3388 2867 3599 2937 fuerat,
3634 2849 3765 2927 ver;

2118 2939 2250 2990 tunt
2280 2936 2336 2992 in
2357 2940 2815 3013 redemptionem
2846 2950 3158 3019 mendacii,
3179 2951 3331 3008 sicut
3357 2962 3528 3011 antea
3558 2960 3763 3032 trigin-

2118 3028 2176 3079 ta
2205 3032 2509 3097 argenteos
2558 3031 2838 3088 dederant
2877 3036 3040 3092 Judaz
3072 3040 3370 3111 proditori.
3405 3044 3620 3103 Omnes
3639 3028 3764 3123 igi-

2116 3118 2211 3168 tur
2259 3117 2358 3186 qui
2391 3118 2539 3191 stipe
2592 3122 2820 3194 templi,
2851 3130 2906 3179 et
2956 3126 3049 3182 bis
3081 3145 3208 3200 quae
3258 3134 3640 3192 conferuntur
3675 3117 3763 3195 vad

2117 3219 2262 3259 usus
2297 3205 2558 3262 Ecclesiae
2607 3210 2934 3269 abutuntur
2961 3215 3021 3270 in
3051 3217 3183 3275 aliis
3215 3221 3410 3292 rebus,
3445 3226 3599 3282 243
3633 3229 3763 3300 qui-

2117 3309 2283 3349 suam
2317 3295 2580 3367 expleant
2605 3299 2987 3371 voluntatem,
3015 3307 3239 3364 similes
3270 3316 3412 3367 sunt
3434 3295 3763 3374 scribarum

2119 3386 2174 3436 et
2204 3385 2595 3455 sacerdotum,
2632 3390 3043 3450 redimentium
3078 3399 3446 3456 mendacium
3481 3408 3537 3459 et
3568 3405 3763 3462 Salva-

2118 3472 2260 3528 toris
2287 3476 2654 3545 sanguinem.

2189 3580 2374 3650 (Vers.
2430 3584 2670 3653 16,17.)
2724 3610 2745 3636 α
2799 3587 3185 3649 Undecimum
3238 3599 3435 3654 autem
3490 3599 3764 3674 discipuli

2119 3668 2389 3725 abierunt
2419 3670 2475 3726 in
2507 3674 2822 3745 Galilaeam,
2857 3678 2915 3733 in
2949 3687 3208 3739 montem
3241 3686 3341 3740 ubi
3376 3689 3807 3749 constituerat‘

2117 3758 2235 3814 illis
2262 3762 2451 3818 Jesus.
2487 3762 2553 3817 Et
2581 3763 2839 3822 videntes
2872 3786 3029 3837 eum,
3060 3772 3450 3832 adoraverunt
3483 3780 3762 3851 equidem

2118 3853 2311 3904 autem
2361 3851 2792 3911 dubitaverunt.
2831 3879 2859 3907 ››
2892 3858 3028 3914 Post
3074 3858 3559 3924 resurrectionem
3588 3871 3764 3928 Jesus

2117 3937 2176 3992 in
2227 3944 2422 3995 monte
2469 3941 2714 3998 Galilaeze
2763 3949 3140 4019 conspicitur,
3186 3951 3385 4026 ibique
3436 3958 3758 4019 adoretur:

2115 4026 2249 4082 licet
2281 4028 2517 4099 quidam
2544 4032 2834 4096 dubitent,
2856 4041 2913 4090 et
2941 4037 3227 4097 dubitatio
3259 4059 3459 4101 eorum
3493 4053 3755 4107 nostram

2115 4122 2325 4187 augeat
2372 4117 2567 4173 ﬁdem.
2602 4121 2765 4177 Tunc
2817 4125 3183 4184 manifestius
3232 4135 3561 4190 ostenditur
3603 4138 3760 4193 Tho-

2116 4220 2243 4272 maa,
2294 4211 2350 4260 et
2394 4205 2550 4262 latus
2596 4206 2797 4265 lancea
2842 4212 3233 4285 vulneratum,
3268 4223 3325 4273 et
3374 4237 3585 4280 manus
3613 4225 3760 4283 fixas

2114 4295 2475 4350 demonstrat
2504 4295 2681 4353 clavis
2713 4299 2887 4369 (Joan.
2916 4319 3009 4369 xx,
3041 4304 3153 4375 ‘27).

2185 4402 2367 4473 (Vers.
2403 4404 2509 4474 18.)
2534 4428 2562 4454 ‹‹
2597 4405 2664 4459 Et
2712 4409 2990 4464 accedens
3038 4412 3207 4485 Jesus
3256 4414 3485 4473 locutus
3535 4424 3623 4475 est
3652 4421 3758 4487 eis,

2114 4491 2316 4547 dicens
2362 4508 2374 4545 :
2418 4493 2563 4549 Data
2593 4500 2681 4551 est
2713 4496 2856 4552 mihi
2907 4500 3100 4557 omnis
3130 4508 3389 4574 potestas
3439 4507 3498 4562 in
3530 4509 3674 4567 caelo
3706 4517 3764 4568 et

2112 4580 2171 4635 in
2221 4585 2393 4635 terra.
2428 4603 2455 4631 ››
2490 4581 2575 4638 Illi
2620 4590 2880 4656 potestas
2934 4588 3072 4644 data
3125 4597 3233 4664 est,
3264 4593 3364 4664 qui
3410 4597 3585 4668 paulo
3626 4606 3762 4658 ante

2114 4669 2449 4738 crucifixus,
2485 4671 2585 4743 qui
2639 4675 2907 4745 sepultus
2956 4678 3014 4733 in
3064 4682 3314 4750 tumulo,
3345 4685 3444 4757 qui
3493 4694 3762 4748 mortuus

2109 4758 2394 4830 jacuerat,
2429 4760 2529 4832 qui
2571 4767 2770 4832 postea
2820 4774 3150 4825 resurrexit.
3201 4773 3265 4827 In
3309 4775 3674 4851 cmlo‘autem
3706 4785 3764 4838 et

2117 4850 2176 4901 in
2208 4852 2361 4903 terra
2391 4854 2646 4921 potestas
2677 4853 2811 4908 data
2841 4860 2948 4926 est,
2984 4862 3049 4912 ut
3076 4860 3177 4930 qui
3229 4867 3364 4919 ante
3396 4869 3674 4937 regnabat
3702 4871 3761 4927 in

2115 4938 2280 5004 cmlo,
2312 4954 2414 5009 per
2444 4938 2617 4995 ﬁdem
2649 4942 3010 5001 credentium
3043 4955 3246 5021 regnet
3272 4951 3331 5008 in
3362 4957 3553 5012 terris.

2186 5044 2373 5116 (Vers.
2411 5047 2519 5120 19.)
2553 5070 2579 5096 ‹‹
2614 5049 2829 5107 Euutes
2858 5069 3015 5125 ergo,
3049 5055 3250 5115 docete
3297 5077 3501 5119 omnes
3532 5068 3759 5136 gentes,

2116 5134 2478 5205 baptizantes
2509 5154 2606 5193 eos
2640 5139 2699 5193 in
2750 5142 2991 5198 nomine
3020 5144 3229 5219 Patris,
3261 5154 3318 5204 et
3368 5150 3517 5218 Filii,
3540 5134 3605 5206 et
3631 5153 3758 5225 Spi-

2114 5223 2262 5279 ritus
2319 5225 2524 5281 sancti.
2586 5248 2615 5277 n
2678 5229 2939 5287 Primum
3014 5234 3226 5291 docent
3277 5255 3477 5293 omnes
3533 5223 3754 5312 gentes,

2113 5313 2322 5369 deinde
2370 5316 2570 5371 doctas
2622 5316 2922 5391 intingunt
2964 5340 3135 5395 aqua.
3186 5326 3311 5381 Non
3361 5327 3515 5382 enim
3567 5334 3756 5400 potest

2115 5402 2237 5458 ﬁeri
2272 5409 2336 5459 ut
2365 5421 2576 5478 corpus
2618 5407 2772 5464 244
2802 5411 3081 5483 baptismi
3130 5414 3370 5485 recipiat
3420 5432 3752 5476 sacramen-

2114 5495 2262 5560 tum,
2296 5494 2408 5549 nisi
2438 5496 2589 5567 {ante
2638 5497 2837 5554 anima
2882 5502 3012 5557 ﬁdei
3064 5502 3386 5574 susceperit
3430 5506 3753 5569 veritatem.

2114 5580 2491 5654 Baptizantur
2532 5590 2729 5643 autem
2781 5588 2839 5644 in
2891 5590 3125 5646 nomine
3174 5590 3380 5661 Patris,
3412 5598 3469 5652 et
3518 5597 3668 5672 Filii,
3699 5606 3757 5659 et

2183 5800 2205 5839 θ
2231 5799 2337 5862 Hic
2366 5819 2600 5885 quoque
2630 5804 2870 5866 verbum
2900 5820 3019 5863 ecce
3057 5804 3237 5868 Palat.
3272 5825 3415 5873 mss.
3448 5814 3748 5879 omittunt.
