4304 6614
348 529 473 587 229

810 522 1312 588 TRANSLATIO
1357 484 1866 591 HQMILIARUM
1911 520 2280 590 omnem
2325 525 2403 588 IN
2450 522 2744 592 LUCAM.
2779 528 3320 594 —PllOLOGUS.

3656 534 3780 597 230

1079 976 1207 1082 s.
1263 977 1944 1083 ausam:
2013 941 3048 1084 HIBRONYMI
3154 894 3163 899 1

1511 1285 2074 1348 STRIDONENSIS
2116 1286 2612 1349 PRESBYTERI

727 1570 1384 1720 TBANSLATIO
1488 1569 2151 1719 HOMILIARUM
2252 1571 2745 1720 ORIGENIS
2844 1574 2947 1722 IN
3051 1573 3398 1725 LUCAM

1392 1922 1513 1986 AD
1552 1919 1916 1987 PAULAM
1953 1922 2081 1987 ΕΤ
2113 1921 2709 1988 EUSTOCHIUM.

1629 2443 2274 2549 PROLOGUS
2296 2437 2481 2537 “'9‘”.

410 3002 559 3061 ηδ
592 3001 731 3057 Ante
755 3014 959 3072 paucos
988 2997 1109 3056 dies
1136 2994 1507 3070 quorumdam
1546 2992 1605 3050 in
1647 2991 1957 3049 Matthwum
1986 2994 2038 3047 et
2068 2994 2128 3047 in
2157 2993 2358 3047 Lucam
2407 2992 2839 3051 Commentarios
2888 3011 2981 3052 vos
3032 2998 3226 3068 legisse
3263 2998 3505 3067 dixistis,
3553 3018 3582 3058 e
3631 3006 3754 3074 qui-

339 3099 440 3152 bus
467 3094 608 3150 alter
635 3099 686 3148 et
712 3090 961 3148 sensibus
1007 3087 1167 3145 hebes
1211 3094 1370 3155 esset,
1419 3087 1475 3141 et
1520 3081 1733 3145 verbis;
1775 3083 1918 3138 alter
1965 3084 2024 3137 in
2070 3084 2251 3139 verbis
2299 3082 2529 3151 luderet,
2573 3085 2633 3139 in
2679 3087 2969 3141 sententiis
3009 3084 3351 3145 dormitaret.
3395 3090 3754 3159 Quomobrem

333 3184 548 3255 petistis
577 3183 657 3252 ut,
687 3180 1005 3251 contemptis
1033 3175 1342 3232 istiusmodi
1368 3174 1553 3245 nugis,
1581 3170 1782 3228 saltem
1813 3171 2053 3244 triginta
2080 3174 2134 3227 et
2161 3188 2353 3228 novem
2384 3174 2516 3244 (91).
2551 3173 2874 3230 Adamantii
2915 3178 3093 3232 nostri
3132 3177 3193 3233 in
3236 3182 3449 3234 Lucam
3494 3180 3755 3238 homilias

336 3274 482 3329 sicut
504 3272 565 3327 in
592 3269 774 3326 Graeco
805 3268 1095 3333 habentur,
1127 3268 1455 3336 interpreter
1485 3280 1504 3318 :
1532 3263 1816 3319 molestam
1844 3278 1962 3317 rem
1990 3268 2046 3317 et
2068 3267 2337 3318 tormento
2364 3263 2632 3320 similem.
2663 3264 2867 3331 alieno,
2908 3269 2969 3321 ut
2997 3268 3077 3322 ait
3108 3266 3339 3339 Tullius,
3379 3271 3655 3329 stomacho
3703 3281 3755 3329 et

336 3378 449 3419 non
475 3377 573 3417 suo
601 3359 843 3415 scribere
872 3375 891 3412 :
923 3373 1095 3430 quam
1124 3363 1305 3411 tamen
1335 3354 1539 3410 idcirco
1568 3368 1718 3409 nunc
1744 3354 1974 3424 faciam,
2005 3354 2138 3424 quia
2163 3353 2502 3409 sublimiora
2530 3369 2639 3409 non
2665 3357 2909 3427 poscitis.
2943 3356 3223 3427 Siquidem
3254 3358 3396 3413 illud
3435 3360 3575 3430 quod
3622 3362 3762 3417 olim

336 3452 524 3510 Romae
550 3457 751 3506 sancta
779 3446 1035 3503 Blaesilla
1056 3445 1428 3514 ﬂagitaverat,
1458 3450 1519 3498 ut
1546 3443 1745 3514 viginti
1770 3443 2011 3515 quinque
2040 3442 2151 3514 (9'2)
2185 3452 2355 3499 tomos
2399 3443 2557 3499 illius
2601 3442 2659 3498 in
2715 3443 3070 3517 Mattheum,
3117 3454 3169 3502 et
3216 3448 3459 3519 quinque
3507 3449 3648 3505 alios
3697 3451 3758 3506 in

332 3545 574 3607 Lucam,
606 3545 658 3593 et
681 3537 918 3607 triginta
944 3533 1075 3589 duos
1107 3533 1216 3604 (93)
1248 3533 1309 3587 in
1338 3532 1646 3603 Joannem,
1677 3540 1879 3587 nostrae
1900 3534 2110 3605 linguae
2134 3533 2437 3603 traderem,
2468 3550 2567 3588 nec
2596 3536 2804 3589 virium
2848 3551 3121 3606 mearum,
3172 3552 3271 3592 nec
3312 3537 3431 3604 otii,
3480 3553 3580 3593 nec
3610 3537 3758 3593 labo-

328 3633 414 3686 ris
444 3633 549 3685 est.
581 3626 905 3698 Perspicitis
934 3624 1105 3691 enim,
1135 3628 1407 3697 quantum
1454 3621 1607 3693 apud
1637 3636 1725 3677 me
1768 3624 1817 3677 et
1859 3624 2163 3679 auctoritas
2204 3627 2403 3691 vestra,
2453 3625 2503 3679 et
2550 3624 2814 3681 voluntas
2855 3625 3019 3681 valet.
3073 3626 3420 3682 Praetermisi
3460 3626 3760 3698 paululum

329 3716 751 3776 Hebraicarum
801 3713 1201 3781 Quaestionum
1241 3712 1430 3780 libros,
1464 3714 1524 3766 ut
1551 3710 1621 3766 ad
1647 3710 1947 3766 arbitrium
1973 3719 2209 3768 vestrum
2254 3713 2542 3769 lucrativis
2592 3714 2771 3785 operis
2818 3713 2953 3782 lateo,
3004 3715 3411 3787 qualiacunque
3451 3723 3597 3785 sunt,
3648 3731 3761 3772 non

328 3824 474 3879 mea,
502 3806 595 3865 sed
620 3807 807 3863 aliena
835 3804 1099 3860 dictarem
1129 3820 1148 3858 :
1179 3803 1489 3873 praesertim
1512 3818 1637 3857 cum
1664 3818 1698 3857 a
1725 3801 1954 3857 sinistro
1988 3803 2227 3858 oscinem
2269 3819 2492 3859 corvum
2537 3803 2765 3859 audiam
2811 3806 3170 3861 crocitantem
3202 3804 3335 3877 (94),
3367 3808 3420 3861 et
3447 3806 3654 3861 mirum
3699 3808 3759 3862 in

326 3895 550 3953 modum
576 3896 993 3952 decunctarum
1017 3893 1207 3947 avium
1238 3892 1434 3949 ridere
1463 3889 1756 3963 coloribus,
1802 3906 1932 3946 cum
1977 3895 2123 3976 totus
2166 3895 2281 3964 ipse
2327 3893 2647 3949 tenebrosus
2693 3894 2787 3949 sit.
2839 3896 3041 3950 Fateor
3084 3895 3269 3966 itaque
3314 3898 3612 3966 antequam
3659 3895 3759 3951 ille

330 3985 578 4057 objiciat,
613 3986 674 4040 in
702 3985 789 4039 his
819 3980 1108 4054 Origenem
1137 3981 1463 4039 tractatibus
1494 3980 1655 4053 quasi
1678 3995 1914 4052 puerum
1944 3980 2057 4051 (95)
2086 3979 2226 4039 talis
2257 3980 2442 4038 ludere
2472 4000 2491 4036 :
2521 3982 2644 4037 alia
2671 3985 2798 4037 sunt
2829 3982 3019 4039 virilia
3046 3983 3189 4054 ejus,
3222 3987 3277 4039 et
3319 3984 3438 4039 alia
3464 3985 3757 4040 senectutis

412 4301 584 4375 (1-90)
604 4299 773 4375 Hanc
803 4298 1094 4375 ipsemet;
1123 4297 1351 4375 integro
1388 4278 1813 4375 praefationem,
1844 4312 1985 4375 pos-

332 4368 865 4431 strema'duntaxat
895 4370 1138 4444 periodo
1162 4368 1525 4444 detruncata,
1557 4369 1765 4424 recitat
1792 4368 1985 4444 adin-

328 4445 550 4519 gidiam
597 4439 931 4519 Origeniani
982 4441 1240 4519 nominis
1287 4439 1637 4519 Hieronymo
1668 4440 1984 4498 creandam

326 4517 584 4574 Rufinus
613 4512 1017 4574 Ianectivarum
1045 4514 1144 4569 lib.
1182 4529 1245 4581 ιι,
1276 4528 1441 4567 num.
1472 4512 1563 4566 21.

401 4589 516 4663 (91)
547 4588 898 4646 Suﬂ‘ecimus
921 4603 1007 4663 ex
1030 4583 1503 4663 Rulluilectiqne
1534 4596 1848 4663 numerum
1880 4585 1982 4663 tri-

325 4653 566 4731 ginta'et
592 4676 805 4727 novem,
834 4659 1028 4733 qui‘in
1054 4655 1305 4733 vulgatis
1323 4661 1519 4733 antea
1548 4653 1725 4733 libris
1763 4655 1981 4733 deerat,

325 4726 396 4789 ut
424 4749 653 4800 omnes,
684 4726 872 4805 atque
898 4731 1040 4787 adeo
1067 4726 1285 4805 Ampth
1323 4727 1417 4784 his
1465 4726 1661 4805 plures
1713 4726 1983 4805 homilias

325 4805 390 4862 in
421 4798 644 4862 Lucam
672 4822 741 4862 ex
761 4798 1118 4860 'Adamantio
1159 4800 1362 4857 Latine
1405 4798 1731 4856 reddidisse
1759 4799 1982 4855 videre-

321 4881 442 4934 tur.
475 4877 623 4954 Nam
653 4876 837 4954 multo
868 4875 1065 4954 plures
1094 4872 1277 4954 fuisse
1305 4872 1380 4928 ab
1411 4871 1657 4954 Opigene
1677 4871 1977 4954 elucubra-

324 4956 442 5016 tas,
499 4950 561 5005 in
618 4944 1055 5023 praefixa—huic
1117 4950 1276 5002 tomo
1333 4944 1667 5017 prazfatione
1723 4944 1978 5001 ostendi-

325 5037 485 5078 mus.

399 5094 511 5167 (92)
540 5093 763 5150 Vitiosa
792 5096 849 5150 et
881 5090 1028 5167 falso
1058 5089 1155 5167 bic
1185 5088 1495 5167 legebatur
1516 5089 1980 5167 antem-triginta

320 5158 724 5239 semitamque
756 5180 935 5239 penes
965 5158 1269 5239 Rufinum,
1290 5161 1495 5239 viginti
1510 5174 1632 5215 sex.
1656 5158 1816 5239 Nihil
1844 5175 1977 5215 vero

323 5230 727 5295 dubitavimus
756 5230 1099 5302 restituere,
1130 5233 1634 5305 vigintiquinque,
1665 5230 1819 5305 quod
1871 5247 1976 5288 nec

366 5308 525 5367 lures
556 5326 661 5367 nec
690 5310 995 5385 pauciores
1023 5303 1271 5385 ipsemet
1299 5303 1688 5385 Hieronymus
1736 5303 1794 5385 in
1842 5319 1977 5385 pro-

366 5326 525 5367 iures
556 5326 661 5367 nec
690 5326 995 5382 pauciores
1023 5326 1271 5378 Ipsemec
1300 5326 1688 5377 nieruuymus
1738 5326 1794 5357 IIl
1842 5326 1975 5376 pro-

321 5326 455 5456 rogo
486 5385 783 5440 Comment.
832 5383 894 5437 in
939 5378 1254 5435 Matthaeum
1282 5383 1577 5456 _numeret.
1613 5375 1849 5456 Legisse,
1882 5374 1975 5429 in-

367 5446 476 5526 ιῖἱι,
506 5470 597 5510 me
623 5456 800 5527 fateor
836 5456 964 5510 ante
1005 5466 1185 5507 annos
1226 5446 1509 5522 plurimos
1554 5448 1614 5502 in
1659 5446 1975 5503 Matt/unum

324 5470 580 5584 griaenis
626 5542 843 5582 VIGINTI
889 5539 1146 5584 QUINQUE
1190 5521 1519 5578 volumina:
1551 5519 1609 5574 in
1643 5535 1813 5584 quem
1867 5536 1974 5574 nu-

325 5521 580 5599 Origenis
623 5521 843 5582 molari
889 5539 1146 5588 QUINQUE
1190 5521 1472 5578 velumina
1501 5536 1519 5574 :
1551 5521 1609 5574 in
1643 5535 1813 5591 quem
1867 5536 1972 5574 nu-

322 5614 556 5675 merum
585 5596 962 5675 e_t_Eusebius
992 5593 1286 5675 consentit
1314 5591 1415 5675 l‘ib.
1455 5607 1512 5674 γι
1562 5591 1761 5675 Eccles.
1803 5592 1972 5675 illst”

321 5687 451 5755 cap.
486 5672 574 5726 36.
608 5670 738 5727 Hinc
768 5683 998 5743 quoque
1026 5671 1192 5723 vetus
1223 5669 1347 5721 erat
1373 5664 1681 5747 uerissime.
1708 5663 1879 5720 lectio
1915 5664 1973 5719 in

321 5742 465 5800 olim
496 5741 748 5800 vulgatis
780 5740 1181 5798 Invectivarum
1210 5737 1407 5792 Rufini
1436 5736 1755 5793 codicibus.

396 5759 465 5799 im
496 5759 748 5826 νυιεᾶῐῖθ
780 5759 1181 5798 mvecuvarum
1212 5759 1755 5819 ξιμιξῐιιροωῦιυυε.

396 5814 513 5890 (93)
546 5817 652 5890 Hic
676 5829 907 5887 quoque
960 5809 1112 5890 falso
1136 5808 1440 5890 letllll‘brl
1471 5824 1674 5890 omnes
1704 5808 1970 5890 prestere-

319 5882 505 5966 bant,
521 5882 751 5965 triginta
774 5882 990 5961 nbvem,
1019 5885 1123 5943 aut
1151 5882 1389 5957 triginta
1415 5883 1670 5956 quatuor,
1714 5882 1823 5957 pro
1869 5883 1972 5943 tri-

2094 4298 2254 4367 ginta
2282 4296 2437 4370 duos,
2465 4313 2641 4370 quam
2675 4296 2997 4370 lectionem
3046 4313 3115 4370 ex
3164 4297 3359 4354 Rufini
3406 4298 3743 4356 testimonio

2096 4368 2499 4442 reposuimus;
2518 4368 2807 4426 Eusebius
2836 4369 3295 4442 modoilaudato
3341 4372 3492 4426 Hist.
3543 4371 3743 4430 Eccles.

2095 4440 2243 4498 libro
2274 4443 2424 4499 duos
2452 4445 2683 4498 tantum
2715 4445 2772 4497 et
2793 4441 3041 4513 vinginti
3057 4459 3126 4498 ex
3147 4442 3256 4498 hac
3283 4442 3557 4499 universa
3585 4442 3751 4500 Com-

2095 4514 2521 4569 mentariorum
2574 4518 2733 4569 strue
2775 4516 2937 4569 novit
2968 4530 2981 4571 :
3011 4531 3212 4571 verum
3245 4514 3492 4571 fortasse
3529 4520 3587 4571 et
3639 4516 3742 4584 ibi,

2092 4584 2330 4654 triginta
2370 4585 2526 4655 duos,
2561 4584 2873 4658 legendum
2921 4592 3027 4643 est.
3074 4587 3240 4643 Nunc
3286 4587 3381 4643 vix
3426 4592 3747 4660 supersunt

2094 4672 2321 4713 novem.

2163 4728 2275 4797 (94)
2305 4726 2711 4786 Calumniatur
2738 4729 3009 4799 Ruﬁnus,
3057 4730 3245 4788 notari
3288 4729 3383 4786 hic
3414 4731 3520 4787 abs
3552 4732 3746 4789 Hiero-

2094 4815 2267 4872 nymo
2297 4800 2408 4856 sub
2435 4800 2591 4877 _corvi
2612 4801 2859 4877 nomine
2895 4801 2956 4877 S.
3002 4802 3380 4877 Ambrosium
3412 4821 3427 4860 :
3482 4803 3743 4877 primum

2092 4870 2161 4926 ei
2189 4887 2277 4938 eo,
2308 4870 2449 4945 quod
2479 4872 2623 4943 apud
2652 4873 2872 4945 Latinos
2902 4875 3075 4945 ipsius
3104 4883 3316 4931 tantum
3347 4879 3399 4930 et
3439 4870 3553 4931 non
3597 4876 3742 4932 atte-

2089 4944 2241 5019 rius_
2267 4945 2329 5019 in
2371 4944 2591 5019 _Lucam
2613 4944 3083 5019 “Commentarius
3132 4948 3410 5019 ferebatur
3451 4964 3471 5002 :
3524 4948 3738 5016 deinde,

2090 5015 2245 5091 quod
2268 5015 2585 5091 ipsiusmet
2613 5015 2947 5091 Hieronymi
2969 5015 3147 5090 penes
3177 5034 3240 5075 se
3270 5019 3511 5075 haberet
3538 5015 3738 5091 epistoé

2090 5088 2237 5161 lam,
2254 5088 2315 5143 in
2344 5104 2471 5159 qua,
2504 5089 2603 5144 hoc
2631 5088 2926 5161 ipsum'de
2970 5088 3101 5147 aliis
3146 5107 3423 5148 excusans
3468 5092 3530 5145 in
3566 5088 3737 5145 illum

2087 5160 2512 5235 (Ambrosium)
2567 5160 2889 5235 converterit
2942 5165 3358 5235 suspicionem,
3388 5161 3567 5235 Nemo
3615 5177 3737 5235 _au-

2087 5235 2205 5286 tem
2235 5230 2322 5287 vel
2348 5230 2545 5303 jurato
2576 5232 2786 5289 Ruﬁno
2838 5230 3056 5303 credat,
3104 5235 3164 5291 id
3214 5233 3429 5291 sentire
3479 5232 3549 5287 de
3597 5233 3733 5286 Am-

2085 5303 2281 5379 brosio
2309 5304 2567 5379 potuisse
2597 5304 2656 5360 S.
2690 5309 2957 5379 Patrem,
2976 5307 3074 5379 qui
3108 5324 3244 5364 eum
3274 5303 3510 5379 plurimi
3538 5303 3736 5379 _con_ti-

2087 5391 2203 5430 nuo
2247 5372 2399 5445 fecit,
2433 5392 2537 5432 nec
2587 5393 2717 5433 raro
2763 5378 2823 5434 in
2874 5372 3196 5435 etiis-libris
3244 5372 3304 5433 re
3356 5378 3493 5430 nata
3537 5372 3739 5430 lauda-

2086 5448 2188 5502 vit.

2158 5519 2270 5595 (95)
2320 5518 2765 5595 Restituimust
2793 5540 3047 5595 puerum,
3108 5538 3217 5595 pro,
3272 5533 3387 5595 quo
3454 5518 3736 5595 mendose

2084 5590 2407 5663 legebatur,
2449 5594 2671 5648 iterum.
2716 5590 2849 5650 Mox
2899 5590 3151 5667 quodue,
3201 5590 3406 5667 ludere,
3459 5592 3736 5667 emenda:

2086 5662 2239 5734 mus,
2274 5679 2376 5736 pro
2407 5670 2703 5738 corrupto,
2736 5662 2978 5738 luderem
3005 5662 3206 5735 {quas
3245 5662 3526 5738 lectiones
3555 5681 3624 5721 ex
3651 5665 3735 5738 rei

2083 5734 2412 5809 sensusque
2440 5734 2703 5807 veritate,
2738 5738 2926 5809 Ralini
2957 5734 3200 5809 insuper
3229 5734 3547 5809 accedente
3570 5736 3734 5794 testi-

2084 5807 2808 5887 monio,'comprobamus.
2843 5808 2950 5866 Pro
2975 5807 3114 5864 talis
3147 5807 3209 5869 in
3255 5807 3387 5869 aliis
3416 5807 3586 5869 libris
3624 5813 3734 5887 est,

2083 5880 2320 5941 tabulis.
