  <div class='ocr_page' id='page_1' title='image "/cluster/home/n/w/nwhite01/storage/ocr_20150623/26/umn.31951002477320a/122.png"; bbox 0 0 4304 6620; ppageno 0'>
   <div class='ocr_carea' id='block_1_1' title="bbox 313 486 435 548">
    <p class='ocr_par' dir='ltr' id='par_1_1' title="bbox 313 486 435 548">
     <span class='ocr_line' id='line_1_1' title="bbox 313 486 435 548; baseline -0.016 0"><span class='ocrx_word' id='word_1_1' title='bbox 313 486 435 548; x_wconf 73' lang='grc'><strong>233</strong></span> 
     </span>
    </p>
   </div>
   <div class='ocr_carea' id='block_1_2' title="bbox 811 481 3252 561">
    <p class='ocr_par' dir='ltr' id='par_1_2' title="bbox 811 481 3252 561">
     <span class='ocr_line' id='line_1_2' title="bbox 811 481 3252 561; baseline 0.007 -17"><span class='ocrx_word' id='word_1_2' title='bbox 811 481 1310 544; x_wconf 80' lang='lat' dir='ltr'><strong>TRANSLATIO</strong></span> <span class='ocrx_word' id='word_1_3' title='bbox 1354 482 1860 545; x_wconf 79' lang='lat' dir='ltr'><strong>HOMILIARUM</strong></span> <span class='ocrx_word' id='word_1_4' title='bbox 1907 483 2279 546; x_wconf 81' lang='lat' dir='ltr'><strong>ORIGENIS</strong></span> <span class='ocrx_word' id='word_1_5' title='bbox 2322 486 2398 547; x_wconf 86' lang='lat' dir='ltr'><strong>IN</strong></span> <span class='ocrx_word' id='word_1_6' title='bbox 2448 488 2744 553; x_wconf 86' lang='lat' dir='ltr'><strong>LUCAM.</strong></span> <span class='ocrx_word' id='word_1_7' title='bbox 2776 523 2854 538; x_wconf 89' lang='lat'><strong><em>—</em></strong></span> <span class='ocrx_word' id='word_1_8' title='bbox 2882 494 3156 560; x_wconf 86' lang='lat' dir='ltr'><strong>HOMIL.</strong></span> <span class='ocrx_word' id='word_1_9' title='bbox 3200 501 3252 561; x_wconf 91' lang='grc' dir='ltr'><strong>Ι.</strong></span> 
     </span>
    </p>
   </div>
   <div class='ocr_carea' id='block_1_3' title="bbox 3615 509 3734 572">
    <p class='ocr_par' dir='ltr' id='par_1_3' title="bbox 3615 509 3734 572">
     <span class='ocr_line' id='line_1_3' title="bbox 3615 509 3734 572; baseline 0.025 -3"><span class='ocrx_word' id='word_1_10' title='bbox 3615 509 3734 572; x_wconf 67' lang='grc'><strong>234</strong></span> 
     </span>
    </p>
   </div>
   <div class='ocr_carea' id='block_1_4' title="bbox 316 614 3728 698">
    <p class='ocr_par' dir='ltr' id='par_1_4' title="bbox 316 614 3728 698">
     <span class='ocr_line' id='line_1_4' title="bbox 316 614 3728 698; baseline 0.004 -22"><span class='ocrx_word' id='word_1_11' title='bbox 316 633 448 691; x_wconf 86' lang='lat' dir='ltr'><strong>nes,</strong></span> <span class='ocrx_word' id='word_1_12' title='bbox 480 620 536 674; x_wconf 87' lang='lat' dir='ltr'><strong>et</strong></span> <span class='ocrx_word' id='word_1_13' title='bbox 564 616 752 673; x_wconf 89' lang='lat' dir='ltr'><strong>Lucas</strong></span> <span class='ocrx_word' id='word_1_14' title='bbox 781 632 898 672; x_wconf 91' lang='lat' dir='ltr'><strong>non</strong></span> <span class='ocrx_word' id='word_1_15' title='bbox 929 619 1069 672; x_wconf 90' lang='lat' dir='ltr'><strong>sunt</strong></span> <span class='ocrx_word' id='word_1_16' title='bbox 1090 615 1280 672; x_wconf 84' lang='lat' dir='ltr'><strong>conati</strong></span> <span class='ocrx_word' id='word_1_17' title='bbox 1304 615 1558 673; x_wconf 85' lang='lat' dir='ltr'><strong>scribere</strong></span> <span class='ocrx_word' id='word_1_18' title='bbox 1583 633 1596 684; x_wconf 92' lang='lat'><strong>;</strong></span> <span class='ocrx_word' id='word_1_19' title='bbox 1621 615 1724 672; x_wconf 92' lang='lat' dir='ltr'><strong>sed</strong></span> <span class='ocrx_word' id='word_1_20' title='bbox 1743 614 1964 688; x_wconf 85' lang='lat' dir='ltr'><strong>Spiritu</strong></span> <span class='ocrx_word' id='word_1_21' title='bbox 1994 616 2049 684; x_wconf 87' lang='grc' dir='ltr'><strong>Α</strong></span> <span class='ocrx_word' id='word_1_22' title='bbox 2080 618 2430 690; x_wconf 88' lang='lat' dir='ltr'><strong>Dei,quibus</strong></span> <span class='ocrx_word' id='word_1_23' title='bbox 2461 619 2622 676; x_wconf 83' lang='lat' dir='ltr'><strong>illam</strong></span> <span class='ocrx_word' id='word_1_24' title='bbox 2656 623 2952 696; x_wconf 89' lang='lat' dir='ltr'><strong>aspiciunt</strong></span> <span class='ocrx_word' id='word_1_25' title='bbox 2979 629 3078 698; x_wconf 87' lang='lat' dir='ltr'><strong>qui</strong></span> <span class='ocrx_word' id='word_1_26' title='bbox 3111 636 3426 690; x_wconf 90' lang='lat' dir='ltr'><strong>merentur.</strong></span> <span class='ocrx_word' id='word_1_27' title='bbox 3459 635 3635 696; x_wconf 89' lang='lat' dir='ltr'><strong>Porro</strong></span> <span class='ocrx_word' id='word_1_28' title='bbox 3666 640 3728 698; x_wconf 80' lang='lat' dir='ltr'><strong>in</strong></span> 
     </span>
    </p>
   </div>
   <div class='ocr_carea' id='block_1_5' title="bbox 318 705 1970 782">
    <p class='ocr_par' dir='ltr' id='par_1_5' title="bbox 318 705 1970 782">
     <span class='ocr_line' id='line_1_5' title="bbox 318 705 1970 782; baseline -0.002 -15"><span class='ocrx_word' id='word_1_29' title='bbox 318 712 525 766; x_wconf 90' lang='lat' dir='ltr'><strong>sancto</strong></span> <span class='ocrx_word' id='word_1_30' title='bbox 555 707 712 780; x_wconf 91' lang='lat' dir='ltr'><strong>pleni</strong></span> <span class='ocrx_word' id='word_1_31' title='bbox 746 706 1109 780; x_wconf 88' lang='lat' dir='ltr'><strong>scripserunt</strong></span> <span class='ocrx_word' id='word_1_32' title='bbox 1137 706 1468 782; x_wconf 80' lang='lat' dir='ltr'><strong>Evangelia.</strong></span> <span class='ocrx_word' id='word_1_33' title='bbox 1491 705 1659 762; x_wconf 85' lang='lat' dir='ltr'>Multi</span> <span class='ocrx_word' id='word_1_34' title='bbox 1683 707 1861 780; x_wconf 82' lang='lat' dir='ltr'><strong>igitur</strong></span> <span class='ocrx_word' id='word_1_35' title='bbox 1879 723 1970 763; x_wconf 87' lang='lat' dir='ltr'><strong>co-</strong></span> 
     </span>
    </p>
   </div>
   <div class='ocr_carea' id='block_1_6' title="bbox 316 796 1968 868">
    <p class='ocr_par' dir='ltr' id='par_1_6' title="bbox 316 796 1968 868">
     <span class='ocr_line' id='line_1_6' title="bbox 316 796 1968 868; baseline -0.003 -11"><span class='ocrx_word' id='word_1_36' title='bbox 316 799 443 857; x_wconf 89' lang='lat' dir='ltr'><strong>nati</strong></span> <span class='ocrx_word' id='word_1_37' title='bbox 476 802 614 855; x_wconf 88' lang='lat' dir='ltr'><strong>sunt</strong></span> <span class='ocrx_word' id='word_1_38' title='bbox 643 798 914 854; x_wconf 89' lang='lat' dir='ltr'><strong>ordinare</strong></span> <span class='ocrx_word' id='word_1_39' title='bbox 945 798 1338 854; x_wconf 80' lang='lat' dir='ltr'><strong>narrationem</strong></span> <span class='ocrx_word' id='word_1_40' title='bbox 1386 798 1456 853; x_wconf 93' lang='lat' dir='ltr'><strong>de</strong></span> <span class='ocrx_word' id='word_1_41' title='bbox 1488 797 1580 853; x_wconf 89' lang='lat' dir='ltr'><strong>his</strong></span> <span class='ocrx_word' id='word_1_42' title='bbox 1612 796 1808 868; x_wconf 80' lang='lat' dir='ltr'><strong>rebus,</strong></span> <span class='ocrx_word' id='word_1_43' title='bbox 1842 813 1968 868; x_wconf 65' lang='lat' dir='ltr'><strong>quae</strong></span> 
     </span>
    </p>
   </div>
   <div class='ocr_carea' id='block_1_7' title="bbox 317 887 1969 961">
    <p class='ocr_par' dir='ltr' id='par_1_7' title="bbox 317 887 1969 961">
     <span class='ocr_line' id='line_1_7' title="bbox 317 887 1969 961; baseline -0.003 -14"><span class='ocrx_word' id='word_1_44' title='bbox 317 887 798 947; x_wconf 79' lang='lat' dir='ltr'><strong>manifestissime</strong></span> <span class='ocrx_word' id='word_1_45' title='bbox 819 888 1062 961; x_wconf 82' lang='lat' dir='ltr'><strong>cognitae</strong></span> <span class='ocrx_word' id='word_1_46' title='bbox 1093 891 1235 944; x_wconf 90' lang='lat' dir='ltr'><strong>sunt</strong></span> <span class='ocrx_word' id='word_1_47' title='bbox 1255 888 1314 943; x_wconf 91' lang='lat' dir='ltr'><strong>in</strong></span> <span class='ocrx_word' id='word_1_48' title='bbox 1345 887 1535 944; x_wconf 91' lang='lat' dir='ltr'><strong>nobis.</strong></span> <span class='ocrx_word' id='word_1_49' title='bbox 1556 887 1810 942; x_wconf 86' lang='lat' dir='ltr'><strong>Ecclesia</strong></span> <span class='ocrx_word' id='word_1_50' title='bbox 1830 903 1969 958; x_wconf 90' lang='lat' dir='ltr'><strong>qua-</strong></span> 
     </span>
    </p>
   </div>
   <div class='ocr_carea' id='block_1_8' title="bbox 320 976 1967 1050">
    <p class='ocr_par' dir='ltr' id='par_1_8' title="bbox 320 976 1967 1050">
     <span class='ocr_line' id='line_1_8' title="bbox 320 976 1967 1050; baseline -0.003 -15"><span class='ocrx_word' id='word_1_51' title='bbox 320 989 449 1037; x_wconf 87' lang='lat' dir='ltr'><strong>tuor</strong></span> <span class='ocrx_word' id='word_1_52' title='bbox 477 978 653 1035; x_wconf 89' lang='lat' dir='ltr'><strong>habet</strong></span> <span class='ocrx_word' id='word_1_53' title='bbox 681 976 1013 1050; x_wconf 79' lang='lat' dir='ltr'><strong>Evangelia,</strong></span> <span class='ocrx_word' id='word_1_54' title='bbox 1047 977 1298 1033; x_wconf 68' lang='lat' dir='ltr'><strong>haereses</strong></span> <span class='ocrx_word' id='word_1_55' title='bbox 1321 976 1575 1048; x_wconf 90' lang='lat' dir='ltr'><strong>plurima</strong></span> <span class='ocrx_word' id='word_1_56' title='bbox 1596 977 1706 1048; x_wconf 88' lang='lat'><strong>(97)</strong></span> <span class='ocrx_word' id='word_1_57' title='bbox 1735 1002 1747 1032; x_wconf 75' lang='grc' dir='ltr'>ε</span> <span class='ocrx_word' id='word_1_58' title='bbox 1775 993 1805 1032; x_wconf 91' lang='lat' dir='ltr'><strong>e</strong></span> <span class='ocrx_word' id='word_1_59' title='bbox 1837 977 1967 1049; x_wconf 91' lang='lat' dir='ltr'><strong>qui-</strong></span> 
     </span>
    </p>
   </div>
   <div class='ocr_carea' id='block_1_9' title="bbox 315 1065 1965 1142">
    <p class='ocr_par' dir='ltr' id='par_1_9' title="bbox 315 1065 1965 1142">
     <span class='ocr_line' id='line_1_9' title="bbox 315 1065 1965 1142; baseline -0.004 -14"><span class='ocrx_word' id='word_1_60' title='bbox 315 1070 429 1128; x_wconf 85' lang='lat' dir='ltr'><strong>bus</strong></span> <span class='ocrx_word' id='word_1_61' title='bbox 459 1068 757 1142; x_wconf 86' lang='lat' dir='ltr'><strong>quoddam</strong></span> <span class='ocrx_word' id='word_1_62' title='bbox 787 1067 1063 1125; x_wconf 83' lang='lat' dir='ltr'><strong>scribitur</strong></span> <span class='ocrx_word' id='word_1_63' title='bbox 1088 1067 1414 1123; x_wconf 90' lang='lat' dir='ltr'><strong>secundum</strong></span> <span class='ocrx_word' id='word_1_64' title='bbox 1445 1066 1764 1140; x_wconf 57' lang='lat' dir='ltr'><strong>Egyptios,</strong></span> <span class='ocrx_word' id='word_1_65' title='bbox 1807 1065 1965 1123; x_wconf 88' lang='lat' dir='ltr'><strong>aliud</strong></span> 
     </span>
    </p>
   </div>
   <div class='ocr_carea' id='block_1_10' title="bbox 307 1155 1967 1232">
    <p class='ocr_par' dir='ltr' id='par_1_10' title="bbox 307 1155 1967 1232">
     <span class='ocr_line' id='line_1_10' title="bbox 307 1155 1967 1232; baseline -0.002 -16"><span class='ocrx_word' id='word_1_66' title='bbox 307 1161 480 1232; x_wconf 83' lang='lat' dir='ltr'><strong>juxta</strong></span> <span class='ocrx_word' id='word_1_67' title='bbox 507 1158 818 1215; x_wconf 87' lang='lat' dir='ltr'><strong>duodecim</strong></span> <span class='ocrx_word' id='word_1_68' title='bbox 848 1156 1164 1230; x_wconf 85' lang='lat' dir='ltr'><strong>apostolos.</strong></span> <span class='ocrx_word' id='word_1_69' title='bbox 1210 1164 1408 1213; x_wconf 83' lang='lat' dir='ltr'><strong>Ausus</strong></span> <span class='ocrx_word' id='word_1_70' title='bbox 1441 1157 1550 1212; x_wconf 84' lang='lat' dir='ltr'><strong>fuit</strong></span> <span class='ocrx_word' id='word_1_71' title='bbox 1596 1162 1654 1213; x_wconf 92' lang='lat' dir='ltr'><strong>et</strong></span> <span class='ocrx_word' id='word_1_72' title='bbox 1683 1155 1967 1213; x_wconf 85' lang='lat' dir='ltr'><strong>Basilides</strong></span> 
     </span>
    </p>
   </div>
   <div class='ocr_carea' id='block_1_11' title="bbox 317 1245 1962 1320">
    <p class='ocr_par' dir='ltr' id='par_1_11' title="bbox 317 1245 1962 1320">
     <span class='ocr_line' id='line_1_11' title="bbox 317 1245 1962 1320; baseline -0.004 -13"><span class='ocrx_word' id='word_1_73' title='bbox 317 1249 570 1308; x_wconf 88' lang='lat' dir='ltr'><strong>scribere</strong></span> <span class='ocrx_word' id='word_1_74' title='bbox 598 1246 999 1320; x_wconf 88' lang='lat' dir='ltr'><strong>Evangelium,</strong></span> <span class='ocrx_word' id='word_1_75' title='bbox 1033 1251 1090 1304; x_wconf 91' lang='lat' dir='ltr'><strong>et</strong></span> <span class='ocrx_word' id='word_1_76' title='bbox 1118 1263 1226 1303; x_wconf 92' lang='lat' dir='ltr'><strong>suo</strong></span> <span class='ocrx_word' id='word_1_77' title='bbox 1258 1246 1399 1302; x_wconf 92' lang='lat' dir='ltr'><strong>illud</strong></span> <span class='ocrx_word' id='word_1_78' title='bbox 1431 1246 1666 1303; x_wconf 87' lang='lat' dir='ltr'><strong>nomine</strong></span> <span class='ocrx_word' id='word_1_79' title='bbox 1705 1245 1962 1302; x_wconf 90' lang='lat' dir='ltr'><strong>titulare.</strong></span> 
     </span>
    </p>
   </div>
   <div class='ocr_carea' id='block_1_12' title="bbox 315 1335 1968 1397">
    <p class='ocr_par' dir='ltr' id='par_1_12' title="bbox 315 1335 1968 1397">
     <span class='ocr_line' id='line_1_12' title="bbox 315 1335 1968 1397; baseline -0.004 -1"><span class='ocrx_word' id='word_1_80' title='bbox 315 1339 486 1396; x_wconf 86' lang='lat' dir='ltr'><strong>Multi</strong></span> <span class='ocrx_word' id='word_1_81' title='bbox 515 1338 706 1397; x_wconf 87' lang='lat' dir='ltr'><strong>conati</strong></span> <span class='ocrx_word' id='word_1_82' title='bbox 737 1340 880 1394; x_wconf 90' lang='lat' dir='ltr'><strong>sunt</strong></span> <span class='ocrx_word' id='word_1_83' title='bbox 897 1337 1153 1394; x_wconf 85' lang='lat' dir='ltr'><strong>scribere</strong></span> <span class='ocrx_word' id='word_1_84' title='bbox 1181 1354 1194 1394; x_wconf 90' lang='lat'><strong>:</strong></span> <span class='ocrx_word' id='word_1_85' title='bbox 1219 1337 1320 1394; x_wconf 91' lang='lat' dir='ltr'><strong>sed</strong></span> <span class='ocrx_word' id='word_1_86' title='bbox 1345 1341 1400 1393; x_wconf 92' lang='lat' dir='ltr'><strong>et</strong></span> <span class='ocrx_word' id='word_1_87' title='bbox 1422 1336 1591 1392; x_wconf 89' lang='lat' dir='ltr'><strong>multi</strong></span> <span class='ocrx_word' id='word_1_88' title='bbox 1613 1335 1804 1392; x_wconf 85' lang='lat' dir='ltr'><strong>conati</strong></span> <span class='ocrx_word' id='word_1_89' title='bbox 1828 1340 1968 1392; x_wconf 90' lang='lat' dir='ltr'><strong>sunt</strong></span> 
     </span>
    </p>
   </div>
   <div class='ocr_carea' id='block_1_13' title="bbox 316 1425 1962 1498">
    <p class='ocr_par' dir='ltr' id='par_1_13' title="bbox 316 1425 1962 1498">
     <span class='ocr_line' id='line_1_13' title="bbox 316 1425 1962 1498; baseline -0.004 -11"><span class='ocrx_word' id='word_1_90' title='bbox 316 1429 606 1487; x_wconf 84' lang='lat' dir='ltr'><strong>ordinare.</strong></span> <span class='ocrx_word' id='word_1_91' title='bbox 640 1429 902 1496; x_wconf 80' lang='lat' dir='ltr'><strong>Quatuor</strong></span> <span class='ocrx_word' id='word_1_92' title='bbox 929 1431 1163 1483; x_wconf 87' lang='lat' dir='ltr'><strong>tantum</strong></span> <span class='ocrx_word' id='word_1_93' title='bbox 1195 1425 1502 1498; x_wconf 81' lang='lat' dir='ltr'><strong>Evangelia</strong></span> <span class='ocrx_word' id='word_1_94' title='bbox 1531 1430 1671 1481; x_wconf 87' lang='lat' dir='ltr'><strong>sunt</strong></span> <span class='ocrx_word' id='word_1_95' title='bbox 1700 1425 1962 1498; x_wconf 75' lang='lat' dir='ltr'><strong>probata,</strong></span> 
     </span>
    </p>
   </div>
   <div class='ocr_carea' id='block_1_14' title="bbox 315 1513 1966 1593">
    <p class='ocr_par' dir='ltr' id='par_1_14' title="bbox 315 1513 1966 1593">
     <span class='ocr_line' id='line_1_14' title="bbox 315 1513 1966 1593; baseline -0.005 -16"><span class='ocrx_word' id='word_1_96' title='bbox 315 1535 348 1577; x_wconf 82' lang='grc' dir='ltr'>θ</span> <span class='ocrx_word' id='word_1_97' title='bbox 375 1519 592 1593; x_wconf 84' lang='lat' dir='ltr'><strong>quibus</strong></span> <span class='ocrx_word' id='word_1_98' title='bbox 624 1518 735 1575; x_wconf 89' lang='lat' dir='ltr'><strong>sub</strong></span> <span class='ocrx_word' id='word_1_99' title='bbox 769 1533 1021 1590; x_wconf 83' lang='lat' dir='ltr'><strong>persona</strong></span> <span class='ocrx_word' id='word_1_100' title='bbox 1068 1515 1298 1572; x_wconf 89' lang='lat' dir='ltr'><strong>Domini</strong></span> <span class='ocrx_word' id='word_1_101' title='bbox 1330 1519 1386 1572; x_wconf 91' lang='lat' dir='ltr'><strong>et</strong></span> <span class='ocrx_word' id='word_1_102' title='bbox 1434 1513 1750 1571; x_wconf 87' lang='lat' dir='ltr'><strong>Salvatoris</strong></span> <span class='ocrx_word' id='word_1_103' title='bbox 1781 1515 1966 1571; x_wconf 86' lang='lat' dir='ltr'><strong>nostri</strong></span> 
     </span>
    </p>
   </div>
   <div class='ocr_carea' id='block_1_15' title="bbox 315 1605 1966 1683">
    <p class='ocr_par' dir='ltr' id='par_1_15' title="bbox 315 1605 1966 1683">
     <span class='ocr_line' id='line_1_15' title="bbox 315 1605 1966 1683; baseline -0.004 -18"><span class='ocrx_word' id='word_1_104' title='bbox 315 1608 664 1683; x_wconf 82' lang='lat' dir='ltr'><strong>proferenda</strong></span> <span class='ocrx_word' id='word_1_105' title='bbox 691 1610 833 1663; x_wconf 88' lang='lat' dir='ltr'><strong>sunt</strong></span> <span class='ocrx_word' id='word_1_106' title='bbox 860 1607 1156 1679; x_wconf 81' lang='lat' dir='ltr'><strong>dogmata.</strong></span> <span class='ocrx_word' id='word_1_107' title='bbox 1190 1605 1320 1662; x_wconf 91' lang='lat' dir='ltr'><strong>Scio</strong></span> <span class='ocrx_word' id='word_1_108' title='bbox 1362 1605 1658 1678; x_wconf 88' lang='lat' dir='ltr'><strong>quoddam</strong></span> <span class='ocrx_word' id='word_1_109' title='bbox 1702 1605 1966 1677; x_wconf 80' lang='lat' dir='ltr'><strong>Evange-</strong></span> 
     </span>
    </p>
   </div>
   <div class='ocr_carea' id='block_1_16' title="bbox 315 1694 1966 1770">
    <p class='ocr_par' dir='ltr' id='par_1_16' title="bbox 315 1694 1966 1770">
     <span class='ocr_line' id='line_1_16' title="bbox 315 1694 1966 1770; baseline -0.003 -16"><span class='ocrx_word' id='word_1_110' title='bbox 315 1699 485 1768; x_wconf 88' lang='lat' dir='ltr'><strong>lium,</strong></span> <span class='ocrx_word' id='word_1_111' title='bbox 507 1697 665 1770; x_wconf 91' lang='lat' dir='ltr'><strong>quod</strong></span> <span class='ocrx_word' id='word_1_112' title='bbox 689 1696 1019 1770; x_wconf 87' lang='lat' dir='ltr'><strong>appellatur</strong></span> <span class='ocrx_word' id='word_1_113' title='bbox 1048 1695 1372 1752; x_wconf 88' lang='lat' dir='ltr'><strong>secundum</strong></span> <span class='ocrx_word' id='word_1_114' title='bbox 1393 1695 1706 1762; x_wconf 84' lang='lat' dir='ltr'><strong>Thomam,</strong></span> <span class='ocrx_word' id='word_1_115' title='bbox 1729 1694 1966 1765; x_wconf 86' lang='lat' dir='ltr'><strong>etjuxta</strong></span> 
     </span>
    </p>
   </div>
   <div class='ocr_carea' id='block_1_17' title="bbox 313 1784 1964 1859">
    <p class='ocr_par' dir='ltr' id='par_1_17' title="bbox 313 1784 1964 1859">
     <span class='ocr_line' id='line_1_17' title="bbox 313 1784 1964 1859; baseline -0.002 -15"><span class='ocrx_word' id='word_1_116' title='bbox 313 1789 614 1856; x_wconf 78' lang='lat' dir='ltr'><strong>Mathiam,</strong></span> <span class='ocrx_word' id='word_1_117' title='bbox 653 1791 711 1844; x_wconf 90' lang='lat' dir='ltr'><strong>et</strong></span> <span class='ocrx_word' id='word_1_118' title='bbox 737 1785 852 1844; x_wconf 90' lang='lat' dir='ltr'><strong>alia</strong></span> <span class='ocrx_word' id='word_1_119' title='bbox 879 1786 1051 1859; x_wconf 87' lang='lat' dir='ltr'><strong>plura</strong></span> <span class='ocrx_word' id='word_1_120' title='bbox 1079 1784 1353 1859; x_wconf 83' lang='lat' dir='ltr'><strong>legimus,</strong></span> <span class='ocrx_word' id='word_1_121' title='bbox 1399 1801 1470 1841; x_wconf 90' lang='lat' dir='ltr'><strong>ne</strong></span> <span class='ocrx_word' id='word_1_122' title='bbox 1520 1784 1663 1858; x_wconf 92' lang='lat' dir='ltr'><strong>quid</strong></span> <span class='ocrx_word' id='word_1_123' title='bbox 1697 1784 1964 1857; x_wconf 85' lang='lat' dir='ltr'><strong>ignorare</strong></span> 
     </span>
    </p>
   </div>
   <div class='ocr_carea' id='block_1_18' title="bbox 313 1873 1962 1950">
    <p class='ocr_par' dir='ltr' id='par_1_18' title="bbox 313 1873 1962 1950">
     <span class='ocr_line' id='line_1_18' title="bbox 313 1873 1962 1950; baseline -0.004 -13"><span class='ocrx_word' id='word_1_124' title='bbox 313 1880 664 1947; x_wconf 79' lang='lat' dir='ltr'><strong>videremur,</strong></span> <span class='ocrx_word' id='word_1_125' title='bbox 688 1881 926 1950; x_wconf 87' lang='lat' dir='ltr'><strong>propter</strong></span> <span class='ocrx_word' id='word_1_126' title='bbox 953 1893 1052 1933; x_wconf 90' lang='lat' dir='ltr'><strong>eos</strong></span> <span class='ocrx_word' id='word_1_127' title='bbox 1078 1875 1178 1948; x_wconf 87' lang='lat' dir='ltr'><strong>qui</strong></span> <span class='ocrx_word' id='word_1_128' title='bbox 1201 1892 1262 1932; x_wconf 91' lang='lat' dir='ltr'><strong>se</strong></span> <span class='ocrx_word' id='word_1_129' title='bbox 1293 1878 1503 1948; x_wconf 87' lang='lat' dir='ltr'><strong>putant</strong></span> <span class='ocrx_word' id='word_1_130' title='bbox 1541 1873 1760 1947; x_wconf 89' lang='lat' dir='ltr'><strong>aliquid</strong></span> <span class='ocrx_word' id='word_1_131' title='bbox 1794 1873 1962 1943; x_wconf 90' lang='lat' dir='ltr'><strong>scire,</strong></span> 
     </span>
    </p>
   </div>
   <div class='ocr_carea' id='block_1_19' title="bbox 315 1962 1963 2041">
    <p class='ocr_par' dir='ltr' id='par_1_19' title="bbox 315 1962 1963 2041">
     <span class='ocr_line' id='line_1_19' title="bbox 315 1962 1963 2041; baseline -0.005 -14"><span class='ocrx_word' id='word_1_132' title='bbox 315 1969 366 2028; x_wconf 86' lang='lat' dir='ltr'><strong>si</strong></span> <span class='ocrx_word' id='word_1_133' title='bbox 395 1970 510 2026; x_wconf 89' lang='lat' dir='ltr'><strong>ista</strong></span> <span class='ocrx_word' id='word_1_134' title='bbox 538 1965 928 2041; x_wconf 84' lang='lat' dir='ltr'><strong>cognoverint.</strong></span> <span class='ocrx_word' id='word_1_135' title='bbox 962 1966 1072 2023; x_wconf 87' lang='lat' dir='ltr'><strong>Sed</strong></span> <span class='ocrx_word' id='word_1_136' title='bbox 1105 1965 1164 2022; x_wconf 90' lang='lat' dir='ltr'><strong>in</strong></span> <span class='ocrx_word' id='word_1_137' title='bbox 1197 1965 1289 2020; x_wconf 92' lang='lat' dir='ltr'><strong>his</strong></span> <span class='ocrx_word' id='word_1_138' title='bbox 1320 1964 1596 2020; x_wconf 89' lang='lat' dir='ltr'><strong>omnibus</strong></span> <span class='ocrx_word' id='word_1_139' title='bbox 1628 1963 1774 2019; x_wconf 89' lang='lat' dir='ltr'><strong>nihil</strong></span> <span class='ocrx_word' id='word_1_140' title='bbox 1805 1962 1963 2020; x_wconf 89' lang='lat' dir='ltr'><strong>aliud</strong></span> 
     </span>
    </p>
   </div>
   <div class='ocr_carea' id='block_1_20' title="bbox 316 2054 1963 2133">
    <p class='ocr_par' dir='ltr' id='par_1_20' title="bbox 316 2054 1963 2133">
     <span class='ocr_line' id='line_1_20' title="bbox 316 2054 1963 2133; baseline -0.006 -16"><span class='ocrx_word' id='word_1_141' title='bbox 316 2061 656 2133; x_wconf 86' lang='lat' dir='ltr'><strong>probamus,</strong></span> <span class='ocrx_word' id='word_1_142' title='bbox 689 2057 804 2114; x_wconf 90' lang='lat' dir='ltr'><strong>nisi</strong></span> <span class='ocrx_word' id='word_1_143' title='bbox 835 2056 991 2129; x_wconf 90' lang='lat' dir='ltr'><strong>quod</strong></span> <span class='ocrx_word' id='word_1_144' title='bbox 1023 2054 1306 2123; x_wconf 86' lang='lat' dir='ltr'><strong>Ecclesia,</strong></span> <span class='ocrx_word' id='word_1_145' title='bbox 1337 2054 1395 2110; x_wconf 91' lang='lat' dir='ltr'><strong>id</strong></span> <span class='ocrx_word' id='word_1_146' title='bbox 1426 2059 1515 2111; x_wconf 91' lang='lat' dir='ltr'><strong>est</strong></span> <span class='ocrx_word' id='word_1_147' title='bbox 1551 2058 1803 2126; x_wconf 82' lang='lat' dir='ltr'><strong>quatuor</strong></span> <span class='ocrx_word' id='word_1_148' title='bbox 1832 2057 1963 2108; x_wconf 91' lang='lat' dir='ltr'><strong>tan-</strong></span> 
     </span>
    </p>
   </div>
   <div class='ocr_carea' id='block_1_21' title="bbox 313 2142 1963 2221">
    <p class='ocr_par' dir='ltr' id='par_1_21' title="bbox 313 2142 1963 2221">
     <span class='ocr_line' id='line_1_21' title="bbox 313 2142 1963 2221; baseline -0.005 -15"><span class='ocrx_word' id='word_1_149' title='bbox 313 2154 441 2206; x_wconf 89' lang='lat' dir='ltr'><strong>tum</strong></span> <span class='ocrx_word' id='word_1_150' title='bbox 490 2147 801 2221; x_wconf 81' lang='lat' dir='ltr'><strong>Evangelia</strong></span> <span class='ocrx_word' id='word_1_151' title='bbox 846 2146 1198 2220; x_wconf 88' lang='lat' dir='ltr'><strong>recipienda.</strong></span> <span class='ocrx_word' id='word_1_152' title='bbox 1259 2149 1388 2200; x_wconf 66' lang='lat' dir='ltr'><strong>Haec</strong></span> <span class='ocrx_word' id='word_1_153' title='bbox 1446 2144 1684 2209; x_wconf 89' lang='lat' dir='ltr'><strong>idcirco,</strong></span> <span class='ocrx_word' id='word_1_154' title='bbox 1735 2143 1875 2217; x_wconf 91' lang='lat' dir='ltr'><strong>quia</strong></span> <span class='ocrx_word' id='word_1_155' title='bbox 1904 2142 1963 2197; x_wconf 90' lang='lat' dir='ltr'><strong>in</strong></span> 
     </span>
    </p>
   </div>
   <div class='ocr_carea' id='block_1_22' title="bbox 311 2232 1966 2313">
    <p class='ocr_par' dir='ltr' id='par_1_22' title="bbox 311 2232 1966 2313">
     <span class='ocr_line' id='line_1_22' title="bbox 311 2232 1966 2313; baseline -0.004 -18"><span class='ocrx_word' id='word_1_156' title='bbox 311 2237 597 2313; x_wconf 83' lang='lat' dir='ltr'><strong>principio</strong></span> <span class='ocrx_word' id='word_1_157' title='bbox 629 2238 846 2294; x_wconf 89' lang='lat' dir='ltr'><strong>lectum</strong></span> <span class='ocrx_word' id='word_1_158' title='bbox 895 2242 1019 2293; x_wconf 87' lang='lat' dir='ltr'><strong>est:</strong></span> <span class='ocrx_word' id='word_1_159' title='bbox 1079 2236 1233 2293; x_wconf 84' lang='lat' dir='ltr'><strong>Multi</strong></span> <span class='ocrx_word' id='word_1_160' title='bbox 1281 2237 1465 2292; x_wconf 78' lang='lat' dir='ltr'><strong>conati</strong></span> <span class='ocrx_word' id='word_1_161' title='bbox 1519 2238 1650 2290; x_wconf 91' lang='lat' dir='ltr'><strong>sunt</strong></span> <span class='ocrx_word' id='word_1_162' title='bbox 1705 2232 1966 2290; x_wconf 85' lang='lat' dir='ltr'><strong>ordinare</strong></span> 
     </span>
    </p>
   </div>
   <div class='ocr_carea' id='block_1_23' title="bbox 305 2324 1964 2397">
    <p class='ocr_par' dir='ltr' id='par_1_23' title="bbox 305 2324 1964 2397">
     <span class='ocr_line' id='line_1_23' title="bbox 305 2324 1964 2397; baseline -0.007 -10"><span class='ocrx_word' id='word_1_163' title='bbox 305 2330 690 2388; x_wconf 69' lang='lat' dir='ltr'><strong>narrationem</strong></span> <span class='ocrx_word' id='word_1_164' title='bbox 721 2326 786 2384; x_wconf 86' lang='lat' dir='ltr'><strong>de</strong></span> <span class='ocrx_word' id='word_1_165' title='bbox 814 2327 900 2384; x_wconf 86' lang='lat' dir='ltr'><strong>his</strong></span> <span class='ocrx_word' id='word_1_166' title='bbox 958 2326 1124 2382; x_wconf 84' lang='lat' dir='ltr'><strong>rebus</strong></span> <span class='ocrx_word' id='word_1_167' title='bbox 1171 2340 1295 2397; x_wconf 69' lang='lat' dir='ltr'><strong>quae</strong></span> <span class='ocrx_word' id='word_1_168' title='bbox 1350 2324 1692 2395; x_wconf 71' lang='lat' dir='ltr'><strong>conﬁrmatae</strong></span> <span class='ocrx_word' id='word_1_169' title='bbox 1746 2330 1874 2380; x_wconf 89' lang='lat' dir='ltr'><strong>sunt</strong></span> <span class='ocrx_word' id='word_1_170' title='bbox 1902 2325 1964 2378; x_wconf 83' lang='lat' dir='ltr'><strong>in</strong></span> 
     </span>
    </p>
   </div>
   <div class='ocr_carea' id='block_1_24' title="bbox 306 2412 1965 2487">
    <p class='ocr_par' dir='ltr' id='par_1_24' title="bbox 306 2412 1965 2487">
     <span class='ocr_line' id='line_1_24' title="bbox 306 2412 1965 2487; baseline -0.005 -11"><span class='ocrx_word' id='word_1_171' title='bbox 306 2419 487 2476; x_wconf 78' lang='lat' dir='ltr'><strong>nobis.</strong></span> <span class='ocrx_word' id='word_1_172' title='bbox 511 2417 600 2475; x_wconf 87' lang='lat' dir='ltr'><strong>Illi</strong></span> <span class='ocrx_word' id='word_1_173' title='bbox 619 2422 714 2474; x_wconf 89' lang='lat' dir='ltr'><strong>ten</strong></span> <span class='ocrx_word' id='word_1_174' title='bbox 725 2419 992 2472; x_wconf 80' lang='lat' dir='ltr'><strong>laverunt</strong></span> <span class='ocrx_word' id='word_1_175' title='bbox 1011 2420 1187 2487; x_wconf 89' lang='lat' dir='ltr'><strong>atque</strong></span> <span class='ocrx_word' id='word_1_176' title='bbox 1208 2414 1400 2472; x_wconf 90' lang='lat' dir='ltr'><strong>conati</strong></span> <span class='ocrx_word' id='word_1_177' title='bbox 1423 2419 1564 2470; x_wconf 89' lang='lat' dir='ltr'><strong>sunt</strong></span> <span class='ocrx_word' id='word_1_178' title='bbox 1583 2414 1654 2470; x_wconf 92' lang='lat' dir='ltr'><strong>de</strong></span> <span class='ocrx_word' id='word_1_179' title='bbox 1675 2413 1767 2469; x_wconf 89' lang='lat' dir='ltr'><strong>his</strong></span> <span class='ocrx_word' id='word_1_180' title='bbox 1788 2412 1965 2469; x_wconf 87' lang='lat' dir='ltr'><strong>rebus</strong></span> 
     </span>
    </p>
   </div>
   <div class='ocr_carea' id='block_1_25' title="bbox 314 2504 1967 2580">
    <p class='ocr_par' dir='ltr' id='par_1_25' title="bbox 314 2504 1967 2580">
     <span class='ocr_line' id='line_1_25' title="bbox 314 2504 1967 2580; baseline -0.006 -13"><span class='ocrx_word' id='word_1_181' title='bbox 314 2509 589 2574; x_wconf 84' lang='lat' dir='ltr'><strong>scribere,</strong></span> <span class='ocrx_word' id='word_1_182' title='bbox 618 2523 746 2580; x_wconf 68' lang='lat' dir='ltr'><strong>quae</strong></span> <span class='ocrx_word' id='word_1_183' title='bbox 778 2507 839 2563; x_wconf 92' lang='lat' dir='ltr'><strong>in</strong></span> <span class='ocrx_word' id='word_1_184' title='bbox 879 2505 1048 2562; x_wconf 91' lang='lat' dir='ltr'><strong>nobis</strong></span> <span class='ocrx_word' id='word_1_185' title='bbox 1099 2504 1578 2562; x_wconf 86' lang='lat' dir='ltr'><strong>manifestissime</strong></span> <span class='ocrx_word' id='word_1_186' title='bbox 1625 2507 1765 2560; x_wconf 88' lang='lat' dir='ltr'><strong>sunt</strong></span> <span class='ocrx_word' id='word_1_187' title='bbox 1812 2519 1967 2558; x_wconf 65' lang='lat' dir='ltr'><strong>com«</strong></span> 
     </span>
    </p>
   </div>
   <div class='ocr_carea' id='block_1_26' title="bbox 317 2595 1963 2672">
    <p class='ocr_par' dir='ltr' id='par_1_26' title="bbox 317 2595 1963 2672">
     <span class='ocr_line' id='line_1_26' title="bbox 317 2595 1963 2672; baseline -0.004 -16"><span class='ocrx_word' id='word_1_188' title='bbox 317 2603 511 2672; x_wconf 68' lang='lat' dir='ltr'><strong>perun.</strong></span> <span class='ocrx_word' id='word_1_189' title='bbox 545 2597 826 2654; x_wconf 71' lang='lat' dir='ltr'><strong>Effectum</strong></span> <span class='ocrx_word' id='word_1_190' title='bbox 857 2613 1032 2653; x_wconf 89' lang='lat' dir='ltr'><strong>suum</strong></span> <span class='ocrx_word' id='word_1_191' title='bbox 1071 2595 1256 2652; x_wconf 89' lang='lat' dir='ltr'><strong>Lucas</strong></span> <span class='ocrx_word' id='word_1_192' title='bbox 1307 2595 1530 2651; x_wconf 88' lang='lat' dir='ltr'><strong>indicat</strong></span> <span class='ocrx_word' id='word_1_193' title='bbox 1557 2611 1624 2650; x_wconf 89' lang='lat' dir='ltr'><strong>ex</strong></span> <span class='ocrx_word' id='word_1_194' title='bbox 1673 2609 1963 2666; x_wconf 88' lang='lat' dir='ltr'><strong>sermone,</strong></span> 
     </span>
    </p>
   </div>
   <div class='ocr_carea' id='block_1_27' title="bbox 317 2683 1964 2762">
    <p class='ocr_par' dir='ltr' id='par_1_27' title="bbox 317 2683 1964 2762">
     <span class='ocr_line' id='line_1_27' title="bbox 317 2683 1964 2762; baseline -0.005 -17"><span class='ocrx_word' id='word_1_195' title='bbox 317 2703 434 2762; x_wconf 88' lang='lat' dir='ltr'><strong>quo</strong></span> <span class='ocrx_word' id='word_1_196' title='bbox 485 2688 604 2745; x_wconf 88' lang='lat' dir='ltr'><strong>ait:</strong></span> <span class='ocrx_word' id='word_1_197' title='bbox 638 2693 702 2744; x_wconf 88' lang='lat' dir='ltr'><strong>In</strong></span> <span class='ocrx_word' id='word_1_198' title='bbox 734 2687 890 2743; x_wconf 83' lang='lat' dir='ltr'><strong>nobis</strong></span> <span class='ocrx_word' id='word_1_199' title='bbox 935 2687 1390 2757; x_wconf 76' lang='lat' dir='ltr'><strong>manifestissime</strong></span> <span class='ocrx_word' id='word_1_200' title='bbox 1435 2691 1560 2741; x_wconf 84' lang='lat' dir='ltr'><strong>sunt</strong></span> <span class='ocrx_word' id='word_1_201' title='bbox 1606 2692 1849 2754; x_wconf 53' lang='lat' dir='ltr'><strong>ostensa,</strong></span> <span class='ocrx_word' id='word_1_202' title='bbox 1905 2683 1964 2738; x_wconf 89' lang='lat' dir='ltr'><strong>id</strong></span> 
     </span>
    </p>
   </div>
   <div class='ocr_carea' id='block_1_28' title="bbox 315 2773 1966 2854">
    <p class='ocr_par' dir='ltr' id='par_1_28' title="bbox 315 2773 1966 2854">
     <span class='ocr_line' id='line_1_28' title="bbox 315 2773 1966 2854; baseline -0.005 -16"><span class='ocrx_word' id='word_1_203' title='bbox 315 2783 428 2846; x_wconf 77' lang='lat' dir='ltr'><strong>est,</strong></span> <span class='ocrx_word' id='word_1_204' title='bbox 469 2774 1052 2854; x_wconf 73' lang='grc' dir='ltr'><strong>πεπληροφορημένων</strong></span> <span class='ocrx_word' id='word_1_205' title='bbox 1107 2775 1285 2848; x_wconf 91' lang='lat' dir='ltr'><strong>(quod</strong></span> <span class='ocrx_word' id='word_1_206' title='bbox 1337 2792 1452 2831; x_wconf 91' lang='lat' dir='ltr'><strong>uno</strong></span> <span class='ocrx_word' id='word_1_207' title='bbox 1501 2775 1674 2832; x_wconf 92' lang='lat' dir='ltr'><strong>verbo</strong></span> <span class='ocrx_word' id='word_1_208' title='bbox 1725 2773 1966 2830; x_wconf 89' lang='lat' dir='ltr'><strong>Latinus</strong></span> 
     </span>
    </p>
   </div>
   <div class='ocr_carea' id='block_1_29' title="bbox 317 2864 1967 2940">
    <p class='ocr_par' dir='ltr' id='par_1_29' title="bbox 317 2864 1967 2940">
     <span class='ocr_line' id='line_1_29' title="bbox 317 2864 1967 2940; baseline -0.003 -15"><span class='ocrx_word' id='word_1_209' title='bbox 317 2884 514 2926; x_wconf 84' lang='lat' dir='ltr'><strong>sermo</strong></span> <span class='ocrx_word' id='word_1_210' title='bbox 538 2882 654 2925; x_wconf 89' lang='lat' dir='ltr'><strong>non</strong></span> <span class='ocrx_word' id='word_1_211' title='bbox 677 2867 926 2940; x_wconf 88' lang='lat' dir='ltr'><strong>explicat</strong></span> <span class='ocrx_word' id='word_1_212' title='bbox 957 2868 974 2938; x_wconf 60' lang='grc' dir='ltr'>ί</span> <span class='ocrx_word' id='word_1_213' title='bbox 978 2867 1115 2938; x_wconf 89' lang='grc'><strong>98]).</strong></span> <span class='ocrx_word' id='word_1_214' title='bbox 1138 2868 1305 2922; x_wconf 89' lang='lat' dir='ltr'><strong>Certa</strong></span> <span class='ocrx_word' id='word_1_215' title='bbox 1327 2865 1484 2922; x_wconf 90' lang='lat' dir='ltr'><strong>enim</strong></span> <span class='ocrx_word' id='word_1_216' title='bbox 1507 2865 1620 2921; x_wconf 85' lang='lat' dir='ltr'><strong>ﬁde</strong></span> <span class='ocrx_word' id='word_1_217' title='bbox 1641 2868 1698 2921; x_wconf 90' lang='lat' dir='ltr'><strong>et</strong></span> <span class='ocrx_word' id='word_1_218' title='bbox 1744 2864 1967 2920; x_wconf 86' lang='lat' dir='ltr'><strong>ratione</strong></span> 
     </span>
    </p>
   </div>
   <div class='ocr_carea' id='block_1_30' title="bbox 319 2954 1968 3031">
    <p class='ocr_par' dir='ltr' id='par_1_30' title="bbox 319 2954 1968 3031">
     <span class='ocr_line' id='line_1_30' title="bbox 319 2954 1968 3031; baseline -0.002 -17"><span class='ocrx_word' id='word_1_219' title='bbox 319 2962 688 3031; x_wconf 75' lang='lat' dir='ltr'><strong>cognoverat,</strong></span> <span class='ocrx_word' id='word_1_220' title='bbox 722 2974 913 3029; x_wconf 89' lang='lat' dir='ltr'><strong>neque</strong></span> <span class='ocrx_word' id='word_1_221' title='bbox 942 2956 1002 3012; x_wconf 93' lang='lat' dir='ltr'><strong>in</strong></span> <span class='ocrx_word' id='word_1_222' title='bbox 1033 2955 1230 3028; x_wconf 89' lang='lat' dir='ltr'><strong>aliquo</strong></span> <span class='ocrx_word' id='word_1_223' title='bbox 1269 2955 1612 3021; x_wconf 85' lang='lat' dir='ltr'><strong>ﬂuctuabat,</strong></span> <span class='ocrx_word' id='word_1_224' title='bbox 1659 2958 1858 3010; x_wconf 91' lang='lat' dir='ltr'><strong>utrum</strong></span> <span class='ocrx_word' id='word_1_225' title='bbox 1888 2954 1968 3010; x_wconf 87' lang='lat' dir='ltr'><strong>ita</strong></span> 
     </span>
    </p>
   </div>
   <div class='ocr_carea' id='block_1_31' title="bbox 319 3043 1966 3117">
    <p class='ocr_par' dir='ltr' id='par_1_31' title="bbox 319 3043 1966 3117">
     <span class='ocr_line' id='line_1_31' title="bbox 319 3043 1966 3117; baseline -0.004 -11"><span class='ocrx_word' id='word_1_226' title='bbox 319 3052 493 3117; x_wconf 82' lang='lat' dir='ltr'><strong>esset,</strong></span> <span class='ocrx_word' id='word_1_227' title='bbox 526 3061 596 3106; x_wconf 85' lang='lat' dir='ltr'><strong>an</strong></span> <span class='ocrx_word' id='word_1_228' title='bbox 627 3047 818 3104; x_wconf 85' lang='lat' dir='ltr'><strong>aliter.</strong></span> <span class='ocrx_word' id='word_1_229' title='bbox 851 3051 974 3104; x_wconf 85' lang='lat' dir='ltr'><strong>Hoc</strong></span> <span class='ocrx_word' id='word_1_230' title='bbox 1000 3050 1194 3104; x_wconf 86' lang='lat' dir='ltr'><strong>autem</strong></span> <span class='ocrx_word' id='word_1_231' title='bbox 1225 3044 1343 3101; x_wconf 89' lang='lat' dir='ltr'><strong>illis</strong></span> <span class='ocrx_word' id='word_1_232' title='bbox 1373 3045 1582 3113; x_wconf 89' lang='lat' dir='ltr'><strong>evenit,</strong></span> <span class='ocrx_word' id='word_1_233' title='bbox 1615 3045 1717 3117; x_wconf 92' lang='lat' dir='ltr'><strong>qui</strong></span> <span class='ocrx_word' id='word_1_234' title='bbox 1748 3043 1966 3100; x_wconf 81' lang='lat' dir='ltr'><strong>ﬁdelis-</strong></span> 
     </span>
    </p>
   </div>
   <div class='ocr_carea' id='block_1_32' title="bbox 321 3134 1964 3208">
    <p class='ocr_par' dir='ltr' id='par_1_32' title="bbox 321 3134 1964 3208">
     <span class='ocr_line' id='line_1_32' title="bbox 321 3134 1964 3208; baseline -0.004 -13"><span class='ocrx_word' id='word_1_235' title='bbox 321 3137 470 3196; x_wconf 86' lang='lat' dir='ltr'><strong>sime</strong></span> <span class='ocrx_word' id='word_1_236' title='bbox 521 3138 917 3208; x_wconf 84' lang='lat' dir='ltr'><strong>crediderunt,</strong></span> <span class='ocrx_word' id='word_1_237' title='bbox 964 3141 1021 3193; x_wconf 91' lang='lat' dir='ltr'><strong>et</strong></span> <span class='ocrx_word' id='word_1_238' title='bbox 1048 3136 1106 3192; x_wconf 91' lang='lat' dir='ltr'><strong>id</strong></span> <span class='ocrx_word' id='word_1_239' title='bbox 1158 3135 1311 3208; x_wconf 92' lang='lat' dir='ltr'><strong>quod</strong></span> <span class='ocrx_word' id='word_1_240' title='bbox 1361 3134 1650 3207; x_wconf 89' lang='lat' dir='ltr'><strong>Propheta</strong></span> <span class='ocrx_word' id='word_1_241' title='bbox 1678 3135 1964 3203; x_wconf 87' lang='lat' dir='ltr'><strong>obsecrat,</strong></span> 
     </span>
    </p>
   </div>
   <div class='ocr_carea' id='block_1_33' title="bbox 319 3225 1965 3296">
    <p class='ocr_par' dir='ltr' id='par_1_33' title="bbox 319 3225 1965 3296">
     <span class='ocr_line' id='line_1_33' title="bbox 319 3225 1965 3296; baseline -0.002 -12"><span class='ocrx_word' id='word_1_242' title='bbox 319 3229 614 3286; x_wconf 86' lang='lat' dir='ltr'><strong>consecuti</strong></span> <span class='ocrx_word' id='word_1_243' title='bbox 645 3232 804 3296; x_wconf 88' lang='lat' dir='ltr'><strong>sunt,</strong></span> <span class='ocrx_word' id='word_1_244' title='bbox 837 3231 895 3284; x_wconf 88' lang='lat' dir='ltr'><strong>et</strong></span> <span class='ocrx_word' id='word_1_245' title='bbox 924 3226 1166 3284; x_wconf 87' lang='lat' dir='ltr'><strong>dicunt:</strong></span> <span class='ocrx_word' id='word_1_246' title='bbox 1208 3225 1482 3296; x_wconf 81' lang='lat' dir='ltr'><strong>Conﬁrma</strong></span> <span class='ocrx_word' id='word_1_247' title='bbox 1511 3241 1598 3281; x_wconf 86' lang='lat' dir='ltr'><strong>me</strong></span> <span class='ocrx_word' id='word_1_248' title='bbox 1646 3225 1706 3279; x_wconf 90' lang='lat' dir='ltr'><strong>in</strong></span> <span class='ocrx_word' id='word_1_249' title='bbox 1756 3239 1965 3280; x_wconf 80' lang='lat' dir='ltr'><strong>sermo-</strong></span> 
     </span>
    </p>
   </div>
   <div class='ocr_carea' id='block_1_34' title="bbox 2082 710 3734 800">
    <p class='ocr_par' dir='ltr' id='par_1_34' title="bbox 2082 710 3734 800">
     <span class='ocr_line' id='line_1_34' title="bbox 2082 710 3734 800; baseline 0.014 -36"><span class='ocrx_word' id='word_1_250' title='bbox 2082 710 2393 784; x_wconf 86' lang='lat' dir='ltr'><strong>Evangelio</strong></span> <span class='ocrx_word' id='word_1_251' title='bbox 2426 728 2540 767; x_wconf 89' lang='lat' dir='ltr'><strong>non</strong></span> <span class='ocrx_word' id='word_1_252' title='bbox 2571 729 2678 770; x_wconf 85' lang='lat' dir='ltr'><strong>vox</strong></span> <span class='ocrx_word' id='word_1_253' title='bbox 2709 716 2985 784; x_wconf 87' lang='lat' dir='ltr'><strong>cernitur,</strong></span> <span class='ocrx_word' id='word_1_254' title='bbox 3037 719 3139 774; x_wconf 89' lang='lat' dir='ltr'><strong>sed</strong></span> <span class='ocrx_word' id='word_1_255' title='bbox 3188 737 3398 792; x_wconf 86' lang='lat' dir='ltr'><strong>sermo,</strong></span> <span class='ocrx_word' id='word_1_256' title='bbox 3447 725 3548 800; x_wconf 90' lang='lat' dir='ltr'><strong>qui</strong></span> <span class='ocrx_word' id='word_1_257' title='bbox 3595 744 3734 787; x_wconf 87' lang='lat' dir='ltr'><strong>voce</strong></span> 
     </span>
    </p>
   </div>
   <div class='ocr_carea' id='block_1_35' title="bbox 2083 800 3737 877">
    <p class='ocr_par' dir='ltr' id='par_1_35' title="bbox 2083 800 3737 877">
     <span class='ocr_line' id='line_1_35' title="bbox 2083 800 3737 877; baseline 0.015 -24"><span class='ocrx_word' id='word_1_258' title='bbox 2083 800 2452 872; x_wconf 81' lang='lat' dir='ltr'><strong>praestantior</strong></span> <span class='ocrx_word' id='word_1_259' title='bbox 2477 807 2584 859; x_wconf 87' lang='lat' dir='ltr'><strong>est.</strong></span> <span class='ocrx_word' id='word_1_260' title='bbox 2615 803 2778 861; x_wconf 89' lang='lat' dir='ltr'><strong>Unde</strong></span> <span class='ocrx_word' id='word_1_261' title='bbox 2810 822 2967 863; x_wconf 88' lang='lat' dir='ltr'><strong>nunc</strong></span> <span class='ocrx_word' id='word_1_262' title='bbox 2998 807 3247 868; x_wconf 89' lang='lat' dir='ltr'><strong>dicitur:</strong></span> <span class='ocrx_word' id='word_1_263' title='bbox 3283 811 3435 870; x_wconf 90' lang='lat' dir='ltr'><strong>Sicut</strong></span> <span class='ocrx_word' id='word_1_264' title='bbox 3473 815 3547 873; x_wconf 86' lang='lat' dir='ltr'><strong>ab</strong></span> <span class='ocrx_word' id='word_1_265' title='bbox 3574 817 3737 877; x_wconf 85' lang='lat' dir='ltr'><strong>initio</strong></span> 
     </span>
    </p>
   </div>
   <div class='ocr_carea' id='block_1_36' title="bbox 2082 891 3741 982">
    <p class='ocr_par' dir='ltr' id='par_1_36' title="bbox 2082 891 3741 982">
     <span class='ocr_line' id='line_1_36' title="bbox 2082 891 3741 982; baseline 0.011 -35"><span class='ocrx_word' id='word_1_266' title='bbox 2082 891 2430 948; x_wconf 79' lang='lat' dir='ltr'><strong>tradiderunt</strong></span> <span class='ocrx_word' id='word_1_267' title='bbox 2458 895 2634 966; x_wconf 88' lang='lat' dir='ltr'><strong>nobis,</strong></span> <span class='ocrx_word' id='word_1_268' title='bbox 2670 897 2768 968; x_wconf 89' lang='lat' dir='ltr'><strong>qui</strong></span> <span class='ocrx_word' id='word_1_269' title='bbox 2804 914 2839 952; x_wconf 87' lang='lat' dir='ltr'><strong>a</strong></span> <span class='ocrx_word' id='word_1_270' title='bbox 2885 899 3160 972; x_wconf 87' lang='lat' dir='ltr'><strong>principio</strong></span> <span class='ocrx_word' id='word_1_271' title='bbox 3207 903 3316 975; x_wconf 90' lang='lat' dir='ltr'><strong>ipsi</strong></span> <span class='ocrx_word' id='word_1_272' title='bbox 3360 903 3637 982; x_wconf 73' lang='lat' dir='ltr'><strong>viderunt,</strong></span> <span class='ocrx_word' id='word_1_273' title='bbox 3685 912 3741 966; x_wconf 78' lang='lat' dir='ltr'><strong>et</strong></span> 
     </span>
    </p>
   </div>
   <div class='ocr_carea' id='block_1_37' title="bbox 2082 984 3734 1067">
    <p class='ocr_par' dir='ltr' id='par_1_37' title="bbox 2082 984 3734 1067">
     <span class='ocr_line' id='line_1_37' title="bbox 2082 984 3734 1067; baseline 0.011 -30"><span class='ocrx_word' id='word_1_274' title='bbox 2082 984 2331 1038; x_wconf 81' lang='lat' dir='ltr'><strong>ministri</strong></span> <span class='ocrx_word' id='word_1_275' title='bbox 2356 985 2586 1055; x_wconf 83' lang='lat' dir='ltr'><strong>fuerunt</strong></span> <span class='ocrx_word' id='word_1_276' title='bbox 2615 989 2897 1044; x_wconf 77' lang='lat' dir='ltr'><strong>sermonis.</strong></span> <span class='ocrx_word' id='word_1_277' title='bbox 2933 989 3116 1062; x_wconf 81' lang='lat' dir='ltr'><strong>Igitur</strong></span> <span class='ocrx_word' id='word_1_278' title='bbox 3146 992 3394 1064; x_wconf 88' lang='lat' dir='ltr'><strong>apostoli</strong></span> <span class='ocrx_word' id='word_1_279' title='bbox 3434 994 3546 1067; x_wconf 90' lang='lat' dir='ltr'><strong>ipsi</strong></span> <span class='ocrx_word' id='word_1_280' title='bbox 3575 996 3734 1055; x_wconf 88' lang='lat' dir='ltr'><strong>vide-</strong></span> 
     </span>
    </p>
   </div>
   <div class='ocr_carea' id='block_1_38' title="bbox 2082 1078 3738 1158">
    <p class='ocr_par' dir='ltr' id='par_1_38' title="bbox 2082 1078 3738 1158">
     <span class='ocr_line' id='line_1_38' title="bbox 2082 1078 3738 1158; baseline 0.012 -31"><span class='ocrx_word' id='word_1_281' title='bbox 2082 1078 2220 1128; x_wconf 88' lang='lat' dir='ltr'><strong>runt</strong></span> <span class='ocrx_word' id='word_1_282' title='bbox 2249 1089 2580 1131; x_wconf 89' lang='lat' dir='ltr'><strong>sermonem</strong></span> <span class='ocrx_word' id='word_1_283' title='bbox 2607 1078 2769 1146; x_wconf 62' lang='lat' dir='ltr'><strong>:Znon</strong></span> <span class='ocrx_word' id='word_1_284' title='bbox 2802 1078 2941 1150; x_wconf 90' lang='lat' dir='ltr'><strong>quia</strong></span> <span class='ocrx_word' id='word_1_285' title='bbox 2983 1087 3332 1153; x_wconf 84' lang='lat' dir='ltr'><strong>aspexerant</strong></span> <span class='ocrx_word' id='word_1_286' title='bbox 3375 1101 3589 1158; x_wconf 91' lang='lat' dir='ltr'><strong>corpus</strong></span> <span class='ocrx_word' id='word_1_287' title='bbox 3618 1087 3738 1146; x_wconf 88' lang='lat' dir='ltr'><strong>Do-</strong></span> 
     </span>
    </p>
   </div>
   <div class='ocr_carea' id='block_1_39' title="bbox 2079 1162 3735 1238">
    <p class='ocr_par' dir='ltr' id='par_1_39' title="bbox 2079 1162 3735 1238">
     <span class='ocr_line' id='line_1_39' title="bbox 2079 1162 3735 1238; baseline 0.011 -21"><span class='ocrx_word' id='word_1_288' title='bbox 2079 1163 2226 1218; x_wconf 90' lang='lat' dir='ltr'><strong>mini</strong></span> <span class='ocrx_word' id='word_1_289' title='bbox 2255 1162 2724 1236; x_wconf 52' lang='lat' dir='ltr'><strong>Salvatoris,,sed</strong></span> <span class='ocrx_word' id='word_1_290' title='bbox 2747 1167 2887 1238; x_wconf 91' lang='lat' dir='ltr'><strong>quia</strong></span> <span class='ocrx_word' id='word_1_291' title='bbox 2906 1169 3152 1228; x_wconf 90' lang='lat' dir='ltr'><strong>verbum</strong></span> <span class='ocrx_word' id='word_1_292' title='bbox 3173 1172 3464 1231; x_wconf 90' lang='lat' dir='ltr'><strong>viderunt.</strong></span> <span class='ocrx_word' id='word_1_293' title='bbox 3491 1175 3550 1232; x_wconf 90' lang='lat' dir='ltr'><strong>Si</strong></span> <span class='ocrx_word' id='word_1_294' title='bbox 3576 1176 3735 1236; x_wconf 87' lang='lat' dir='ltr'><strong>enim</strong></span> 
     </span>
    </p>
   </div>
   <div class='ocr_carea' id='block_1_40' title="bbox 2071 1253 3735 1330">
    <p class='ocr_par' dir='ltr' id='par_1_40' title="bbox 2071 1253 3735 1330">
     <span class='ocr_line' id='line_1_40' title="bbox 2071 1253 3735 1330; baseline 0.01 -22"><span class='ocrx_word' id='word_1_295' title='bbox 2071 1253 2242 1324; x_wconf 86' lang='lat' dir='ltr'><strong>juxta</strong></span> <span class='ocrx_word' id='word_1_296' title='bbox 2262 1269 2476 1327; x_wconf 91' lang='lat' dir='ltr'><strong>corpus</strong></span> <span class='ocrx_word' id='word_1_297' title='bbox 2496 1255 2783 1313; x_wconf 87' lang='lat' dir='ltr'><strong>vidissent</strong></span> <span class='ocrx_word' id='word_1_298' title='bbox 2807 1257 3032 1330; x_wconf 88' lang='lat' dir='ltr'><strong>Jesum,</strong></span> <span class='ocrx_word' id='word_1_299' title='bbox 3056 1259 3165 1318; x_wconf 92' lang='lat' dir='ltr'><strong>hoc</strong></span> <span class='ocrx_word' id='word_1_300' title='bbox 3186 1266 3294 1328; x_wconf 87' lang='lat' dir='ltr'><strong>est,</strong></span> <span class='ocrx_word' id='word_1_301' title='bbox 3323 1263 3425 1320; x_wconf 90' lang='lat' dir='ltr'><strong>Dei</strong></span> <span class='ocrx_word' id='word_1_302' title='bbox 3446 1265 3735 1324; x_wconf 88' lang='lat' dir='ltr'><strong>vidissent</strong></span> 
     </span>
    </p>
   </div>
   <div class='ocr_carea' id='block_1_41' title="bbox 2079 1345 3738 1425">
    <p class='ocr_par' dir='ltr' id='par_1_41' title="bbox 2079 1345 3738 1425">
     <span class='ocr_line' id='line_1_41' title="bbox 2079 1345 3738 1425; baseline 0.008 -26"><span class='ocrx_word' id='word_1_303' title='bbox 2079 1359 2433 1413; x_wconf 87' lang='lat' dir='ltr'><strong>sermonem,</strong></span> <span class='ocrx_word' id='word_1_304' title='bbox 2467 1361 2602 1418; x_wconf 90' lang='lat' dir='ltr'><strong>ergo</strong></span> <span class='ocrx_word' id='word_1_305' title='bbox 2648 1351 2705 1402; x_wconf 90' lang='lat' dir='ltr'><strong>et</strong></span> <span class='ocrx_word' id='word_1_306' title='bbox 2735 1345 2961 1404; x_wconf 91' lang='lat' dir='ltr'><strong>Pilatus</strong></span> <span class='ocrx_word' id='word_1_307' title='bbox 3001 1349 3103 1421; x_wconf 89' lang='lat' dir='ltr'><strong>qui</strong></span> <span class='ocrx_word' id='word_1_308' title='bbox 3147 1351 3579 1425; x_wconf 89' lang='lat' dir='ltr'><strong>condemnavit,</strong></span> <span class='ocrx_word' id='word_1_309' title='bbox 3614 1371 3738 1412; x_wconf 84' lang='lat' dir='ltr'><strong>ser-</strong></span> 
     </span>
    </p>
   </div>
   <div class='ocr_carea' id='block_1_42' title="bbox 2079 1433 3734 1520">
    <p class='ocr_par' dir='ltr' id='par_1_42' title="bbox 2079 1433 3734 1520">
     <span class='ocr_line' id='line_1_42' title="bbox 2079 1433 3734 1520; baseline 0.007 -31"><span class='ocrx_word' id='word_1_310' title='bbox 2079 1450 2313 1490; x_wconf 91' lang='lat' dir='ltr'><strong>monem</strong></span> <span class='ocrx_word' id='word_1_311' title='bbox 2345 1433 2446 1490; x_wconf 93' lang='lat' dir='ltr'><strong>Dei</strong></span> <span class='ocrx_word' id='word_1_312' title='bbox 2475 1435 2640 1507; x_wconf 89' lang='lat' dir='ltr'><strong>vidit,</strong></span> <span class='ocrx_word' id='word_1_313' title='bbox 2672 1439 2729 1491; x_wconf 90' lang='lat' dir='ltr'><strong>et</strong></span> <span class='ocrx_word' id='word_1_314' title='bbox 2755 1436 2935 1493; x_wconf 89' lang='lat' dir='ltr'><strong>Judas</strong></span> <span class='ocrx_word' id='word_1_315' title='bbox 2966 1439 3247 1512; x_wconf 90' lang='lat' dir='ltr'><strong>proditor,</strong></span> <span class='ocrx_word' id='word_1_316' title='bbox 3280 1445 3339 1499; x_wconf 89' lang='lat' dir='ltr'><strong>et</strong></span> <span class='ocrx_word' id='word_1_317' title='bbox 3391 1458 3598 1500; x_wconf 90' lang='lat' dir='ltr'><strong>omnes</strong></span> <span class='ocrx_word' id='word_1_318' title='bbox 3627 1444 3734 1520; x_wconf 86' lang='lat' dir='ltr'><strong>qui</strong></span> 
     </span>
    </p>
   </div>
   <div class='ocr_carea' id='block_1_43' title="bbox 2075 1522 3735 1604">
    <p class='ocr_par' dir='ltr' id='par_1_43' title="bbox 2075 1522 3735 1604">
     <span class='ocr_line' id='line_1_43' title="bbox 2075 1522 3735 1604; baseline 0.008 -26"><span class='ocrx_word' id='word_1_319' title='bbox 2075 1522 2510 1580; x_wconf 87' lang='lat' dir='ltr'><strong>clamaverunt:</strong></span> <span class='ocrx_word' id='word_1_320' title='bbox 2545 1525 2587 1558; x_wconf 81' lang='grc'><strong>⁵⁸</strong></span> <span class='ocrx_word' id='word_1_321' title='bbox 2643 1524 2928 1598; x_wconf 87' lang='lat' dir='ltr'><strong>Cruciﬁge,</strong></span> <span class='ocrx_word' id='word_1_322' title='bbox 2959 1529 3239 1602; x_wconf 79' lang='lat' dir='ltr'><strong>cruciﬁge,</strong></span> <span class='ocrx_word' id='word_1_323' title='bbox 3287 1547 3432 1604; x_wconf 89' lang='lat' dir='ltr'><strong>eum,</strong></span> <span class='ocrx_word' id='word_1_324' title='bbox 3483 1530 3622 1590; x_wconf 91' lang='lat' dir='ltr'><strong>tolle</strong></span> <span class='ocrx_word' id='word_1_325' title='bbox 3660 1533 3735 1590; x_wconf 91' lang='lat' dir='ltr'><strong>de</strong></span> 
     </span>
    </p>
   </div>
   <div class='ocr_carea' id='block_1_44' title="bbox 2075 1613 3734 1683">
    <p class='ocr_par' dir='ltr' id='par_1_44' title="bbox 2075 1613 3734 1683">
     <span class='ocr_line' id='line_1_44' title="bbox 2075 1613 3734 1683; baseline 0.005 -14"><span class='ocrx_word' id='word_1_326' title='bbox 2075 1617 2252 1683; x_wconf 89' lang='lat' dir='ltr'><strong>terra,</strong></span> <span class='ocrx_word' id='word_1_327' title='bbox 2286 1613 2463 1670; x_wconf 87' lang='lat' dir='ltr'><strong>talem</strong></span> <span class='ocrx_word' id='word_1_328' title='bbox 2495 1613 2596 1669; x_wconf 91' lang='lat' dir='ltr'><strong>Dei</strong></span> <span class='ocrx_word' id='word_1_329' title='bbox 2624 1614 2895 1671; x_wconf 87' lang='lat' dir='ltr'><strong>viderunt</strong></span> <span class='ocrx_word' id='word_1_330' title='bbox 2925 1633 3276 1675; x_wconf 87' lang='lat' dir='ltr'><strong>sermonem.</strong></span> <span class='ocrx_word' id='word_1_331' title='bbox 3327 1620 3440 1677; x_wconf 91' lang='lat' dir='ltr'><strong>Sed</strong></span> <span class='ocrx_word' id='word_1_332' title='bbox 3483 1620 3636 1679; x_wconf 89' lang='lat' dir='ltr'><strong>absit</strong></span> <span class='ocrx_word' id='word_1_333' title='bbox 3666 1625 3734 1680; x_wconf 85' lang='lat' dir='ltr'><strong>ut</strong></span> 
     </span>
    </p>
   </div>
   <div class='ocr_carea' id='block_1_45' title="bbox 2077 1704 3730 1777">
    <p class='ocr_par' dir='ltr' id='par_1_45' title="bbox 2077 1704 3730 1777">
     <span class='ocr_line' id='line_1_45' title="bbox 2077 1704 3730 1777; baseline 0.005 -18"><span class='ocrx_word' id='word_1_334' title='bbox 2077 1704 2394 1777; x_wconf 88' lang='lat' dir='ltr'><strong>quisquam</strong></span> <span class='ocrx_word' id='word_1_335' title='bbox 2426 1704 2764 1761; x_wconf 88' lang='lat' dir='ltr'><strong>incredulus</strong></span> <span class='ocrx_word' id='word_1_336' title='bbox 2790 1721 3121 1764; x_wconf 89' lang='lat' dir='ltr'><strong>sermonem</strong></span> <span class='ocrx_word' id='word_1_337' title='bbox 3146 1709 3245 1764; x_wconf 91' lang='lat' dir='ltr'><strong>Dei</strong></span> <span class='ocrx_word' id='word_1_338' title='bbox 3270 1708 3498 1767; x_wconf 89' lang='lat' dir='ltr'><strong>viderit.</strong></span> <span class='ocrx_word' id='word_1_339' title='bbox 3519 1710 3730 1768; x_wconf 86' lang='lat' dir='ltr'><strong>Videre</strong></span> 
     </span>
    </p>
   </div>
   <div class='ocr_carea' id='block_1_46' title="bbox 2078 1791 3731 1872">
    <p class='ocr_par' dir='ltr' id='par_1_46' title="bbox 2078 1791 3731 1872">
     <span class='ocr_line' id='line_1_46' title="bbox 2078 1791 3731 1872; baseline 0.005 -22"><span class='ocrx_word' id='word_1_340' title='bbox 2078 1809 2409 1851; x_wconf 88' lang='lat' dir='ltr'><strong>sermonem</strong></span> <span class='ocrx_word' id='word_1_341' title='bbox 2442 1794 2564 1861; x_wconf 91' lang='lat' dir='ltr'><strong>Dei,</strong></span> <span class='ocrx_word' id='word_1_342' title='bbox 2598 1791 2714 1850; x_wconf 90' lang='lat' dir='ltr'><strong>tale</strong></span> <span class='ocrx_word' id='word_1_343' title='bbox 2761 1799 2852 1852; x_wconf 89' lang='lat' dir='ltr'><strong>est</strong></span> <span class='ocrx_word' id='word_1_344' title='bbox 2909 1795 3080 1868; x_wconf 85' lang='lat' dir='ltr'><strong>quale</strong></span> <span class='ocrx_word' id='word_1_345' title='bbox 3126 1797 3391 1855; x_wconf 87' lang='lat' dir='ltr'><strong>Salvator</strong></span> <span class='ocrx_word' id='word_1_346' title='bbox 3447 1800 3564 1857; x_wconf 89' lang='lat' dir='ltr'><strong>ait:</strong></span> <span class='ocrx_word' id='word_1_347' title='bbox 3624 1801 3731 1872; x_wconf 83' lang='lat' dir='ltr'><strong>Qui</strong></span> 
     </span>
    </p>
   </div>
   <div class='ocr_carea' id='block_1_47' title="bbox 2074 1883 3726 1957">
    <p class='ocr_par' dir='ltr' id='par_1_47' title="bbox 2074 1883 3726 1957">
     <span class='ocr_line' id='line_1_47' title="bbox 2074 1883 3726 1957; baseline 0.004 -18"><span class='ocrx_word' id='word_1_348' title='bbox 2074 1883 2223 1939; x_wconf 81' lang='lat' dir='ltr'><strong>videt</strong></span> <span class='ocrx_word' id='word_1_349' title='bbox 2251 1901 2357 1952; x_wconf 87' lang='lat' dir='ltr'><strong>me,</strong></span> <span class='ocrx_word' id='word_1_350' title='bbox 2386 1884 2531 1940; x_wconf 85' lang='lat' dir='ltr'><strong>videt</strong></span> <span class='ocrx_word' id='word_1_351' title='bbox 2561 1891 2615 1940; x_wconf 88' lang='lat' dir='ltr'><strong>et</strong></span> <span class='ocrx_word' id='word_1_352' title='bbox 2641 1885 2863 1940; x_wconf 82' lang='lat' dir='ltr'><strong>Patrem</strong></span> <span class='ocrx_word' id='word_1_353' title='bbox 2893 1887 2990 1957; x_wconf 86' lang='lat' dir='ltr'><strong>qui</strong></span> <span class='ocrx_word' id='word_1_354' title='bbox 3020 1888 3168 1943; x_wconf 83' lang='lat' dir='ltr'><strong>misit</strong></span> <span class='ocrx_word' id='word_1_355' title='bbox 3204 1905 3291 1944; x_wconf 87' lang='lat' dir='ltr'><strong>me</strong></span> <span class='ocrx_word' id='word_1_356' title='bbox 3311 1887 3375 1944; x_wconf 68' lang='lat'><strong>‘9.</strong></span> <span class='ocrx_word' id='word_1_357' title='bbox 3425 1887 3577 1946; x_wconf 86' lang='lat' dir='ltr'><strong>Sicut</strong></span> <span class='ocrx_word' id='word_1_358' title='bbox 3604 1899 3726 1946; x_wconf 89' lang='lat' dir='ltr'><strong>tra-</strong></span> 
     </span>
    </p>
   </div>
   <div class='ocr_carea' id='block_1_48' title="bbox 2074 1973 3732 2049">
    <p class='ocr_par' dir='ltr' id='par_1_48' title="bbox 2074 1973 3732 2049">
     <span class='ocr_line' id='line_1_48' title="bbox 2074 1973 3732 2049; baseline 0.005 -21"><span class='ocrx_word' id='word_1_359' title='bbox 2074 1973 2333 2030; x_wconf 85' lang='lat' dir='ltr'><strong>diderunt</strong></span> <span class='ocrx_word' id='word_1_360' title='bbox 2349 1976 2504 2031; x_wconf 89' lang='lat' dir='ltr'><strong>nobis</strong></span> <span class='ocrx_word' id='word_1_361' title='bbox 2526 1975 2675 2045; x_wconf 87' lang='lat' dir='ltr'><strong>quia</strong></span> <span class='ocrx_word' id='word_1_362' title='bbox 2690 1975 2966 2048; x_wconf 84' lang='lat' dir='ltr'><strong>principia</strong></span> <span class='ocrx_word' id='word_1_363' title='bbox 2986 1975 3092 2049; x_wconf 83' lang='lat' dir='ltr'><strong>ipsi</strong></span> <span class='ocrx_word' id='word_1_364' title='bbox 3114 1976 3388 2046; x_wconf 86' lang='lat' dir='ltr'><strong>viderunt,</strong></span> <span class='ocrx_word' id='word_1_365' title='bbox 3410 1982 3463 2034; x_wconf 90' lang='lat' dir='ltr'><strong>et</strong></span> <span class='ocrx_word' id='word_1_366' title='bbox 3482 1980 3732 2037; x_wconf 81' lang='lat' dir='ltr'><strong>ministri</strong></span> 
     </span>
    </p>
   </div>
   <div class='ocr_carea' id='block_1_49' title="bbox 2070 2062 3728 2135">
    <p class='ocr_par' dir='ltr' id='par_1_49' title="bbox 2070 2062 3728 2135">
     <span class='ocr_line' id='line_1_49' title="bbox 2070 2062 3728 2135; baseline 0.005 -17"><span class='ocrx_word' id='word_1_367' title='bbox 2070 2064 2301 2135; x_wconf 80' lang='lat' dir='ltr'><strong>fuerunt</strong></span> <span class='ocrx_word' id='word_1_368' title='bbox 2351 2062 2634 2120; x_wconf 81' lang='lat' dir='ltr'><strong>sermonis.</strong></span> <span class='ocrx_word' id='word_1_369' title='bbox 2697 2063 2859 2120; x_wconf 88' lang='lat' dir='ltr'><strong>Clam</strong></span> <span class='ocrx_word' id='word_1_370' title='bbox 2935 2065 3100 2122; x_wconf 81' lang='lat' dir='ltr'><strong>Lucae</strong></span> <span class='ocrx_word' id='word_1_371' title='bbox 3157 2065 3533 2124; x_wconf 87' lang='lat' dir='ltr'><strong>sermonibus</strong></span> <span class='ocrx_word' id='word_1_372' title='bbox 3587 2068 3728 2126; x_wconf 87' lang='lat' dir='ltr'><strong>edo-</strong></span> 
     </span>
    </p>
   </div>
   <div class='ocr_carea' id='block_1_50' title="bbox 2076 2153 3724 2231">
    <p class='ocr_par' dir='ltr' id='par_1_50' title="bbox 2076 2153 3724 2231">
     <span class='ocr_line' id='line_1_50' title="bbox 2076 2153 3724 2231; baseline 0.005 -24"><span class='ocrx_word' id='word_1_373' title='bbox 2076 2168 2296 2220; x_wconf 89' lang='lat' dir='ltr'><strong>cemur,</strong></span> <span class='ocrx_word' id='word_1_374' title='bbox 2327 2155 2481 2224; x_wconf 90' lang='lat' dir='ltr'><strong>quod</strong></span> <span class='ocrx_word' id='word_1_375' title='bbox 2523 2153 2834 2224; x_wconf 83' lang='lat' dir='ltr'><strong>cujusdam</strong></span> <span class='ocrx_word' id='word_1_376' title='bbox 2865 2154 3140 2212; x_wconf 66' lang='lat' dir='ltr'><strong>doctrinas</strong></span> <span class='ocrx_word' id='word_1_377' title='bbox 3170 2156 3308 2213; x_wconf 84' lang='lat' dir='ltr'><strong>ﬁnis</strong></span> <span class='ocrx_word' id='word_1_378' title='bbox 3338 2156 3419 2213; x_wconf 81' lang='lat' dir='ltr'><strong>sit</strong></span> <span class='ocrx_word' id='word_1_379' title='bbox 3461 2156 3593 2231; x_wconf 85' lang='lat' dir='ltr'><strong>ipsa</strong></span> <span class='ocrx_word' id='word_1_380' title='bbox 3621 2158 3724 2214; x_wconf 89' lang='lat' dir='ltr'><strong>do-</strong></span> 
     </span>
    </p>
   </div>
   <div class='ocr_carea' id='block_1_51' title="bbox 2074 2241 3721 2319">
    <p class='ocr_par' dir='ltr' id='par_1_51' title="bbox 2074 2241 3721 2319">
     <span class='ocr_line' id='line_1_51' title="bbox 2074 2241 3721 2319; baseline 0.004 -23"><span class='ocrx_word' id='word_1_381' title='bbox 2074 2242 2282 2308; x_wconf 89' lang='lat' dir='ltr'><strong>ctrina,</strong></span> <span class='ocrx_word' id='word_1_382' title='bbox 2314 2241 2556 2298; x_wconf 87' lang='lat' dir='ltr'><strong>alterius</strong></span> <span class='ocrx_word' id='word_1_383' title='bbox 2586 2258 2718 2298; x_wconf 82' lang='lat' dir='ltr'><strong>vero</strong></span> <span class='ocrx_word' id='word_1_384' title='bbox 2749 2242 3025 2300; x_wconf 71' lang='lat' dir='ltr'><strong>doctrinas</strong></span> <span class='ocrx_word' id='word_1_385' title='bbox 3055 2243 3190 2300; x_wconf 86' lang='lat' dir='ltr'><strong>ﬁnis</strong></span> <span class='ocrx_word' id='word_1_386' title='bbox 3232 2245 3292 2300; x_wconf 89' lang='lat' dir='ltr'><strong>in</strong></span> <span class='ocrx_word' id='word_1_387' title='bbox 3339 2261 3511 2319; x_wconf 91' lang='lat' dir='ltr'><strong>opere</strong></span> <span class='ocrx_word' id='word_1_388' title='bbox 3560 2261 3721 2304; x_wconf 89' lang='lat' dir='ltr'><strong>com-</strong></span> 
     </span>
    </p>
   </div>
   <div class='ocr_carea' id='block_1_52' title="bbox 2073 2329 3722 2407">
    <p class='ocr_par' dir='ltr' id='par_1_52' title="bbox 2073 2329 3722 2407">
     <span class='ocr_line' id='line_1_52' title="bbox 2073 2329 3722 2407; baseline 0.004 -21"><span class='ocrx_word' id='word_1_389' title='bbox 2073 2335 2330 2404; x_wconf 89' lang='lat' dir='ltr'><strong>putetur.</strong></span> <span class='ocrx_word' id='word_1_390' title='bbox 2371 2329 2545 2387; x_wconf 89' lang='lat' dir='ltr'><strong>Verbi</strong></span> <span class='ocrx_word' id='word_1_391' title='bbox 2594 2330 2818 2404; x_wconf 88' lang='lat' dir='ltr'><strong>gratia:</strong></span> <span class='ocrx_word' id='word_1_392' title='bbox 2869 2333 3120 2388; x_wconf 90' lang='lat' dir='ltr'><strong>Scientia</strong></span> <span class='ocrx_word' id='word_1_393' title='bbox 3163 2335 3494 2407; x_wconf 64' lang='lat' dir='ltr'><strong>geometrias</strong></span> <span class='ocrx_word' id='word_1_394' title='bbox 3541 2335 3722 2394; x_wconf 85' lang='lat' dir='ltr'><strong>finem</strong></span> 
     </span>
    </p>
   </div>
   <div class='ocr_carea' id='block_1_53' title="bbox 2074 2420 3720 2496">
    <p class='ocr_par' dir='ltr' id='par_1_53' title="bbox 2074 2420 3720 2496">
     <span class='ocr_line' id='line_1_53' title="bbox 2074 2420 3720 2496; baseline 0.004 -19"><span class='ocrx_word' id='word_1_395' title='bbox 2074 2421 2250 2477; x_wconf 90' lang='lat' dir='ltr'><strong>habet</strong></span> <span class='ocrx_word' id='word_1_396' title='bbox 2279 2421 2469 2492; x_wconf 90' lang='lat' dir='ltr'><strong>ipsam</strong></span> <span class='ocrx_word' id='word_1_397' title='bbox 2508 2423 2737 2476; x_wconf 90' lang='lat' dir='ltr'><strong>tantum</strong></span> <span class='ocrx_word' id='word_1_398' title='bbox 2787 2420 3096 2478; x_wconf 90' lang='lat' dir='ltr'><strong>scientiam</strong></span> <span class='ocrx_word' id='word_1_399' title='bbox 3147 2427 3323 2496; x_wconf 89' lang='lat' dir='ltr'><strong>atque</strong></span> <span class='ocrx_word' id='word_1_400' title='bbox 3371 2423 3720 2484; x_wconf 85' lang='lat' dir='ltr'><strong>doctrinam.</strong></span> 
     </span>
    </p>
   </div>
   <div class='ocr_carea' id='block_1_54' title="bbox 2072 2510 3725 2587">
    <p class='ocr_par' dir='ltr' id='par_1_54' title="bbox 2072 2510 3725 2587">
     <span class='ocr_line' id='line_1_54' title="bbox 2072 2510 3725 2587; baseline 0.004 -21"><span class='ocrx_word' id='word_1_401' title='bbox 2072 2511 2199 2566; x_wconf 88' lang='lat' dir='ltr'><strong>Alia</strong></span> <span class='ocrx_word' id='word_1_402' title='bbox 2227 2527 2360 2566; x_wconf 92' lang='lat' dir='ltr'><strong>vero</strong></span> <span class='ocrx_word' id='word_1_403' title='bbox 2388 2510 2634 2566; x_wconf 88' lang='lat' dir='ltr'><strong>scientia</strong></span> <span class='ocrx_word' id='word_1_404' title='bbox 2660 2514 2768 2576; x_wconf 89' lang='lat' dir='ltr'><strong>est,</strong></span> <span class='ocrx_word' id='word_1_405' title='bbox 2793 2511 2964 2582; x_wconf 86' lang='lat' dir='ltr'><strong>cujus</strong></span> <span class='ocrx_word' id='word_1_406' title='bbox 2989 2511 3126 2569; x_wconf 80' lang='lat' dir='ltr'><strong>finis</strong></span> <span class='ocrx_word' id='word_1_407' title='bbox 3155 2529 3302 2586; x_wconf 86' lang='lat' dir='ltr'><strong>Opus</strong></span> <span class='ocrx_word' id='word_1_408' title='bbox 3329 2513 3507 2587; x_wconf 83' lang='lat' dir='ltr'><strong>exigit</strong></span> <span class='ocrx_word' id='word_1_409' title='bbox 3531 2532 3544 2572; x_wconf 89' lang='lat'>:</span> <span class='ocrx_word' id='word_1_410' title='bbox 3566 2512 3725 2572; x_wconf 82' lang='lat' dir='ltr'><strong>velut</strong></span> 
     </span>
    </p>
   </div>
   <div class='ocr_carea' id='block_1_55' title="bbox 2075 2600 3724 2676">
    <p class='ocr_par' dir='ltr' id='par_1_55' title="bbox 2075 2600 3724 2676">
     <span class='ocr_line' id='line_1_55' title="bbox 2075 2600 3724 2676; baseline 0.002 -20"><span class='ocrx_word' id='word_1_411' title='bbox 2075 2600 2136 2656; x_wconf 91' lang='lat' dir='ltr'><strong>in</strong></span> <span class='ocrx_word' id='word_1_412' title='bbox 2170 2600 2462 2657; x_wconf 89' lang='lat' dir='ltr'><strong>medicina</strong></span> <span class='ocrx_word' id='word_1_413' title='bbox 2481 2603 2708 2671; x_wconf 87' lang='lat' dir='ltr'><strong>oportet</strong></span> <span class='ocrx_word' id='word_1_414' title='bbox 2740 2616 2832 2656; x_wconf 90' lang='lat' dir='ltr'><strong>me</strong></span> <span class='ocrx_word' id='word_1_415' title='bbox 2861 2601 3149 2658; x_wconf 88' lang='lat' dir='ltr'><strong>rationem</strong></span> <span class='ocrx_word' id='word_1_416' title='bbox 3180 2607 3238 2658; x_wconf 89' lang='lat' dir='ltr'><strong>et</strong></span> <span class='ocrx_word' id='word_1_417' title='bbox 3267 2603 3544 2676; x_wconf 85' lang='lat' dir='ltr'><strong>dogmata</strong></span> <span class='ocrx_word' id='word_1_418' title='bbox 3573 2603 3724 2660; x_wconf 88' lang='lat' dir='ltr'><strong>scire</strong></span> 
     </span>
    </p>
   </div>
   <div class='ocr_carea' id='block_1_56' title="bbox 2077 2689 3726 2765">
    <p class='ocr_par' dir='ltr' id='par_1_56' title="bbox 2077 2689 3726 2765">
     <span class='ocr_line' id='line_1_56' title="bbox 2077 2689 3726 2765; baseline 0.002 -20"><span class='ocrx_word' id='word_1_419' title='bbox 2077 2689 2400 2760; x_wconf 68' lang='lat' dir='ltr'><strong>medicinae,</strong></span> <span class='ocrx_word' id='word_1_420' title='bbox 2421 2706 2534 2744; x_wconf 91' lang='lat' dir='ltr'><strong>non</strong></span> <span class='ocrx_word' id='word_1_421' title='bbox 2557 2692 2620 2744; x_wconf 91' lang='lat' dir='ltr'><strong>ut</strong></span> <span class='ocrx_word' id='word_1_422' title='bbox 2632 2689 3039 2746; x_wconf 90' lang='lat' dir='ltr'><strong>tantummodo</strong></span> <span class='ocrx_word' id='word_1_423' title='bbox 3054 2691 3312 2748; x_wconf 88' lang='lat' dir='ltr'><strong>noverim</strong></span> <span class='ocrx_word' id='word_1_424' title='bbox 3327 2691 3468 2765; x_wconf 90' lang='lat' dir='ltr'><strong>quid</strong></span> <span class='ocrx_word' id='word_1_425' title='bbox 3481 2691 3726 2750; x_wconf 89' lang='lat' dir='ltr'><strong>debeam</strong></span> 
     </span>
    </p>
   </div>
   <div class='ocr_carea' id='block_1_57' title="bbox 2077 2775 3726 2852">
    <p class='ocr_par' dir='ltr' id='par_1_57' title="bbox 2077 2775 3726 2852">
     <span class='ocr_line' id='line_1_57' title="bbox 2077 2775 3726 2852; baseline 0.003 -19"><span class='ocrx_word' id='word_1_426' title='bbox 2077 2779 2284 2845; x_wconf 84' lang='lat' dir='ltr'><strong>facere,</strong></span> <span class='ocrx_word' id='word_1_427' title='bbox 2315 2778 2417 2834; x_wconf 88' lang='lat' dir='ltr'><strong>sed</strong></span> <span class='ocrx_word' id='word_1_428' title='bbox 2451 2783 2516 2833; x_wconf 92' lang='lat' dir='ltr'><strong>ut</strong></span> <span class='ocrx_word' id='word_1_429' title='bbox 2548 2775 2778 2845; x_wconf 88' lang='lat' dir='ltr'><strong>faciam,</strong></span> <span class='ocrx_word' id='word_1_430' title='bbox 2823 2777 2880 2834; x_wconf 93' lang='lat' dir='ltr'><strong>id</strong></span> <span class='ocrx_word' id='word_1_431' title='bbox 2939 2783 3049 2848; x_wconf 90' lang='lat' dir='ltr'><strong>est,</strong></span> <span class='ocrx_word' id='word_1_432' title='bbox 3099 2784 3165 2836; x_wconf 88' lang='lat' dir='ltr'><strong>ut</strong></span> <span class='ocrx_word' id='word_1_433' title='bbox 3215 2797 3408 2837; x_wconf 90' lang='lat' dir='ltr'><strong>secem</strong></span> <span class='ocrx_word' id='word_1_434' title='bbox 3464 2779 3726 2852; x_wconf 64' lang='lat' dir='ltr'><strong>munera,</strong></span> 
     </span>
    </p>
   </div>
   <div class='ocr_carea' id='block_1_58' title="bbox 2075 2867 3727 2942">
    <p class='ocr_par' dir='ltr' id='par_1_58' title="bbox 2075 2867 3727 2942">
     <span class='ocr_line' id='line_1_58' title="bbox 2075 2867 3727 2942; baseline 0.002 -19"><span class='ocrx_word' id='word_1_435' title='bbox 2075 2868 2295 2925; x_wconf 88' lang='lat' dir='ltr'><strong>victum</strong></span> <span class='ocrx_word' id='word_1_436' title='bbox 2315 2867 2684 2924; x_wconf 90' lang='lat' dir='ltr'><strong>moderatum</strong></span> <span class='ocrx_word' id='word_1_437' title='bbox 2702 2867 3174 2941; x_wconf 88' lang='lat' dir='ltr'><strong>castigatumque</strong></span> <span class='ocrx_word' id='word_1_438' title='bbox 3195 2869 3526 2942; x_wconf 87' lang='lat' dir='ltr'><strong>disponam,</strong></span> <span class='ocrx_word' id='word_1_439' title='bbox 3548 2874 3727 2927; x_wconf 66' lang='lat' dir='ltr'><strong>aestus</strong></span> 
     </span>
    </p>
   </div>
   <div class='ocr_carea' id='block_1_59' title="bbox 2077 2956 3732 3029">
    <p class='ocr_par' dir='ltr' id='par_1_59' title="bbox 2077 2956 3732 3029">
     <span class='ocr_line' id='line_1_59' title="bbox 2077 2956 3732 3029; baseline 0.002 -17"><span class='ocrx_word' id='word_1_440' title='bbox 2077 2957 2328 3015; x_wconf 85' lang='lat' dir='ltr'><strong>febrium</strong></span> <span class='ocrx_word' id='word_1_441' title='bbox 2351 2958 2409 3012; x_wconf 91' lang='lat' dir='ltr'><strong>in</strong></span> <span class='ocrx_word' id='word_1_442' title='bbox 2441 2956 2680 3029; x_wconf 89' lang='lat' dir='ltr'><strong>pulsum</strong></span> <span class='ocrx_word' id='word_1_443' title='bbox 2709 2973 2992 3013; x_wconf 89' lang='lat' dir='ltr'><strong>venarum</strong></span> <span class='ocrx_word' id='word_1_444' title='bbox 3022 2959 3292 3027; x_wconf 88' lang='lat' dir='ltr'><strong>sentiam,</strong></span> <span class='ocrx_word' id='word_1_445' title='bbox 3326 2964 3392 3016; x_wconf 89' lang='lat' dir='ltr'><strong>ut</strong></span> <span class='ocrx_word' id='word_1_446' title='bbox 3419 2958 3732 3017; x_wconf 78' lang='lat' dir='ltr'><strong>curationi-</strong></span> 
     </span>
    </p>
   </div>
   <div class='ocr_carea' id='block_1_60' title="bbox 2076 3046 3728 3122">
    <p class='ocr_par' dir='ltr' id='par_1_60' title="bbox 2076 3046 3728 3122">
     <span class='ocr_line' id='line_1_60' title="bbox 2076 3046 3728 3122; baseline 0.002 -17"><span class='ocrx_word' id='word_1_447' title='bbox 2076 3049 2188 3105; x_wconf 92' lang='lat' dir='ltr'><strong>bus</strong></span> <span class='ocrx_word' id='word_1_448' title='bbox 2219 3046 2453 3120; x_wconf 83' lang='lat' dir='ltr'><strong>cyclicis</strong></span> <span class='ocrx_word' id='word_1_449' title='bbox 2474 3047 2788 3103; x_wconf 89' lang='lat' dir='ltr'><strong>humorum</strong></span> <span class='ocrx_word' id='word_1_450' title='bbox 2808 3047 3233 3104; x_wconf 88' lang='lat' dir='ltr'><strong>abundantiam</strong></span> <span class='ocrx_word' id='word_1_451' title='bbox 3254 3049 3491 3118; x_wconf 89' lang='lat' dir='ltr'><strong>siccem,</strong></span> <span class='ocrx_word' id='word_1_452' title='bbox 3509 3053 3728 3122; x_wconf 84' lang='lat' dir='ltr'><strong>tempe-</strong></span> 
     </span>
    </p>
   </div>
   <div class='ocr_carea' id='block_1_61' title="bbox 2076 3136 3734 3211">
    <p class='ocr_par' dir='ltr' id='par_1_61' title="bbox 2076 3136 3734 3211">
     <span class='ocr_line' id='line_1_61' title="bbox 2076 3136 3734 3211; baseline 0.001 -16"><span class='ocrx_word' id='word_1_453' title='bbox 2076 3155 2202 3195; x_wconf 87' lang='lat' dir='ltr'><strong>rem</strong></span> <span class='ocrx_word' id='word_1_454' title='bbox 2233 3141 2406 3210; x_wconf 88' lang='lat' dir='ltr'><strong>atque</strong></span> <span class='ocrx_word' id='word_1_455' title='bbox 2437 3136 2808 3210; x_wconf 89' lang='lat' dir='ltr'><strong>restringam.</strong></span> <span class='ocrx_word' id='word_1_456' title='bbox 2841 3137 2975 3202; x_wconf 86' lang='lat' dir='ltr'><strong>Quae</strong></span> <span class='ocrx_word' id='word_1_457' title='bbox 3009 3137 3059 3194; x_wconf 89' lang='lat' dir='ltr'><strong>si</strong></span> <span class='ocrx_word' id='word_1_458' title='bbox 3103 3139 3237 3211; x_wconf 90' lang='lat' dir='ltr'><strong>quis</strong></span> <span class='ocrx_word' id='word_1_459' title='bbox 3269 3143 3502 3196; x_wconf 89' lang='lat' dir='ltr'><strong>tantum</strong></span> <span class='ocrx_word' id='word_1_460' title='bbox 3533 3138 3734 3197; x_wconf 89' lang='lat' dir='ltr'><strong>scierit</strong></span> 
     </span>
    </p>
   </div>
   <div class='ocr_carea' id='block_1_62' title="bbox 2077 3225 3729 3302">
    <p class='ocr_par' dir='ltr' id='par_1_62' title="bbox 2077 3225 3729 3302">
     <span class='ocr_line' id='line_1_62' title="bbox 2077 3225 3729 3302; baseline 0.002 -18"><span class='ocrx_word' id='word_1_461' title='bbox 2077 3233 2280 3285; x_wconf 88' lang='lat' dir='ltr'><strong>etnon</strong></span> <span class='ocrx_word' id='word_1_462' title='bbox 2312 3242 2486 3300; x_wconf 82' lang='lat' dir='ltr'><strong>apero</strong></span> <span class='ocrx_word' id='word_1_463' title='bbox 2531 3225 2707 3282; x_wconf 86' lang='lat' dir='ltr'><strong>fuerit</strong></span> <span class='ocrx_word' id='word_1_464' title='bbox 2763 3225 3141 3296; x_wconf 90' lang='lat' dir='ltr'><strong>subsecutus,</strong></span> <span class='ocrx_word' id='word_1_465' title='bbox 3200 3245 3369 3286; x_wconf 87' lang='lat' dir='ltr'><strong>cassa</strong></span> <span class='ocrx_word' id='word_1_466' title='bbox 3426 3228 3536 3286; x_wconf 88' lang='lat' dir='ltr'><strong>erit</strong></span> <span class='ocrx_word' id='word_1_467' title='bbox 3600 3230 3729 3302; x_wconf 81' lang='lat' dir='ltr'><strong>ejus</strong></span> 
     </span>
    </p>
   </div>
   <div class='ocr_carea' id='block_1_63' title="bbox 315 3313 3727 3390">
    <p class='ocr_par' dir='ltr' id='par_1_63' title="bbox 315 3313 3727 3390">
     <span class='ocr_line' id='line_1_63' title="bbox 315 3313 3727 3390; baseline 0 -16"><span class='ocrx_word' id='word_1_468' title='bbox 315 3318 480 3376; x_wconf 81' lang='lat' dir='ltr'><strong>nibus</strong></span> <span class='ocrx_word' id='word_1_469' title='bbox 509 3327 622 3376; x_wconf 73' lang='lat' dir='ltr'><strong>tuis</strong></span> <span class='ocrx_word' id='word_1_470' title='bbox 643 3317 725 3386; x_wconf 66' lang='lat'><strong>5‘;</strong></span> <span class='ocrx_word' id='word_1_471' title='bbox 774 3316 931 3374; x_wconf 89' lang='lat' dir='ltr'><strong>unde</strong></span> <span class='ocrx_word' id='word_1_472' title='bbox 974 3319 1033 3372; x_wconf 88' lang='lat' dir='ltr'><strong>et</strong></span> <span class='ocrx_word' id='word_1_473' title='bbox 1077 3314 1391 3388; x_wconf 84' lang='lat' dir='ltr'><strong>Apostolus</strong></span> <span class='ocrx_word' id='word_1_474' title='bbox 1421 3315 1492 3370; x_wconf 92' lang='lat' dir='ltr'><strong>de</strong></span> <span class='ocrx_word' id='word_1_475' title='bbox 1538 3314 1632 3370; x_wconf 91' lang='lat' dir='ltr'><strong>his</strong></span> <span class='ocrx_word' id='word_1_476' title='bbox 1672 3313 1773 3386; x_wconf 91' lang='lat' dir='ltr'><strong>qui</strong></span> <span class='ocrx_word' id='word_1_477' title='bbox 1803 3317 1969 3370; x_wconf 91' lang='lat' dir='ltr'><strong>erant</strong></span> <span class='ocrx_word' id='word_1_478' title='bbox 2005 3380 2039 3390; x_wconf 40' lang='grc' dir='ltr'><em>κ</em></span> <span class='ocrx_word' id='word_1_479' title='bbox 2079 3316 2344 3374; x_wconf 87' lang='lat' dir='ltr'><strong>scientia.</strong></span> <span class='ocrx_word' id='word_1_480' title='bbox 2375 3314 2578 3371; x_wconf 91' lang='lat' dir='ltr'><strong>Simile</strong></span> <span class='ocrx_word' id='word_1_481' title='bbox 2609 3314 2749 3387; x_wconf 90' lang='lat' dir='ltr'><strong>quid</strong></span> <span class='ocrx_word' id='word_1_482' title='bbox 2799 3314 3055 3372; x_wconf 66' lang='lat' dir='ltr'><strong>scientia:</strong></span> <span class='ocrx_word' id='word_1_483' title='bbox 3099 3317 3401 3374; x_wconf 68' lang='lat' dir='ltr'><strong>medicina:</strong></span> <span class='ocrx_word' id='word_1_484' title='bbox 3440 3321 3498 3375; x_wconf 89' lang='lat' dir='ltr'><strong>et</strong></span> <span class='ocrx_word' id='word_1_485' title='bbox 3545 3318 3727 3390; x_wconf 87' lang='lat' dir='ltr'><strong>operi,</strong></span> 
     </span>
    </p>
   </div>
   <div class='ocr_carea' id='block_1_64' title="bbox 319 3380 3732 3481">
    <p class='ocr_par' dir='ltr' id='par_1_64' title="bbox 319 3380 3732 3481">
     <span class='ocr_line' id='line_1_64' title="bbox 319 3380 3732 3481; baseline 0 -17"><span class='ocrx_word' id='word_1_486' title='bbox 319 3407 498 3474; x_wconf 80' lang='lat' dir='ltr'><strong>ﬁrmi,</strong></span> <span class='ocrx_word' id='word_1_487' title='bbox 529 3380 985 3481; x_wconf 37' lang='lat' dir='ltr'><strong>atque&#39;robusti,</strong></span> <span class='ocrx_word' id='word_1_488' title='bbox 1015 3403 1096 3460; x_wconf 87' lang='lat' dir='ltr'><strong>ait</strong></span> <span class='ocrx_word' id='word_1_489' title='bbox 1117 3380 1146 3460; x_wconf 54' lang='grc' dir='ltr'><em>τ’</em></span> <span class='ocrx_word' id='word_1_490' title='bbox 1169 3405 1232 3462; x_wconf 87' lang='lat' dir='ltr'><strong>Ut</strong></span> <span class='ocrx_word' id='word_1_491' title='bbox 1258 3405 1378 3460; x_wconf 83' lang='lat' dir='ltr'><strong>sitis</strong></span> <span class='ocrx_word' id='word_1_492' title='bbox 1409 3403 1643 3467; x_wconf 84' lang='lat' dir='ltr'><strong>radicati</strong></span> <span class='ocrx_word' id='word_1_493' title='bbox 1746 3403 1969 3474; x_wconf 82' lang='lat' dir='ltr'><strong>fundati</strong></span> <span class='ocrx_word' id='word_1_494' title='bbox 1998 3380 2041 3448; x_wconf 78' lang='lat' dir='ltr'><strong><em>C</em></strong></span> <span class='ocrx_word' id='word_1_495' title='bbox 2078 3406 2253 3464; x_wconf 90' lang='lat' dir='ltr'><strong>etiam</strong></span> <span class='ocrx_word' id='word_1_496' title='bbox 2284 3406 2344 3462; x_wconf 90' lang='lat' dir='ltr'><strong>in</strong></span> <span class='ocrx_word' id='word_1_497' title='bbox 2375 3405 2581 3460; x_wconf 91' lang='lat' dir='ltr'><strong>notitia</strong></span> <span class='ocrx_word' id='word_1_498' title='bbox 2610 3380 3054 3476; x_wconf 80' lang='lat' dir='ltr'><strong>ministerioque</strong></span> <span class='ocrx_word' id='word_1_499' title='bbox 3085 3406 3377 3464; x_wconf 87' lang='lat' dir='ltr'><strong>sermonis</strong></span> <span class='ocrx_word' id='word_1_500' title='bbox 3406 3410 3497 3464; x_wconf 88' lang='lat' dir='ltr'><strong>est</strong></span> <span class='ocrx_word' id='word_1_501' title='bbox 3523 3425 3536 3464; x_wconf 91' lang='lat'><strong>:</strong></span> 
     </span>
    </p>
   </div>
   <div class='ocr_carea' id='block_1_65' title="bbox 318 3492 3730 3569">
    <p class='ocr_par' dir='ltr' id='par_1_65' title="bbox 318 3492 3730 3569">
     <span class='ocr_line' id='line_1_65' title="bbox 318 3492 3730 3569; baseline 0 -15"><span class='ocrx_word' id='word_1_502' title='bbox 318 3499 383 3554; x_wconf 69' lang='lat' dir='ltr'><strong>in</strong></span> <span class='ocrx_word' id='word_1_503' title='bbox 409 3497 514 3569; x_wconf 78' lang='lat' dir='ltr'><strong>ﬁde</strong></span> <span class='ocrx_word' id='word_1_504' title='bbox 533 3498 598 3552; x_wconf 71' lang='grc'><strong>⁵⁸.</strong></span> <span class='ocrx_word' id='word_1_505' title='bbox 631 3495 692 3552; x_wconf 90' lang='lat' dir='ltr'><strong>Si</strong></span> <span class='ocrx_word' id='word_1_506' title='bbox 721 3494 857 3566; x_wconf 90' lang='lat' dir='ltr'><strong>quis</strong></span> <span class='ocrx_word' id='word_1_507' title='bbox 886 3492 1044 3550; x_wconf 87' lang='lat' dir='ltr'><strong>enim</strong></span> <span class='ocrx_word' id='word_1_508' title='bbox 1074 3493 1372 3549; x_wconf 87' lang='lat' dir='ltr'><strong>radicatus</strong></span> <span class='ocrx_word' id='word_1_509' title='bbox 1402 3494 1460 3548; x_wconf 91' lang='lat' dir='ltr'><strong>in</strong></span> <span class='ocrx_word' id='word_1_510' title='bbox 1502 3492 1615 3548; x_wconf 86' lang='lat' dir='ltr'><strong>fide</strong></span> <span class='ocrx_word' id='word_1_511' title='bbox 1658 3496 1749 3548; x_wconf 91' lang='lat' dir='ltr'><strong>est</strong></span> <span class='ocrx_word' id='word_1_512' title='bbox 1794 3497 1968 3565; x_wconf 88' lang='lat' dir='ltr'><strong>atque</strong></span> <span class='ocrx_word' id='word_1_513' title='bbox 2077 3495 2435 3554; x_wconf 85' lang='lat' dir='ltr'><strong>tradiderunt</strong></span> <span class='ocrx_word' id='word_1_514' title='bbox 2463 3494 2617 3550; x_wconf 82' lang='lat' dir='ltr'><strong>nobis</strong></span> <span class='ocrx_word' id='word_1_515' title='bbox 2665 3495 2761 3566; x_wconf 88' lang='lat' dir='ltr'><strong>qui</strong></span> <span class='ocrx_word' id='word_1_516' title='bbox 2789 3511 2824 3549; x_wconf 83' lang='grc' dir='ltr'><em>α</em></span> <span class='ocrx_word' id='word_1_517' title='bbox 2861 3495 3142 3567; x_wconf 82' lang='lat' dir='ltr'><strong>principia</strong></span> <span class='ocrx_word' id='word_1_518' title='bbox 3190 3497 3300 3568; x_wconf 84' lang='lat' dir='ltr'><strong>ipsi</strong></span> <span class='ocrx_word' id='word_1_519' title='bbox 3343 3496 3628 3566; x_wconf 80' lang='lat' dir='ltr'><strong>viderunt,</strong></span> <span class='ocrx_word' id='word_1_520' title='bbox 3677 3495 3730 3554; x_wconf 66' lang='grc' dir='ltr'><em>ὀ</em></span> 
     </span>
    </p>
   </div>
   <div class='ocr_carea' id='block_1_66' title="bbox 319 3579 1969 3655">
    <p class='ocr_par' dir='ltr' id='par_1_66' title="bbox 319 3579 1969 3655">
     <span class='ocr_line' id='line_1_66' title="bbox 319 3579 1969 3655; baseline -0.005 -10"><span class='ocrx_word' id='word_1_521' title='bbox 319 3588 632 3654; x_wconf 75' lang='lat' dir='ltr'><strong>fundatus,</strong></span> <span class='ocrx_word' id='word_1_522' title='bbox 661 3583 799 3640; x_wconf 89' lang='lat' dir='ltr'><strong>licet</strong></span> <span class='ocrx_word' id='word_1_523' title='bbox 826 3586 1146 3655; x_wconf 84' lang='lat' dir='ltr'><strong>tempestas</strong></span> <span class='ocrx_word' id='word_1_524' title='bbox 1177 3580 1350 3637; x_wconf 85' lang='lat' dir='ltr'><strong>fuerit</strong></span> <span class='ocrx_word' id='word_1_525' title='bbox 1379 3584 1598 3649; x_wconf 86' lang='lat' dir='ltr'><strong>exorta,</strong></span> <span class='ocrx_word' id='word_1_526' title='bbox 1631 3579 1768 3638; x_wconf 90' lang='lat' dir='ltr'><strong>licet</strong></span> <span class='ocrx_word' id='word_1_527' title='bbox 1812 3583 1969 3638; x_wconf 89' lang='lat' dir='ltr'><strong>venti</strong></span> 
     </span>
    </p>
   </div>
   <div class='ocr_carea' id='block_1_67' title="bbox 318 3669 1973 3747">
    <p class='ocr_par' dir='ltr' id='par_1_67' title="bbox 318 3669 1973 3747">
     <span class='ocr_line' id='line_1_67' title="bbox 318 3669 1973 3747; baseline -0.005 -12"><span class='ocrx_word' id='word_1_528' title='bbox 318 3675 614 3747; x_wconf 81' lang='lat' dir='ltr'><strong>ﬂaverint,</strong></span> <span class='ocrx_word' id='word_1_529' title='bbox 645 3673 780 3731; x_wconf 89' lang='lat' dir='ltr'><strong>licet</strong></span> <span class='ocrx_word' id='word_1_530' title='bbox 811 3689 874 3730; x_wconf 88' lang='lat' dir='ltr'><strong>se</strong></span> <span class='ocrx_word' id='word_1_531' title='bbox 905 3671 1093 3730; x_wconf 88' lang='lat' dir='ltr'><strong>imber</strong></span> <span class='ocrx_word' id='word_1_532' title='bbox 1121 3671 1410 3739; x_wconf 76' lang='lat' dir='ltr'><strong>elfuderit,</strong></span> <span class='ocrx_word' id='word_1_533' title='bbox 1448 3688 1564 3728; x_wconf 92' lang='lat' dir='ltr'><strong>non</strong></span> <span class='ocrx_word' id='word_1_534' title='bbox 1595 3669 1973 3743; x_wconf 89' lang='lat' dir='ltr'><strong>convelletur,</strong></span> 
     </span>
    </p>
   </div>
   <div class='ocr_carea' id='block_1_68' title="bbox 322 3760 1978 3838">
    <p class='ocr_par' dir='ltr' id='par_1_68' title="bbox 322 3760 1978 3838">
     <span class='ocr_line' id='line_1_68' title="bbox 322 3760 1978 3838; baseline -0.006 -11"><span class='ocrx_word' id='word_1_535' title='bbox 322 3785 432 3827; x_wconf 89' lang='lat' dir='ltr'><strong>nec</strong></span> <span class='ocrx_word' id='word_1_536' title='bbox 461 3770 714 3835; x_wconf 87' lang='lat' dir='ltr'><strong>corruet,</strong></span> <span class='ocrx_word' id='word_1_537' title='bbox 745 3763 888 3838; x_wconf 86' lang='lat' dir='ltr'><strong>quia</strong></span> <span class='ocrx_word' id='word_1_538' title='bbox 931 3777 1110 3834; x_wconf 88' lang='lat' dir='ltr'><strong>super</strong></span> <span class='ocrx_word' id='word_1_539' title='bbox 1155 3766 1383 3834; x_wconf 88' lang='lat' dir='ltr'><strong>petram</strong></span> <span class='ocrx_word' id='word_1_540' title='bbox 1432 3761 1744 3817; x_wconf 71' lang='lat' dir='ltr'><strong>mdiﬁcium</strong></span> <span class='ocrx_word' id='word_1_541' title='bbox 1791 3760 1978 3818; x_wconf 92' lang='lat' dir='ltr'><strong>solida</strong></span> 
     </span>
    </p>
   </div>
   <div class='ocr_carea' id='block_1_69' title="bbox 325 3850 1978 3925">
    <p class='ocr_par' dir='ltr' id='par_1_69' title="bbox 325 3850 1978 3925">
     <span class='ocr_line' id='line_1_69' title="bbox 325 3850 1978 3925; baseline -0.007 -7"><span class='ocrx_word' id='word_1_542' title='bbox 325 3859 482 3917; x_wconf 88' lang='lat' dir='ltr'><strong>mole</strong></span> <span class='ocrx_word' id='word_1_543' title='bbox 510 3857 822 3916; x_wconf 82' lang='lat' dir='ltr'><strong>fundatum</strong></span> <span class='ocrx_word' id='word_1_544' title='bbox 851 3857 943 3910; x_wconf 88' lang='lat' dir='ltr'><strong>est</strong></span> <span class='ocrx_word' id='word_1_545' title='bbox 957 3853 1023 3906; x_wconf 76' lang='lat'><strong>‘°.</strong></span> <span class='ocrx_word' id='word_1_546' title='bbox 1049 3852 1165 3908; x_wconf 89' lang='lat' dir='ltr'><strong>Nec</strong></span> <span class='ocrx_word' id='word_1_547' title='bbox 1186 3857 1464 3925; x_wconf 89' lang='lat' dir='ltr'><strong>putemus</strong></span> <span class='ocrx_word' id='word_1_548' title='bbox 1486 3850 1673 3908; x_wconf 90' lang='lat' dir='ltr'><strong>oculis</strong></span> <span class='ocrx_word' id='word_1_549' title='bbox 1701 3850 1831 3907; x_wconf 88' lang='lat' dir='ltr'><strong>istis</strong></span> <span class='ocrx_word' id='word_1_550' title='bbox 1856 3868 1978 3907; x_wconf 88' lang='lat' dir='ltr'><strong>car-</strong></span> 
     </span>
    </p>
   </div>
   <div class='ocr_carea' id='block_1_70' title="bbox 329 3940 1977 4013">
    <p class='ocr_par' dir='ltr' id='par_1_70' title="bbox 329 3940 1977 4013">
     <span class='ocr_line' id='line_1_70' title="bbox 329 3940 1977 4013; baseline -0.007 -6"><span class='ocrx_word' id='word_1_551' title='bbox 329 3950 564 4008; x_wconf 90' lang='lat' dir='ltr'><strong>nalibus</strong></span> <span class='ocrx_word' id='word_1_552' title='bbox 595 3945 933 4002; x_wconf 87' lang='lat' dir='ltr'><strong>ﬁrmitatem</strong></span> <span class='ocrx_word' id='word_1_553' title='bbox 964 3941 1100 3997; x_wconf 85' lang='lat' dir='ltr'><strong>fidei</strong></span> <span class='ocrx_word' id='word_1_554' title='bbox 1131 3941 1280 4007; x_wconf 91' lang='lat' dir='ltr'><strong>dari,</strong></span> <span class='ocrx_word' id='word_1_555' title='bbox 1311 3958 1489 4013; x_wconf 86' lang='lat' dir='ltr'><strong>quam</strong></span> <span class='ocrx_word' id='word_1_556' title='bbox 1545 3957 1712 3997; x_wconf 89' lang='lat' dir='ltr'><strong>mens</strong></span> <span class='ocrx_word' id='word_1_557' title='bbox 1743 3946 1800 3996; x_wconf 88' lang='lat' dir='ltr'><strong>et</strong></span> <span class='ocrx_word' id='word_1_558' title='bbox 1828 3940 1977 3996; x_wconf 90' lang='lat' dir='ltr'><strong>ratio</strong></span> 
     </span>
    </p>
   </div>
   <div class='ocr_carea' id='block_1_71' title="bbox 328 4029 1981 4111">
    <p class='ocr_par' dir='ltr' id='par_1_71' title="bbox 328 4029 1981 4111">
     <span class='ocr_line' id='line_1_71' title="bbox 328 4029 1981 4111; baseline -0.008 -14"><span class='ocrx_word' id='word_1_559' title='bbox 328 4039 554 4097; x_wconf 87' lang='lat' dir='ltr'><strong>tribuit.</strong></span> <span class='ocrx_word' id='word_1_560' title='bbox 588 4032 856 4092; x_wconf 83' lang='lat' dir='ltr'><strong>Inﬁdeles</strong></span> <span class='ocrx_word' id='word_1_561' title='bbox 888 4030 1105 4111; x_wconf 84' lang='lat' dir='ltr'><strong>quique</strong></span> <span class='ocrx_word' id='word_1_562' title='bbox 1133 4031 1373 4086; x_wconf 86' lang='lat' dir='ltr'><strong>credant</strong></span> <span class='ocrx_word' id='word_1_563' title='bbox 1410 4029 1596 4102; x_wconf 88' lang='lat' dir='ltr'><strong>signis</strong></span> <span class='ocrx_word' id='word_1_564' title='bbox 1645 4033 1820 4102; x_wconf 89' lang='lat' dir='ltr'><strong>atque</strong></span> <span class='ocrx_word' id='word_1_565' title='bbox 1850 4045 1981 4102; x_wconf 80' lang='lat' dir='ltr'><strong>por-</strong></span> 
     </span>
    </p>
   </div>
   <div class='ocr_carea' id='block_1_72' title="bbox 331 4117 1977 4196">
    <p class='ocr_par' dir='ltr' id='par_1_72' title="bbox 331 4117 1977 4196">
     <span class='ocr_line' id='line_1_72' title="bbox 331 4117 1977 4196; baseline -0.007 -12"><span class='ocrx_word' id='word_1_566' title='bbox 331 4127 526 4196; x_wconf 87' lang='lat' dir='ltr'><strong>tentis,</strong></span> <span class='ocrx_word' id='word_1_567' title='bbox 558 4140 688 4196; x_wconf 72' lang='lat' dir='ltr'><strong>qus:</strong></span> <span class='ocrx_word' id='word_1_568' title='bbox 719 4119 979 4176; x_wconf 91' lang='lat' dir='ltr'><strong>humana</strong></span> <span class='ocrx_word' id='word_1_569' title='bbox 1015 4118 1169 4175; x_wconf 88' lang='lat' dir='ltr'><strong>acies</strong></span> <span class='ocrx_word' id='word_1_570' title='bbox 1217 4123 1549 4175; x_wconf 89' lang='lat' dir='ltr'><strong>contuetur.</strong></span> <span class='ocrx_word' id='word_1_571' title='bbox 1604 4117 1814 4174; x_wconf 87' lang='lat' dir='ltr'><strong>Fidelis</strong></span> <span class='ocrx_word' id='word_1_572' title='bbox 1846 4134 1977 4174; x_wconf 88' lang='lat' dir='ltr'><strong>vero</strong></span> 
     </span>
    </p>
   </div>
   <div class='ocr_carea' id='block_1_73' title="bbox 331 4208 1980 4291">
    <p class='ocr_par' dir='ltr' id='par_1_73' title="bbox 331 4208 1980 4291">
     <span class='ocr_line' id='line_1_73' title="bbox 331 4208 1980 4291; baseline -0.007 -16"><span class='ocrx_word' id='word_1_573' title='bbox 331 4216 523 4291; x_wconf 88' lang='lat' dir='ltr'><strong>magis</strong></span> <span class='ocrx_word' id='word_1_574' title='bbox 550 4213 811 4288; x_wconf 89' lang='lat' dir='ltr'><strong>prudens</strong></span> <span class='ocrx_word' id='word_1_575' title='bbox 842 4214 1020 4282; x_wconf 89' lang='lat' dir='ltr'><strong>atque</strong></span> <span class='ocrx_word' id='word_1_576' title='bbox 1049 4209 1328 4266; x_wconf 88' lang='lat' dir='ltr'><strong>robustus</strong></span> <span class='ocrx_word' id='word_1_577' title='bbox 1360 4208 1643 4266; x_wconf 87' lang='lat' dir='ltr'><strong>rationem</strong></span> <span class='ocrx_word' id='word_1_578' title='bbox 1695 4212 1980 4281; x_wconf 88' lang='lat' dir='ltr'><strong>sequatur</strong></span> 
     </span>
    </p>
   </div>
   <div class='ocr_carea' id='block_1_74' title="bbox 332 4298 1980 4371">
    <p class='ocr_par' dir='ltr' id='par_1_74' title="bbox 332 4298 1980 4371">
     <span class='ocr_line' id='line_1_74' title="bbox 332 4298 1980 4371; baseline -0.007 -6"><span class='ocrx_word' id='word_1_579' title='bbox 332 4311 393 4366; x_wconf 87' lang='lat' dir='ltr'><strong>et</strong></span> <span class='ocrx_word' id='word_1_580' title='bbox 419 4304 680 4370; x_wconf 86' lang='lat' dir='ltr'><strong>verbum,</strong></span> <span class='ocrx_word' id='word_1_581' title='bbox 711 4305 768 4358; x_wconf 89' lang='lat' dir='ltr'><strong>et</strong></span> <span class='ocrx_word' id='word_1_582' title='bbox 786 4300 874 4356; x_wconf 90' lang='lat' dir='ltr'><strong>sic</strong></span> <span class='ocrx_word' id='word_1_583' title='bbox 901 4298 1184 4370; x_wconf 85' lang='lat' dir='ltr'><strong>dijudicet</strong></span> <span class='ocrx_word' id='word_1_584' title='bbox 1206 4298 1346 4369; x_wconf 89' lang='lat' dir='ltr'><strong>quid</strong></span> <span class='ocrx_word' id='word_1_585' title='bbox 1375 4315 1600 4366; x_wconf 88' lang='lat' dir='ltr'><strong>verum,</strong></span> <span class='ocrx_word' id='word_1_586' title='bbox 1634 4298 1848 4371; x_wconf 88' lang='lat' dir='ltr'><strong>quidve</strong></span> <span class='ocrx_word' id='word_1_587' title='bbox 1879 4298 1980 4354; x_wconf 82' lang='lat' dir='ltr'><strong>fal-</strong></span> 
     </span>
    </p>
   </div>
   <div class='ocr_carea' id='block_1_75' title="bbox 327 4387 1982 4462">
    <p class='ocr_par' dir='ltr' id='par_1_75' title="bbox 327 4387 1982 4462">
     <span class='ocr_line' id='line_1_75' title="bbox 327 4387 1982 4462; baseline -0.006 -8"><span class='ocrx_word' id='word_1_588' title='bbox 327 4410 470 4454; x_wconf 89' lang='lat' dir='ltr'><strong>sum</strong></span> <span class='ocrx_word' id='word_1_589' title='bbox 492 4395 584 4449; x_wconf 91' lang='lat' dir='ltr'><strong>sit.</strong></span> <span class='ocrx_word' id='word_1_590' title='bbox 621 4393 780 4450; x_wconf 85' lang='lat' dir='ltr'><strong>Sicut</strong></span> <span class='ocrx_word' id='word_1_591' title='bbox 808 4388 1165 4446; x_wconf 86' lang='lat' dir='ltr'><strong>tradiderunt</strong></span> <span class='ocrx_word' id='word_1_592' title='bbox 1190 4387 1366 4457; x_wconf 79' lang='lat' dir='ltr'><strong>nobis,</strong></span> <span class='ocrx_word' id='word_1_593' title='bbox 1412 4390 1510 4460; x_wconf 87' lang='lat' dir='ltr'><strong>qui</strong></span> <span class='ocrx_word' id='word_1_594' title='bbox 1537 4390 1606 4443; x_wconf 86' lang='lat' dir='ltr'><strong>ab</strong></span> <span class='ocrx_word' id='word_1_595' title='bbox 1656 4389 1827 4446; x_wconf 87' lang='lat' dir='ltr'><strong>initia</strong></span> <span class='ocrx_word' id='word_1_596' title='bbox 1873 4390 1982 4462; x_wconf 83' lang='lat' dir='ltr'><strong>ipsi</strong></span> 
     </span>
    </p>
   </div>
   <div class='ocr_carea' id='block_1_76' title="bbox 329 4476 1979 4551">
    <p class='ocr_par' dir='ltr' id='par_1_76' title="bbox 329 4476 1979 4551">
     <span class='ocr_line' id='line_1_76' title="bbox 329 4476 1979 4551; baseline -0.007 -8"><span class='ocrx_word' id='word_1_597' title='bbox 329 4485 611 4551; x_wconf 77' lang='lat' dir='ltr'><strong>viderunt,</strong></span> <span class='ocrx_word' id='word_1_598' title='bbox 631 4486 680 4538; x_wconf 88' lang='lat' dir='ltr'><strong>et</strong></span> <span class='ocrx_word' id='word_1_599' title='bbox 700 4479 952 4537; x_wconf 85' lang='lat' dir='ltr'><strong>ministri</strong></span> <span class='ocrx_word' id='word_1_600' title='bbox 968 4479 1194 4550; x_wconf 83' lang='lat' dir='ltr'><strong>fuerunt</strong></span> <span class='ocrx_word' id='word_1_601' title='bbox 1214 4478 1501 4532; x_wconf 83' lang='lat' dir='ltr'><strong>sermonis.</strong></span> <span class='ocrx_word' id='word_1_602' title='bbox 1526 4476 1590 4533; x_wconf 89' lang='lat' dir='ltr'><strong>In</strong></span> <span class='ocrx_word' id='word_1_603' title='bbox 1618 4477 1812 4534; x_wconf 84' lang='lat' dir='ltr'><strong>Exodo</strong></span> <span class='ocrx_word' id='word_1_604' title='bbox 1838 4479 1979 4535; x_wconf 90' lang='lat' dir='ltr'><strong>scri-</strong></span> 
     </span>
    </p>
   </div>
   <div class='ocr_carea' id='block_1_77' title="bbox 327 4566 1983 4650">
    <p class='ocr_par' dir='ltr' id='par_1_77' title="bbox 327 4566 1983 4650">
     <span class='ocr_line' id='line_1_77' title="bbox 327 4566 1983 4650; baseline -0.005 -19"><span class='ocrx_word' id='word_1_605' title='bbox 327 4581 498 4650; x_wconf 84' lang='lat' dir='ltr'><strong>ptum</strong></span> <span class='ocrx_word' id='word_1_606' title='bbox 527 4576 616 4629; x_wconf 86' lang='lat' dir='ltr'><strong>est</strong></span> <span class='ocrx_word' id='word_1_607' title='bbox 639 4588 654 4628; x_wconf 88' lang='lat'><strong>:</strong></span> <span class='ocrx_word' id='word_1_608' title='bbox 687 4570 926 4642; x_wconf 84' lang='lat' dir='ltr'><strong>Populus</strong></span> <span class='ocrx_word' id='word_1_609' title='bbox 954 4567 1169 4625; x_wconf 79' lang='lat' dir='ltr'><strong>videbat</strong></span> <span class='ocrx_word' id='word_1_610' title='bbox 1190 4583 1376 4623; x_wconf 87' lang='lat' dir='ltr'><strong>vacem</strong></span> <span class='ocrx_word' id='word_1_611' title='bbox 1395 4567 1494 4622; x_wconf 85' lang='lat' dir='ltr'><strong>Dei</strong></span> <span class='ocrx_word' id='word_1_612' title='bbox 1523 4566 1585 4622; x_wconf 76' lang='grc'><strong>⁵⁷.</strong></span> <span class='ocrx_word' id='word_1_613' title='bbox 1611 4567 1678 4623; x_wconf 87' lang='lat' dir='ltr'><strong>Et</strong></span> <span class='ocrx_word' id='word_1_614' title='bbox 1697 4571 1852 4624; x_wconf 87' lang='lat' dir='ltr'><strong>certe</strong></span> <span class='ocrx_word' id='word_1_615' title='bbox 1871 4584 1983 4624; x_wconf 89' lang='lat' dir='ltr'><strong>vox</strong></span> 
     </span>
    </p>
   </div>
   <div class='ocr_carea' id='block_1_78' title="bbox 329 4655 1979 4735">
    <p class='ocr_par' dir='ltr' id='par_1_78' title="bbox 329 4655 1979 4735">
     <span class='ocr_line' id='line_1_78' title="bbox 329 4655 1979 4735; baseline -0.005 -14"><span class='ocrx_word' id='word_1_616' title='bbox 329 4665 570 4722; x_wconf 87' lang='lat' dir='ltr'><strong>auditur</strong></span> <span class='ocrx_word' id='word_1_617' title='bbox 586 4661 750 4735; x_wconf 84' lang='lat' dir='ltr'><strong>prius</strong></span> <span class='ocrx_word' id='word_1_618' title='bbox 768 4673 946 4732; x_wconf 88' lang='lat' dir='ltr'><strong>quam</strong></span> <span class='ocrx_word' id='word_1_619' title='bbox 967 4655 1224 4727; x_wconf 87' lang='lat' dir='ltr'><strong>videtur;</strong></span> <span class='ocrx_word' id='word_1_620' title='bbox 1245 4657 1344 4713; x_wconf 89' lang='lat' dir='ltr'><strong>sed</strong></span> <span class='ocrx_word' id='word_1_621' title='bbox 1369 4661 1674 4729; x_wconf 87' lang='lat' dir='ltr'><strong>propterea</strong></span> <span class='ocrx_word' id='word_1_622' title='bbox 1694 4657 1979 4730; x_wconf 90' lang='lat' dir='ltr'><strong>scriptum</strong></span> 
     </span>
    </p>
   </div>
   <div class='ocr_carea' id='block_1_79' title="bbox 2011 4705 2058 4770">
    <p class='ocr_par' dir='ltr' id='par_1_79' title="bbox 2011 4705 2058 4770">
     <span class='ocr_line' id='line_1_79' title="bbox 2011 4705 2058 4770; baseline 0 0"><span class='ocrx_word' id='word_1_623' title='bbox 2011 4705 2058 4770; x_wconf 93' lang='lat' dir='ltr'><strong>D</strong></span> 
     </span>
    </p>
   </div>
   <div class='ocr_carea' id='block_1_80' title="bbox 2079 3583 3728 3658">
    <p class='ocr_par' dir='ltr' id='par_1_80' title="bbox 2079 3583 3728 3658">
     <span class='ocr_line' id='line_1_80' title="bbox 2079 3583 3728 3658; baseline 0.001 -17"><span class='ocrx_word' id='word_1_624' title='bbox 2079 3585 2333 3641; x_wconf 82' lang='lat' dir='ltr'><strong>ministri</strong></span> <span class='ocrx_word' id='word_1_625' title='bbox 2369 3585 2594 3656; x_wconf 77' lang='lat' dir='ltr'><strong>[uerunt</strong></span> <span class='ocrx_word' id='word_1_626' title='bbox 2636 3585 2922 3640; x_wconf 87' lang='lat' dir='ltr'><strong>sermonis.</strong></span> <span class='ocrx_word' id='word_1_627' title='bbox 2982 3583 3056 3640; x_wconf 89' lang='lat' dir='ltr'><strong>Ut</strong></span> <span class='ocrx_word' id='word_1_628' title='bbox 3111 3600 3179 3640; x_wconf 83' lang='lat' dir='ltr'><strong>ex</strong></span> <span class='ocrx_word' id='word_1_629' title='bbox 3233 3601 3299 3641; x_wconf 92' lang='lat' dir='ltr'><strong>eo</strong></span> <span class='ocrx_word' id='word_1_630' title='bbox 3347 3585 3502 3658; x_wconf 88' lang='lat' dir='ltr'><strong>quod</strong></span> <span class='ocrx_word' id='word_1_631' title='bbox 3561 3584 3728 3658; x_wconf 86' lang='lat' dir='ltr'><strong>dixit,</strong></span> 
     </span>
    </p>
   </div>
   <div class='ocr_carea' id='block_1_81' title="bbox 2083 3671 3736 3748">
    <p class='ocr_par' dir='ltr' id='par_1_81' title="bbox 2083 3671 3736 3748">
     <span class='ocr_line' id='line_1_81' title="bbox 2083 3671 3736 3748; baseline 0.001 -17"><span class='ocrx_word' id='word_1_632' title='bbox 2083 3676 2196 3748; x_wconf 87' lang='lat' dir='ltr'><strong>ipsi</strong></span> <span class='ocrx_word' id='word_1_633' title='bbox 2223 3673 2494 3743; x_wconf 87' lang='lat' dir='ltr'><strong>viderunt,</strong></span> <span class='ocrx_word' id='word_1_634' title='bbox 2519 3672 2845 3728; x_wconf 88' lang='lat' dir='ltr'><strong>doctrinam</strong></span> <span class='ocrx_word' id='word_1_635' title='bbox 2881 3677 2939 3728; x_wconf 90' lang='lat' dir='ltr'><strong>et</strong></span> <span class='ocrx_word' id='word_1_636' title='bbox 2970 3671 3275 3730; x_wconf 90' lang='lat' dir='ltr'><strong>scientiam</strong></span> <span class='ocrx_word' id='word_1_637' title='bbox 3308 3673 3651 3748; x_wconf 83' lang='lat' dir='ltr'><strong>signiﬁcari,</strong></span> <span class='ocrx_word' id='word_1_638' title='bbox 3677 3673 3736 3732; x_wconf 88' lang='lat' dir='ltr'><strong>et</strong></span> 
     </span>
    </p>
   </div>
   <div class='ocr_carea' id='block_1_82' title="bbox 2085 3762 3736 3836">
    <p class='ocr_par' dir='ltr' id='par_1_82' title="bbox 2085 3762 3736 3836">
     <span class='ocr_line' id='line_1_82' title="bbox 2085 3762 3736 3836; baseline 0.001 -15"><span class='ocrx_word' id='word_1_639' title='bbox 2085 3781 2154 3822; x_wconf 87' lang='lat' dir='ltr'><strong>ex</strong></span> <span class='ocrx_word' id='word_1_640' title='bbox 2175 3781 2242 3821; x_wconf 88' lang='lat' dir='ltr'><strong>eo</strong></span> <span class='ocrx_word' id='word_1_641' title='bbox 2271 3763 2427 3836; x_wconf 90' lang='lat' dir='ltr'><strong>quod</strong></span> <span class='ocrx_word' id='word_1_642' title='bbox 2457 3762 2621 3833; x_wconf 84' lang='lat' dir='ltr'><strong>dixit,</strong></span> <span class='ocrx_word' id='word_1_643' title='bbox 2653 3763 2908 3818; x_wconf 79' lang='lat' dir='ltr'><strong>ministri</strong></span> <span class='ocrx_word' id='word_1_644' title='bbox 2929 3765 3161 3836; x_wconf 80' lang='lat' dir='ltr'><strong>fuerunt</strong></span> <span class='ocrx_word' id='word_1_645' title='bbox 3187 3765 3474 3833; x_wconf 82' lang='lat' dir='ltr'><strong>sermonis,</strong></span> <span class='ocrx_word' id='word_1_646' title='bbox 3497 3765 3736 3822; x_wconf 87' lang='lat' dir='ltr'><strong>demon-</strong></span> 
     </span>
    </p>
   </div>
   <div class='ocr_carea' id='block_1_83' title="bbox 2084 3853 3730 3928">
    <p class='ocr_par' dir='ltr' id='par_1_83' title="bbox 2084 3853 3730 3928">
     <span class='ocr_line' id='line_1_83' title="bbox 2084 3853 3730 3928; baseline 0.001 -17"><span class='ocrx_word' id='word_1_647' title='bbox 2084 3853 2258 3911; x_wconf 87' lang='lat' dir='ltr'><strong>strari</strong></span> <span class='ocrx_word' id='word_1_648' title='bbox 2315 3869 2492 3926; x_wconf 86' lang='lat' dir='ltr'><strong>opera</strong></span> <span class='ocrx_word' id='word_1_649' title='bbox 2549 3869 2997 3926; x_wconf 88' lang='lat' dir='ltr'><strong>cognoscamus.</strong></span> <span class='ocrx_word' id='word_1_650' title='bbox 3057 3854 3310 3913; x_wconf 84' lang='lat' dir='ltr'><strong>Assecuta</strong></span> <span class='ocrx_word' id='word_1_651' title='bbox 3357 3855 3730 3928; x_wconf 85' lang='lat' dir='ltr'><strong>aprincipio:</strong></span> 
     </span>
    </p>
   </div>
   <div class='ocr_carea' id='block_1_84' title="bbox 2091 3943 3736 4002">
    <p class='ocr_par' dir='ltr' id='par_1_84' title="bbox 2091 3943 3736 4002">
     <span class='ocr_line' id='line_1_84' title="bbox 2091 3943 3736 4002; baseline -0.001 -1"><span class='ocrx_word' id='word_1_652' title='bbox 2091 3946 2273 4001; x_wconf 85' lang='lat' dir='ltr'><strong>Visum</strong></span> <span class='ocrx_word' id='word_1_653' title='bbox 2301 3946 2459 4000; x_wconf 86' lang='lat' dir='ltr'><strong>estet</strong></span> <span class='ocrx_word' id='word_1_654' title='bbox 2488 3943 2630 3998; x_wconf 85' lang='lat' dir='ltr'><strong>mihi</strong></span> <span class='ocrx_word' id='word_1_655' title='bbox 2678 3947 2930 3998; x_wconf 88' lang='lat' dir='ltr'><strong>assecuta</strong></span> <span class='ocrx_word' id='word_1_656' title='bbox 2977 3943 3045 3998; x_wconf 93' lang='lat' dir='ltr'><strong>ab</strong></span> <span class='ocrx_word' id='word_1_657' title='bbox 3096 3945 3300 4002; x_wconf 88' lang='lat' dir='ltr'><strong>initio:</strong></span> <span class='ocrx_word' id='word_1_658' title='bbox 3358 3945 3614 4001; x_wconf 90' lang='lat' dir='ltr'><strong>inculcat</strong></span> <span class='ocrx_word' id='word_1_659' title='bbox 3668 3960 3736 4000; x_wconf 89' lang='lat' dir='ltr'><strong>ac</strong></span> 
     </span>
    </p>
   </div>
   <div class='ocr_carea' id='block_1_85' title="bbox 2087 4029 3734 4105">
    <p class='ocr_par' dir='ltr' id='par_1_85' title="bbox 2087 4029 3734 4105">
     <span class='ocr_line' id='line_1_85' title="bbox 2087 4029 3734 4105; baseline 0.001 -17"><span class='ocrx_word' id='word_1_660' title='bbox 2087 4031 2349 4105; x_wconf 90' lang='lat' dir='ltr'><strong>replicat,</strong></span> <span class='ocrx_word' id='word_1_661' title='bbox 2382 4031 2662 4102; x_wconf 91' lang='lat' dir='ltr'><strong>quoniam</strong></span> <span class='ocrx_word' id='word_1_662' title='bbox 2694 4048 2760 4086; x_wconf 91' lang='lat' dir='ltr'><strong>ea</strong></span> <span class='ocrx_word' id='word_1_663' title='bbox 2791 4048 2920 4102; x_wconf 67' lang='lat' dir='ltr'><strong>quae</strong></span> <span class='ocrx_word' id='word_1_664' title='bbox 2974 4031 3302 4103; x_wconf 89' lang='lat' dir='ltr'><strong>scripturus</strong></span> <span class='ocrx_word' id='word_1_665' title='bbox 3331 4029 3440 4099; x_wconf 77' lang='lat' dir='ltr'><strong>est,</strong></span> <span class='ocrx_word' id='word_1_666' title='bbox 3486 4050 3602 4090; x_wconf 90' lang='lat' dir='ltr'><strong>non</strong></span> <span class='ocrx_word' id='word_1_667' title='bbox 3634 4049 3734 4090; x_wconf 85' lang='lat' dir='ltr'><strong>ru-</strong></span> 
     </span>
    </p>
   </div>
   <div class='ocr_carea' id='block_1_86' title="bbox 2087 4119 3738 4192">
    <p class='ocr_par' dir='ltr' id='par_1_86' title="bbox 2087 4119 3738 4192">
     <span class='ocr_line' id='line_1_86' title="bbox 2087 4119 3738 4192; baseline 0.001 -15"><span class='ocrx_word' id='word_1_668' title='bbox 2087 4138 2248 4177; x_wconf 88' lang='lat' dir='ltr'><strong>more</strong></span> <span class='ocrx_word' id='word_1_669' title='bbox 2277 4119 2631 4192; x_wconf 77' lang='lat' dir='ltr'><strong>cognoverit,</strong></span> <span class='ocrx_word' id='word_1_670' title='bbox 2664 4121 2765 4175; x_wconf 88' lang='lat' dir='ltr'><strong>sed</strong></span> <span class='ocrx_word' id='word_1_671' title='bbox 2798 4120 2872 4175; x_wconf 90' lang='lat' dir='ltr'><strong>ab</strong></span> <span class='ocrx_word' id='word_1_672' title='bbox 2894 4119 3061 4174; x_wconf 91' lang='lat' dir='ltr'><strong>initio</strong></span> <span class='ocrx_word' id='word_1_673' title='bbox 3093 4120 3220 4192; x_wconf 86' lang='lat' dir='ltr'><strong>ipse</strong></span> <span class='ocrx_word' id='word_1_674' title='bbox 3254 4122 3430 4176; x_wconf 87' lang='lat' dir='ltr'><strong>fuerit</strong></span> <span class='ocrx_word' id='word_1_675' title='bbox 3459 4138 3738 4179; x_wconf 65' lang='lat' dir='ltr'><strong>consecuv</strong></span> 
     </span>
    </p>
   </div>
   <div class='ocr_carea' id='block_1_87' title="bbox 2091 4207 3738 4280">
    <p class='ocr_par' dir='ltr' id='par_1_87' title="bbox 2091 4207 3738 4280">
     <span class='ocr_line' id='line_1_87' title="bbox 2091 4207 3738 4280; baseline 0 -14"><span class='ocrx_word' id='word_1_676' title='bbox 2091 4216 2209 4268; x_wconf 89' lang='lat' dir='ltr'><strong>tus.</strong></span> <span class='ocrx_word' id='word_1_677' title='bbox 2248 4209 2406 4267; x_wconf 90' lang='lat' dir='ltr'><strong>Unde</strong></span> <span class='ocrx_word' id='word_1_678' title='bbox 2447 4209 2606 4263; x_wconf 87' lang='lat' dir='ltr'><strong>etab</strong></span> <span class='ocrx_word' id='word_1_679' title='bbox 2652 4207 2927 4280; x_wconf 89' lang='lat' dir='ltr'><strong>Apostolo</strong></span> <span class='ocrx_word' id='word_1_680' title='bbox 2975 4209 3183 4264; x_wconf 91' lang='lat' dir='ltr'><strong>merito</strong></span> <span class='ocrx_word' id='word_1_681' title='bbox 3231 4208 3619 4280; x_wconf 90' lang='lat' dir='ltr'><strong>collaudatur,</strong></span> <span class='ocrx_word' id='word_1_682' title='bbox 3650 4211 3738 4266; x_wconf 91' lang='lat' dir='ltr'><strong>di-</strong></span> 
     </span>
    </p>
   </div>
   <div class='ocr_carea' id='block_1_88' title="bbox 2089 4295 3774 4371">
    <p class='ocr_par' dir='ltr' id='par_1_88' title="bbox 2089 4295 3774 4371">
     <span class='ocr_line' id='line_1_88' title="bbox 2089 4295 3774 4371; baseline -0.005 -13"><span class='ocrx_word' id='word_1_683' title='bbox 2089 4306 2257 4358; x_wconf 89' lang='lat' dir='ltr'><strong>cente</strong></span> <span class='ocrx_word' id='word_1_684' title='bbox 2285 4315 2298 4354; x_wconf 89' lang='lat'><strong>:</strong></span> <span class='ocrx_word' id='word_1_685' title='bbox 2329 4299 2493 4371; x_wconf 85' lang='lat' dir='ltr'><strong>Cujus</strong></span> <span class='ocrx_word' id='word_1_686' title='bbox 2529 4295 2652 4352; x_wconf 85' lang='lat' dir='ltr'><strong>laus</strong></span> <span class='ocrx_word' id='word_1_687' title='bbox 2680 4299 2742 4353; x_wconf 91' lang='lat' dir='ltr'><strong>in</strong></span> <span class='ocrx_word' id='word_1_688' title='bbox 2770 4297 3069 4367; x_wconf 85' lang='lat' dir='ltr'><strong>Evangelia</strong></span> <span class='ocrx_word' id='word_1_689' title='bbox 3097 4301 3176 4354; x_wconf 80' lang='lat' dir='ltr'><strong>est</strong></span> <span class='ocrx_word' id='word_1_690' title='bbox 3203 4315 3302 4370; x_wconf 88' lang='lat' dir='ltr'><strong>per</strong></span> <span class='ocrx_word' id='word_1_691' title='bbox 3323 4313 3509 4355; x_wconf 83' lang='lat' dir='ltr'><strong>omnes</strong></span> <span class='ocrx_word' id='word_1_692' title='bbox 3558 4299 3739 4356; x_wconf 74' lang='lat' dir='ltr'><strong>Eccle-</strong></span> <span class='ocrx_word' id='word_1_693' title='bbox 3761 4346 3774 4350; x_wconf 67' lang='grc'>,</span> 
     </span>
    </p>
   </div>
   <div class='ocr_carea' id='block_1_89' title="bbox 2088 4385 3740 4453">
    <p class='ocr_par' dir='ltr' id='par_1_89' title="bbox 2088 4385 3740 4453">
     <span class='ocr_line' id='line_1_89' title="bbox 2088 4385 3740 4453; baseline -0.002 -6"><span class='ocrx_word' id='word_1_694' title='bbox 2088 4393 2203 4447; x_wconf 88' lang='lat' dir='ltr'><strong>sias</strong></span> <span class='ocrx_word' id='word_1_695' title='bbox 2222 4391 2288 4444; x_wconf 82' lang='grc' dir='ltr'><strong>⁸ο.</strong></span> <span class='ocrx_word' id='word_1_696' title='bbox 2323 4389 2440 4445; x_wconf 83' lang='lat' dir='ltr'><strong>Hoc</strong></span> <span class='ocrx_word' id='word_1_697' title='bbox 2469 4387 2627 4443; x_wconf 87' lang='lat' dir='ltr'><strong>enim</strong></span> <span class='ocrx_word' id='word_1_698' title='bbox 2661 4387 2731 4442; x_wconf 87' lang='lat' dir='ltr'><strong>de</strong></span> <span class='ocrx_word' id='word_1_699' title='bbox 2762 4387 2923 4442; x_wconf 90' lang='lat' dir='ltr'><strong>nullo</strong></span> <span class='ocrx_word' id='word_1_700' title='bbox 2971 4385 3083 4443; x_wconf 89' lang='lat' dir='ltr'><strong>alio</strong></span> <span class='ocrx_word' id='word_1_701' title='bbox 3132 4387 3367 4453; x_wconf 90' lang='lat' dir='ltr'><strong>dicitur,</strong></span> <span class='ocrx_word' id='word_1_702' title='bbox 3416 4392 3476 4443; x_wconf 90' lang='lat' dir='ltr'><strong>et</strong></span> <span class='ocrx_word' id='word_1_703' title='bbox 3523 4386 3638 4443; x_wconf 85' lang='lat' dir='ltr'><strong>nisi</strong></span> <span class='ocrx_word' id='word_1_704' title='bbox 3667 4389 3740 4444; x_wconf 79' lang='lat' dir='ltr'><strong>de</strong></span> 
     </span>
    </p>
   </div>
   <div class='ocr_carea' id='block_1_90' title="bbox 2091 4476 3745 4538">
    <p class='ocr_par' dir='ltr' id='par_1_90' title="bbox 2091 4476 3745 4538">
     <span class='ocr_line' id='line_1_90' title="bbox 2091 4476 3745 4538; baseline -0.001 0"><span class='ocrx_word' id='word_1_705' title='bbox 2091 4482 2248 4538; x_wconf 89' lang='lat' dir='ltr'><strong>Luca</strong></span> <span class='ocrx_word' id='word_1_706' title='bbox 2279 4479 2504 4535; x_wconf 89' lang='lat' dir='ltr'><strong>dictum</strong></span> <span class='ocrx_word' id='word_1_707' title='bbox 2536 4476 2825 4532; x_wconf 88' lang='lat' dir='ltr'><strong>traditur:</strong></span> <span class='ocrx_word' id='word_1_708' title='bbox 2868 4479 3052 4533; x_wconf 87' lang='lat' dir='ltr'><strong>Visum</strong></span> <span class='ocrx_word' id='word_1_709' title='bbox 3081 4481 3162 4532; x_wconf 89' lang='lat' dir='ltr'><strong>est</strong></span> <span class='ocrx_word' id='word_1_710' title='bbox 3191 4480 3242 4533; x_wconf 87' lang='lat' dir='ltr'><strong>et</strong></span> <span class='ocrx_word' id='word_1_711' title='bbox 3268 4478 3412 4532; x_wconf 75' lang='lat' dir='ltr'><strong>mihi</strong></span> <span class='ocrx_word' id='word_1_712' title='bbox 3442 4485 3684 4536; x_wconf 85' lang='lat' dir='ltr'><strong>assecuta</strong></span> <span class='ocrx_word' id='word_1_713' title='bbox 3704 4493 3745 4536; x_wconf 90' lang='lat' dir='ltr'><strong>a</strong></span> 
     </span>
    </p>
   </div>
   <div class='ocr_carea' id='block_1_91' title="bbox 2087 4566 3745 4643">
    <p class='ocr_par' dir='ltr' id='par_1_91' title="bbox 2087 4566 3745 4643">
     <span class='ocr_line' id='line_1_91' title="bbox 2087 4566 3745 4643; baseline -0.001 -17"><span class='ocrx_word' id='word_1_714' title='bbox 2087 4571 2362 4643; x_wconf 85' lang='lat' dir='ltr'><strong>principio</strong></span> <span class='ocrx_word' id='word_1_715' title='bbox 2392 4568 2578 4624; x_wconf 89' lang='lat' dir='ltr'><strong>omnia</strong></span> <span class='ocrx_word' id='word_1_716' title='bbox 2631 4566 2926 4636; x_wconf 86' lang='lat' dir='ltr'><strong>diligenter</strong></span> <span class='ocrx_word' id='word_1_717' title='bbox 2980 4583 3052 4624; x_wconf 68' lang='lat' dir='ltr'><strong>ex</strong></span> <span class='ocrx_word' id='word_1_718' title='bbox 3106 4566 3298 4624; x_wconf 81' lang='lat' dir='ltr'><strong>ordine</strong></span> <span class='ocrx_word' id='word_1_719' title='bbox 3328 4568 3433 4624; x_wconf 85' lang='lat' dir='ltr'><strong>tibi</strong></span> <span class='ocrx_word' id='word_1_720' title='bbox 3485 4568 3745 4638; x_wconf 86' lang='lat' dir='ltr'><strong>scribere,</strong></span> 
     </span>
    </p>
   </div>
   <div class='ocr_carea' id='block_1_92' title="bbox 2091 4653 3742 4730">
    <p class='ocr_par' dir='ltr' id='par_1_92' title="bbox 2091 4653 3742 4730">
     <span class='ocr_line' id='line_1_92' title="bbox 2091 4653 3742 4730; baseline -0.001 -14"><span class='ocrx_word' id='word_1_721' title='bbox 2091 4659 2292 4730; x_wconf 88' lang='lat' dir='ltr'><strong>optime</strong></span> <span class='ocrx_word' id='word_1_722' title='bbox 2323 4653 2613 4728; x_wconf 75' lang='lat' dir='ltr'><strong>Theophila</strong></span> <span class='ocrx_word' id='word_1_723' title='bbox 2642 4657 2781 4728; x_wconf 86' lang='lat'><strong>(99).</strong></span> <span class='ocrx_word' id='word_1_724' title='bbox 2804 4657 2976 4714; x_wconf 88' lang='lat' dir='ltr'><strong>Putat</strong></span> <span class='ocrx_word' id='word_1_725' title='bbox 3005 4657 3240 4730; x_wconf 89' lang='lat' dir='ltr'><strong>aliquis,</strong></span> <span class='ocrx_word' id='word_1_726' title='bbox 3273 4659 3431 4730; x_wconf 83' lang='lat' dir='ltr'><strong>quod</strong></span> <span class='ocrx_word' id='word_1_727' title='bbox 3453 4659 3526 4715; x_wconf 91' lang='lat' dir='ltr'><strong>ad</strong></span> <span class='ocrx_word' id='word_1_728' title='bbox 3556 4658 3742 4715; x_wconf 86' lang='lat' dir='ltr'><strong>Theo-</strong></span> 
     </span>
    </p>
   </div>
   <div class='ocr_carea' id='block_1_93' title="bbox 330 4744 3740 4824">
    <p class='ocr_par' dir='ltr' id='par_1_93' title="bbox 330 4744 3740 4824">
     <span class='ocr_line' id='line_1_93' title="bbox 330 4744 3740 4824; baseline -0.002 -12"><span class='ocrx_word' id='word_1_729' title='bbox 330 4760 442 4824; x_wconf 87' lang='lat' dir='ltr'><strong>est,</strong></span> <span class='ocrx_word' id='word_1_730' title='bbox 479 4759 543 4810; x_wconf 90' lang='lat' dir='ltr'><strong>ut</strong></span> <span class='ocrx_word' id='word_1_731' title='bbox 571 4751 974 4810; x_wconf 86' lang='lat' dir='ltr'><strong>ostenderetur</strong></span> <span class='ocrx_word' id='word_1_732' title='bbox 1005 4746 1172 4803; x_wconf 90' lang='lat' dir='ltr'><strong>nobis</strong></span> <span class='ocrx_word' id='word_1_733' title='bbox 1207 4745 1337 4802; x_wconf 89' lang='lat' dir='ltr'><strong>aliis</strong></span> <span class='ocrx_word' id='word_1_734' title='bbox 1360 4745 1547 4802; x_wconf 91' lang='lat' dir='ltr'><strong>oculis</strong></span> <span class='ocrx_word' id='word_1_735' title='bbox 1565 4745 1761 4803; x_wconf 89' lang='lat' dir='ltr'><strong>videre</strong></span> <span class='ocrx_word' id='word_1_736' title='bbox 1781 4764 1978 4806; x_wconf 88' lang='lat' dir='ltr'><strong>vocem</strong></span> <span class='ocrx_word' id='word_1_737' title='bbox 2011 4744 2058 4770; x_wconf 75' lang='grc' dir='ltr'><strong><em>υ</em></strong></span> <span class='ocrx_word' id='word_1_738' title='bbox 2092 4747 2321 4822; x_wconf 89' lang='lat' dir='ltr'><strong>pbilum</strong></span> <span class='ocrx_word' id='word_1_739' title='bbox 2346 4744 2686 4820; x_wconf 88' lang='lat' dir='ltr'><strong>quempiam</strong></span> <span class='ocrx_word' id='word_1_740' title='bbox 2708 4745 3085 4819; x_wconf 84' lang='lat' dir='ltr'><strong>Evangelium</strong></span> <span class='ocrx_word' id='word_1_741' title='bbox 3105 4747 3394 4805; x_wconf 52' lang='grc' dir='ltr'><strong>θυμω</strong></span> <span class='ocrx_word' id='word_1_742' title='bbox 3418 4748 3740 4822; x_wconf 86' lang='lat' dir='ltr'><strong>scripserit:</strong></span> 
     </span>
    </p>
   </div>
   <div class='ocr_carea' id='block_1_94' title="bbox 402 4871 1652 4946">
    <p class='ocr_par' dir='ltr' id='par_1_94' title="bbox 402 4871 1652 4946">
     <span class='ocr_line' id='line_1_94' title="bbox 402 4871 1652 4946; baseline -0.006 -11"><span class='ocrx_word' id='word_1_743' title='bbox 402 4882 450 4916; x_wconf 69' lang='lat'><strong>“</strong></span> <span class='ocrx_word' id='word_1_744' title='bbox 478 4877 635 4934; x_wconf 86' lang='lat' dir='ltr'><strong>Psal.</strong></span> <span class='ocrx_word' id='word_1_745' title='bbox 689 4891 883 4942; x_wconf 86' lang='lat' dir='ltr'><strong>cxvm,</strong></span> <span class='ocrx_word' id='word_1_746' title='bbox 913 4875 1003 4928; x_wconf 86' lang='lat'><strong>28.</strong></span> <span class='ocrx_word' id='word_1_747' title='bbox 1059 4945 1069 4946; x_wconf 16' lang='grc' dir='ltr'>ί</span> <span class='ocrx_word' id='word_1_748' title='bbox 1117 4873 1160 4907; x_wconf 76' lang='grc'><strong>³⁵</strong></span> <span class='ocrx_word' id='word_1_749' title='bbox 1198 4871 1410 4946; x_wconf 88' lang='lat' dir='ltr'><strong>Ephes.</strong></span> <span class='ocrx_word' id='word_1_750' title='bbox 1443 4890 1528 4939; x_wconf 83' lang='grc' dir='ltr'><strong>ιιι,</strong></span> <span class='ocrx_word' id='word_1_751' title='bbox 1566 4873 1652 4934; x_wconf 85' lang='lat'><strong>17,</strong></span> 
     </span>
    </p>
   </div>
   <div class='ocr_carea' id='block_1_95' title="bbox 327 4945 1452 5020">
    <p class='ocr_par' dir='ltr' id='par_1_95' title="bbox 327 4945 1452 5020">
     <span class='ocr_line' id='line_1_95' title="bbox 327 4945 1452 5020; baseline -0.011 -7"><span class='ocrx_word' id='word_1_752' title='bbox 327 4953 380 4990; x_wconf 80' lang='grc'><strong><em>⁸⁹</em></strong></span> <span class='ocrx_word' id='word_1_753' title='bbox 404 4954 577 5012; x_wconf 81' lang='lat' dir='ltr'><strong>Joan.</strong></span> <span class='ocrx_word' id='word_1_754' title='bbox 608 4965 724 5020; x_wconf 78' lang='lat' dir='ltr'><strong>xw,</strong></span> <span class='ocrx_word' id='word_1_755' title='bbox 755 4949 810 5003; x_wconf 90' lang='lat'><strong>9.</strong></span> <span class='ocrx_word' id='word_1_756' title='bbox 888 4947 934 4982; x_wconf 75' lang='grc' dir='ltr'><strong><em>⁵ο</em></strong></span> <span class='ocrx_word' id='word_1_757' title='bbox 963 4946 1012 5002; x_wconf 88' lang='grc' dir='ltr'>ΙΙ</span> <span class='ocrx_word' id='word_1_758' title='bbox 1044 4945 1174 5002; x_wconf 88' lang='lat' dir='ltr'><strong>Cor.</strong></span> <span class='ocrx_word' id='word_1_759' title='bbox 1205 4945 1330 5016; x_wconf 75' lang='lat' dir='ltr'><strong>vin,</strong></span> <span class='ocrx_word' id='word_1_760' title='bbox 1367 4946 1452 5001; x_wconf 91' lang='grc'><strong>18.</strong></span> 
     </span>
    </p>
   </div>
   <div class='ocr_carea' id='block_1_96' title="bbox 412 5070 1988 5149">
    <p class='ocr_par' dir='ltr' id='par_1_96' title="bbox 412 5070 1988 5149">
     <span class='ocr_line' id='line_1_96' title="bbox 412 5070 1988 5149; baseline -0.003 -16"><span class='ocrx_word' id='word_1_761' title='bbox 412 5077 523 5149; x_wconf 77' lang='grc'><strong>(97)</strong></span> <span class='ocrx_word' id='word_1_762' title='bbox 554 5074 778 5149; x_wconf 81' lang='lat' dir='ltr'><strong>Vitiose</strong></span> <span class='ocrx_word' id='word_1_763' title='bbox 807 5070 1358 5149; x_wconf 63' lang='lat' dir='ltr'><strong>praeferebantediti</strong></span> <span class='ocrx_word' id='word_1_764' title='bbox 1398 5075 1570 5149; x_wconf 75' lang='lat' dir='ltr'><strong>antea</strong></span> <span class='ocrx_word' id='word_1_765' title='bbox 1609 5071 1762 5144; x_wconf 90' lang='lat' dir='ltr'><strong>libri,</strong></span> <span class='ocrx_word' id='word_1_766' title='bbox 1787 5073 1988 5149; x_wconf 74' lang='lat' dir='ltr'><strong>pluri—</strong></span> 
     </span>
    </p>
   </div>
   <div class='ocr_carea' id='block_1_97' title="bbox 331 5143 1990 5276">
    <p class='ocr_par' dir='ltr' id='par_1_97' title="bbox 331 5143 1990 5276">
     <span class='ocr_line' id='line_1_97' title="bbox 331 5143 1990 5220; baseline -0.007 -12"><span class='ocrx_word' id='word_1_767' title='bbox 331 5143 474 5220; x_wconf 73' lang='lat' dir='ltr'><strong>mas,</strong></span> <span class='ocrx_word' id='word_1_768' title='bbox 503 5143 566 5204; x_wconf 84' lang='lat' dir='ltr'><strong>id</strong></span> <span class='ocrx_word' id='word_1_769' title='bbox 596 5152 687 5204; x_wconf 88' lang='lat' dir='ltr'><strong>est</strong></span> <span class='ocrx_word' id='word_1_770' title='bbox 714 5143 984 5209; x_wconf 69' lang='lat' dir='ltr'><strong>haereses,</strong></span> <span class='ocrx_word' id='word_1_771' title='bbox 1013 5160 1148 5199; x_wconf 92' lang='lat' dir='ltr'><strong>cum</strong></span> <span class='ocrx_word' id='word_1_772' title='bbox 1189 5143 1260 5198; x_wconf 88' lang='lat' dir='ltr'><strong>de</strong></span> <span class='ocrx_word' id='word_1_773' title='bbox 1309 5143 1880 5216; x_wconf 84' lang='lat' dir='ltr'><strong>pseudo-evangeliis</strong></span> <span class='ocrx_word' id='word_1_774' title='bbox 1913 5150 1990 5200; x_wconf 81' lang='lat' dir='ltr'><strong>tn-</strong></span> 
     </span>
     <span class='ocr_line' id='line_1_98' title="bbox 331 5215 1989 5276; baseline -0.004 1"><span class='ocrx_word' id='word_1_775' title='bbox 331 5230 440 5276; x_wconf 80' lang='lat' dir='ltr'><strong>tus</strong></span> <span class='ocrx_word' id='word_1_776' title='bbox 466 5220 557 5276; x_wconf 90' lang='lat' dir='ltr'><strong>hic</strong></span> <span class='ocrx_word' id='word_1_777' title='bbox 587 5235 779 5276; x_wconf 90' lang='lat' dir='ltr'><strong>sermo</strong></span> <span class='ocrx_word' id='word_1_778' title='bbox 810 5217 905 5273; x_wconf 89' lang='lat' dir='ltr'><strong>sit.</strong></span> <span class='ocrx_word' id='word_1_779' title='bbox 938 5221 1116 5272; x_wconf 84' lang='lat' dir='ltr'><strong>Porro</strong></span> <span class='ocrx_word' id='word_1_780' title='bbox 1166 5215 1287 5270; x_wconf 67' lang='lat' dir='ltr'><strong>haec</strong></span> <span class='ocrx_word' id='word_1_781' title='bbox 1320 5233 1468 5276; x_wconf 86' lang='lat' dir='ltr'><strong>pene</strong></span> <span class='ocrx_word' id='word_1_782' title='bbox 1525 5215 1596 5270; x_wconf 89' lang='lat' dir='ltr'><strong>ad</strong></span> <span class='ocrx_word' id='word_1_783' title='bbox 1652 5217 1896 5271; x_wconf 89' lang='lat' dir='ltr'><strong>verbum</strong></span> <span class='ocrx_word' id='word_1_784' title='bbox 1929 5217 1989 5271; x_wconf 90' lang='lat' dir='ltr'><strong>in</strong></span> 
     </span>
    </p>
   </div>
   <div class='ocr_carea' id='block_1_98' title="bbox 330 5230 1990 5360">
    <p class='ocr_par' dir='ltr' id='par_1_98' title="bbox 330 5230 1990 5360">
     <span class='ocr_line' id='line_1_99' title="bbox 330 5230 1989 5287; baseline -0.005 -8"><span class='ocrx_word' id='word_1_785' title='bbox 330 5230 440 5280; x_wconf 83' lang='lat' dir='ltr'><strong>tus</strong></span> <span class='ocrx_word' id='word_1_786' title='bbox 467 5230 557 5276; x_wconf 83' lang='lat' dir='ltr'><strong>hic</strong></span> <span class='ocrx_word' id='word_1_787' title='bbox 587 5235 779 5276; x_wconf 90' lang='lat' dir='ltr'><strong>sermo</strong></span> <span class='ocrx_word' id='word_1_788' title='bbox 810 5230 905 5273; x_wconf 78' lang='lat' dir='ltr'><strong>sit.</strong></span> <span class='ocrx_word' id='word_1_789' title='bbox 938 5230 1116 5272; x_wconf 69' lang='lat' dir='ltr'><strong>Porro</strong></span> <span class='ocrx_word' id='word_1_790' title='bbox 1167 5230 1287 5270; x_wconf 65' lang='lat' dir='ltr'><strong>nec</strong></span> <span class='ocrx_word' id='word_1_791' title='bbox 1320 5233 1468 5287; x_wconf 87' lang='lat' dir='ltr'><strong>pene</strong></span> <span class='ocrx_word' id='word_1_792' title='bbox 1525 5230 1596 5270; x_wconf 86' lang='lat' dir='ltr'><strong>au</strong></span> <span class='ocrx_word' id='word_1_793' title='bbox 1652 5230 1896 5271; x_wconf 83' lang='lat' dir='ltr'><strong>verbum</strong></span> <span class='ocrx_word' id='word_1_794' title='bbox 1929 5233 1989 5271; x_wconf 81' lang='lat' dir='ltr'><strong>in</strong></span> 
     </span>
     <span class='ocr_line' id='line_1_100' title="bbox 331 5287 1990 5360; baseline -0.007 -8"><span class='ocrx_word' id='word_1_795' title='bbox 331 5311 448 5352; x_wconf 73' lang='lat' dir='ltr'><strong>sua</strong></span> <span class='ocrx_word' id='word_1_796' title='bbox 475 5290 780 5352; x_wconf 86' lang='lat' dir='ltr'><strong>transtulit</strong></span> <span class='ocrx_word' id='word_1_797' title='bbox 820 5289 1230 5360; x_wconf 81' lang='lat' dir='ltr'><strong>Hieronymus,</strong></span> <span class='ocrx_word' id='word_1_798' title='bbox 1276 5287 1433 5358; x_wconf 91' lang='lat' dir='ltr'><strong>quod</strong></span> <span class='ocrx_word' id='word_1_799' title='bbox 1493 5303 1672 5360; x_wconf 85' lang='lat' dir='ltr'><strong>supra</strong></span> <span class='ocrx_word' id='word_1_800' title='bbox 1723 5293 1990 5360; x_wconf 87' lang='lat' dir='ltr'><strong>notatum</strong></span> 
     </span>
    </p>
   </div>
   <div class='ocr_carea' id='block_1_99' title="bbox 331 5359 1993 5432">
    <p class='ocr_par' dir='ltr' id='par_1_99' title="bbox 331 5359 1993 5432">
     <span class='ocr_line' id='line_1_101' title="bbox 331 5359 1993 5432; baseline -0.005 -8"><span class='ocrx_word' id='word_1_801' title='bbox 331 5373 448 5432; x_wconf 78' lang='lat' dir='ltr'><strong>est,</strong></span> <span class='ocrx_word' id='word_1_802' title='bbox 523 5363 752 5419; x_wconf 65' lang='lat' dir='ltr'><strong>Prefat.</strong></span> <span class='ocrx_word' id='word_1_803' title='bbox 815 5359 1184 5417; x_wconf 82' lang='lat' dir='ltr'><strong>Commentar.</strong></span> <span class='ocrx_word' id='word_1_804' title='bbox 1245 5360 1308 5414; x_wconf 90' lang='lat' dir='ltr'><strong>in</strong></span> <span class='ocrx_word' id='word_1_805' title='bbox 1364 5359 1715 5418; x_wconf 68' lang='lat' dir='ltr'><strong>Matthieum.</strong></span> <span class='ocrx_word' id='word_1_806' title='bbox 1787 5359 1993 5416; x_wconf 81' lang='lat' dir='ltr'><strong>Recole</strong></span> 
     </span>
    </p>
   </div>
   <div class='ocr_carea' id='block_1_100' title="bbox 333 5432 1220 5512">
    <p class='ocr_par' dir='ltr' id='par_1_100' title="bbox 333 5432 1220 5512">
     <span class='ocr_line' id='line_1_102' title="bbox 333 5432 1220 5512; baseline -0.008 -17"><span class='ocrx_word' id='word_1_807' title='bbox 333 5456 469 5512; x_wconf 70' lang='lat' dir='ltr'><strong>qua:</strong></span> <span class='ocrx_word' id='word_1_808' title='bbox 498 5441 556 5493; x_wconf 88' lang='lat' dir='ltr'><strong>et</strong></span> <span class='ocrx_word' id='word_1_809' title='bbox 576 5451 684 5492; x_wconf 83' lang='lat' dir='ltr'><strong>nos</strong></span> <span class='ocrx_word' id='word_1_810' title='bbox 711 5432 793 5490; x_wconf 91' lang='lat' dir='ltr'><strong>ibi</strong></span> <span class='ocrx_word' id='word_1_811' title='bbox 819 5434 1220 5490; x_wconf 89' lang='lat' dir='ltr'><strong>observamus.</strong></span> 
     </span>
    </p>
   </div>
   <div class='ocr_carea' id='block_1_101' title="bbox 410 5575 1991 5663">
    <p class='ocr_par' dir='ltr' id='par_1_101' title="bbox 410 5575 1991 5663">
     <span class='ocr_line' id='line_1_103' title="bbox 410 5575 1991 5663; baseline -0.003 -26"><span class='ocrx_word' id='word_1_812' title='bbox 410 5577 1055 5663; x_wconf 44' lang='lat' dir='ltr'><strong>(98)_ilieronymi&#39;hoc</strong></span> <span class='ocrx_word' id='word_1_813' title='bbox 1110 5593 1238 5634; x_wconf 88' lang='lat' dir='ltr'><strong>esse</strong></span> <span class='ocrx_word' id='word_1_814' title='bbox 1294 5575 1780 5663; x_wconf 57' lang='lat' dir='ltr'><strong>additamentum,</strong></span> <span class='ocrx_word' id='word_1_815' title='bbox 1836 5576 1991 5647; x_wconf 92' lang='lat' dir='ltr'><strong>quod</strong></span> 
     </span>
    </p>
   </div>
   <div class='ocr_carea' id='block_1_102' title="bbox 337 5648 1994 5739">
    <p class='ocr_par' dir='ltr' id='par_1_102' title="bbox 337 5648 1994 5739">
     <span class='ocr_line' id='line_1_104' title="bbox 337 5648 1994 5739; baseline -0.004 -29"><span class='ocrx_word' id='word_1_816' title='bbox 337 5648 679 5739; x_wconf 65' lang='lat' dir='ltr'><strong>parenthesi</strong></span> <span class='ocrx_word' id='word_1_817' title='bbox 708 5648 1084 5718; x_wconf 79' lang='lat' dir='ltr'><strong>inclusimus,</strong></span> <span class='ocrx_word' id='word_1_818' title='bbox 1117 5664 1289 5705; x_wconf 89' lang='lat' dir='ltr'><strong>nemo</strong></span> <span class='ocrx_word' id='word_1_819' title='bbox 1321 5665 1436 5739; x_wconf 70' lang='lat' dir='ltr'><strong>non</strong></span> <span class='ocrx_word' id='word_1_820' title='bbox 1467 5648 1665 5739; x_wconf 64' lang='lat' dir='ltr'><strong>sentit.</strong></span> <span class='ocrx_word' id='word_1_821' title='bbox 1711 5648 1772 5703; x_wconf 90' lang='lat' dir='ltr'><strong>Id</strong></span> <span class='ocrx_word' id='word_1_822' title='bbox 1806 5663 1994 5730; x_wconf 82' lang='lat' dir='ltr'><strong>genus</strong></span> 
     </span>
    </p>
   </div>
   <div class='ocr_carea' id='block_1_103' title="bbox 338 5720 1997 5875">
    <p class='ocr_par' dir='ltr' id='par_1_103' title="bbox 338 5720 1997 5875">
     <span class='ocr_line' id='line_1_105' title="bbox 338 5720 1997 5793; baseline -0.004 -10"><span class='ocrx_word' id='word_1_823' title='bbox 338 5720 465 5785; x_wconf 71' lang='lat' dir='ltr'><strong>alia</strong></span> <span class='ocrx_word' id='word_1_824' title='bbox 491 5724 737 5781; x_wconf 86' lang='lat' dir='ltr'><strong>inferius</strong></span> <span class='ocrx_word' id='word_1_825' title='bbox 779 5728 1116 5792; x_wconf 89' lang='lat' dir='ltr'><strong>occurrunt,</strong></span> <span class='ocrx_word' id='word_1_826' title='bbox 1148 5738 1277 5793; x_wconf 70' lang='lat' dir='ltr'><strong>quis</strong></span> <span class='ocrx_word' id='word_1_827' title='bbox 1319 5720 1732 5776; x_wconf 87' lang='lat' dir='ltr'><strong>audacioribus</strong></span> <span class='ocrx_word' id='word_1_828' title='bbox 1779 5720 1997 5776; x_wconf 80' lang='lat' dir='ltr'><strong>criticis</strong></span> 
     </span>
     <span class='ocr_line' id='line_1_106' title="bbox 341 5792 1996 5875; baseline -0.011 -20"><span class='ocrx_word' id='word_1_829' title='bbox 341 5797 562 5875; x_wconf 63' lang='lat' dir='ltr'><strong>Danao</strong></span> <span class='ocrx_word' id='word_1_830' title='bbox 590 5797 665 5854; x_wconf 90' lang='lat' dir='ltr'><strong>de</strong></span> <span class='ocrx_word' id='word_1_831' title='bbox 692 5794 931 5866; x_wconf 85' lang='lat' dir='ltr'><strong>scriptis</strong></span> <span class='ocrx_word' id='word_1_832' title='bbox 949 5793 1172 5875; x_wconf 44' lang='lat' dir='ltr'><strong>.lgnatii</strong></span> <span class='ocrx_word' id='word_1_833' title='bbox 1201 5811 1257 5864; x_wconf 91' lang='lat' dir='ltr'><strong>p.</strong></span> <span class='ocrx_word' id='word_1_834' title='bbox 1283 5792 1397 5875; x_wconf 56' lang='lat'><strong>{139</strong></span> <span class='ocrx_word' id='word_1_835' title='bbox 1425 5798 1481 5875; x_wconf 79' lang='lat' dir='ltr'><strong>et</strong></span> <span class='ocrx_word' id='word_1_836' title='bbox 1509 5808 1699 5875; x_wconf 80' lang='lat' dir='ltr'><strong>seqq.,</strong></span> <span class='ocrx_word' id='word_1_837' title='bbox 1743 5798 1802 5875; x_wconf 78' lang='lat' dir='ltr'><strong>et</strong></span> <span class='ocrx_word' id='word_1_838' title='bbox 1832 5793 1996 5875; x_wconf 38' lang='lat' dir='ltr'><strong>“Mat.</strong></span> 
     </span>
    </p>
   </div>
   <div class='ocr_carea' id='block_1_104' title="bbox 338 5863 2000 5940">
    <p class='ocr_par' dir='ltr' id='par_1_104' title="bbox 338 5863 2000 5940">
     <span class='ocr_line' id='line_1_107' title="bbox 338 5863 2000 5940; baseline -0.014 -8"><span class='ocrx_word' id='word_1_839' title='bbox 338 5872 497 5937; x_wconf 66' lang='lat' dir='ltr'><strong>thao</strong></span> <span class='ocrx_word' id='word_1_840' title='bbox 527 5863 906 5940; x_wconf 76' lang='lat' dir='ltr'><strong>Larroquano</strong></span> <span class='ocrx_word' id='word_1_841' title='bbox 945 5863 1011 5921; x_wconf 79' lang='lat' dir='ltr'><strong>in</strong></span> <span class='ocrx_word' id='word_1_842' title='bbox 1062 5863 1652 5922; x_wconf 30' lang='lat' dir='ltr'><strong>Animadversianibus’</strong></span> <span class='ocrx_word' id='word_1_843' title='bbox 1695 5863 1768 5924; x_wconf 80' lang='lat' dir='ltr'><strong>ad</strong></span> <span class='ocrx_word' id='word_1_844' title='bbox 1822 5865 2000 5924; x_wconf 87' lang='lat' dir='ltr'><strong>Pear-</strong></span> 
     </span>
    </p>
   </div>
   <div class='ocr_carea' id='block_1_105' title="bbox 631 5993 1154 6070">
    <p class='ocr_par' dir='ltr' id='par_1_105' title="bbox 631 5993 1154 6070">
     <span class='ocr_line' id='line_1_108' title="bbox 631 5993 1154 6070; baseline -0.015 -4"><span class='ocrx_word' id='word_1_845' title='bbox 631 5997 898 6070; x_wconf 64' lang='lat' dir='ltr'><strong>PATROL.</strong></span> <span class='ocrx_word' id='word_1_846' title='bbox 941 5993 1154 6061; x_wconf 82' lang='lat' dir='ltr'><strong>XXVI.</strong></span> 
     </span>
    </p>
   </div>
   <div class='ocr_carea' id='block_1_106' title="bbox 1765 4871 2965 4942">
    <p class='ocr_par' dir='ltr' id='par_1_106' title="bbox 1765 4871 2965 4942">
     <span class='ocr_line' id='line_1_109' title="bbox 1765 4871 2965 4942; baseline -0.003 -13"><span class='ocrx_word' id='word_1_847' title='bbox 1765 4875 1809 4910; x_wconf 74' lang='grc'><strong>⁵⁸</strong></span> <span class='ocrx_word' id='word_1_848' title='bbox 1841 4873 2048 4932; x_wconf 87' lang='lat' dir='ltr'><strong>Matth.</strong></span> <span class='ocrx_word' id='word_1_849' title='bbox 2089 4891 2190 4942; x_wconf 83' lang='lat' dir='ltr'><strong>vn,</strong></span> <span class='ocrx_word' id='word_1_850' title='bbox 2237 4874 2326 4929; x_wconf 87' lang='grc'><strong>25.</strong></span> <span class='ocrx_word' id='word_1_851' title='bbox 2403 4873 2444 4906; x_wconf 77' lang='grc'>⁵⁷</span> <span class='ocrx_word' id='word_1_852' title='bbox 2487 4871 2668 4928; x_wconf 84' lang='lat' dir='ltr'><strong>Exod.</strong></span> <span class='ocrx_word' id='word_1_853' title='bbox 2727 4887 2818 4940; x_wconf 79' lang='lat' dir='ltr'><strong>xx,</strong></span> <span class='ocrx_word' id='word_1_854' title='bbox 2879 4871 2965 4926; x_wconf 93' lang='lat'><strong>18.</strong></span> 
     </span>
    </p>
   </div>
   <div class='ocr_carea' id='block_1_107' title="bbox 3071 4872 3743 4947">
    <p class='ocr_par' dir='ltr' id='par_1_107' title="bbox 3071 4872 3743 4947">
     <span class='ocr_line' id='line_1_110' title="bbox 3071 4872 3743 4947; baseline 0.001 -19"><span class='ocrx_word' id='word_1_855' title='bbox 3071 4873 3114 4908; x_wconf 81' lang='grc'><strong>⁸⁸</strong></span> <span class='ocrx_word' id='word_1_856' title='bbox 3141 4872 3307 4930; x_wconf 86' lang='lat' dir='ltr'><strong>Joan.</strong></span> <span class='ocrx_word' id='word_1_857' title='bbox 3367 4890 3488 4946; x_wconf 86' lang='lat' dir='ltr'><strong>x1x,</strong></span> <span class='ocrx_word' id='word_1_858' title='bbox 3535 4875 3590 4947; x_wconf 88' lang='lat'><strong>6,</strong></span> <span class='ocrx_word' id='word_1_859' title='bbox 3652 4873 3743 4930; x_wconf 87' lang='grc'><strong>15.</strong></span> 
     </span>
    </p>
   </div>
   <div class='ocr_carea' id='block_1_108' title="bbox 2097 5067 3748 5145">
    <p class='ocr_par' dir='ltr' id='par_1_108' title="bbox 2097 5067 3748 5145">
     <span class='ocr_line' id='line_1_111' title="bbox 2097 5067 3748 5145; baseline -0.002 -16"><span class='ocrx_word' id='word_1_860' title='bbox 2097 5073 2362 5129; x_wconf 85' lang='lat' dir='ltr'><strong>sanianas</strong></span> <span class='ocrx_word' id='word_1_861' title='bbox 2389 5071 2594 5145; x_wconf 77' lang='lat' dir='ltr'><strong>Ignotii</strong></span> <span class='ocrx_word' id='word_1_862' title='bbox 2620 5067 2918 5145; x_wconf 71' lang='lat' dir='ltr'><strong>vindicias,</strong></span> <span class='ocrx_word' id='word_1_863' title='bbox 2946 5085 3079 5144; x_wconf 87' lang='lat' dir='ltr'><strong>pag.</strong></span> <span class='ocrx_word' id='word_1_864' title='bbox 3109 5069 3181 5145; x_wconf 77' lang='grc'>94</span> <span class='ocrx_word' id='word_1_865' title='bbox 3231 5076 3290 5129; x_wconf 91' lang='lat' dir='ltr'><strong>et</strong></span> <span class='ocrx_word' id='word_1_866' title='bbox 3321 5089 3509 5145; x_wconf 89' lang='lat' dir='ltr'><strong>seqq.,</strong></span> <span class='ocrx_word' id='word_1_867' title='bbox 3557 5067 3748 5126; x_wconf 75' lang='lat' dir='ltr'><strong>fraudi</strong></span> 
     </span>
    </p>
   </div>
   <div class='ocr_carea' id='block_1_109' title="bbox 2101 5140 3741 5216">
    <p class='ocr_par' dir='ltr' id='par_1_109' title="bbox 2101 5140 3741 5216">
     <span class='ocr_line' id='line_1_112' title="bbox 2101 5140 3741 5216; baseline -0.003 -16"><span class='ocrx_word' id='word_1_868' title='bbox 2101 5146 2359 5211; x_wconf 82' lang='lat' dir='ltr'><strong>fuerunt,</strong></span> <span class='ocrx_word' id='word_1_869' title='bbox 2407 5140 2472 5198; x_wconf 88' lang='lat' dir='ltr'><strong>ut</strong></span> <span class='ocrx_word' id='word_1_870' title='bbox 2517 5142 2690 5216; x_wconf 81' lang='lat' dir='ltr'><strong>hasce</strong></span> <span class='ocrx_word' id='word_1_871' title='bbox 2718 5140 2994 5216; x_wconf 77' lang='lat' dir='ltr'><strong>homilias</strong></span> <span class='ocrx_word' id='word_1_872' title='bbox 3028 5140 3741 5216; x_wconf 36' lang='lat' dir='ltr'><strong>adamantiofperperam</strong></span> 
     </span>
    </p>
   </div>
   <div class='ocr_carea' id='block_1_110' title="bbox 2102 5213 3749 5288">
    <p class='ocr_par' dir='ltr' id='par_1_110' title="bbox 2102 5213 3749 5288">
     <span class='ocr_line' id='line_1_113' title="bbox 2102 5213 3749 5288; baseline -0.004 -15"><span class='ocrx_word' id='word_1_873' title='bbox 2102 5216 2528 5288; x_wconf 77' lang='lat' dir='ltr'><strong>abjudicarent,</strong></span> <span class='ocrx_word' id='word_1_874' title='bbox 2562 5213 2868 5286; x_wconf 88' lang='lat' dir='ltr'><strong>Latinique</strong></span> <span class='ocrx_word' id='word_1_875' title='bbox 2909 5230 3039 5270; x_wconf 90' lang='lat' dir='ltr'><strong>esse</strong></span> <span class='ocrx_word' id='word_1_876' title='bbox 3087 5215 3345 5273; x_wconf 89' lang='lat' dir='ltr'><strong>hominis</strong></span> <span class='ocrx_word' id='word_1_877' title='bbox 3393 5213 3573 5288; x_wconf 69' lang='lat' dir='ltr'><strong>fetum</strong></span> <span class='ocrx_word' id='word_1_878' title='bbox 3612 5227 3749 5268; x_wconf 85' lang='lat' dir='ltr'><strong>con-</strong></span> 
     </span>
    </p>
   </div>
   <div class='ocr_carea' id='block_1_111' title="bbox 2101 5283 3750 5358">
    <p class='ocr_par' dir='ltr' id='par_1_111' title="bbox 2101 5283 3750 5358">
     <span class='ocr_line' id='line_1_114' title="bbox 2101 5283 3750 5358; baseline -0.005 -13"><span class='ocrx_word' id='word_1_879' title='bbox 2101 5283 2425 5346; x_wconf 78' lang='lat' dir='ltr'><strong>tenderent.</strong></span> <span class='ocrx_word' id='word_1_880' title='bbox 2485 5286 2601 5342; x_wconf 84' lang='lat' dir='ltr'><strong>Nos</strong></span> <span class='ocrx_word' id='word_1_881' title='bbox 2655 5283 3116 5358; x_wconf 54' lang='lat' dir='ltr'><strong>suo&#39;quamque</strong></span> <span class='ocrx_word' id='word_1_882' title='bbox 3171 5288 3296 5344; x_wconf 91' lang='lat' dir='ltr'><strong>loco</strong></span> <span class='ocrx_word' id='word_1_883' title='bbox 3368 5283 3750 5356; x_wconf 81' lang='lat' dir='ltr'><strong>objectionem</strong></span> 
     </span>
    </p>
   </div>
   <div class='ocr_carea' id='block_1_112' title="bbox 2103 5357 3389 5430">
    <p class='ocr_par' dir='ltr' id='par_1_112' title="bbox 2103 5357 3389 5430">
     <span class='ocr_line' id='line_1_115' title="bbox 2103 5357 3389 5430; baseline -0.004 -14"><span class='ocrx_word' id='word_1_884' title='bbox 2103 5365 2304 5417; x_wconf 88' lang='lat' dir='ltr'><strong>contra</strong></span> <span class='ocrx_word' id='word_1_885' title='bbox 2333 5359 2526 5430; x_wconf 89' lang='lat' dir='ltr'><strong>operis</strong></span> <span class='ocrx_word' id='word_1_886' title='bbox 2555 5357 3001 5430; x_wconf 88' lang='lat' dir='ltr'><strong>germanitatem</strong></span> <span class='ocrx_word' id='word_1_887' title='bbox 3024 5357 3389 5430; x_wconf 74' lang='lat' dir='ltr'><strong>refellemus.</strong></span> 
     </span>
    </p>
   </div>
   <div class='ocr_carea' id='block_1_113' title="bbox 2173 5420 3749 5502">
    <p class='ocr_par' dir='ltr' id='par_1_113' title="bbox 2173 5420 3749 5502">
     <span class='ocr_line' id='line_1_116' title="bbox 2173 5420 3749 5502; baseline -0.006 -17"><span class='ocrx_word' id='word_1_888' title='bbox 2173 5433 2285 5502; x_wconf 74' lang='grc'>(99)</span> <span class='ocrx_word' id='word_1_889' title='bbox 2315 5420 2794 5502; x_wconf 58' lang='grc' dir='ltr'><strong>δὸὴθάωνϐνξὼίἰ</strong></span> <span class='ocrx_word' id='word_1_890' title='bbox 2825 5435 2883 5486; x_wconf 90' lang='lat' dir='ltr'><strong>et</strong></span> <span class='ocrx_word' id='word_1_891' title='bbox 2927 5430 3267 5502; x_wconf 69' lang='lat' dir='ltr'><strong>Qombelisii</strong></span> <span class='ocrx_word' id='word_1_892' title='bbox 3293 5446 3305 5483; x_wconf 91' lang='lat'>:</span> <span class='ocrx_word' id='word_1_893' title='bbox 3339 5425 3498 5502; x_wconf 73' lang='grc' dir='ltr'>Εξκὸς</span> <span class='ocrx_word' id='word_1_894' title='bbox 3525 5420 3749 5502; x_wconf 48' lang='lat' dir='ltr'><strong>bibito-</strong></span> 
     </span>
    </p>
   </div>
   <div class='ocr_carea' id='block_1_114' title="bbox 2105 5494 3755 5580">
    <p class='ocr_par' dir='ltr' id='par_1_114' title="bbox 2105 5494 3755 5580">
     <span class='ocr_line' id='line_1_117' title="bbox 2105 5494 3755 5580; baseline -0.006 -24"><span class='ocrx_word' id='word_1_895' title='bbox 2105 5494 2399 5580; x_wconf 50' lang='lat' dir='ltr'><strong>Xajib’iivaiv</strong></span> <span class='ocrx_word' id='word_1_896' title='bbox 2439 5501 2615 5580; x_wconf 53' lang='grc' dir='ltr'><strong>τψὰςλ</strong></span> <span class='ocrx_word' id='word_1_897' title='bbox 2661 5499 2745 5555; x_wconf 83' lang='grc' dir='ltr'><strong>ὅτι</strong></span> <span class='ocrx_word' id='word_1_898' title='bbox 2793 5499 3046 5580; x_wconf 71' lang='grc' dir='ltr'><strong>Θεοφίλῳ</strong></span> <span class='ocrx_word' id='word_1_899' title='bbox 3091 5501 3196 5554; x_wconf 83' lang='grc' dir='ltr'>τινὶ</span> <span class='ocrx_word' id='word_1_900' title='bbox 3243 5497 3442 5580; x_wconf 47' lang='lat' dir='ltr'><strong>imaque</strong></span> <span class='ocrx_word' id='word_1_901' title='bbox 3485 5494 3755 5580; x_wconf 54' lang='lat' dir='ltr'><strong>Tb&#39;EDa&#39;f:</strong></span> 
     </span>
    </p>
   </div>
   <div class='ocr_carea' id='block_1_115' title="bbox 2105 5567 3761 5648">
    <p class='ocr_par' dir='ltr' id='par_1_115' title="bbox 2105 5567 3761 5648">
     <span class='ocr_line' id='line_1_118' title="bbox 2105 5567 3761 5648; baseline -0.004 -19"><span class='ocrx_word' id='word_1_902' title='bbox 2105 5567 2314 5648; x_wconf 72' lang='grc' dir='ltr'><strong>γὲλιρν,</strong></span> <span class='ocrx_word' id='word_1_903' title='bbox 2349 5574 2408 5636; x_wconf 78' lang='grc' dir='ltr'><strong>ὃς</strong></span> <span class='ocrx_word' id='word_1_904' title='bbox 2459 5572 2534 5648; x_wconf 60' lang='grc' dir='ltr'><strong>εἷς</strong></span> <span class='ocrx_word' id='word_1_905' title='bbox 2581 5567 2660 5648; x_wconf 35' lang='grc' dir='ltr'><strong>ἦν.</strong></span> <span class='ocrx_word' id='word_1_906' title='bbox 2695 5577 2802 5648; x_wconf 54' lang='grc' dir='ltr'><strong>τῶν</strong></span> <span class='ocrx_word' id='word_1_907' title='bbox 2849 5567 3465 5648; x_wconf 46' lang='grc' dir='ltr'><strong>πιξτεὸσαντῳνᾞφῦιέος</strong></span> <span class='ocrx_word' id='word_1_908' title='bbox 3510 5568 3642 5638; x_wconf 66' lang='grc' dir='ltr'><strong>ζέων</strong></span> <span class='ocrx_word' id='word_1_909' title='bbox 3676 5567 3761 5648; x_wconf 46' lang='lat' dir='ltr'><strong>ﬁt}</strong></span> 
     </span>
    </p>
   </div>
   <div class='ocr_carea' id='block_1_116' title="bbox 2107 5639 3755 5731">
    <p class='ocr_par' dir='ltr' id='par_1_116' title="bbox 2107 5639 3755 5731">
     <span class='ocr_line' id='line_1_119' title="bbox 2107 5639 3755 5731; baseline -0.004 -30"><span class='ocrx_word' id='word_1_910' title='bbox 2107 5639 2378 5731; x_wconf 56' lang='grc' dir='ltr'><strong>Πνιξεξμὰτι</strong></span> <span class='ocrx_word' id='word_1_911' title='bbox 2429 5645 2518 5699; x_wconf 79' lang='grc' dir='ltr'>καὶ</span> <span class='ocrx_word' id='word_1_912' title='bbox 2568 5639 2864 5731; x_wconf 59' lang='grc' dir='ltr'><strong>ᾁὲξλῄστως</strong></span> <span class='ocrx_word' id='word_1_913' title='bbox 2917 5641 3058 5731; x_wconf 77' lang='grc' dir='ltr'>ἔχων</span> <span class='ocrx_word' id='word_1_914' title='bbox 3097 5641 3218 5731; x_wconf 56' lang='grc' dir='ltr'><strong>περὶ</strong></span> <span class='ocrx_word' id='word_1_915' title='bbox 3249 5639 3382 5731; x_wconf 37' lang='grc' dir='ltr'><strong>ντὰς,</strong></span> <span class='ocrx_word' id='word_1_916' title='bbox 3416 5645 3522 5731; x_wconf 51' lang='grc' dir='ltr'><strong>τοῐξ</strong></span> <span class='ocrx_word' id='word_1_917' title='bbox 3548 5639 3755 5731; x_wconf 48' lang='grc' dir='ltr'><strong>’Κυρίοὺ</strong></span> 
     </span>
    </p>
   </div>
   <div class='ocr_carea' id='block_1_117' title="bbox 2105 5711 3753 5794">
    <p class='ocr_par' dir='ltr' id='par_1_117' title="bbox 2105 5711 3753 5794">
     <span class='ocr_line' id='line_1_120' title="bbox 2105 5711 3753 5794; baseline -0.004 -21"><span class='ocrx_word' id='word_1_918' title='bbox 2105 5711 2324 5794; x_wconf 62' lang='grc' dir='ltr'><strong>πρᾴξέςς</strong></span> <span class='ocrx_word' id='word_1_919' title='bbox 2381 5738 2440 5794; x_wconf 64' lang='grc' dir='ltr'><strong>τε</strong></span> <span class='ocrx_word' id='word_1_920' title='bbox 2495 5715 2584 5770; x_wconf 79' lang='grc' dir='ltr'>καὶ</span> <span class='ocrx_word' id='word_1_921' title='bbox 2628 5711 2826 5794; x_wconf 49' lang='grc' dir='ltr'><strong>λόὴορς</strong></span> <span class='ocrx_word' id='word_1_922' title='bbox 2864 5738 2875 5749; x_wconf 88' lang='grc'><strong>·</strong></span> <span class='ocrx_word' id='word_1_923' title='bbox 3139 5711 3310 5794; x_wconf 59' lang='lat' dir='ltr'><strong>inpia</strong></span> <span class='ocrx_word' id='word_1_924' title='bbox 3360 5711 3753 5794; x_wconf 57' lang='grc' dir='ltr'><strong>ἁσφαλξπὲερν</strong></span> 
     </span>
    </p>
   </div>
   <div class='ocr_carea' id='block_1_118' title="bbox 2108 5782 3758 5864">
    <p class='ocr_par' dir='ltr' id='par_1_118' title="bbox 2108 5782 3758 5864">
     <span class='ocr_line' id='line_1_121' title="bbox 2108 5782 3758 5864; baseline -0.004 -19"><span class='ocrx_word' id='word_1_925' title='bbox 2108 5782 2198 5864; x_wconf 61' lang='lat' dir='ltr'><strong>xui</strong></span> <span class='ocrx_word' id='word_1_926' title='bbox 2229 5782 2303 5844; x_wconf 42' lang='lat' dir='ltr'><strong>ea</strong></span> <span class='ocrx_word' id='word_1_927' title='bbox 2353 5793 2444 5843; x_wconf 72' lang='grc' dir='ltr'>νῦν</span> <span class='ocrx_word' id='word_1_928' title='bbox 2479 5782 2874 5864; x_wconf 16' lang='grc' dir='ltr'><strong>λγεγραεμνμὲναε</strong></span> <span class='ocrx_word' id='word_1_929' title='bbox 2933 5782 3153 5864; x_wconf 64' lang='grc' dir='ltr'><strong>ᾌλλος</strong></span> <span class='ocrx_word' id='word_1_930' title='bbox 3192 5782 3249 5864; x_wconf 63' lang='grc' dir='ltr'>ᾆὲ</span> <span class='ocrx_word' id='word_1_931' title='bbox 3297 5782 3483 5864; x_wconf 55' lang='lat' dir='ltr'><strong>(manv,</strong></span> <span class='ocrx_word' id='word_1_932' title='bbox 3533 5782 3758 5864; x_wconf 41' lang='lat' dir='ltr'><strong>tanta!</strong></span> 
     </span>
    </p>
   </div>
   <div class='ocr_carea' id='block_1_119' title="bbox 2107 5853 3760 5938">
    <p class='ocr_par' dir='ltr' id='par_1_119' title="bbox 2107 5853 3760 5938">
     <span class='ocr_line' id='line_1_122' title="bbox 2107 5853 3760 5938; baseline -0.005 -18"><span class='ocrx_word' id='word_1_933' title='bbox 2107 5863 2302 5926; x_wconf 77' lang='grc' dir='ltr'>πάντες</span> <span class='ocrx_word' id='word_1_934' title='bbox 2351 5853 2609 5918; x_wconf 46' lang='lat' dir='ltr'><strong>&quot;conciato?</strong></span> <span class='ocrx_word' id='word_1_935' title='bbox 2640 5853 2787 5936; x_wconf 74' lang='grc' dir='ltr'><strong>ὦμεν</strong></span> <span class='ocrx_word' id='word_1_936' title='bbox 2841 5856 2917 5923; x_wconf 83' lang='grc' dir='ltr'>ὡς</span> <span class='ocrx_word' id='word_1_937' title='bbox 2976 5856 3280 5938; x_wconf 78' lang='grc' dir='ltr'><strong>ἀγαπᾶσθαι</strong></span> <span class='ocrx_word' id='word_1_938' title='bbox 3310 5853 3433 5915; x_wconf 59' lang='grc' dir='ltr'><strong>’ὐᾶτὸ</strong></span> <span class='ocrx_word' id='word_1_939' title='bbox 3469 5853 3578 5916; x_wconf 75' lang='grc' dir='ltr'><strong>’τοῦ</strong></span> <span class='ocrx_word' id='word_1_940' title='bbox 3626 5853 3760 5914; x_wconf 81' lang='grc' dir='ltr'><strong>Θεοῦ</strong></span> 
     </span>
    </p>
   </div>
  </div>
