4304 6628
318 527 440 596 237
790 529 1288 598 TRANSLATIO
1333 533 1838 600 HOMILIARUM
1882 532 2251 600 ORIGENIS
2297 535 2374 598 ΙΝ
2420 537 2710 600 LUCAM.
2745 568 2824 583 —
2851 537 3124 600 HOMIL.
3169 538 3278 600 III.
3621 541 3741 605 238

320 667 573 725 viderim
605 663 912 724 mulierem
963 668 1035 724 ad
1088 669 1634 741 concupiscendum
1666 685 1796 726 eam
1825 671 1891 742 δ”,
1924 673 1983 727 et
2011 671 2062 738 Α
2096 673 2204 738 est,
2229 685 2629 742 sequeremur.
2655 670 2900 737 Quando
2924 670 3084 726 enim
3111 670 3362 728 facimus
3393 673 3740 732 mandatum

321 756 676 814 adulterium
707 755 854 812 mihi
886 756 946 812 in
977 759 1148 814 corde
1187 758 1266 815 sit
1294 762 1520 815 natum.
1556 759 1834 832 Ignorant
1863 759 1970 816 ho-
2082 759 2205 830 Dei,
2239 764 2296 814 et
2349 758 2406 814 in
2459 758 2817 816 conscientia
2864 765 3066 817 nostra
3115 777 3272 818 vanas
3311 761 3508 834 gloriae
3538 765 3741 822 sordes

319 847 512 904 mines
533 863 666 902 cum
701 863 792 903 me
813 847 1064 903 viderint
1093 848 1418 904 secundum
1453 848 1604 905 vires
1634 865 1794 905 meas
1823 849 1972 906 elee-
2081 849 2502 922 respergimus,
2557 853 2623 904 ut
2673 848 3012 921 placeamus
3060 849 3425 920 hominibus,
3476 855 3579 908 aut
3623 853 3741 913 alia

318 953 624 1009 mosynam
657 935 869 1003 facere,
893 941 1090 993 utrum
1123 941 1361 1009 propter
1389 939 1734 994 mandatum
1757 938 1857 994 Dei
1892 939 1971 994 fe-
2083 955 2448 1011 quaecunque
2478 956 2595 994 non
2629 938 2818 1010 placet
2841 943 2975 1010 Deo,
2998 940 3136 996 boni
3169 941 3361 1014 operis
3391 957 3570 1001 causa
3597 959 3738 1016 prai-

317 1025 608 1096 cerim,an
630 1024 941 1081 hominum
964 1024 1199 1081 laudem
1224 1027 1594 1099 favoremque
1615 1027 1966 1099 quaesierim.
2078 1029 2252 1096 cedit,
2305 1029 2575 1101 quamvis
2625 1028 2914 1085 faciamus
2965 1034 3320 1103 praeceptum
3372 1032 3492 1101 Dei,
3538 1036 3738 1091 tamen

317 1114 582 1171 Difﬁcilis
613 1131 706 1170 res
745 1119 834 1171 est
880 1114 940 1170 in
986 1119 1303 1186 conspectu
1338 1117 1434 1170 Dei
1461 1115 1691 1186 justum
1723 1132 1871 1183 esse,
1906 1119 1974 1172 ut
2079 1117 2226 1173 illud
2253 1118 2477 1190 absque
2495 1117 2734 1190 querela
2755 1135 2870 1175 non
2893 1118 3475 1192 facimus,etiujuste
3499 1121 3558 1178 id
3576 1122 3734 1195 quod

314 1221 434 1262 non
466 1205 539 1261 ob
569 1204 747 1261 aliam
777 1220 1016 1260 causam
1049 1205 1192 1277 quid
1217 1205 1448 1262 258-4
1475 1206 1612 1261 boni
1643 1205 1823 1262 facias
1855 1205 1969 1261 nisi
2070 1209 2305 1278 justum
2333 1211 2440 1275 est,
2460 1209 2786 1279 sequimur.
2806 1208 3056 1265 Difficile
3077 1225 3214 1282 ergo
3234 1215 3324 1267 est
3342 1211 3648 1269 ambulare
3673 1213 3735 1269 in

316 1298 550 1369 propter
570 1295 766 1367 ipsum
789 1294 1106 1365 bonum,et
1121 1293 1307 1350 Deum
1329 1299 1559 1350 tantum
1583 1311 1810 1367 quaeras
1832 1295 1966 1351 boni
2078 1297 2356 1353 omnibus
2386 1297 2680 1353 mandatis
2711 1301 2768 1353 et
2788 1297 3319 1368 justificationibus
3343 1301 3574 1358 Domini
3606 1301 3734 1360 sine

313 1384 506 1458 operis
523 1382 1100 1441 retributorem.Tale
1117 1383 1256 1456 quid
1277 1383 1964 1456 etApostolusloquitur:
2076 1385 2334 1456 querela,
2365 1385 2690 1441 secundum
2720 1385 3124 1442 testimonium
3172 1390 3229 1442 et
3271 1386 3506 1445 laudem
3536 1389 3640 1446 Dei
3669 1390 3731 1448 in

317 1474 562 1543 Quorum
595 1471 720 1528 laus
747 1488 859 1529 non
886 1488 956 1528 eo:
997 1472 1330 1543 hominibus,
1362 1473 1455 1528 sed
1501 1489 1570 1529 ex
1599 1474 1710 1529 Deo
1759 1476 1835 1529 est
1863 1474 1962 1528 δι’.
2075 1473 2306 1530 Christo
2335 1474 2498 1529 Jesu.
2532 1476 2669 1540 Quae
2702 1474 2832 1530 laus
2867 1475 3164 1532 reddenda
3191 1480 3282 1532 est
3308 1476 3369 1533 in
3399 1477 3493 1534 die
3512 1477 3732 1549 judicii

313 1565 524 1620 Beatus
547 1563 645 1635 qui
672 1563 732 1617 in
759 1565 1072 1634 conspectu
1093 1561 1194 1617 Dei
1211 1563 1415 1634 justus
1437 1567 1544 1632 est,
1569 1567 1743 1634 atque
1768 1562 1967 1618 lauda-
2076 1562 2147 1617 ab
2179 1579 2268 1630 eo,
2301 1561 2394 1618 cui
2425 1579 2631 1620 omnes
2673 1580 2780 1618 nos
2814 1563 3176 1620 manifestari
3207 1570 3437 1637 oportet
3463 1570 3596 1624 ante
3621 1567 3726 1623 tri-

312 1651 1966 1724 bilis.Hominesenim,quamviscertumjudiciumhabere
2073 1652 2254 1708 bunal
2285 1653 2434 1723 ejus,
2469 1657 2534 1707 ut
2586 1652 2829 1724 recipiat
2867 1654 3280 1725 unusquisque
3308 1671 3438 1727 quae
3467 1671 3570 1728 per
3597 1672 3726 1713 cor-

309 1744 639 1814 videantur,
657 1746 854 1798 tamen
877 1757 992 1798 non
1017 1746 1269 1814 possunt
1293 1742 1365 1797 ad
1388 1741 1679 1813 liquidum
1706 1757 1962 1814 pronun-
2073 1757 2185 1813 pus
2214 1741 2419 1814 gessit,
2460 1741 2582 1797 sive
2635 1742 2808 1813 bona,
2853 1741 2973 1798 sive
3022 1741 3177 1798 mala
3204 1744 3268 1798 δ”.
3321 1743 3538 1801 Omnes
3567 1744 3727 1801 enim

311 1833 475 1889 tiare.
501 1832 704 1889 Evenit
735 1831 950 1903 quippe
981 1831 1299 1897 interdum,
1329 1835 1394 1885 ut
1422 1829 1665 1887 laudent
1694 1848 1828 1888 eum
1861 1831 1963 1904 qui
2072 1829 2364 1886 stabimus
2417 1834 2550 1886 ante
2598 1830 2858 1886 tribunal
2906 1830 3028 1900 Dei,
3061 1835 3128 1886 ut
3174 1831 3527 1904 recipiamus
3566 1833 3726 1906 quod

311 1939 429 1979 non
459 1927 547 1979 est
573 1919 910 1989 laudabilis,
941 1923 997 1976 et
1027 1921 1079 1976 ei
1111 1919 1420 1976 detrahant
1449 1922 1552 1992 qui
1583 1921 1828 1976 minime
1858 1921 1963 1976 de-
2072 1935 2368 1975 meremur
2390 1919 2450 1974 in
2469 1919 2695 1976 Christo
2710 1920 2989 1976 Jesu.Cui
3011 1924 3100 1978 est
3120 1920 3306 1994 gloria
3323 1926 3382 1978 et
3405 1921 3723 1996 imperium

311 2011 591 2068 tractione
621 2009 834 2083 dignus
864 2014 974 2066 est.
1007 2009 1181 2065 Solus
1213 2014 1366 2064 Deus
1396 2014 1454 2065 et
1480 2009 1540 2064 in
1586 2008 1760 2065 laude
1803 2016 1860 2066 et
1901 2009 1960 2065 in
1988 2047 2038 2114 B
2071 2008 2132 2064 in
2164 2008 2381 2065 saecula
2409 2007 2781 2066 saeculorum.
2812 2011 3018 2067 Amen.

289 2089 728 2174 vituperatione
749 2100 954 2171 justus
983 2103 1072 2155 est
1097 2099 1293 2170 judex.
1317 2097 1481 2155 Unde
1512 2098 1687 2172 digne
1716 2104 1774 2155 et
1803 2116 1960 2155 nunc

307 2192 543 2248 additur
586 2190 646 2246 in
695 2189 867 2245 laude
890 2189 1238 2260 justorum:
1290 2189 1466 2244 Erant
1499 2190 1646 2261 justi
1695 2188 1852 2245 ambo
1899 2191 1960 2244 in

305 2289 593 2354 conspectu
621 2280 738 2336 Dei.
769 2278 907 2335 Tale
939 2279 1080 2350 quid
1127 2282 1184 2334 et
1211 2277 1484 2334 Salomon
1535 2279 1594 2332 in
1635 2278 1958 2336 Proverbiis

307 2370 664 2440 cohortatur,
696 2370 898 2425 dicens
928 2384 943 2425 :
976 2369 1134 2438 Filii,
1161 2368 1391 2439 provide
1420 2369 1560 2423 bona
1588 2370 1648 2423 in
1677 2371 1958 2440 conspectu

305 2461 407 2516 Dei
435 2464 485 2516 et
514 2459 800 2516 hominum
825 2459 891 2513 ⁸⁵.
940 2457 1218 2530 Sequitur
1247 2455 1534 2514 Zachariae
1566 2462 1622 2512 et
1651 2456 1951 2514 Elisabeth

305 2549 421 2606 alia
455 2549 734 2606 laudatio.
768 2549 1119 2604 Ambulantes
1172 2549 1232 2602 in
1280 2547 1533 2602 omnibus
1580 2547 1858 2603 mandatis
1905 2549 1958 2603 et

295 2639 788 2712 justiﬁcationibus
819 2639 1063 2695 Domini.
1098 2637 1340 2702 Quando
1387 2637 1533 2692 bene
1582 2641 1640 2692 et
1684 2640 1836 2692 recte
1885 2636 1956 2692 de

304 2730 601 2802 aliquibus
641 2728 1004 2802 judicamus,
1044 2726 1106 2782 in
1148 2725 1673 2797 justificationibus
1725 2724 1956 2781 Domini

303 2820 626 2893 gradimur.
662 2818 904 2885 Quando
933 2817 1043 2872 hoc
1074 2820 1175 2872 aut
1212 2814 1360 2871 illud
1392 2815 1663 2881 facimus,
1695 2815 1755 2870 in
1787 2831 1952 2870 man-

303 2909 458 2966 datis
485 2908 644 2966 illius
675 2906 1071 2964 ambulamus.
1097 2905 1261 2962 Unde
1291 2909 1431 2978 puto
1462 2910 1518 2960 et
1548 2908 1820 2960 sanctum
1848 2904 1955 2959 Lu-

303 3015 456 3068 cam,
485 2997 775 3054 volentem
825 3013 948 3052 eos~
974 2995 1291 3068 praedicare
1337 2994 1511 3050 laude
1558 2993 1832 3066 perfecta,
1865 2992 1953 3048 di-

301 3088 504 3144 xisse:
555 3089 734 3144 Erant
786 3087 921 3156 iusti
972 3085 1153 3157 ambo,
1197 3084 1544 3140 ambulantes
1591 3084 1651 3138 in
1694 3084 1954 3139 omnibus

300 3177 582 3234 mandatis
639 3180 696 3232 et
752 3174 1235 3247 iustiﬁcationibus
1293 3175 1532 3230 Domini.
1590 3173 1753 3228 Dicat
1808 3171 1953 3227 mihi

301 3266 599 3340 quispiam
631 3283 645 3321 :
691 3265 747 3321 Si
781 3265 909 3321 laus
939 3263 1055 3320 ista
1084 3263 1340 3335 perfecta
1367 3267 1480 3329 est,
1512 3261 1655 3333 quid
1687 3261 1798 3316 sibi
1829 3259 1958 3316 vult

300 3355 412 3412 hoc
441 3356 596 3428 quod
625 3353 864 3421 dicitur,
885 3353 1005 3408 sine
1032 3353 1255 3425 querela
1275 3355 1300 3405 .9
1328 3352 1406 3424 (4)
1427 3349 1768 3406 Sufficiebat
1795 3349 1950 3405 enim

2505 2115 2799 2173 255-56
2839 2116 3148 2173 HOMILIA
3188 2118 3282 2174 III.

2067 2206 2144 2260 De
2171 2220 2231 2288 eo
2260 2205 2402 2292 quod
2427 2207 2700 2292 scriptum
2730 2209 2810 2289 est
2838 2223 2887 2292 ί.
2911 2227 2939 2255 ‹‹
2970 2208 3323 2292 Apparuite'i
3345 2208 3588 2292 angelus
3609 2210 3722 2292 Po-

2135 2277 2299 2404 enini,
2321 2280 2473 2333 stans
2501 2294 2536 2332 a
2565 2277 2779 2332 deatris
2808 2277 3006 2334 altaris
3035 2277 3252 2335 incensi
3281 2278 3381 2349 [al.
3405 2277 3664 2351 accensi].
3688 2301 3720 2331 »

2183 2365 2275 2421 ap.
2317 2366 2355 2404 ι.

2137 2457 2271 2521 Quae
2301 2455 2628 2529 corporalia
2657 2460 2797 2512 sunt
2825 2461 2882 2512 et
2911 2473 3091 2514 sensu
3131 2462 3348 2528 carent,
3383 2462 3450 2515 ut
3475 2458 3716 2516 videan-

2066 2552 2164 2604 tur
2195 2547 2268 2603 ab
2297 2545 2435 2614 alio,
2466 2547 2596 2618 ipsa
2624 2546 2771 2601 nihil
2821 2546 3119 2617 efﬁciunt;
3154 2549 3256 2604 sed
3305 2549 3714 2609 tantummodo

2065 2638 2271 2694 oculus
2295 2635 2493 2692 alteris
2517 2635 2778 2691 intentus
2799 2636 2859 2690 in
2881 2651 2968 2704 ea,
2988 2635 3107 2692 sive
3135 2636 3426 2693 voluerint
3450 2637 3572 2710 illa,
3595 2639 3715 2694 sive

2065 2724 2802 2796 noluerint,videt,quando
2824 2725 2884 2779 in
2907 2741 2976 2780 ea
2993 2725 3549 2799 contemplationem
3568 2727 3716 2783 dire-

2062 2813 2385 2881 xerit.Quid
2398 2815 2554 2869 enim
2573 2817 2761 2886 potest
2779 2812 3082 2890 homo,aut
3093 2813 3207 2869 alia
3223 2831 3315 2871 res
3327 2831 3455 2887 quae
3467 2815 3718 2871 circum-

2064 2905 2239 2960 datur
2259 2919 2497 2975 corpore
2517 2919 2737 2973 crasso,
2761 2919 2896 2958 cum
2924 2903 2984 2958 in
3008 2903 3282 2976 praesenti
3308 2903 3505 2974 fuerit,
3529 2905 3719 2963 facere

2064 3010 2138 3049 ne
2163 2997 2437 3048 cernatur
2456 2992 2530 3063 (5)
2552 2992 2580 3047 ‘I
2613 2992 2950 3048 Econtrario
2972 3009 3041 3048 ea
3061 3009 3189 3065 quae
3213 2998 3353 3050 sunt
3384 3010 3641 3067 superna
3662 2998 3721 3050 et

2065 3082 2282 3150 divina,
2316 3098 2384 3138 ea
2430 3097 2564 3136 cum
2614 3081 2673 3136 in
2723 3082 2993 3154 praesenti
3033 3082 3268 3150 fuerint,
3304 3100 3421 3140 non
3449 3084 3722 3141 videntur

2064 3171 2177 3228 nisi
2201 3172 2331 3244 ipsa
2351 3170 2642 3227 voluerint
2665 3187 2678 3226 :
2712 3175 2770 3226 et
2790 3171 2850 3226 in
2873 3169 3171 3229 voluntate
3194 3189 3397 3229 eorum
3419 3177 3508 3229 est
3532 3172 3718 3230 videri

2064 3260 2153 3318 vel
2177 3277 2295 3317 non
2311 3260 2516 3317 videri.
2531 3260 2730 3316 Gratia
2740 3260 2842 3316 Dei
2865 3260 2975 3316 fuit
2999 3265 3065 3317 ut
3080 3261 3718 3335 appareretAbraham,

2063 3349 2151 3406 vel
2205 3350 2426 3405 caeteris
2479 3348 2827 3421 pr0phetis:
2883 3367 3000 3405 non
3045 3351 3202 3422 quod
3251 3349 3457 3407 oculus
3486 3354 3718 3408 tantum

298 3443 511 3512 dicere,
546 3442 924 3500 ambulantes
954 3441 1012 3494 in
1037 3423 1320 3496 omnibus
1349 3439 1460 3494 viis
1495 3442 1552 3494 et
1573 3437 1952 3510 justificatio-
1985 3423 2032 3490 Ο
2068 3438 2260 3495 cordis
2291 3437 2590 3494 Abraham
2617 3437 2678 3492 in
2709 3454 2889 3494 causa
2919 3438 3093 3494 fuerit
3123 3443 3190 3494 ut
3217 3444 3479 3496 cerneret
3509 3445 3715 3510 Deum,

295 3532 475 3590 nibus
496 3531 734 3588 Domini
767 3548 781 3586 :
815 3529 930 3585 nisi
962 3531 1160 3601 posset
1188 3526 1312 3584 fieri
1342 3532 1408 3582 ut
1438 3526 1701 3582 ambulet
1729 3527 1862 3598 quis
1892 3527 1951 3582 in

294 3622 578 3681 omnibus
610 3617 907 3675 mandatis
938 3617 1062 3686 Dei,
1097 3620 1154 3671 et
1180 3620 1378 3672 tamen
1409 3614 1537 3670 sine
1567 3614 1806 3687 querela
1835 3631 1951 3671 non

293 3710 580 3769 ambulet.
608 3710 675 3765 Et
704 3707 998 3780 quomodo
1029 3708 1221 3779 potest
1241 3704 1470 3761 evenire
1497 3707 1562 3759 ut
1594 3703 1654 3758 in
1679 3703 1953 3759 Omnibus

295 3799 596 3859 mandatis
617 3793 1321 3870 etjustificationibusDei
1352 3791 1665 3850 ambulans
1687 3794 1796 3849 sub
1816 3809 1955 3864 que-

290 3891 418 3948 rela
445 3890 571 3947 sit?
620 3888 724 3944 Cui
754 3885 1004 3943 breviter
1034 3884 1226 3941 dicam
1261 3901 1276 3940 :
1326 3883 1450 3939 Nisi
1494 3882 1602 3939 hoc
1652 3883 1733 3938 ita
1774 3887 1951 3954 esset,

292 3996 602 4054 nunquam
626 3978 686 4034 in
707 3976 821 4033 alio
842 3976 968 4033 loco
989 3990 1367 4031 nosceremus
1389 3973 1675 4046 scriptum
1708 3972 1908 4029 referri
1938 3989 1951 4029 :

288 4073 442 4129 Iuste
471 4069 532 4126 id
560 4068 701 4140 quod
719 4067 938 4138 justum
963 4069 1061 4134 est,
1093 4079 1318 4137 sequere
1345 4064 1410 4119 ⁸⁸.
1454 4062 1579 4119 Nisi
1609 4062 1767 4119 enim
1799 4065 1955 4118 esset

284 4163 522 4233 justum
543 4156 792 4230 aliquid,
817 4156 972 4229 quod
996 4171 1112 4212 non
1127 4155 1289 4225 juste
1315 4168 1717 4226 sequeremur,
1739 4167 1955 4223 nequa-

293 4266 481 4321 quam
510 4248 679 4304 nobis
709 4246 1140 4319 praeciperetur,
1163 4248 1231 4298 ut
1251 4244 1414 4315 juste
1443 4242 1501 4298 id
1537 4242 1693 4314 quod
1718 4241 1953 4314 justum

2062 3529 2163 3585 sed
2197 3528 2353 3600 quod
2375 3527 2564 3599 gratia
2592 3528 2690 3583 Dei
2716 3526 2869 3583 ultro
2895 3543 2957 3583 se
2979 3527 3380 3599 aspiciendam
3404 3529 3719 3602 praebuerit

2061 3618 2184 3673 viro
2208 3618 2393 3688 justo.
2428 3615 2546 3672 Hoc
2577 3620 2773 3671 autem
2805 3633 2920 3672 non
2966 3615 3158 3671 solum
3190 3633 3368 3689 super
3397 3617 3514 3674 Deo
3543 3621 3718 3674 Patre

2063 3702 2355 3776 intelligas
2388 3704 2484 3774 (6),
2523 3703 2624 3759 sed
2670 3702 2846 3758 etiam
2899 3719 3077 3776 super
3116 3704 3364 3761 Domino
3395 3704 3720 3776 Salvatore,

2061 3797 2118 3850 et
2138 3809 2316 3866 super
2335 3791 2557 3865 Spiritu
2585 3796 2806 3860 sancto,
2833 3797 2889 3848 et
2910 3796 2976 3847 ut
2999 3793 3072 3848 ad
3097 3793 3327 3851 minora
3354 3795 3719 3868 perveniam,

2062 3899 2241 3956 super
2269 3881 2573 3938 cherubim
2605 3887 2664 3938 et
2693 3881 3014 3954 seraphim.
3049 3883 3202 3952 Fieri,
3229 3883 3386 3940 enim
3417 3889 3627 3957 potest,
3650 3889 3720 3942 ut

2062 3977 2120 4029 et
2141 3988 2295 4028 nunc
2317 3972 2488 4027 nobis
2508 3971 2884 4043 loquentibus
2904 3971 3146 4028 assistat
3163 3973 3430 4046 angelus,
3445 3979 3502 4031 et
3517 3979 3717 4032 tamen

2063 4061 2205 4133 quia
2227 4076 2341 4115 non
2373 4075 2690 4126 meremur,
2712 4076 2846 4115 eum
2871 4059 3066 4115 videre
3093 4077 3479 4134 nequeamus.
3504 4065 3722 4133 Quam:

2064 4151 2149 4206 vis
2179 4149 2336 4206 enim
2367 4146 2572 4204 oculus
2603 4148 2722 4203 sive
2753 4147 3038 4218 corporis,
3069 4149 3190 4203 sive
3239 4149 3450 4206 animae
3498 4156 3710 4208 nostra:

2063 4240 2136 4296 ad
2157 4236 2677 4309 contemplandum
2705 4235 2989 4303 intendat,
3011 4235 3124 4292 nisi
3146 4240 3354 4310 sponte
3376 4239 3719 4310 apparuerit

374 4392 422 4427 “
451 4389 650 4447 Matth.
680 4407 734 4459 v,
765 4390 855 4445 28.
933 4388 1011 4423 3"
1043 4386 1209 4443 Rom.
1242 4402 1302 4455 ιι,
1334 4384 1425 4441 29.
1501 4385 1546 4420 ⁸⁵
1577 4385 1740 4442 Prov.
1775 4401 1858 4456 ιιι,
1889 4385 1942 4440 4.

2063 4384 2070 4418 ί
2100 4383 2268 4440 Deut.
2301 4399 2415 4449 xvr,
2447 4381 2536 4436 20.
2614 4380 2656 4414 δ”
2689 4379 2738 4436 ΙΙ
2769 4379 2896 4436 Cor.
2929 4395 2986 4447 ν,
3019 4379 3105 4435 10.

475 4532 710 4606 Schedaz
741 4529 939 4588 Grabii
974 4545 987 4584 :
1021 4529 1360 4606 ᾌμεεξπτρι.
1391 4524 1548 4606 Ἰςίνρς
1579 4525 1740 4606 χᾲριν
1779 4523 1947 4606 πρός-

290 4594 470 4676 κειῖεᾷι
497 4604 580 4672 τὸ,
632 4594 1429 4676 dpgpﬁ10t;At_6ét_'éo:Tt_Xdi
1482 4594 1532 4650 ἐν
1582 4594 1777 4676 ﬁdem;
1820 4594 1946 4676 fuit;

293 4674 545 4738 ἐντολαῖς
567 4666 918 4748 ἓτορεύέσθᾳι,
1227 4669 1547 4748 ἀμὲμπτοςδς
1581 4666 1836 4748 εἷνᾳι.κξίἰ
1872 4668 1946 4740 μὴ

291 4749 426 4842 Idp'
451 4736 749 4820 immrito,
800 4736 1000 4836 οὐκίξὶν
1052 4736 1299 4842 ἐξέγετολ,
1340 4736 1687 4842 Διξαξίωςωτὸ
1741 4736 1947 4793 δίκαιον

302 4841 307 4842 ,
438 4840 508 4842 ,η
583 4820 721 4842 ’ππ-,γ
774 4817 858 4842 ---Α
910 4835 965 4842 -_
1001 4835 1069 4842 η..
1143 4835 1167 4842 ..
1248 4835 1303 4842 -..
1339 4834 1404 4842 ....
1450 4833 1503 4842 Α..
1601 4831 1695 4842 -..η
1748 4811 1818 4842 ...‘.
1853 4831 1918 4842 ..η

291 4808 530 4890 διώξεις.
583 4808 749 4873 Ἐπεί
774 4817 862 4871 καὶ
909 4817 971 4870 τὸ
987 4808 1192 4896 Bulbi},
1245 4813 1306 4868 οὐ
1339 4810 1524 4896 καλὸν,
1543 4808 1723 4896 ,ὅταγῖ
1748 4811 1947 4896 μήηκα-

2060 4524 2316 4580 siasticis
2349 4522 2688 4580 auctoribus
2719 4537 3065 4594 persuasum
3099 4521 3228 4594 fuit,
3257 4523 3492 4594 quando
3515 4523 3584 4580 in
3605 4523 3717 4582 Ve-

2059 4596 2580 4668 terisTestamenti
2612 4592 2858 4668 historia
2878 4593 3032 4668 Deus
3064 4592 3416 4668 patri'arfchis
3437 4599 3551 4668 aut
3575 4613 3708 4668 pro-

2059 4667 2250 4749 phetis
2272 4667 2486 4749 dicitur
2505 4666 2869 4749 apparuisse,
2891 4666 3070 4749 inque
3096 4666 3169 4722 iis
3191 4666 3450 4723 adfuisse
3474 4666 3709 4749 Filium,

2060 4737 2660 4811 debereintelligiq’ui
2677 4737 3060 4811 moremPatri
3072 4753 3284 4811 gerens
3295 4737 3713 4811 aspectabilem

2061 4827 2189 4887 sese
2217 4809 2333 4864 illis
2356 4808 2954 4887 praebuerit,_Deique,
2972 4808 3313 4887 angeli,_aut
3329 4808 3585 4887 Domini,
3609 4830 3716 4887 pro

293 4880 432 4966 Acie:
457 4880 695 4966 γῖνηται.
749 4885 1047 4966 ’βπὰνρῦν
1095 4880 1339 4966 ποιῶμεν
1388 4885 1484 4966 1&5
1509 4880 1765 4966 ﬁndite.
1810 4881 1952 4966 ftis-te

2063 4883 2219 4966 varia
2248 4880 2425 4966 quam
2444 4880 2743 4966 sus-tinuit.
2774 4880 3294 4966 personahnomina
3332 4880 3579 4942 sortitus
3610 4880 3714 4956 sit,

299 4951 583 5038 μὴ’ἒίτᾷί
610 4958 873 5038 συνειᾷόςτι
924 4958 1095 5038 ῥύπον.
1141 4951 1269 5012 εἶναί
1313 4953 1640 5038 ῃενοδοξίᾳς,
1673 4954 1708 5024 ἢ
1742 4954 1950 5028 ἀνορω-

2063 4954 2201 5028 quin
2224 4951 2282 5038 et
2293 4955 2536 5024 junctus
2552 4951 2634 5035 iis
2657 4952 3126 5038 substantialiter
3148 4951 3709 5038 fuerin-quanquam

289 5035 616 5097 nasse-usta;

291 5055 640 5111 παρεσκειας,
668 5055 704 5104 η
758 5055 942 5109 ετερου
990 5055 1136 5092 τινος
1180 5055 1467 5097 τοιουτου,
1516 5055 1638 5082 τοτε
1685 5055 1944 5100 πυιυυμεν

291 5109 395 5168 τὰς
429 5104 649 5168 ἐντολὰς
682 5106 1006 5178 ἀμέμπτως.
1039 5104 1189 5178 Sine‘
1219 5101 1473 5178 querela.
1512 5101 1635 5178 Δσαν
1679 5099 1901 5178 additur
1932 5117 1944 5154 :

297 5181 428 5238 sine
460 5179 697 5253 querela
717 5173 915 5253 ‘IVQuia
943 5179 1114 5253 potest
1155 5173 1280 5244 fieri
1307 5179 1375 5253 ut
1424 5173 1547 5245 quis
1697 5173 1953 5253 omnibus

296 5245 578 5308 mandatis
613 5245 828 5308 Domini
865 5245 1123 5318 ambulet,
1156 5263 1253 5302 nec
1297 5250 1482 5318 tamen.
1532 5245 1606 5298 sit
1654 5245 1776 5299 sine
1794 5259 1951 5318 _que-

299 5325 443 5381 rela.
492 5325 612 5380 Nisi
656 5325 804 5380 enim
850 5322 947 5376 hoc
974 5321 1055 5376 ita
1083 5313 1239 5385 esset,
1272 5333 1383 5372 non
1412 5316 1690 5371 diceretur
1719 5331 1737 5366 :
1784 5313 1953 5369 Juste

299 5397 460 5469 quod
485 5397 718 5468 justum
749 5392 1160 5469 est_sequeris.
1195 5386 1815 5469 Quandoquidem-qugd
1863 5387 1952 5469 bo-

296 5455 442 5524 num
470 5455 567 5532 est,
597 5483 711 5522 non
737 5471 818 5522 est
848 5455 1068 5532 bonum,
1099 5455 1230 5519 cuni
1264 5464 1396 5517 bene
1433 5455 1554 5514 non
1603 5455 1694 5514 sit:
1729 5455 1954 5525 Quando

297 5543 482 5611 igitur
508 5542 746 5612 facimus
788 5537 1073 5612 mandata,
1110 5536 1196 5612 ita
1221 5542 1280 5612 ut
1308 5535 1370 5588 in
1398 5532 1738 5612 conscientia
1756 5533 1958 5612 “nostra

297 5601 468 5670 vanae
508 5601 712 5682 'glorite
759 5609 945 5666 sordes
991 5601 1101 5664 non
1147 5608 1279 5682 sint,
1320 5621 1422 5660 nec
1466 5603 1622 5682 aliud
1669 5601 1957 5682 quidpiam

297 5676 580 5758 ejusmodi
605 5699 854 5755 agamus,
886 5684 1014 5735 tunc
1059 5681 1296 5751 facimus
1342 5676 1613 5733 mandata
1659 5676 1777 5731 sine
1823 5689 1952 5746 que-

301 5756 448 5815 rela.
482 5756 720 5812 Romus.

325 5890 328 5892 γ
368 5830 448 5903 (5)
477 5827 608 5903 Yid.
638 5831 762 5903 not.
796 5825 857 5903 in
887 5823 1048 5880 hom.
1072 5822 1116 5903 _8
1145 5821 1205 5877 in
1237 5821 1380 5903 Gen.

389 5844 448 5903 ὃ)
488 5844 608 5884 νια.
637 5844 762 5912 non.
796 5844 857 5909 in
888 5844 1048 5880 nom.
1081 5844 1116 5876 ο
1145 5844 1205 5877 in
1237 5844 1380 5878 ueri.
1509 5889 1521 5902 O

368 5844 452 5988 i6)
485 5899 686 5984 Multis
715 5897 953 5988 quidem
991 5896 1124 5963 ante
1153 5908 1219 5952 ac
1264 5896 1398 5974 post
1426 5891 1739 5967 Origenem
1769 5888 1956 5950 eccle-

668 5035 704 5104 ἢ
758 5024 942 5109 ὲτὲροΰ
990 5030 1136 5092 τινὸς
1180 5028 1467 5109 τοιούτῳ,
1516 5024 1638 5109 fere
1685 5024 1948 5109 ποιοῦμεν

2063 5024 2621 5109 ῐὶῡῐὶῃύποστιαῖικῇζ
2659 5024 2760 5080 sed
2799 5026 3038 5109 ‘qxstmﬁ
3089 5024 3518 5109 conjunctione.
3549 5024 3714 5084 Hanc

2063 5097 2269 5154 merito
2301 5095 2881 5170 reprehendereualii’
2907 5095 3260 5170 sententiam
3293 5114 3306 5153 :
3366 5115 3470 5154 nec
3517 5104 3712 5170 tamen

2063 5167 2381 5243 Origenem'
2420 5167 2771 5243 criminandi
2821 5169 3200 5243 occasionem
3225 5169 3563 5243 arripimus.
3599 5169 3712 5243 Sed

2063 5239 2197 5298 cum
2252 5241 2346 5296 hic
2395 5242 2633 5296 easdem
2686 5243 2880 5310 partes
2927 5245 2983 5295 et
3030 5241 3142 5296 Deo
3173 5239 3364 5306 Patri;
3382 5247 3438 5296 et
3467 5239 3713 5311 Spiritui

2065 5317 2266 5370 sancto
2314 5313 2556 5381 tribuat,
2595 5313 2943 5384 paradoxum
2976 5311 3180 5384 illique
3226 5312 3574 5384 peculiarem
3607 5312 3708 5366 do-

2065 5386 2313 5441 ctrinam
2347 5384 2568 5456 absque
2600 5383 3070 5456 reprehensionis
3090 5383 3244 5456 nota
3275 5383 3561 5456 praeterire
3594 5399 3711 5438 non

2063 5457 2253 5514 liceat.
2277 5453 2577 5528 Siquid—em
2608 5453 2710 5528 illa
2739 5455 2868 5527 ipsa
2887 5453 3302 5528 Adamantium
3325 5453 3712 5528 destituitra-

2065 5529 2167 5594 tio,
2200 5545 2317 5600 qua
2347 5525 2531 5584 caeteri
2566 5525 2838 5582 videntur
2869 5527 3102 5582 adducti
3138 5543 3150 5580 :
3203 5528 3344 5600 puta
3363 5525 3566 5600 verbis
3594 5526 3713 5584 illis

2066 5595 2247 5656 Exodi
2277 5618 2452 5656 χχχιιι
2488 5617 2500 5655 :
2549 5601 2724 5654 Deum
2753 5600 2974 5671 Patrem
3003 5595 3397 5671 nenw_vide_bit
3443 5614 3716 5671 unquam,

2066 5682 2116 5729 et
2163 5673 2353 5728 vivet:
2407 5676 2465 5728 et
2513 5672 2837 5726 econtrario
2893 5669 3008 5723 illis
3053 5667 3267 5722 Christi
3297 5666 3714 5730 Joannfvmi

2066 5745 2342 5800 Abraham
2367 5745 2662 5816 exsultavit
2690 5745 2750 5816 ut
2778 5739 2986 5816 videret
3014 5736 3158 5796 diem
3185 5754 3369 5797 meum
3399 5758 3420 5796 :
3466 5742 3628 5816 vidit,
3662 5751 3717 5805 et

2065 5818 2286 5891 gavisus
2314 5825 2414 5893 est,
2445 5815 2656 5890 hisque
2686 5811 3002 5871 similibus.
3615 5811 3623 5816 '
3737 5857 3742 5860 .
