4304 6600
589 497 707 558 239

1837 488 1901 549 S.
1949 480 2259 549 EUSEBII
2307 479 2748 545 HIERONYMI

3880 487 4003 554 Ἀθ

589 626 858 702 angelus,
891 630 949 683 et
976 641 1039 684 se
1066 625 1173 698 [αι.
1209 624 1279 695 si]
1329 622 1648 679 videndum
1688 619 2019 694 praebuerit,
2051 621 2109 673 et
2139 616 2234 672 ille
2265 615 2320 683 A’
2351 616 2442 672 cui
2475 620 2562 673 est
2603 616 2787 689 gloria
2833 619 2890 672 et
2935 616 3248 690 imperium
3278 617 3339 674 in
3373 617 3589 676 saecula
3618 619 3996 681 seculorum.

591 717 694 791 qui
731 733 864 774 vere
908 715 1220 781 desiderat,
1253 731 1368 770 non
1401 713 1639 769 videbit.
1672 711 1873 783 Itaque
1904 708 2238 778 ubicunque

593 807 878 881 scriptum
911 805 1106 873 fuerit,
1138 804 1412 877 apparuit
1454 803 1608 859 Deus
1656 801 1763 871 illi,
1795 799 1881 856 vel
1930 797 2036 866 illi,
2070 802 2134 851 ut
2182 800 2240 850 et

593 913 753 956 nunc
787 913 802 954 :
849 897 1116 968 Apparuit
1143 896 1198 950 ei
1225 893 1460 964 angelus
1489 892 1728 959 Domini,
1758 898 1909 946 sta-ns
1948 904 1988 943 a
2029 886 2238 941 dextris

593 987 794 1045 auaris
823 988 1052 1054 incensi,
1083 984 1167 1041 ita
1193 988 1260 1040 ut
1287 983 1425 1050 dixi,
1458 980 1736 1052 intelligo.
1765 979 1893 1035 Sive
1919 982 2092 1041 Deus,
2117 975 2238 1029 sive

593 1075 840 1152 angelus
887 1074 1136 1132 Abrahae
1180 1073 1268 1130 vel
1317 1071 1626 1136 Zacharias,
1671 1085 1805 1124 cum
1853 1065 2102 1123 voluerit
2147 1061 2236 1120 vel

593 1165 866 1239 noluerit,
901 1170 1005 1223 aut
1031 1179 1148 1221 non
1178 1162 1486 1229 videbitur,
1521 1164 1624 1216 aut
1661 1156 1974 1214 videbitur.
2008 1156 2076 1211 Et
2126 1155 2238 1209 hoc

595 1273 712 1315 non
743 1260 974 1314 tantum
1003 1257 1064 1310 in
1093 1251 1361 1326 praesenti
1392 1249 1602 1306 saeculo
1629 1246 1902 1316 dicimus,
1925 1245 2026 1300 sed
2060 1242 2236 1299 etiam

591 1347 652 1402 in
681 1347 898 1416 futuro,
930 1359 1062 1399 cum
1094 1340 1540 1414 migraverimus
1584 1355 1615 1393 e
1655 1336 1897 1402 mundo,
1932 1333 2086 1406 quod
2121 1349 2238 1388 non

595 1435 872 1492 omnibus
900 1431 990 1489 vel
1020 1437 1193 1498 Deus,
1222 1429 1309 1486 vel
1342 1427 1532 1501 angeli
1565 1430 1903 1499 appareant,
1939 1423 2093 1495 quod
2127 1421 2238 1476 sci-

585 1523 731 1581 iieet
757 1527 816 1580 et
845 1522 1108 1596 angelos,
1131 1525 1188 1577 et
1209 1519 1495 1592 Spiritum
1523 1522 1816 1579 sanctum.
1839 1519 1896 1570 et
1923 1512 2238 1568 Dominum

587 1613 973 1683 Salvatorem,
999 1616 1060 1668 et
1086 1612 1283 1683 ipsum
1308 1609 1492 1664 Deum
1518 1606 1770 1672 Patrem,
1798 1604 1850 1659 is
1881 1602 1980 1674 qui
2013 1603 2083 1657 de
2112 1618 2236 1656 cor-

593 1717 740 1777 pore
755 1702 977 1771 exierit,
1002 1701 1204 1757 statim
1229 1702 1524 1754 mereatur
1547 1696 1741 1751 videre
1764 1713 1777 1750 :
1813 1698 1869 1748 et
1893 1692 1989 1748 ille
2009 1696 2238 1747 tantum

593 1791 835 1862 videbit,
871 1790 972 1864 qui
1002 1789 1292 1846 mundum
1323 1786 1593 1842 habuerit
1624 1801 1720 1840 cor
1749 1783 1814 1851 6⁸,
1868 1787 1925 1838 et
1970 1780 2143 1837 talem
2177 1797 2240 1837 se

592 1881 926 1954 praebuerit,
950 1883 1017 1936 ut
1036 1879 1252 1950 dignus
1275 1876 1373 1932 Dei
1399 1877 1476 1932 sit
1505 1877 1764 1946 aspectu.
1789 1873 1859 1927 Et
1879 1871 2148 1943 quamvis
2180 1870 2238 1924 in

595 1973 802 2029 eodem
823 1971 948 2026 loco
975 1970 1069 2038 sit,
1091 1967 1190 2041 qui
1213 1967 1432 2022 mundo
1453 1965 1623 2020 corde
1643 1969 1751 2028 est,
1771 1968 1828 2018 et
1847 1962 1898 2017 is
1921 1962 2020 2033 qui
2049 1960 2240 2015 adhuc

593 2061 795 2134 aliqua
831 2060 1002 2116 sorde
1049 2057 1426 2130 respergitur,
1460 2070 1611 2110 unus
1662 2054 1824 2108 locus
1874 2067 1977 2106 nec
2031 2065 2236 2105 nocere

594 2149 934 2224 quempiam
965 2147 1194 2220 poterit,
1227 2161 1331 2200 nec
1353 2145 1558 2215 juvare
1591 2159 1605 2197 :
1647 2141 1787 2213 quia
1815 2141 1916 2212 qui
1947 2140 2235 2195 mundum

591 2253 694 2297 cor
721 2237 1010 2304 habuerit,
1038 2243 1216 2292 Deum
1245 2232 1482 2299 videbit,
1515 2231 1616 2303 qui
1647 2234 1842 2286 autem
1875 2227 2007 2285 talis
2041 2228 2236 2295 fuerit,

593 2329 654 2385 id
714 2328 868 2401 quod
927 2326 1024 2382 alii
1080 2327 1354 2391 cernunt,
1415 2338 1531 2376 non
1597 2319 1834 2374 videbit.
1892 2318 2028 2374 Tale
2093 2318 2236 2389 quid

594 2417 742 2474 mihi
772 2414 1218 2488 intelligendum
1249 2417 1307 2468 et
1335 2413 1406 2467 de
1435 2409 1688 2475 Christo,
1715 2408 1817 2479 qui
1849 2408 2143 2480 quondam
2176 2407 2235 2462 in

594 2521 832 2579 corpore
859 2504 1185 2569 videbatur,
1219 2502 1373 2574 quod
1409 2517 1524 2555 non
1556 2499 1892 2571 quicunque
1921 2514 2053 2554 eum
2082 2497 2236 2553 vide-

588 2596 753 2666 bant,
802 2598 1073 2668 poterant
1126 2591 1341 2646 videre.
1391 2589 1679 2644 Videbant
1730 2589 1946 2660 quippe
2002 2592 2232 2643 tantum

591 2697 804 2758 corpus
832 2683 994 2740 illius
1026 2701 1040 2739 :
1091 2681 1414 2738 secundum
1464 2696 1596 2734 vero
1641 2678 1749 2734 hoc
1781 2677 1933 2750 quod
1968 2677 2235 2734 Christus

587 2779 733 2844 erat,
754 2787 889 2830 eum
911 2774 1107 2830 videre
1139 2788 1255 2828 non
1281 2774 1569 2842 poterant.
1593 2769 1769 2823 Porro
1794 2767 2065 2838 discipuli
2096 2783 2232 2822 eum

585 2865 881 2932 videbant,
895 2867 953 2919 et
969 2860 1436 2934 magnitudinem
1455 2857 1780 2914 divinitatis
1801 2856 1959 2912 illius
1976 2862 2233 2912 contem-

586 2954 920 3028 plabantur.
952 2950 1192 3023 Propter
1221 2950 1374 3022 quod
1406 2953 1545 3020 puto
1574 2952 1631 3003 et
1659 2948 1731 3002 ad
1763 2946 2100 3018 Philippum
2132 2946 2228 3002 de-

589 3047 924 3116 precantem
955 3045 1131 3112 atque
1161 3039 1449 3094 dicentem
1484 3053 1498 3092 :
1544 3036 1775 3092 Ostende
1804 3038 1957 3092 nobis
1986 3040 2227 3107 Patrem,

589 3139 644 3188 et
689 3131 900 3203 sufﬁcit
951 3129 1132 3194 nobis,
1181 3125 1554 3199 respondisse
1613 3125 2016 3182 Salvatorem:
2071 3127 2230 3182 Tanto

589 3227 828 3292 tempore
856 3217 1131 3274 vobiscum
1157 3219 1384 3295 sum,_et
1419 3230 1532 3268 non
1561 3215 1888 3282 cognovistis
1933 3230 2020 3269 me
2038 3217 2063 3267 .9
2090 3214 2230 3268 Phi-

587 3309 753 3382 lippe,
787 3309 883 3380 qui
908 3307 1053 3363 videt
1081 3322 1186 3373 me,
1217 3304 1359 3360 videt
1387 3308 1436 3360 et
1469 3309 1691 3360 Patrem
1719 3305 1782 3357 6°.
1839 3308 2037 3374 Neque
2065 3305 2222 3359 enim

2343 707 2549 761 Amen.

2791 797 2886 853 25
2901 796 3078 854 7-58
3109 796 3412 853 HOMILIA
3457 798 3548 854 lV.

2344 885 2422 940 De
2449 900 2508 940 eo
2539 885 2678 960 quod
2703 888 2971 960 scriptum
2999 889 3077 941 est
3105 902 3124 960 ,ἡ
3179 909 3200 935 ι
3237 888 3340 960 Ne,
3363 888 3582 955 timeas,
3629 890 3930 960 Zacharia,
3963 915 3993 944 κ

2415 973 2582 1042 usque
2607 959 2676 1012 ad
2704 975 2829 1039 eum
2861 958 3036 1040 locum
3057 959 3164 1042 .uli‘i
3193 961 3280 1015 ait
3308 959 3374 1042 de
3402 960 3619 1042 Joan_ne
3647 980 3669 1016 .·
3722 985 3744 1012 ι
3781 958 3995 1021 Praee-

2416 1027 2502 1082 det
2530 1044 2713 1084 coram
2743 1031 2856 1100 ipso
2887 1031 2947 1084 in
2974 1031 3183 1102 spiritu
3210 1036 3262 1086 et
3290 1033 3495 1087 virtute
3523 1033 3682 1090 Elim.
3721 1056 3749 1084 »
3784 1034 3924 1109 Cap.
3952 1053 3993 1093 ι.

2417 1153 2744 1222 Zacharias,
2779 1170 2914 1210 cum
2960 1155 3234 1226 angelum
3266 1156 3533 1224 vidisset,
3562 1158 3807 1230 expavit.
3839 1160 3998 1219 Nova

2346 1243 2561 1314 quippe
2581 1243 2759 1299 facies
2788 1243 3065 1300 humanis
3088 1245 3392 1302 obtutibus
3413 1263 3475 1303 se
3502 1249 3766 1320 praabens
3792 1252 3996 1310 turbat

2347 1339 2602 1389 mentem
2661 1333 3045 1406 animumque
3094 1339 3448 1394 consternat.
3501 1336 3663 1394 Unde
3721 1340 3992 1412 angelus,

2349 1423 2537 1478 sciens
2560 1421 2708 1478 hanc
2733 1439 2860 1479 esse
2889 1423 3216 1480 humanam
3250 1430 3541 1495 naturam,
3571 1428 3826 1499 primum
3859 1448 3991 1503 per—

2347 1511 2666 1567 turbationi
2699 1514 2964 1568 medetur
2995 1513 3232 1571 dicens:
3267 1516 3395 1572 Noli
3433 1518 3644 1583 timere,
3677 1519 3946 1578 Zacharia
3974 1539 3995 1578 :

2347 1606 2405 1656 et
2435 1602 2821 1673 trepidantem
2855 1602 3157 1671 refocillat,
3191 1621 3454 1678 novoque
3483 1606 3740 1664 laetiﬁcat
3792 1612 4000 1670 nuntio

2348 1688 2602 1744 inferens
2638 1708 2651 1745 :
2703 1691 2983 1748 Eraudita
3027 1697 3104 1747 est
3145 1697 3322 1750 oratio
3353 1700 3470 1763 tua,
3500 1705 3553 1752 et
3580 1713 3723 1754 uxor
3751 1704 3855 1759 tua
3883 1703 4001 1758 Eli-

2347 1780 2537 1834 sabclh
2560 1782 2741 1851 pariet
2770 1781 2972 1850 ﬁlium,
3001 1791 3056 1837 et
3097 1784 3308 1839 vocabis
3337 1801 3535 1842 nomen
3564 1788 3683 1859 ejus
3709 1790 3997 1864 Joannem,

2347 1878 2398 1924 et
2447 1872 2552 1924 erit
2601 1872 2702 1924 tibi
2744 1871 3017 1940 gaudium
3061 1881 3115 1927 et
3163 1875 3478 1931 exsultatio.
3512 1876 3756 1940 Quando
3799 1881 4000 1950 justus

2349 1957 2481 2029 quis
2513 1958 2698 2014 oritur
2728 1961 2966 2028 mundo,
3001 1967 3058 2016 et
3087 1963 3342 2019 stadium
3375 1964 3554 2035 hujus
3586 1966 3713 2023 vite
3743 1967 4004 2042 ingredi-

2350 2053 2466 2114 tur,
2489 2047 2743 2104 ministri
2775 2049 3094 2107 nativitatis
3113 2053 3239 2122 ejus
3269 2051 3558 2124 laatantur,
3583 2061 3640 2112 et
3669 2073 3731 2114 se
3751 2057 4004 2116 eﬂerunt

2350 2137 2410 2193 in
2442 2138 2713 2194 sublime.
2747 2141 2987 2205 Quando
3029 2157 3163 2198 vero
3213 2142 3309 2199 ille
3362 2145 3642 2215 nascitur,
3675 2147 3779 2219 qui
3830 2149 3998 2205 male

2353 2227 2482 2282 vitae
2506 2233 2860 2300 praeparatus
2882 2235 2988 2302 est,
3013 2235 3070 2286 et
3096 2233 3265 2304 quasi
3299 2234 3371 2289 ob
3404 2251 3604 2306 pcnnas
3631 2237 3711 2308 (‘7)
3741 2237 3800 2294 in
3829 2255 3998 2312 erga-

2355 2317 2579 2373 stulum
2611 2317 2920 2389 relegatus,
2954 2320 3223 2377 minister
3253 2329 3667 2382 consternatur
3694 2330 3752 2383 et
3799 2329 4001 2385 conci-

2354 2406 2457 2462 dit.
2490 2406 2589 2462 Vis
2620 2409 2950 2480 exemplum
2983 2411 3244 2483 accipere
3275 2413 3461 2469 sancti
3491 2414 3622 2484 viri,
3654 2417 3823 2486 cujus
3876 2433 4002 2475 om-

2355 2497 2446 2551 nis
2494 2497 2722 2553 fructus
2779 2499 2841 2554 in
2897 2498 3068 2554 laude
3125 2501 3256 2556 sit?
3307 2501 3450 2559 Vide
3477 2503 3658 2561 Jacob
3689 2506 4002 2564 duodecim

2355 2586 2627 2657 genuisse
2649 2604 2860 2657 mares,
2878 2588 2977 2659 qui
2994 2605 3198 2648 omnes
3222 2591 3420 2662 populi
3439 2593 3539 2648 Dei
3558 2597 3616 2650 et
3637 2595 3822 2668 partis
3844 2595 4006 2654 illius

2353 2675 2697 2746 patriarchae
2720 2681 2776 2732 et
2803 2675 3094 2750 principes
3115 2679 3463 2737 exstiterunt
3486 2699 3499 2737 :
3527 2683 3584 2738 in
3608 2683 3704 2741 his
3723 2686 4007 2744 omnibus

2349 2762 2526 2819 Jacob
2557 2763 2860 2820 laetabatur
2901 2771 3086 2837 pater,
3119 2768 3272 2824 sicut
3319 2775 3374 2825 et
3423 2787 3579 2827 nunc
3628 2773 3699 2829 de
3753 2775 4004 2834 Joannis

2350 2853 2653 2909 nativitate
2674 2855 2900 2910 cunctis
2920 2857 3202 2926 gaudium
3226 2858 3530 2916 nuntiatur
3555 2878 3568 2917 :
3601 2866 3660 2918 et
3680 2863 3781 2934 qui
3811 2864 3996 2922 semel

2349 2943 2422 2997 ob
2450 2942 2760 2999 utilitatem
2791 2944 3040 3000 aliorum
3070 2947 3141 3001 ad
3173 2947 3488 3005 liberorum
3528 2967 3704 3023 opera
3751 2953 3996 3012 descen-

2349 3033 2517 3099 derit,
2541 3037 2599 3088 et
2629 3050 2689 3088 se
2719 3032 2966 3090 voluerit
2992 3034 3127 3090 huic
3159 3037 3483 3095 ministerio
3510 3042 3863 3114 mancipum,
3885 3045 3990 3102 ob.

2347 3126 2534 3177 secret
2560 3126 2759 3189 Deum,
2783 3128 2848 3178 ut
2873 3123 3006 3180 talis
3037 3124 3087 3180 ei
3112 3124 3270 3181 illius
3301 3127 3665 3200 ingrediatur
3683 3131 3991 3202 smculum,

2346 3228 2525 3284 super
2553 3213 2722 3282 cuius
2755 3213 3053 3270 nativitate
3094 3213 3278 3271 laetior
3306 3217 3403 3274 sit.
3438 3219 3723 3276 Scribitur
3750 3237 3886 3296 ergo
3918 3223 3992 3281 de

2343 3301 2613 3357 Joanne:
2663 3303 2737 3373 (8)
2785 3303 2904 3358 Erit
2950 3320 3180 3375 magnus
3229 3305 3287 3360 in
3335 3312 3624 3380 conspectu
3672 3310 3895 3368 Domini
3919 3314 3986 3370 το.

583 3397 831 3468 Pilatus,
856 3396 956 3470 qui
983 3395 1220 3453 videbat
1236 3395 1463 3465 Jesum,
1486 3393 1827 3449 intuebatur
1849 3393 2098 3462 Patrem,
2124 3409 2227 3450 nec
2257 3385 2304 3458 ο
2338 3391 2797 3463 Magnitudinem
2830 3392 3038 3448 animae
3066 3393 3311 3452 Joannis
3342 3398 3615 3470 ostendit,
3639 3417 3765 3472 quin
3797 3400 3990 3460 oculis

581 3487 846 3561 proditor
872 3487 1057 3542 Judas
1088 3502 1102 3540 :
1159 3484 1300 3557 quia
1341 3499 1447 3539 nec
1478 3484 1602 3556 ipse
1632 3482 1875 3551 Pilatus,
1907 3499 2012 3538 nec
2040 3483 2224 3540 Judas

578 3577 882 3634 Christum
933 3574 1259 3632 secundum
1289 3573 1399 3628 hoc
1429 3573 1584 3644 quod
1615 3576 1739 3628 erat
1768 3572 2032 3628 Christus
2060 3573 2224 3629 vide-

577 3666 743 3738 bant,
774 3680 880 3722 neo
909 3663 1224 3720 multitudo
1255 3679 1383 3734 quin
1415 3662 1747 3717 coarctabat
1784 3678 1939 3716 eum.
1975 3661 2061 3716 Illi
2093 3665 2221 3718 tan-

575 3759 706 3811 tum
735 3755 1010 3810 videbant
1036 3753 1263 3823 Jesum,
1287 3767 1436 3823 quos
1464 3755 1702 3821 aspectu
1733 3767 1839 3806 suo
1860 3751 2069 3823 dignos
2095 3768 2223 3808 esse

579 3842 823 3901 sciebat.
850 3843 1200 3898 Laboremus
1224 3855 1360 3911 ergo
1390 3844 1447 3894 et
1475 3855 1603 3906 nos,
1632 3844 1694 3893 ut
1719 3844 1776 3895 et
1804 3839 2222 3911 impraesentia-

579 3947 714 3990 rum
747 3931 916 3988 nobis
940 3931 1091 3987 Deus
1120 3932 1417 4002 appareat.
1439 3932 1682 3984 Sanctus
1713 3927 1929 4001 quippe
1959 3930 2217 4002 Scriptu-

573 4033 777 4079 rarum
809 4024 1004 4077 sermo
1032 4018 1322 4092 promisit,
1347 4018 1500 4090 quod
1532 4017 1860 4074 invenietur
1888 4019 1960 4074 ah
1991 4019 2084 4075 his
2115 4020 2218 4092 qui

573 4129 690 4169 non
720 4113 955 4168 tentant
981 4125 1154 4166 eum:
1187 4112 1428 4180 apparet
1451 4112 1644 4163 autem
1679 4108 1771 4164 his
1796 4109 1895 4178 qui
1931 4125 2046 4164 non
2079 4115 2220 4166 sunt

2335 3481 2433 3536 Dei
2456 3486 2676 3554 pateat:
2701 3485 2755 3537 et
2777 3481 2997 3553 aliquid
3020 3482 3239 3550 minus,
3257 3485 3412 3556 quod
3434 3488 3668 3560 proprie
3689 3489 3748 3546 in
3775 3490 3986 3548 animm

2331 3570 2546 3626 virtute
2577 3570 2951 3642 conspicitur.
2987 3575 3102 3644 Ego
3133 3572 3215 3628 ita
3243 3573 3507 3648 intelligo
3538 3583 3597 3633 et
3623 3577 3792 3647 illud,
3825 3581 3986 3652 quod

2332 3661 2392 3715 in
2422 3660 2730 3733 Evangelio
2762 3660 3020 3717 dicitur:
3069 3663 3264 3719 Nolite
3307 3673 3649 3724 contemnere
3694 3685 3868 3724 unum
3914 3668 3986 3728 de

2330 3752 2582 3806 minimis
2611 3751 2751 3821 istis,
2775 3753 2874 3820 qui
2899 3751 2957 3804 in
2979 3751 3228 3808 Ecclesia
3255 3763 3382 3809 sunt
3404 3756 3467 3810 τί.
3493 3755 3772 3814 Minimus
3799 3757 3880 3814 ibi
3905 3759 3981 3816 ad

2332 3839 2768 3895 distinctionem
2791 3839 3028 3910 majoris
3061 3840 3427 3915 intelligitur.
3454 3844 3578 3901 Non
3601 3845 3746 3901 mihi
3778 3850 3979 3921 praeci-

2329 3927 2506 4000 pitur,
2532 3933 2597 3984 ut
2620 3945 2756 3984 eum
2785 3929 2885 4001 qui
2906 3931 3147 4002 grandis
3169 3937 3257 3988 est
3281 3937 3680 4006 contemnam,
3699 3936 3838 4008 quia
3858 3955 3977 3996 non

2327 4022 2520 4089 potest
2551 4017 2842 4074 contemni
2898 4019 2995 4075 ille
3049 4019 3149 4092 qui
3205 4022 3445 4092 grandis
3475 4027 3600 4090 est;
3634 4025 3734 4082 sed
3765 4025 3982 4084 dicitur

2327 4105 2493 4173 mihi,
2527 4123 2598 4162 ne
2629 4111 2968 4163 contemnas
2998 4125 3184 4164 unum
3234 4126 3301 4165 ex
3349 4110 3631 4168 minimis.
3668 4113 3741 4170 Ut
3769 4119 3967 4173 autem

570 4201 857 4259 increduli
889 4200 948 4256 in
978 4216 1116 4255 eum
1148 4217 1161 4254 :
1202 4202 1260 4254 et
1289 4197 1348 4253 in
1381 4198 1578 4253 futuro
1609 4215 1726 4252 non
1760 4198 2154 4254 abscondatur
2183 4218 2216 4256 a
2326 4197 2499 4265 scias,
2532 4197 2687 4268 quod
2740 4195 3021 4253 minimus
3053 4203 3110 4254 et
3142 4216 3355 4271 parvus
3386 4218 3501 4257 non
3534 4201 3778 4260 fortuitu
3809 4205 3969 4263 dica-

568 4293 739 4349 nobis
765 4309 779 4361 ;
829 4291 930 4347 sed
960 4289 1266 4345 videamus
1296 4303 1430 4342 eum
1461 4285 1606 4341 facie
1638 4287 1707 4340 ad
1742 4285 1972 4353 faciem,
2005 4291 2062 4342 et
2111 4288 2213 4344 ha-
2323 4291 2438 4355 tur,
2463 4287 2564 4342 sed
2597 4303 2729 4341 cum
2760 4303 2827 4342 ea
2858 4287 3096 4355 ratione,
3122 4305 3299 4360 quam
3333 4290 3662 4363 posuimus,
3687 4293 3971 4366 scriptum

565 4382 813 4438 beamus
834 4378 1112 4434 ﬁduciam
1137 4377 1302 4432 bona:
1323 4374 1874 4446 vitae,fruamurque
1898 4381 2211 4448 conspectu
2322 4382 2457 4433 est:
2515 4378 2834 4449 Quicunque
2873 4377 3337 4434 scandalizaverit
3383 4395 3558 4436 unum
3607 4383 3678 4438 de
3722 4385 3973 4442 minima

569 4467 992 4541 omnipotentis
1016 4467 1115 4523 Dei
1144 4466 1203 4521 in
1230 4464 1456 4520 Christo
1479 4463 1642 4534 Jesu,
1664 4468 1720 4518 et
1746 4463 1964 4536 Spiritu
1987 4474 2210 4539 sancto,
2321 4469 2444 4524 istis
2471 4467 2532 4519 7’.
2568 4466 2848 4522 Minimus
2879 4465 3331 4536 scandalizatur,
3358 4468 3600 4540 grandis
3630 4485 3747 4528 non
3776 4477 3972 4544 potest

592 4569 596 4573 ’
634 4576 679 4611 ⁸⁸
709 4573 918 4631 Matth.
949 4589 1004 4645 v,
1036 4574 1088 4630 8.
1164 4572 1210 4607 °°
1237 4571 1406 4628 Joan.
1441 4585 1554 4636 xxv,
1586 4570 1639 4637 8,
1668 4571 1722 4624 9.
1799 4572 1843 4606 7°
1872 4576 2007 4630 Luc.
2041 4593 2081 4644 1,
2114 4579 2199 4634 15.

2352 4574 2554 4632 Matth.
2589 4591 2750 4643 XVIII,
2786 4575 2871 4629 10.
2949 4575 2992 4607 τ²
3025 4573 3168 4630 ibid.
3199 4575 3253 4630 6.

629 4682 710 4756 (7)
740 4681 866 4737 Non
888 4683 976 4762 est
997 4696 1101 4762 cur
1130 4677 1333 4734 multis
1363 4678 1578 4762 hancce
1600 4677 2204 4762 Qrigen‘isrepreheg-

2336 4691 2422 4762 '77“
2451 4681 2566 4762 κατῖ
2597 4679 2814 4762 ἀρετήν’
2835 4679 2938 4762 Ξίαέ
2971 4678 3083 4762 ἔστί
3111 4701 3210 4762 τίς.
3245 4679 3546 4762 σμιδερρτης
3577 4685 3780 4762 tunc.
3815 4685 3960 4760 Ἐγὼ

557 4727 779 4839 genta
803 4753 1174 4835 εεηιεηςίετη,
1207 4727 2197 4839 qug‘n‘u‘g‘engzzgua

2336 4727 2420 4744 μ,
2453 4727 2546 4736 η..-
2599 4727 2628 4734 ψ
2669 4727 2784 4733 --η
2850 4727 2937 4733 ηπ-
2972 4727 3079 4734 ----
3123 4727 3192 4741 η,
3249 4727 3268 4733 -
3419 4727 3495 4735 π.
3624 4727 3646 4736 -
3699 4727 3710 4737 .
3769 4727 3780 4739 .
3832 4727 3872 4742 μ
3915 4727 3960 4741 υ..

2336 4727 2491 4815 tutuo:
2542 4727 2722 4839 dudum
2750 4727 2864 4805 ’τᾎῦ
2922 4751 2972 4806 ἐν
3018 4756 3096 4823 τῷ
3143 4727 3964 4839 ΕὐαγῗίελΓίῳ·μλιῖἠΑ›ίᾶταφρο-

2363 4830 2371 4839 ,
2630 4824 2639 4836 ς
2775 4827 2798 4836 η
3085 4828 3108 4837 -
3479 4823 3493 4839 ς
3632 4830 3659 4839 -
3724 4828 3777 4839 .-

555 4826 671 4884 bus
696 4823 913 4906 illigari
938 4823 1166 4880 animas
1196 4821 1395 4906 eictnlo
1427 4823 1824 4904 depromptae,
1854 4821 2068 4898 easque
2089 4834 2201 4906 aut

2341 4830 2510 4897 ήσητε
2568 4822 2682 4906 tvo:
2734 4827 2839 4906 ςτῶπί
2907 4821 3148 4896 σμικρῶν
3208 4821 3528 4878 τοῦὲωςᾙέν
3593 4821 3661 4906 τῇ
3724 4821 3962 4900 Ἐκ)ίή-

553 4915 661 4970 pro
689 4879 939 4978 peccatis
969 4912 1207 4978 sursum
1237 4879 1534 4978 admissis.
1561 4894 1618 4949 in
1667 4879 1910 4968 corpora
1933 4879 2200 4970 qiiwa'siwi—ti

2336 4879 2652 4978 talltl‘izpdv
2687 4895 2788 4978 γᾲρ
2823 4879 3051 4978 ἐκξῖδτὸιέ
3100 4895 3336 4949 ἐναντίον
3387 4899 3464 4965 τῷ
3516 4879 3936 4978 flavam—ias;

553 4921 661 4970 pro
689 4921 939 4971 pecuaua
969 4921 1207 4951 δυτδυιιι
1237 4921 1514 4949 ᾶυωιδδιδ
1561 4921 1618 4949 ιιι
1667 4921 1910 4968 υυΓΡυΓᾶ
1937 4921 2105 4970 ηυᾶδι
2138 4921 2196 4956 ιι]

553 4967 921 5057 ergastulum
959 4967 1344 5049 demitti,_.aut
1373 4970 1608 5038 propter
1633 4973 1788 5057 recte
1833 4975 1970 5057 ante
1993 4971 2194 5057 .vita‘m

2336 4921 2416 4968 ἰᾳ.
2450 4921 2652 4950 Μικῡυν
2687 4921 2788 4969 γαρ
2823 4921 2929 4948 εχει
2959 4921 3048 4949 τον
3100 4921 3336 4949 ενπντιον
3387 4921 3464 4965 τέ)
3516 4921 3745 4972 μεγαΛῳ
3786 4921 3961 4991 Λεῖει.

2336 4976 2425 5023 Οτι
2459 4965 2514 5021 δὲ
2554 4947 2792 5057 (ξηευχὼν
2823 4966 2900 5054 τρύ
2954 4967 3146 5042 μικρός
3202 4969 3336 5035 ἐστι,
3387 4965 3555 5036 δῆλον
3611 4968 3670 5024 ἐκ
3715 4974 3833 5024 τοῦ·
3890 4978 3962 5035 Ος

2644 5049 2648 5057 λ
3011 5043 3034 5051 -
3327 5044 3352 5053 ..
3533 5039 3545 5057 ρ
3773 5044 3844 5057 -..

549 5035 735 5116 gesta,
766 5039 942 5122 variis
990 5054 1059 5095 ac
1104 5035 1281 5094 variis
1322 5035 1391 5093 in
1423 5035 1783 5122 corporibus,
1816 5040 2063 5121 decretis
2096 5043 2194 5099 Dei

2342 5064 2366 5096 ν
2426 5035 2768 5122 σηανδαλίέῃς
2799 5035 2916 5122 ’ἕνα
2956 5035 3075 5122 ’τῴἶθ
3105 5109 3122 5122 κ
3151 5044 3393 5113 σμικρῶν
3443 5035 3659 5095 τούτων
3697 5085 3708 5097 .
3770 5044 3957 5122 Mittas

549 5065 735 5116 εΕΒιΕ,
767 5065 942 5096 varius
990 5065 1059 5095 αυ
1107 5065 1281 5094 vuruu
1324 5065 1382 5093 ιιι
1423 5065 1782 5109 υυΓμυι-ιυυδ,
1816 5065 2063 5096 υευτυιιδ
2096 5065 2194 5099 uel

549 5111 938 5194 exsequendis
962 5127 1173 5194 navare
1193 5125 1454 5194 operam:
1481 5109 1664 5165 Hocce
1691 5111 2037 5194 Qrigenismi
2062 5132 2193 5185 pro-

2342 5065 2366 5096 ν
2426 5065 2754 5111 anui/ouum
2826 5065 2916 5092 sv:
2971 5065 3075 5092 των
3151 5065 3393 5113 σμικρων
3452 5065 3659 5095 τουτων
3697 5085 3708 5097 .
3770 5065 3956 5132 Μελίας

2336 5115 2407 5188 ἀρ
2439 5112 2500 5165 οὐ
2539 5107 3154 5194 ,σκανδαςλίζιετρσοάλγ
3187 5112 3214 5164 ὁ
3264 5113 3431 5184 μέγας
3479 5113 3679 5175 παντὸς
3732 5117 3956 5171 σκανοὼ

546 5165 866 5269 pemddum
889 5165 1395 5269 characteristicon
1428 5165 2194 5269 innumerive’teresre‘cen-
2303 5165 2402 5239 Χὸῦ
2432 5183 2689 5256 κρείττων
2741 5165 2870 5238 ἐστὶ
2918 5183 3041 5238 Erit
3079 5184 3233 5238 enim
3264 5165 3556 5257 .m'ag'nus.
3704 5165 3956 5245 nihl;-

545 5254 840 5336 tioresque
870 5255 1588 5336 auctoresimpugnarunt
1621 5271 1632 5307 :
1685 5254 1941 5336 diximus
1989 5261 2052 5336 c_t_
2085 5275 2190 5312 nos
2297 5254 2646 5336 gnitudinem
2669 5258 2869 5336 animae
2892 5257 3124 5336 Joannis
3145 5254 3410 5324 ostendit,
3425 5261 3479 5311 et
3508 5259 3956 5326 magnitudinem

545 5325 811 5414 quedam
845 5344 984 5414 cum.
1021 5325 1180 5414 alibi,
1215 5332 1340 5380 tum
1373 5326 1684 5414 prtecipue
1725 5327 1795 5380 ad
1853 5327 2187 5414 synodi‘cam
2298 5325 2416 5400 quae
2438 5331 2601 5414 a'Deo
2621 5329 2886 5414 cernitur.
2909 5329 3166 5414 Estlenim
3188 5329 3376 5414 aliqua
3397 5325 3722 5402 magnitudo
3742 5335 3953 5390 animae

543 5397 851 5476 epistolam
906 5401 1058 5476 inter
1084 5398 1706 5476 _llieronymianas_92,
1739 5397 1916 5476 quam
1970 5399 2184 5469 publici
2295 5397 2590 5476 secundum
2637 5402 2941 5476 υίνίιέιέξιηζ
2959 5401 3008 5452 cl
3047 5397 3505 5476 estalz'a’animae
3532 5403 3802 5472 paruitas.
3839 5407 3949 5476 Ego

2293 5476 2374 5529 sic
2398 5475 2612 5543 accipio
2641 5471 2781 5542 quod
2810 5473 2866 5524 in
2901 5471 3484 5544 Euangelioscriptum
3513 5471 3591 5544 est
3613 5490 3633 5524 :
3681 5473 3763 5530 Ne
3809 5471 3945 5532 con-

2295 5541 2572 5601 temnatis
2600 5541 2781 5598 unum
2806 5559 2875 5596 ex
2901 5541 2992 5614 his
3025 5541 3254 5612 pusillis
3280 5541 3378 5614 qui
3411 5551 3549 5600 sunt
3579 5543 3638 5600 in
3663 5545 3941 5605 Ecclesia.

2291 5619 2568 5692 Pusillum
2597 5618 2747 5692 enim
2792 5614 2888 5668 hoc
2935 5613 3048 5667 loco
3097 5614 3229 5692 dicit
3256 5613 3385 5692 eum
3417 5617 3514 5688 qui
3541 5633 3747 5692 magno
3776 5636 3939 5692 ορρο-

2289 5688 2656 5772 ηξίαν.ΛΟιςοά
2687 5693 2869 5741 autem
2900 5687 3264 5772 non‘q‘uilibel
3286 5687 3497 5772 parvus
3539 5687 3650 5759 sit,
3669 5687 3945 5772 liquet—ea:

2291 5761 2424 5836 his
2475 5755 3327 5836 Quicunque.scandalizaverit
3343 5776 3540 5836 unum
3583 5755 3652 5836 ea
3682 5755 3776 5818 his
3807 5769 3940 5836 par-

2286 5831 2458 5889 vulis.
2493 5831 2720 5905 Magnus
2749 5830 2911 5905 enim_
2942 5845 3048 5884 non
3097 5830 3535 5905 scandalizatur,
3559 5831 3653 5892 sed
3679 5837 3762 5894 est
3789 5830 3946 5904 omni

2283 5903 2540 5964 scandala
2568 5903 2842 5979 superior.
2876 5901 3114 5964 Romus.

538 5469 692 5544 juris
713 5473 968 5544 primum
989 5470 1258 5544 fecimus,
1275 5486 1504 5544 quaque
1519 5469 1877 5540 Origeniana:
1901 5469 2185 5528 haereseos

543 5542 754 5616 placita
783 5544 900 5616 fere
931 5543 1165 5616 singula
1181 5615 1187 5616 ί
1203 5542 1687 5616 condemnentur.

613 5615 689 5686 (8)
719 5614 954 5670 Schedaa
995 5611 1191 5670 G'rabii
1243 5619 1300 5669 et
1347 5613 1635 5686 Macarius
1667 5611 2182 5686 Chrysocephalus

540 5683 832 5741 ms.'orat.
875 5693 892 5740 ι
937 5687 996 5740 in
1030 5692 1223 5741 ortum
1255 5685 1441 5741 sancti
1469 5684 1735 5757 Joannis,
1768 5683 1885 5738 hac
1913 5683 2182 5757 Origenis

534 5757 713 5830 verba
743 5757 987 5830 laudant
1019 5775 1031 5811 :
1065 5759 1251 5830 Ἕστᾳι
1301 5757 1402 5830 γὰρ
1458 5755 1646 5830 μέγας.
1696 5755 1776 5808 Ἐν
1830 5754 2050 5830 7.961017,-
2086 5759 2177 5830 μὲ-

574 5780 1031 5813 ernalauuuutz
1090 5780 1251 5810 notat
1301 5780 1402 5830 γαρ
1458 5780 1646 5828 μεγας,
1712 5780 1776 5808 ειν
1830 5780 2050 5818 τουτοις
2128 5780 2175 5812 ε,

573 5826 1002 5905 ἐθοίέμφαίγει.
1049 5834 1149 5905 τῆς
1199 5828 1450 5905 Ἰωᾴνγευ
1507 5829 1740 5905 ψυχῆς,
1797 5825 1887 5905 mp:
1949 5780 2175 5903 μέγεδῗος

573 5848 693 5890 ευος
741 5848 987 5905 εμφαινει
1049 5848 1149 5895 της
1219 5848 1450 5883 ιωαννου
1507 5848 1740 5900 ψυγης,
1797 5848 1885 5880 και
1949 5848 2173 5903 μεγευος

531 5848 878 6006 ἕλεπόμινον
913 5897 1015 5956 ὑπὸ
1043 5903 1140 5958 τοῦ
1187 5903 1341 5956 Θεοῦ.
1372 5899 1524 5956 ’Ἐστι
1552 5891 1656 5985 γάρ
1690 5918 1746 5956 τι
1797 5898 2020 5984 μέγεθος
2073 5905 2173 5986 ip...
