4304 6588
278 418 388 487 Ilii

725 391 1228 489 TRANSLATIO
1269 417 1781 489 HOMILIARUM
1826 385 2199 486 oalesius
2239 417 2322 484 IN
2365 420 2661 489 LUGAM.
2695 451 2772 471 -
2800 423 3072 491 HOMlL.
3118 417 3223 490 v1.

3570 419 3692 497 246
3708 496 3719 503 ,

278 560 435 635 ptum
465 554 671 630 reperi.
705 557 998 631 Ignatium
1029 557 1158 616 dico
1200 557 1543 632 episcopum
1593 556 1911 615 Antiochiae
1942 555 1999 624 Α
2031 557 2152 635 ait:
2184 558 2310 623 Ave,
2334 561 2516 629 gratia
2529 559 2718 631 plena,
2741 560 2901 631 quod
2921 559 3034 633 (17)
3056 560 3251 617 Graece
3270 556 3503 630 dicitur,
3523 575 3716 634 κεχαοι

276 632 405 723 post
430 650 662 703 Petrum
698 648 1047 719 secundum,
1068 648 1171 721 qui
1192 648 1253 704 in
1285 648 1688 722 persecutione
1718 648 1917 703 Romae
2028 632 2327 722 ριὲωμένη,
2376 649 2474 703 ubi
2508 648 2567 704 in
2610 632 2935 721 Scripturis
2966 648 3105 704 alibi
3146 649 3386 722 legerim
3445 667 3560 707 non
3591 632 3715 712 re-.

274 735 545 813 pugnavit
572 737 645 792 ad
678 737 923 794 bestias:
945 738 1273 811 Principem
1302 738 1496 795 saeculi
1529 738 1710 811 hujus
1741 736 1917 793 latuit
2025 737 2268 806 cordor;
2303 738 2405 793 sed
2436 753 2625 810 neque
2655 738 2727 794 ad
2758 738 2948 793 virum
2981 738 3315 795 istiusmodi
3341 754 3533 795 sermo
3562 744 3676 810 est,
3704 808 3713 813 _

272 825 564 901 virginitas
594 827 815 884 Marias:
839 826 1010 884 latuit
1040 833 1278 902 propter
1305 829 1523 901 Joseph
1550 846 1563 885 :
1596 828 1769 885 latuit
1788 844 1914 901 pro-
2021 824 2200 897 Salve,
2233 829 2419 896 gratia
2456 828 2641 899 plena.
2693 827 2811 883 Soli
2858 827 3050 883 Marias
3081 828 3203 884 haec
3234 827 3512 885 salutatio
3552 846 3678 886 ser-

272 921 357 976 ter
379 914 613 988 nuptias
638 931 650 973 :
712 915 884 973 latuit
912 917 1053 990 quia
1105 917 1301 975 virum
1330 918 1545 976 habere
1575 918 1911 991 putabatur.

271 1004 328 1063 Si
353 1004 504 1062 enim
533 1021 651 1063 non
693 1005 1001 1064 habuisset
1030 1024 1340 1080 sponsum,
1393 1012 1448 1064 et
1479 1012 1544 1063 ut
1571 1007 1909 1081 putabatur,

273 1094 474 1167 virum,
495 1112 870 1169 nequaquam
902 1096 1192 1169 potuisset
1211 1097 1463 1170 principi
1493 1098 1698 1153 mundi
1730 1096 1910 1168 hujus

267 1183 553 1243 abscondi.
587 1185 800 1242 Statim
832 1185 991 1244 enim
1023 1186 1298 1260 cogitatio
1329 1185 1741 1243 diabolitacita
1768 1186 1907 1242 sub-

262 1273 565 1348 repsisset:
609 1276 907 1347 quomodo
954 1275 1090 1344 ista,
1126 1276 1228 1349 qui
1258 1293 1374 1333 non
1421 1276 1743 1333 concubuit
1770 1292 1907 1332 cum

260 1363 391 1433 viro,
439 1380 749 1437 pregnans
780 1364 916 1422 est?
939 1365 1121 1422 Debet
1148 1365 1261 1423 iste
1310 1370 1629 1438 conceptus
1659 1381 1787 1422 esse
1817 1365 1906 1420 di-

257 1453 437 1527 vinus,
460 1453 635 1511 debet
655 1454 879 1528 aliquid
903 1454 1166 1515 humana
1183 1460 1394 1513 natura
1417 1472 1546 1513 esse
1568 1454 1903 1512 sublimius.

254 1543 582 1602 Econtrario
640 1543 1012 1617 disposuerat
1068 1545 1349 1617 Salvator,
1409 1545 1903 1618 dispensationem

254 1649 410 1692 suam
433 1637 496 1689 et
511 1634 980 1707 assumptionem
1002 1635 1262 1708 corporis
1282 1635 1551 1708 ignorare
1576 1635 1899 1692 diabolum:

251 1722 393 1779 unde
417 1726 478 1778 et
509 1722 571 1779 in
626 1724 1002 1797 generatione
1031 1741 1141 1781 sua
1170 1724 1375 1781 celavit
1405 1742 1535 1782 eam
1562 1744 1577 1794 ;
1628 1729 1685 1781 et
1731 1724 1902 1781 disci-

247 1808 388 1885 pulis
416 1814 625 1884 postea
667 1813 1063 1887 praecipiebat,
1114 1831 1186 1887 ne
1216 1813 1596 1871 manifestum
1646 1829 1781 1873 eum
1813 1815 1899 1869 fa-

2021 918 2208 972 vatur.
2237 915 2295 970 Si
2326 916 2484 973 enim
2504 917 2710 973 scisset
2739 916 2924 973 Maria
2952 920 3009 973 et
3037 917 3108 972 ad
3131 917 3313 973 alium
3336 918 3676 991 quempiam

2022 1005 2275 1062 similem
2307 1006 2526 1062 factum
2570 1022 2699 1062 esse
2747 1023 3100 1073 sermonem,
3153 1006 3407 1063 habebat
3458 1008 3679 1081 quippe

2019 1092 2166 1166 legis
2196 1095 2527 1165 scientiam,
2558 1099 2615 1151 et
2642 1100 2766 1152 erat
2795 1100 3019 1165 sancta,
3044 1100 3102 1152 et
3132 1096 3554 1169 prophetarum
3585 1114 3680 1165 va-

2016 1182 2221 1239 ticinia
2275 1184 2617 1256 quotidiana
2663 1184 3043 1241 meditatione
3098 1189 3467 1258 cognoverat,
3526 1203 3677 1247 nun-

2017 1289 2195 1345 quam
2254 1274 2425 1345 quasi
2482 1274 2790 1347 peregrina
2842 1290 2972 1330 eam
3022 1257 3297 1331 salutatio
3345 1257 3675 1333 terruisset.

2015 1362 2255 1435 Propter
2276 1365 2433 1436 quod
2462 1363 2722 1437 loquitur
2753 1364 2804 1419 ei
2835 1364 3119 1437 angelus:
3166 1366 3245 1421 Ne
3288 1366 3506 1435 timeas,
3557 1366 3671 1422 Ma-

2013 1454 2121 1520 ria,
2180 1453 2444 1509 invenisti
2491 1455 2645 1509 enim
2697 1456 2934 1525 gratiam
2991 1470 3175 1511 coram
3225 1456 3477 1511 Domino.
3538 1456 3670 1514 Ecce

2011 1543 2288 1613 concipies
2319 1544 2379 1597 in
2410 1552 2584 1614 utero,
2634 1551 2685 1598 et
2724 1544 2913 1614 paries
2967 1544 3171 1614 ﬁlium,
3221 1547 3274 1601 et
3301 1538 3533 1601 'vocabis
3563 1561 3664 1603 no-

2009 1647 2137 1687 men
2166 1633 2283 1703 ejus
2310 1634 2511 1689 Iesum.
2544 1634 2592 1687 Is
2620 1634 2725 1687 erit
2766 1648 3024 1704 magnus,
3055 1640 3110 1688 et
3155 1634 3333 1689 Filius
3387 1634 3666 1703 Attissimi

2008 1721 2312 1777 vocabitur.
2345 1721 2572 1777 Dicitur
2600 1726 2657 1777 et
2686 1723 2757 1779 de
2783 1723 3027 1791 Joanne,
3048 1724 3155 1779 erit
3180 1740 3448 1793 magnus:
3483 1727 3541 1779 ct
3556 1724 3689 1785 hoc.

2010 1810 2208 1883 ipsum
2255 1810 2481 1867 Gabriel
2535 1810 2781 1884 angelus
2825 1815 3223 1880 contestatur;
3274 1812 3376 1868 sed
3420 1813 3656 1885 quando

246 1881 444 1987 carent.
458 1904 534 1956 Et
562 1881 697 1959 cum
720 1902 792 1960 ab
822 1881 950 1976 ipso
974 1881 1205 1960 diabolo
1225 1908 1566 1971 tentaretur,
1602 1919 1894 1975 nusquam
1928 1935 1976 2001 Β
2005 1881 2165 2001 venit
2192 1901 2367 1957 Jesus
2415 1917 2546 1957 vere
2587 1881 2858 2001 magnus,
2892 1917 3042 2001 vere“
3082 1881 3515 2001 sublimia-ille
3555 1903 3665 2001 qui

246 1994 542 2048 contessus
575 1995 666 2049 est
692 1991 797 2048 Dei
823 2008 887 2048 se
927 2009 1056 2049 esse
1086 1992 1324 2062 Filium,
1356 1994 1457 2050 sed
1489 1993 1897 2050 tantummodo
1928 1989 1974 2001 “’
2007 1989 2176 2062 prius
2209 2007 2461 2063 magnus
2493 1991 2703 2059 fuerat,
2737 1990 2931 2046 minor
2960 1989 3201 2048 effectus
3222 1995 3330 2048 est.
3353 1990 3456 2048 Ille
3478 1991 3689 2065 enim,

245 2080 656 2153 respondebat:
689 2081 815 2138 Non
845 2086 1076 2155 oportet
1108 2087 1174 2140 ut
1203 2083 1442 2140 adorem
1469 2087 1547 2152 te,
1581 2100 1688 2139 nec
1718 2087 1784 2138 ut
1808 2082 1894 2138 la-

241 2169 394 2242 pides
421 2170 574 2227 istos
611 2186 793 2243 panes
850 2171 1083 2243 faciam,
1119 2175 1182 2228 ut
1213 2188 1308 2228 me
1346 2173 1418 2229 de
1463 2172 1577 2228 alto
1625 2172 1895 2245 prtecipi-

242 2260 352 2314 tem
380 2259 442 2314 7°.
497 2260 571 2316 Et
616 2276 752 2316 cum
785 2260 903 2317 ista
932 2260 1170 2331 diceret,
1201 2261 1386 2318 tacuit
1414 2277 1646 2335 semper
1676 2278 1738 2318 se
1767 2277 1897 2318 esse

241 2345 441 2405 Filium
479 2347 609 2405 Dei.
637 2350 826 2416 Quare
855 2353 914 2405 et
941 2350 1001 2413 in
1043 2350 1157 2407 alia
1204 2350 1524 2423 Scriptura.
1558 2355 1616 2407 et
1644 2351 1898 2423 reperies

241 2435 558 2495 voluntatis
586 2437 804 2496 Christi
834 2439 1039 2509 fuisse,
1062 2443 1128 2496 ut
1156 2441 1469 2497 adventum
1500 2439 1627 2495 Filii
1654 2439 1750 2498 Dei
1780 2440 1899 2496 dia-

236 2524 397 2585 bolus
447 2527 775 2601 ignoraret.
808 2529 1124 2602 Apostolus
1177 2529 1338 2586 enim
1377 2529 1717 2602 passionem
1768 2530 1895 2600 ejus

237 2632 504 2675 asserens
535 2618 821 2675 nesciisse
855 2619 1182 2677 contrarias
1222 2619 1618 2691 fortitudines,
1665 2620 1747 2675 ait
1786 2620 1893 2676 79":

235 2704 580 2780 Sapientiam
607 2707 890 2782 loquimur
926 2709 1075 2765 inter
1100 2711 1386 2782 perfectos.
1416 2698 1769 2782 Sapientiam
1798 2726 1895 2765 au—

232 2797 339 2853 tem
364 2813 476 2855 non
507 2798 705 2854 secuti
749 2796 933 2871 hujus,
982 2815 1158 2871 neque
1203 2801 1520 2872 principum
1564 2800 1760 2857 saeculi
1790 2800 1894 2855 hu-

224 2883 316 2956 ius
344 2888 439 2958 qui
467 2885 869 2951 destruuntur;
899 2886 992 2944 sed
1022 2889 1299 2960 loquimur
1328 2889 1426 2944 Dei
1469 2889 1801 2960 sapientiam
1835 2890 1894 2943 in

233 2978 494 3047 mysterio
523 2974 926 3045 absconditam,
960 2993 1124 3049 quam
1163 2978 1351 3033 nullus
1376 2978 1700 3050 principum
1726 2978 1894 3046 huius

231 3065 416 3121 saeculi
461 3068 731 3137 cognovit.
790 3065 852 3122 Si
919 3068 1071 3124 enim
1141 3068 1533 3140 cognovissent,
1593 3084 1891 3140 numquam

233 3156 536 3212 Dominum
559 3156 755 3228 gloriae
801 3158 1229 3228 cruciﬁxissent.
1260 3157 1687 3215 Ahsconditum
1717 3157 1895 3229 igitur

234 3241 340 3299 fuit
396 3244 829 3318 aprincipihus
885 3245 1085 3302 smculi
1138 3247 1484 3319 mysterium
1543 3246 1883 3303 Salvatoris.

2006 2079 2201 2152 inquit
2227 2080 2297 2149 δι,
2331 2079 2443 2136 fuit
2470 2079 2710 2136 lucerna
2739 2080 2953 2138 ardens
2982 2084 3040 2136 et
3076 2079 3301 2149 lucens,
3334 2084 3392 2137 et
3432 2098 3536 2138 vos
3566 2098 3661 2139 vo-

2007 2165 2205 2224 luistis
2236 2169 2308 2224 ad
2338 2169 2546 2225 horam
2576 2167 2869 2225 exsultare
2897 2169 2959 2225 in
2993 2167 3219 2225 lumine
3248 2170 3395 2240 ejus.
3431 2169 3689 2243 Magni-.

2004 2258 2147 2314 tudo
2178 2257 2494 2314 Salvatoris
2523 2257 2708 2314 nostri
2749 2275 2866 2314 non
2918 2262 3057 2313 tunc
3105 2258 3379 2330 apparuit
3425 2259 3661 2331 quando

2006 2354 2178 2403 natus
2210 2352 2335 2415 est;
2369 2348 2471 2404 sed
2501 2364 2659 2403 nunc
2701 2351 3014 2419 postquam
3045 2364 3326 2420 oppressa
3354 2347 3427 2404 ab
3457 2349 3661 2406 adver-

2006 2435 2179 2493 sariis
2208 2436 2537 2504 videbatur,
2581 2436 2840 2493 emicuit.
2874 2437 3021 2491 Vide
3061 2437 3528 2509 magnitudinem
3559 2443 3689 2495 Do-.

2007 2525 2190 2582 mini:
2245 2527 2308 2582 In
2358 2542 2594 2582 omnem
2643 2522 2860 2582 terram
2919 2526 3097 2582 exivit
3153 2527 3662 2595 sonusdoctripse

1992 2611 2154 2688 'ejus,
2196 2620 2253 2671 et
2281 2616 2342 2671 in
2380 2616 2526 2671 fines
2559 2614 2718 2671 orbis
2745 2619 3036 2672 terrarum
3067 2616 3244 2672 verba
3270 2615 3431 2672 illius
3460 2617 3524 2674 ⁸³.
3555 2617 3689 2676 Do--

2004 2704 2203 2761 minus
2251 2708 2451 2761 noster
2486 2706 2677 2775 Jesus,
2727 2704 2831 2776 qui
2868 2704 3053 2760 virtus
3079 2709 3169 2760 est
3197 2705 3309 2776 (18)
3356 2704 3459 2761 Dei
3483 2706 3551 2775 ⁸³,
3600 2705 3661 2763 in

2004 2810 2239 2851 omnem
2269 2793 2521 2850 diﬂ’usus
2551 2798 2640 2850 est
2676 2794 2897 2862 orbem,
2919 2798 2976 2849 et
2997 2792 3528 2867 impraesentiarum
3560 2811 3660 2852 no-

2003 2883 2232 2939 biscum
2275 2887 2384 2952 est,
2437 2883 2601 2953 juxta
2637 2881 2783 2938 illud
2817 2882 2970 2954 quod
3001 2880 3060 2937 in
3099 2881 3373 2954 Apostolo
3402 2880 3684 2956 legitur;

2005 2971 2361 3043 Congregatis
2420 2972 2567 3027 vobis
2614 2980 2668 3027 et
2711 2973 2915 3043 spiritu
2961 2987 3078 3027 meo
3123 2988 3252 3027 cum
3299 2973 3499 3029 virtute
3552 2973 3659 3029 Do-

2000 3070 2147 3124 mini
2183 3071 2360 3125 nostri
2386 3072 2511 3127 Jesu
2559 3069 2769 3126 Christi
2788 3070 2852 3125 ³⁸.
2895 3069 3091 3127 Virtus
3137 3069 3367 3127 Domini
3396 3069 3687 3128 Salvatom

2002 3158 2085 3215 ris
2115 3164 2172 3215 et
2200 3177 2336 3215 cum
2367 3159 2461 3217 his
2490 3164 2597 3226 est,
2631 3160 2731 3233 qui
2763 3161 2833 3216 ab
2866 3160 3004 3215 orbe
3034 3164 3235 3216 nostro
3262 3158 3323 3216 in
3356 3159 3664 3218 Britannia

2004 3248 2368 3318 dividuntur,
2409 3254 2466 3306 et
2507 3266 2642 3305 cum
2672 3249 2765 3307 his
2796 3249 2898 3322 qui
2926 3249 2985 3305 in
3031 3249 3406 3316 Mauritania,
3434 3253 3493 3306 et
3521 3267 3657 3308 cum

232 3333 391 3400 Quod
423 3339 625 3391 autem
674 3335 1002 3391 econtrario
1052 3335 1227 3407 objici
1275 3340 1486 3408 potest,
1538 3336 1885 3393 solvendum
1917 3311 1959 3379 θ
1998 3339 2287 3395 universis
2318 3339 2420 3412 qui
2452 3340 2562 3395 sub
2595 3338 2715 3395 sole
2745 3339 2804 3395 in
2836 3339 3075 3395 nomine
3101 3341 3231 3411 ejus
3257 3338 3652 3396 crediderunt.

228 3422 371 3479 mihi
400 3423 636 3480 videtur
687 3428 1007 3495 antequam
1057 3425 1130 3481 ab
1161 3424 1276 3481 alio
1324 3431 1717 3498 praeponatur,
1772 3444 1889 3499 qua

226 3511 453 3569 ratione
486 3512 644 3584 quod
676 3511 971 3585 principes
1003 3511 1184 3584 hujus
1217 3514 1416 3570 saeculi
1446 3513 1637 3583 latuit,
1672 3517 1884 3572 dieme-

225 3615 356 3658 nem
384 3616 509 3657 non
538 3599 732 3666 latuit,
763 3617 897 3657 eum
924 3601 1250 3674 praesertim
1274 3602 1374 3675 qui
1406 3603 1466 3659 in
1489 3603 1890 3677 Evangeliolo-

227 3692 557 3764 quebatur:
618 3692 828 3747 Venisti
872 3697 1001 3749 ante
1048 3698 1268 3765 tempus
1323 3697 1567 3764 torquere
1617 3710 1733 3763 nos,
1778 3697 1884 3751 sci-

229 3796 345 3837 mus
374 3789 427 3838 te
474 3781 608 3854 quia
646 3782 724 3837 sis
750 3781 927 3837 Filius
972 3781 1075 3839 Dei
1101 3782 1166 3837 3°.
1220 3782 1333 3840 Sed
1377 3784 1703 3856 considera,
1749 3785 1889 3857 quia

232 3869 422 3927 minor
450 3868 513 3925 in
541 3868 767 3926 malitia
787 3870 1012 3927 noverit
1038 3870 1433 3928 Salvatorem:
1462 3873 1565 3945 qui
1594 3890 1731 3929 vero
1762 3890 1886 3929 ma-

224 3956 315 4029 jor
341 3957 521 4016 estin
555 3957 791 4029 scelere,
836 3964 895 4016 et
942 3959 1293 4033 versipellis,
1328 3965 1385 4017 et
1414 3976 1693 4036 nequam,
1726 3979 1796 4020 ex
1821 3979 1888 4019 eo

234 4045 378 4120 ipso,
408 4048 568 4122 quod
599 4047 659 4105 in
683 4047 839 4106 malo
869 4050 1060 4123 major
1087 4050 1376 4108 263-64
1414 4056 1522 4115 est,
1570 4052 1890 4124 impeditur

235 4151 402 4194 nosse
428 4136 646 4194 Filium
675 4138 797 4194 Dei.
849 4138 965 4196 Nos
999 4156 1236 4212 quoque
1285 4139 1422 4212 ipsi,
1455 4139 1505 4197 si
1556 4142 1758 4198 minus
1787 4141 1889 4197 ha-

232 4223 533 4285 buerimus
564 4227 726 4301 mali,
749 4226 982 4285 facilius
1011 4245 1333 4301 possumus
1362 4230 1435 4285 ad
1463 4230 1739 4287 virtutem
1761 4249 1890 4304 pro-

234 4314 447 4373 cedere.
478 4316 539 4373 Si
570 4333 705 4374 vero
754 4318 945 4391 magis
976 4318 1037 4374 in
1064 4316 1232 4375 nobis
1264 4317 1438 4375 fuerit
1473 4319 1635 4390 mali,
1662 4321 1886 4394 ingenti

233 4400 423 4463 labore
454 4406 795 4464 sudandum
827 4411 936 4479 est,
962 4411 1028 4464 ut
1056 4407 1266 4480 majori
1297 4407 1525 4465 malitia
1547 4408 1884 4467 liberemur.

232 4494 356 4551 Hac
386 4495 457 4554 de
486 4512 555 4554 eo
586 4497 743 4571 quod
774 4514 1058 4571 sponsum
1082 4495 1354 4554 habuerit
1376 4497 1579 4555 Maria.

298 4582 410 4656 (16)
452 4585 603 4653 Quia
630 4603 768 4644 vero
825 4586 1072 4661 angelus
1120 4604 1268 4644 novo
1319 4604 1589 4644 sermone
1640 4589 1886 4646 Mariam

1995 3427 2145 3484 Vide
2172 3444 2308 3500 ergo
2357 3428 2824 3501 magnitudinem
2870 3427 3206 3498 Salvatoris,
3253 3429 3546 3499 quomodo
3593 3428 3655 3485 in

1997 3520 2118 3573 toto
2150 3518 2291 3573 orbe
2324 3518 2544 3573 diﬂ‘usa
2586 3517 2684 3580 sit.
2714 3521 2771 3572 et
2809 3522 2961 3572 certe
3012 3517 3264 3571 necdum
3295 3515 3426 3587 ejus
3455 3531 3653 3574 veram

1998 3606 2467 3680 magnitudinem
2517 3605 2777 3678 exposui.
2822 3605 3086 3661 Ascende
3116 3605 3177 3661 in
3209 3602 3407 3672 caelos,
3440 3608 3499 3662 et
3524 3603 3653 3663 vide

1997 3714 2154 3765 eum,
2187 3697 2480 3769 quomodo
2511 3696 2771 3752 ccelestia
2800 3694 3125 3767 repleverit.
3157 3694 3444 3767 Apparuit
3471 3694 3655 3768 siqui-

1997 3788 2130 3843 dem
2162 3787 2408 3862 angelis.
2452 3787 2753 3842 Descende
2814 3786 3167 3857 cogitatione
3208 3784 3267 3840 in
3298 3784 3566 3858 abysSos,
3597 3788 3656 3841 et

1993 3876 2219 3933 videbis
2259 3894 2394 3933 eum
2444 3876 2622 3933 etiam
2677 3874 2817 3931 illuc
2874 3874 3267 3931 descendisse.
3328 3875 3437 3944 Qui
3502 3874 3653 3931 enim

1995 3966 2289 4035 descendit,
2321 3967 2435 4039 ipse
2456 3971 2535 4022 est
2561 3974 2617 4021 et
2642 3967 2740 4036 qui
2767 3965 3032 4035 ascendit,
3063 3968 3127 4019 ut
3153 3963 3407 4036 impleret
3434 3965 3650 4031 omnia,

1995 4064 2057 4112 ut
2084 4058 2146 4111 in
2173 4057 2399 4111 nomine
2444 4060 2581 4112 Jesu
2626 4069 2785 4110 omne
2822 4069 2963 4124 genu
3009 4054 3278 4123 ﬂectatur,
3327 4053 3647 4124 caelestium,

1995 4146 2350 4216 terrestrium
2396 4152 2447 4200 et
2500 4143 2853 4217 infernorum
2889 4142 2954 4195 ⁸⁵.
3011 4141 3326 4198 Considera
3369 4141 3649 4199 virtutem

1996 4233 2252 4305 Domini,
2284 4233 2437 4304 quod
2467 4230 2797 4305 impleverit
2819 4229 3129 4296 mundum,
3154 4228 3214 4284 id
3245 4231 3336 4285 est
3365 4227 3649 4299 coelestia,

1994 4324 2316 4396 terrestria,
2348 4328 2405 4380 et
2433 4321 2760 4390 infernalis,
2795 4319 3088 4393 quomodo
3128 4321 3185 4374 et
3215 4317 3423 4374 ctelum
3448 4318 3679 4391 ipsum_

1996 4413 2406 4487 penetraverit,
2461 4416 2518 4469 ct
2572 4412 2632 4467 in
2690 4426 2947 4483 superna
2975 4407 3325 4465 ascenderit.
3377 4405 3650 4481 Legimus

1997 4504 2154 4560 enim
2184 4492 2250 4571 θεέ
2282 4503 2438 4576 quod
2471 4499 2873 4573 pertransierit
2902 4497 3076 4555 coelos
3098 4497 3280 4554 Filius
3302 4496 3499 4577 Dei.Si
3528 4494 3653 4554 haec

1994 4593 2230 4663 videris,
2263 4593 2479 4665 pariter
2507 4589 2828 4647 intueberis
2873 4606 2991 4646 non
3020 4587 3357 4644 transitoria
3383 4586 3608 4643 dictum
3633 4604 3648 4644 :

234 4672 524 4747 salutavit,
557 4692 734 4750 quem
761 4679 822 4733 in
856 4677 1017 4733 omni
1046 4676 1627 4750 Scripturainvenire
1643 4697 1758 4735 non
1790 4698 1888 4753 po-
1914 4687 1964 4753 D
1994 4684 2221 4754 Magnus
2248 4683 2391 4747 erit;
2439 4682 2541 4737 sed
2590 4681 2833 4737 verbum
2884 4694 3057 4752 opere
3104 4676 3484 4751 completum.
3528 4677 3650 4734 Ma-

234 4761 335 4831 tui,
367 4769 426 4821 et
471 4765 550 4822 de
599 4765 709 4824 hoc
738 4784 929 4840 pauca
956 4767 1205 4823 dicenda
1234 4772 1392 4824 sunt.
1425 4767 1488 4823 Id
1542 4768 1695 4824 enim
1730 4773 1887 4842 quod

298 4863 344 4943 If
398 4863 642 4943 Matth_._
668 4883 746 4943 1v,
805 4867 964 4923 3-11.
1004 4866 1094 4943 ,τῖ’
1152 4866 1190 4943 1.
1230 4866 1362 4943 Cor.
1428 4884 1489 4934 It,
1537 4868 1661 4943 6-84
1707 4868 1752 4904 ³ο
1785 4870 2015 4943 Matth.
2075 4889 2198 4943 vm,
2256 4872 2349 4943 29,.
2408 4870 2450 4905 ⁸¹
2507 4871 2690 4943 loan.
2725 4886 2759 4943 Υ

1997 4790 2149 4847 gnus
2198 4777 2289 4829 est
2337 4770 2620 4827 Dominus
2676 4774 2875 4826 noster
2919 4772 3112 4837 Jesus,
3168 4772 3226 4824 et
3272 4784 3553 4841 praesens,
3595 4771 3653 4826 et

2857 4868 2947 4922 35.
3024 4867 3071 4903 ⁸³
3135 4866 3288 4924 Psal.
3356 4884 3525 4935 xvm,
3586 4866 3644 4925 5.
3715 4888 3719 4892 '

232 4932 276 4970 ιι
301 4913 648 5007 Ηοὰῖῗίῗὶες
669 4913 746 5007 ξῖ
771 4913 904 5005 031-:
917 4913 970 5006 1',
1000 4938 1091 4993 24.
1152 4913 1199 4972 δι
1230 4913 1401 4995 1'66}.
1428 4913 1491 5009 ἓξ
1523 4913 1581 4995 II.
1615 4913 1665 4976 ἵε
1695 4913 1892 5016 Εριῐξξ

2002 4914 2020 5014 ',
2056 4913 2402 5016 ὤῖἱδιῖἰῆρ.
2435 4913 2696 5011 ιι,“ῐό’.“έθ
2727 4913 3012 5007 ἰίθδῖῗίν,
3048 4939 3134 4994 14.

298 5050 410 5139 (16)
436 5054 682 5139 ξοῇϐςφ
711 5055 908 5139 Grabij
939 5058 991 5110 et
1023 5053 1367 5139 Combefisii
1463 5056 1632 5139 Ξένος
1665 5056 1693 5139 ἐξ
1720 5057 1885 5112 ἀσπα-

234 5123 366 5212 σμρς
392 5123 468 5216 '21:,
500 5127 773 5216 ποξρθὲνῳ,
808 5123 1055 5216 ονξδαμοῦ
1089 5132 1192 5194 τῆς
1223 5127 1444 5203 Οραφῆς
1481 5126 1886 5216 εὑρισκόμενος

230 5191 389 5273 Eanum
417 5191 477 5253 δὲ
513 5191 652 5273 μᾴ’νῃ
699 5191 1063 5273 inponite-.90?
1128 5191 1312 5271 Χαῖρὲ,
1346 5191 1817 5273 κ’)ξεχαριτωμένη,
1854 5202 1882 5255 ὁ

231 5262 422 5344 “ego;
457 5262 593 5343 μέτὰ
622 5262 934 5329 ἆοῦ.”Νοὺο
978 5262 1243 5326 sermone
1268 5262 1560 5344 salutatur
1583 5262 1756 5343 virgo,
1782 5262 1884 5344 qui

232 5337 547 5399 nullibi'in
604 5346 759 5401 omni
797 5346 1089 5415 Scriptura
1135 5344 1436 5415 reperitur,
1467 5342 1562 5400 sed
1603 5337 1885 5400 [ηὗρ’δόιί

232 5421 506 5488 seruatur;
526 5417 661 5487 Ave,
676 5416 864 5487 gratia
888 5414 1080 5488 plena,
1099 5414 1383 5471 Dominus
1401 5421 1617 5488 tecum.
1642 5416 1880 5472 Romus.

296 5485 409 5558 (17)
454 5485 820 5564 Hieronymi,
854 5485 922 5545 ut
959 5502 1136 5564 nemo
1180 5503 1295 5564 non
1322 5487 1537 5564 sentit,
1587 5488 1883 5564 adnotatio

235 5547 349 5611 haec
378 5547 491 5623 est,
526 5565 593 5635 ut
641 5547 841 5635 ipsum
864 5558 1263 5635 salutationis
1312 5547 1577 5635 Graecum
1618 5561 1882 5635 verbum,

233 5629 685 5706 ξςχαριτωμένηξ
728 5632 881 5706 quod
949 5631 1119 5706 plane
1166 5632 1563 5706 inusitatum,
1605 5632 1882 5706 Origenes

235 5652 504 5706 ιιεχαριτω
554 5652 673 5704 ενη,
728 5652 881 5706 quoa
949 5652 1119 5705 plane
1198 5652 1551 5689 inusitatum
1605 5652 1881 5706 urigenes

235 5652 712 5834 ggmgagatine
759 5708 957 5764 autem
986 5704 1101 5762 fere
1129 5702 1366 5762 obvium
1392 5710 1500 5777 est,
1553 5704 1750 5764 lectori
1792 5705 1881 5763 in-

271 5786 571 5835 οωβθθινθι.

2065 5061 2176 5131 (18)
2227 5061 2440 5132 Legere
2496 5057 2719 5132 malim,
2759 5074 2870 5130 qua
2898 5059 3077 5132 virtus
3122 5066 3224 5132 est,
3257 5061 3322 5113 ut
3364 5057 3417 5113 ei
3465 5053 3650 5132 mani-

1992 5124 2553 5209 festius_0pinationi
2587 5124 2934 5209 opponatur,
2969 5129 3071 5209 cui
3111 5129 3420 5209 Origenem
3452 5124 3649 5209 adhae-

1995 5205 2144 5259 sisse
2193 5201 2871 5274 Genebrardusaliique
2929 5218 2997 5257 ex
3056 5201 3308 5258 tractatu
3366 5201 3650 5274 xx_x13_i_n

1991 5277 2305 5332 Matthazum
2339 5276 2748 5342 criminantur,
2776 5267 2937 5345 quod
2972 5289 3182 5347 nempe
3212 5269 3461 5347 senserit
3487 5267 3648 5323 Chri-

1993 5352 2176 5415 stum,
2210 5365 2327 5421 qua
2356 5347 2621 5403 Christus
2644 5352 2754 5421 est,
2780 5344 2899 5402 sive
2931 5363 3047 5421 qua
3064 5344 3489 5421 humanitatem
3509 5354 3647 5421 ‘cor-

2035 5421 2184 5496 oreis
2208 5414 2607 5496 usurpandam
2630 5414 2815 5496 oculis
2834 5414 3089 5496 prae—fert,
3102 5415 3318 5496 ubique
3346 5414 3646 5496 exsistere.

2035 5436 2184 5476 oreis
2208 5436 2607 5492 usurpanuam
2630 5436 2815 5475 oculis
2834 5436 3084 5491 praeteri,
3102 5436 3318 5486 umque
3346 5436 3646 5467 exulatum.

1993 5436 2097 5567 Flic
2128 5492 2421 5567 enimvero
2439 5490 2954 5567 Adamantiussoli
2976 5485 3300 5567 divinitatis
3313 5482 3647 5567 praesentia

1993 5563 2103 5619 hoc
2128 5565 2356 5640 tribuit,
2389 5580 2455 5619 ac
2487 5564 2790 5640 verissime
2821 5561 3118 5640 Christum
3167 5573 3286 5636 qua
3313 5558 3414 5640 Dei
3460 5558 3649 5613 virtus

1992 5641 2101 5715 est,
2124 5636 2183 5691 in
2217 5631 2451 5715 omnem
2476 5636 2913 5715 diffusum‘esse
2944 5631 3165 5715 orbem,
3190 5631 3504 5715 ompiaque
3525 5644 3650 5703 per-

1991 5708 2198 5765 vadere
2230 5709 2418 5778 docet,
2453 5708 2727 5774 coelestia,
2758 5702 3056 5761 terrestria
3083 5705 3261 5776 atque
3288 5701 3539 5759 infernal
