4304 6600
533 434 652 498 947

1773 447 1840 512 S.
1873 443 2200 512 'EUSEBI‘I
2245 437 2696 507 HIERONYMI

3826 425 3948 490 218

536 568 780 639 abs'ens,’
799 570 1126 648 tribuitque
1148 577 1509 636 consortium
1533 579 1892 638 fortitudinis
1913 598 2030 637 suae
2051 579 2187 636 huic
2215 581 2271 646 Α
2299 580 2489 649 infans
2518 578 2578 631 in
2607 580 2758 630 utero
2790 568 3088 642 Elisabeth,
3119 573 3174 626 et
3199 566 3417 640 repleta
3443 568 3521 624 est
3546 561 3762 639 Spiritu
3789 578 3948 620 sane-

539 661 709 717 omtui
741 667 942 719 nostro
982 668 1156 737 atque
1187 669 1534 725 conventui:
1567 671 1721 743 quod
1754 677 1820 726 ut
1869 676 1926 726 et
1975 669 2191 744 singuli
2300 672 2353 723 to
2383 673 2434 724 et
2462 667 2720 722 clamavit
2749 680 2874 720 voce
2904 678 3104 733 magna
3132 669 3182 716 et
3211 659 3394 714 dixit:

541 765 876 808 mereamur
919 753 1196 827 accipere,
1231 758 1611 830 deprecemur
1643 761 1950 817 Dominum
1985 761 2190 829 Deum,

545 839 640 897 eui
669 845 761 896 est
789 841 974 916 gloria
1003 849 1060 900 et
1107 845 1419 918 imperium
1470 849 1525 904 in
1577 850 1788 906 saecula
1827 850 2191 906 saeculorum.

547 935 734 986 Amen
747 972 759 988 .

977 1041 1258 1100 205-06
1306 1044 1610 1101 HOMILIA
1649 1046 1768 1100 VII.

547 1124 625 1182 De
647 1142 708 1183 eo
737 1128 882 1204 quod
894 1131 1172 1204 scriptum
1197 1135 1320 1204 est:
1369 1155 1397 1183 «
1425 1134 1734 1204 Exsurgens
1784 1143 1969 1190 autem
2014 1136 2201 1193 Maria

2374 757 2661 812 Benedicta
2690 759 2748 809 tu.
2779 757 2926 808 inter
2950 752 3232 807 mulieres.
3258 749 3548 805 Debemus
3571 747 3629 802 in
3660 745 3770 802 hoc
3798 744 3948 817 loco,

2304 862 2378 902 ne
2407 843 2704 916 simplices
2736 843 2956 915 quique
2986 840 3371 912 decipiantur,
3395 855 3463 893 ea
3485 853 3612 909 quae
3635 835 3825 892 solent
3848 851 3958 908 op-

2304 951 2516 1008 ponere
2538 931 3136 997 hazretici,coufutare.
3163 931 3226 984 In
3257 931 3480 984 tantam
3518 924 3735 1000 quippe
3755 924 3954 980 nescio

2306 1024 2438 1096 quis
2456 1022 2721 1096 prorupit
2745 1021 3060 1090 insaniam,
3086 1024 3151 1074 ut
3172 1021 3456 1076 assereret
3473 1022 3744 1087 negatam
3767 1013 3954 1070 fuisse

2309 1112 2549 1168 Mariam
2581 1129 2613 1166 a
2634 1109 2944 1175 Salvatore,
2967 1127 3032 1166 eo
3064 1109 3218 1182 quod
3243 1111 3374 1181 post
3393 1105 3756 1161 nativitatem
3785 1101 3952 1159 illius

619 1191 759 1277 cum'
773 1191 1131 1277 festinatione
1160 1203 1305 1277 verit
1329 1206 1386 1259 in
1416 1191 1699 1272 montana,
1739 1228 1758 1254 ι
1795 1223 1964 1277 usque
1992 1191 2062 1261 ad
2076 1223 2201 1261 eum
2301 1202 2512 1272 juncta
2542 1200 2715 1256 fuerit
2741 1201 2850 1271 (20)
2871 1199 3118 1272 Joseph:
3143 1203 3199 1254 et
3222 1198 3452 1253 locutus
3482 1199 3589 1261 est,
3617 1210 3746 1266 qua
3795 1191 3959 1266 quali

619 1271 801 1362 lacum
844 1273 944 1362 ubi
991 1275 1106 1362 ait:
1157 1295 1186 1322 ‹‹
1219 1276 1340 1329 Erit
1393 1271 1787 1333 consummatio
1839 1271 2031 1333 eorum
2076 1293 2202 1349 quae

2327 1295 2506 1345 nente
2537 1289 2745 1345 dixerit
2775 1289 2901 1362 ipse
2932 1271 3152 1344 noverit
3181 1289 3281 1360 qui
3313 1286 3543 1343 locutus
3573 1284 3748 1340 est.Si
3771 1299 3958 1356 quan-

625 1342 782 1398 ἀέρια
809 1351 956 1398 sunt.
989 1366 1016 1394 ››
1050 1348 1183 1416 Cap.
1217 1364 1254 1400 ι.

622 1463 892 1522 Meliores
922 1466 992 1522 ad
1022 1467 1336 1526 deteriores
1361 1471 1627 1538 veniunt,
1660 1478 1724 1528 ut
1745 1474 1828 1530 eis
1849 1491 1916 1530 ex
1945 1475 2198 1530 adventu

2311 1380 2384 1435 do
2409 1379 2590 1452 igitur
2617 1377 2869 1434 haeretici
2899 1378 3062 1434 vobis
3092 1377 3205 1432 tale
3243 1377 3385 1448 quid
3429 1375 3771 1446 objecerint,
3832 1387 3955 1429 res-

2315 1469 2563 1542 pondete
2593 1469 2698 1539 eis,
2732 1473 2788 1523 et
2817 1467 3028 1523 dicite:
3067 1469 3229 1524 Certe
3268 1465 3488 1539 Spiritu
3529 1467 3733 1546 sancto
3781 1462 3960 1535 plena

560 1553 918 1628 suo-aliquid
951 1557 1214 1613 tribuant
1244 1559 1646 1618 emolumenti.
1696 1563 1791 1618 Sic
1840 1568 1896 1618 et
1945 1563 2206 1620 Salvator
2315 1557 2610 1614 Elisabeth
2644 1557 2758 1614 ait:
2788 1558 3073 1614 Benedicta
3103 1561 3161 1612 tu
3193 1559 3338 1612 inter
3364 1556 3641 1611 mulieres.
3666 1553 3726 1610 Si
3758 1555 3962 1609 sancto

553 1643 715 1698 venit
749 1643 820 1698 ad
849 1644 1161 1714 Joannem,
1186 1651 1251 1702 ut
1280 1650 1670 1706 sanctiﬁcaret
1698 1652 1991 1725 baptisma
2010 1653 2203 1722 illius;

565 1735 624 1788 et
651 1731 839 1788 Maria
895 1734 1094 1796 statim
1136 1740 1200 1791 ut
1235 1737 1455 1794 audivit
1497 1741 1769 1812 angelum
1817 1742 2207 1811 nuntiantem,

561 1820 718 1892 quod
742 1822 1072 1893 conceperit
1108 1822 1482 1896 Salvatorem,
1505 1834 1562 1884 et
1594 1831 1746 1900 quod
1783 1837 2030 1904 cognata
2051 1831 2211 1887 illius

2316 1647 2538 1720 Spiritu
2571 1647 2876 1703 benedicta
2896 1646 3125 1703 canitur
3146 1644 3348 1711 Maria,
3371 1646 3663 1718 quomodo
3684 1658 3812 1698 eam
3837 1640 3962 1696 Sal-

2320 1742 2486 1792 vator
2515 1737 2791 1810 negavit?
2825 1737 2998 1793 Porro
3028 1737 3183 1808 quod
3216 1738 3490 1791 asserunt
3517 1749 3648 1788 eam
3685 1731 3966 1804 nupsisse

2321 1831 2452 1898 post
2481 1831 2736 1898 partum,
2757 1827 2911 1882 unde
2941 1827 3265 1899 approbent
3295 1841 3408 1880 non
3441 1823 3676 1879 habent.
3702 1819 3770 1877 Hi
3805 1819 3964 1876 enim

559 1907 858 1966 Elisabeth
889 1909 1128 1967 haberet
1155 1912 1214 1968 in
1246 1920 1431 1987 utero,
1477 1934 1836 1992 consurgens
1868 1937 2001 1976 cum
2051 1922 2212 1976 festi-
2241 1954 2289 2018 B
2321 1915 2451 1986 filii,
2482 1917 2581 1988 qui
2611 1915 2826 1989 Joseph
2858 1916 3225 2018 dicebantur,
3261 1916 3574 2018 non'erant
3603 1911 3712 1967 orti
3745 1911 3815 1965 de
3847 1909 3970 2018 Ma-

563 1997 800 2055 natione
827 1999 986 2054 venit
1013 1999 1072 2055 in
1104 2006 1404 2073 montana,
1442 2010 1498 2061 et
1527 2007 1791 2080 ingressa
1836 2013 1923 2065 est
1971 2010 2212 2066 domum

567 2089 887 2146 Elisabeth.
919 2090 1092 2146 Jesus
1119 2107 1272 2160 vero,
1302 2095 1401 2166 qui
1441 2096 1500 2151 in
1550 2101 1722 2153 uturo
1753 2098 1909 2155 illius
1956 2103 2099 2171 erat,
2134 2101 2214 2154 te-

568 2179 825 2238 stinahat
851 2181 1041 2238 adhuc
1068 2182 1129 2238 in
1155 2187 1352 2240 ventre
1383 2185 1585 2242 matris
1631 2188 1915 2244 Joannem
1957 2187 2214 2259 positum

566 2269 952 2327 sanctificare.
997 2271 1259 2345 Denique
1307 2279 1618 2348 antequam
1664 2277 1886 2332 veniret
1929 2279 2112 2333 Maria
2158 2282 2216 2333 et

563 2357 848 2415 salutaret
877 2358 1198 2431 Elisabeth,
1221 2381 1339 2420 non
1369 2366 1678 2422 exsultavit
1706 2366 1975 2423 iniansin
2008 2373 2172 2423 utero
2197 2384 2210 2422 :

566 2447 671 2503 sed
702 2448 901 2504 statim
932 2453 998 2504 ut
1013 2450 1197 2507 Maria
1227 2453 1423 2508 locuta
1452 2459 1538 2509 est
1567 2456 1830 2525 verbum,
1851 2457 2006 2527 quod
2034 2455 2213 2511 Filius

567 2535 673 2592 Dei
707 2536 764 2591 in
795 2542 996 2594 ventre
1025 2541 1232 2595 matris
1249 2549 1642 2614 suggesserat,
1676 2545 1987 2600 exsultavit
2019 2546 2212 2601 infans

563 2624 624 2680 in
654 2626 890 2699 gaudio,
913 2631 971 2683 et
1002 2633 1139 2684 tunc
1161 2630 1861 2704 primum'praecursorem
1881 2651 2055 2690 suum
2081 2652 2212 2706 pro-

567 2713 805 2787 phetam
838 2717 972 2772 fecit
989 2717 1182 2775 Jesus.
1208 2719 1522 2792 Oportebat
1550 2738 1782 2794 quoque
1802 2724 2042 2779 Mariam
2077 2739 2212 2778 cum

567 2803 669 2860 Dei
701 2806 862 2877 prole
887 2806 1256 2878 dignissima,
1291 2815 1422 2883 post
1455 2810 1776 2884 alloquium
1801 2813 1919 2878 Dei,
1940 2813 2011 2868 ad
2045 2829 2210 2868 mon-

569 2895 706 2950 tana
738 2899 1241 2970 conscendere,{et
1274 2900 1330 2955 in
1364 2901 1808 2957 sublimioribus
1839 2903 2210 2958 commorari.

569 2981 735 3038 Unde
764 2990 821 3039 et
849 2985 1134 3058 scriptum
1166 2992 1291 3044 est:
1327 2989 1668 3058 Consurgens
1720 2990 1895 3045 Maria
1939 2993 1998 3045 in
2026 2992 2215 3047 diebus

573 3069 718 3137 illis,
747 3075 898 3128 venit
925 3075 988 3128 in
1015 3083 1294 3132 montana.
1329 3078 1618 3133 Debuerat
1649 3079 1845 3146 etiam,
1889 3097 2021 3136 cum
2063 3086 2218 3136 esset

575 3158 844 3233 sollicita,
878 3179 992 3218 non
1032 3164 1219 3237 pigra,
1246 3183 1554 3238 properare
1583 3167 1994 3238 sollicitudine,
2021 3173 2076 3225 et
2096 3171 2218 3242 Spi-

573 3248 691 3305 ritu
721 3256 925 3308 sancto
955 3252 1128 3325 plena
1157 3255 1225 3309 ad
1261 3255 1604 3312 sublimiora
1634 3259 1892 3330 perduci,
1926 3264 1982 3315 et
2006 3258 2218 3316 virtute

573 3339 677 3395 Dei
706 3323 1019 3414 protegi,va
1049 3359 1166 3414 qua
1198 3345 1385 3400 fuerat
1416 3323 1782 3404 obumbrata.
1825 3323 1972 3404 Venit
2001 3366 2126 3420 ergo
2158 3351 2217 3405 in
2247 3323 2291 3391 Ο

573 3429 860 3485 civitatem
889 3431 1065 3499 Iuda,
1098 3437 1149 3488 et
1183 3433 1242 3488 in
1271 3434 1492 3490 domum
1519 3436 1826 3503 Zachariae,
1860 3443 1909 3493 et
1956 3439 2220 3494 salutavit

570 3517 1132 3590 Elisabeth.2Factum
1160 3528 1241 3579 est
1269 3541 1394 3579 cum
1421 3525 1660 3582 audisset
1691 3529 2082 3584 salutationem
2113 3529 2220 3584 Illa-

571 3607 676 3663 νίας
704 3609 1000 3678 Elisabeth,
1024 3613 1294 3668 exultavit
1322 3615 1510 3685 infans
1552 3618 1612 3670 in
1666 3624 1787 3672 uter
1809 3633 1839 3672 ο
1866 3619 2003 3686 eius,
2033 3627 2087 3673 et
2133 3635 2218 3673 re-

575 3697 730 3768 pleta
757 3705 840 3753 est
883 3699 1103 3771 Spiritu
1156 3705 1360 3757 sancto.
1417 3704 1542 3759 Non
1593 3709 1681 3760 est
1727 3705 1927 3776 itaque
1971 3707 2219 3762 dubium

579 3785 723 3856 quia
755 3802 882 3856 qua
911 3790 1053 3842 tunc
1085 3789 1306 3861 repleta
1333 3796 1436 3858 est
1460 3793 1680 3863 Spiritu
1713 3797 1934 3860 sancto,
1986 3799 2222 3868 propter

581 3871 771 3929 tilium
804 3874 879 3930 sit
911 3876 1150 3948 repleta.
1174 3879 1371 3951 Neque
1404 3880 1560 3938 enim
1593 3887 1778 3938 mater
1807 3883 2064 3955 primum
2092 3885 2221 3956 Spi-

579 3961 758 4019 ritum
791 3970 1062 4021 sanctum
1112 3968 1343 4036 meruit,
1402 3972 1501 4027 sed
1554 3989 1687 4029 cum
1735 3974 1989 4030 Joannes
2033 3974 2223 4030 adhuc

578 4051 817 4109 clausus
847 4055 906 4110 in
940 4061 1102 4112 utero
1125 4059 1409 4131 Spiritum
1444 4067 1710 4118 sanctum
1735 4065 2224 4137 recepisset,tunc

579 4147 637 4198 et
665 4141 768 4200 illa
795 4151 926 4218 post
955 4149 1472 4208 sanctiﬁcationem
1504 4151 1608 4207 filii
1641 4153 1860 4225 repleta
1889 4159 1978 4209 est
2004 4153 2223 4226 Spiritu

581 4237 802 4291 sancto.
833 4234 1055 4294 Poteris
1086 4238 1194 4295 hoc
1221 4241 1478 4308 credere,
1502 4243 1549 4296 si
1574 4242 1763 4298 simile
1795 4243 1934 4314 quid
1957 4245 2130 4299 etiam
2155 4244 2226 4299 de

580 4323 876 4381 Salvatore
906 4329 1265 4400 cognoveris.
1495 4331 1796 4386 Invenitur
1825 4333 1993 4388 beata
2022 4332 2222 4403 Maria,

582 4412 738 4468 sicut
763 4415 824 4468 in
864 4414 1183 4487 aliquantis
1213 4419 1670 4491 Lexempiaribus
1722 4423 1831 4493 (19)
1883 4422 2223 4494 reperimus,

582 4501 947 4575 prophetare.
980 4505 1106 4560 Non
1137 4508 1294 4562 enim
1327 4508 1686 4580 ignoramus,
1712 4513 1865 4582 quod
1899 4514 2224 4568 secundum

585 4589 729 4648 alios
758 4593 987 4650 codices
1017 4599 1074 4650 et
1118 4595 1240 4652 haec
1288 4599 1805 4664 verbaElisabeth
1855 4602 2222 4659 vaticinatur.

2324 2005 2430 2073 ria,
2454 2022 2642 2079 neque
2664 2012 2748 2061 est
2771 2005 2890 2061 ulla
2911 2005 3210 2077 Scriptura
3231 2021 3359 2077 quas
3385 2004 3500 2059 ista
3524 2003 3962 2058 commemoret.

2325 2096 2620 2152 Benedicta
2675 2099 2735 2150 tu
2784 2098 2931 2151 inter
2985 2095 3267 2158 mulieres,
3299 2101 3351 2149 et
3416 2091 3724 2148 benedictus
3750 2090 3968 2161 fructus

2325 2187 2538 2240 ventris
2569 2186 2667 2239 tui.
2695 2185 2761 2238 Et
2789 2185 2934 2239 unde
2960 2183 3101 2239 mihi
3121 2185 3236 2253 hoc,
3263 2190 3326 2237 ut
3344 2184 3527 2237 veniat
3551 2181 3726 2236 Mater
3747 2178 3972 2234 Domini

2327 2275 2438 2327 mei
2467 2272 2536 2327 ad
2565 2290 2658 2327 me
2679 2273 2708 2327 ?
2734 2274 2895 2337 Quod
2929 2273 3008 2329 ait
3034 2290 3046 2327 :
3075 2273 3218 2329 Unde
3247 2273 3387 2326 mihi
3403 2272 3518 2338 hoc,
3543 2285 3659 2325 non
3689 2268 3970 2341 ignorans

2325 2361 2466 2417 dicit
2493 2379 2504 2416 :
2530 2367 2588 2417 et
2611 2365 2863 2418 maxime
2879 2363 3098 2434 Spiritu
3126 2366 3326 2417 sancto
3349 2360 3538 2433 plena,
3556 2358 3722 2431 quasi
3746 2355 3972 2412 nesciat

2325 2451 2477 2522 quod
2501 2451 2665 2522 juxta
2687 2452 2782 2507 Dei
2811 2452 3167 2506 voluntatem
3191 2455 3373 2505 Mater
3393 2447 3623 2505 Domini
3643 2445 3865 2504 venerit
3893 2445 3967 2500 ad

2324 2557 2450 2594 eam
2483 2559 2496 2608 ;
2531 2541 2629 2596 sed
2655 2541 2766 2596 isto
2794 2557 2970 2596 sensu
2991 2539 3252 2612 loquitur
3275 2557 3286 2595 :
3309 2539 3457 2605 Quid
3489 2537 3626 2594 boni
3664 2536 3770 2592 feci
3795 2538 3817 2590 Ρ
3840 2550 3969 2608 qua

2323 2647 2498 2702 opera
2528 2647 2658 2686 mea
2683 2635 2846 2686 tanta
2877 2634 3039 2699 sunt,
3070 2634 3134 2684 ut
3172 2629 3356 2685 Mater
3383 2627 3608 2683 Domini
3641 2627 3711 2682 ad
3745 2641 3837 2681 me
3867 2639 3964 2680 ve-

2324 2719 2489 2773 niat?
2511 2735 2613 2791 per
2639 2735 2817 2790 quam
2842 2719 3160 2790 justitiam,
3185 2736 3253 2774 ex
3283 2717 3502 2790 quibus
3530 2716 3722 2784 bonis,
3749 2716 3818 2770 de
3849 2729 3971 2785 qua

2326 2807 2602 2863 ﬁdelitate
2633 2808 2847 2863 mentis
2877 2808 2985 2863 hoc
3012 2807 3221 2875 merui,
3254 2814 3319 2863 ut
3348 2809 3528 2862 Mater
3578 2802 3809 2860 Domini
3850 2801 3967 2858 mei

2323 2897 2517 2952 veniat
2547 2898 2616 2952 ad
2647 2914 2737 2953 me
2758 2898 2786 2952 ‘t
2819 2899 2948 2952 Ecce
2994 2914 3142 2953 enim
3183 2902 3244 2952 ut
3289 2899 3438 2968 facta
3477 2898 3553 2952 est
3580 2895 3844 2950 salutatio
3875 2897 3972 2948 tua

2327 2988 2387 3041 in
2418 3003 2578 3042 aures
2608 3003 2776 3052 meas,
2803 2989 3100 3044 exsultavit
3153 2990 3213 3042 in
3263 2987 3626 3043 exsultatione
3672 2983 3865 3055 infans
3909 2983 3972 3038 in

2327 3078 2478 3130 utero
2506 3093 2644 3132 meo.
2674 3078 2884 3133 Sancta
2913 3082 3037 3133 erat
3066 3077 3262 3134 anima
3291 3077 3443 3133 beati
3473 3075 3739 3143 Joannis,
3777 3077 3834 3130 et
3867 3071 3970 3134 ad-

2327 3164 2440 3220 huc
2458 3165 2517 3220 in
2540 3166 2744 3222 matris
2763 3172 2924 3223 utero
2947 3167 3168 3235 clausa,
3196 3172 3553 3238 venturaque
3572 3164 3632 3220 in
3657 3163 3968 3231 mundum,

2329 3254 2497 3326 quasi
2529 3273 2631 3328 per
2653 3257 3016 3328 experientiae
3063 3273 3324 3324 sensum,
3358 3256 3576 3312 sciebat
3615 3271 3741 3328 quas
3794 3252 3972 3311 Israel

2331 3344 2658 3417 ignorabat.
2680 3347 2840 3402 Unde
2863 3347 3145 3402 exsilivit:
3173 3351 3228 3402 et
3249 3363 3363 3402 non
3405 3345 3749 3418 simpliciter
3775 3341 3972 3400 exsili-

2327 3434 2428 3500 vit,
2462 3436 2562 3490 sed
2594 3435 2651 3490 in
2685 3436 2918 3507 gaudio.
2941 3437 3214 3492 Senserat
3233 3435 3390 3491 enim
3411 3435 3641 3491 venisse
3662 3432 3973 3490 Dominum

2330 3541 2526 3591 suum,
2559 3531 2623 3580 ut
2644 3526 3037 3582 sanctiﬁcaret
3060 3541 3294 3581 servum
3334 3542 3530 3592 suum,
3555 3528 3869 3596 antequam
3903 3522 3975 3579 de

2331 3615 2535 3669 matris
2567 3620 2730 3670 utero
2764 3617 3115 3686 procederet.
3167 3615 3400 3671 Utinam
3451 3613 3596 3670 mihi
3627 3612 3878 3678 eveniat,
3911 3615 3977 3668 ut

2331 3703 2402 3758 ab
2433 3702 2772 3776 inﬁdeliqus
2805 3703 3021 3760 stultus
3044 3705 3226 3772 dicar,
3249 3704 3348 3776 qui
3377 3703 3597 3760 talibus
3629 3700 3867 3758 credidi.
3889 3701 3976 3774 Ip-

2333 3808 2464 3847 sum
2497 3809 2644 3864 opus
2675 3794 2928 3848 ostendit
2958 3798 3014 3849 et
3042 3793 3278 3864 veritas,
3299 3809 3414 3850 non
3444 3809 3538 3849 me
3568 3791 3850 3857 stultitiae,
3874 3789 3976 3846 sed

2333 3881 2635 3953 sapientiae
2656 3882 2971 3938 credidisse
2988 3902 2999 3950 ;
3015 3888 3072 3938 et
3093 3883 3231 3956 quia
3252 3883 3359 3939 hoc
3373 3884 3522 3954 quod
3547 3881 3796 3937 stultum
3820 3879 3976 3952 apud

2333 3970 2465 4025 illos
2497 3976 2755 4043 putatur,
2791 3973 2937 4029 mihi
2995 3971 3205 4028 salutis
3263 3973 3490 4028 occasio
3539 3971 3632 4027 sit.
3663 3970 3788 4026 Nisi
3819 3969 3978 4025 enim

2334 4061 2540 4118 fuisset
2571 4062 2821 4117 caelestis
2851 4069 2907 4119 et
2936 4063 3107 4118 beata
3162 4062 3434 4118 nativitas
3484 4060 3824 4128 Salvatoris,
3865 4058 3979 4114 nisi

2335 4151 2639 4209 habuisset
2660 4153 2833 4207 divini
2861 4153 3105 4226 aliquid,
3132 4157 3188 4208 et
3209 4153 3639 4208 humanitatem
3669 4149 3977 4206 hominum

2336 4243 2809 4313 supergrediens,
2848 4259 3151 4314 nunquam
3184 4247 3371 4298 totum
3407 4243 3601 4298 orbem
3662 4239 3822 4295 illius
3852 4238 3984 4294 doc-

2336 4331 2490 4386 trina
2519 4337 2881 4403 penetrasset
2910 4331 3221 4389 267-68.
3243 4333 3302 4388 Si
3335 4331 3744 4388 tantummodo
3774 4327 3984 4384 fuisset

2336 4420 2395 4475 in
2429 4419 2621 4476 Mariae
2651 4426 2831 4492 utero,
2856 4427 2913 4478 et
2934 4439 3046 4478 non
3075 4421 3171 4478 Dei
3204 4422 3406 4488 Filius,
3431 4421 3724 4494 quomodo
3755 4419 3984 4491 poterat

2337 4510 2457 4566 ﬁeri
2485 4516 2550 4566 ut
2569 4516 2624 4568 et
2642 4511 3013 4585 illotempore
3035 4517 3090 4568 et
3113 4528 3410 4578 nunc,non
3434 4511 3625 4568 solum
3648 4523 3980 4582 corporum,

2340 4601 2439 4656 sed
2474 4602 2651 4657 etiam
2676 4603 3008 4658 animarum
3037 4601 3222 4659 morbi
3241 4601 3594 4675 multiplices
3611 4596 3982 4657 curarentur?

582 4680 804 4754 Spiritu
837 4683 1034 4755 itaque
1056 4690 1256 4742 sancto
1278 4692 1415 4743 tunc
1437 4689 1652 4761 repleta
1675 4696 1762 4747 est
1783 4691 2227 4764 Maria,quando
2259 4701 2305 4766 Ι]
2336 4690 2474 4753 Quis
2506 4695 2768 4747 nostrum
2803 4707 2916 4746 nou
2953 4690 3238 4763 insipiens
3269 4691 3398 4757 fuit,
3442 4689 3540 4761 qui
3588 4703 3745 4744 nnnc
3803 4701 3984 4758 prop-

581 4772 756 4844 cmpit
783 4771 843 4828 in
875 4779 1037 4830 utero
1068 4775 1283 4832 habere
1314 4777 1690 4836 Salvatorem.
1737 4781 1942 4837 Statim
1977 4783 2131 4837 enim
2159 4788 2226 4838 ut
2337 4783 2425 4834 ter
2454 4779 2913 4836 misericordiam
2942 4781 3035 4834 Dei
3059 4780 3346 4836 habemus
3368 4772 3984 4850 intelligentiam,etsi-

581 4859 1166 4934 Spiritum'desanctum
1198 4869 1442 4939 accepit,
1480 4869 1764 4926 Dominici
1798 4873 2057 4945 corporis
2088 4889 2223 4928 con-

581 4950 945 5025 ditorem,'fet
970 4953 1150 5012 Filius
1182 4956 1283 5012 Dei
1315 4974 1442 5014 esse
1496 4961 1671 5032 coepit
1722 4962 1780 5016 in
1825 4967 2011 5031 utero,
2045 4961 2222 5017 etiam

577 5038 708 5113 ipsa
739 5042 1030 5116 completa
1057 5051 1146 5102 est
1179 5047 1400 5119 Spiritu
1444 5054 1668 5106 sancto.
1732 5051 2043 5107 Exsultavit
2087 5066 2223 5123 ergo

643 5277 1262 5353 (19)_lnnuit,_opinor,
1295 5283 1470 5338 verba
1497 5281 1910 5353 subsequentis
1950 5283 2224 5353 versiculi

574 5351 661 5419 45,
692 5349 782 5403 καὶ
821 5349 1057 5425 μακαρία
1077 5349 1122 5419 ’ἡ
1175 5353 1498 5406 πιστεύσασα
1531 5374 1544 5386 ο
1595 5349 1865 5406 att—sata:
1914 5349 2221 5423 τελείωσις,

575 5427 684 5476 etc.
717 5424 975 5496 Etbeata
996 5440 1122 5496 qua?
1149 5426 1452 5489 credidisti,
1487 5427 1746 5496 quoniam
1772 5426 2129 5496 perﬁciantur
2158 5445 2226 5482 ea

581 5505 706 5562 quae
741 5494 887 5566 dicta
914 5494 1040 5551 sunt
1072 5497 1172 5552 tibi
1201 5516 1235 5551 a
1266 5494 1524 5560 Domino,
1559 5498 1614 5550 in
1647 5494 1963 5566 aliquantis
1995 5500 2090 5552 sui
2123 5502 2221 5555 ervi

583 5563 1011 5638 exemplaribus
1039 5585 1104 5623 ex
1136 5569 1320 5624 Maria
1346 5567 1601 5638 Virginis
1650 5563 1916 5638 persona,
1971 5585 2082 5625 non
2116 5572 2223 5627 Eli-

583 5581 743 5618 exem
790 5581 1011 5622 laribus
1039 5585 1104 5623 ex
1136 5581 1320 5624 Maria
1353 5581 1601 5638 Virginis
1650 5584 1916 5638 persona,
1971 5585 2082 5625 non
2116 5581 2223 5627 ωηο

581 5581 786 5712 sabetﬁ
817 5636 972 5712 dici.
1003 5639 1174 5695 Nulla
1230 5657 1362 5695 vero
1414 5655 1569 5693 nunc
1617 5640 1744 5709 ejus
1801 5639 2066 5696 lectionis
2099 5644 2225 5712 vola

578 5706 1018 5783 aut‘vestigium
1050 5716 1332 5783 superest.

652 5776 767 5848 (20)
797 5776 1190 5851 Hdnc..postéa
1221 5781 1489 5840 haeresim
1520 5781 1818 5840 Helvidius
1850 5782 2220 5859 instauravit,

2337 4869 2518 4923 timus
2541 4869 2724 4924 Deum
2741 4870 2769 4924 ‘t
2789 4869 2928 4937 Quis
2961 4876 3227 4926 nostrum
3250 4886 3364 4925 non
3390 4863 3982 4938 incredulusjustitize

2335 4957 2436 5029 qui
2471 4975 2626 5012 nunc
2658 4965 2890 5032 propter
2919 4959 3215 5016 Christum
3240 4957 3536 5029 justitiam
3568 4957 3985 5020 habemus,se-

2335 5046 3028 5120 quimurquejustitiam?
3042 5049 3180 5118 Quis
3196 5052 3462 5104 nostrum
3485 5063 3602 5102 non
3615 5041 3986 5102 errabundus

2335 5282 2601 5354 hancque
2625 5283 2813 5354 ipsam
2840 5301 2950 5356 prce
2966 5277 3982 5356 reliquis,causampraatexuigquod

2331 5350 2534 5426 fratres
2593 5350 2809 5410 Domini
2840 5350 2920 5409 'in
2973 5350 3280 5426 Evahgelio
3334 5350 3982 5426 nomiheiitur._0perm

2338 5421 2591 5498 pretium
2653 5427 2728 5481 sit
2803 5421 3161 5497 llieronymi'
3212 5442 3342 5481 vere
3419 5441 3662 5498 aureum
3715 5421 3982 5479 libellum

2335 5497 2538 5554 eontra
2568 5499 2724 5552 hunc
2755 5499 3092 5552 haereticum
3127 5498 3462 5552 recoluisse.
3500 5497 3628 5552 Mox
3674 5499 3981 5568 perturba-

2336 5579 2459 5626 tum
2491 5575 2825 5625 contextum
2861 5585 2965 5623 nos
2999 5569 3386 5634 rcstituimus,
3420 5587 3557 5625 cum
3591 5573 3723 5623 ante
3765 5568 3983 5639 legere"-

2333 5649 2467 5698 tur:
2500 5642 2656 5712 quali
2684 5649 2863 5696 mente
2891 5640 3122 5712 dixerit,
3174 5643 3287 5712 qui,
3340 5645 3454 5713 ipse
3503 5642 3736 5710 noverit,
3770 5641 3985 5698 locutus

2334 5723 2432 5770 est.
