4304 6590
785 441 1279 510 TRANSLATIO
1322 440 1829 514 HOMILIARUM
1871 443 2240 512 ORIGENIS
2284 443 2367 509 ΙΝ
2407 443 2702 512 LUCAM.
2726 479 2804 495 —
2835 445 3108 512 HOMIL.
3151 445 3318 514 VIII.

3615 509 3618 512 .
3641 444 3764 511 250

345 583 408 639 et
435 594 637 650 vagus,
659 577 758 652 qui
779 595 935 637 nunc
955 582 1189 652 propter
1213 581 1572 637 adventums
1589 581 1862 638 alvatoris
1883 599 2000 638 non
2032 581 2086 648 Α
2115 581 2220 637 Deo
2247 581 2490 638 salutari
2517 597 2654 638 meo.
2686 582 2826 638 Dus:
2854 597 2968 648 res,
3002 581 3202 638 anima
3232 581 3457 639 scilicet
3484 585 3543 638 et
3587 581 3765 656 spiri-

350 670 708 730 fiuctuamus
737 673 915 741 atque
950 672 1280 737 turbamur,
1313 672 1415 728 sed
1465 689 1674 728 sumus
1705 673 1763 728 in
1794 672 1906 731 via.
1941 672 2002 728 in

347 759 450 818 illo
481 758 750 817 videlicet
776 759 876 832 qui
907 758 989 815 ait
1021 777 1033 816 :
1067 762 1183 832 Ego
1212 777 1336 816 sum
1364 763 1455 817 via
1474 762 1562 818 87?
1594 762 1916 818 Possumus
1947 765 2004 818 et

348 849 577 922 reliqua
605 853 1028 923 congregantes
1077 850 1296 918 videre,
1331 852 1611 924 quoniam
1646 852 1844 909 omnia
1873 869 2004 926 quae

350 939 570 1012 scripta
596 944 737 996 sunt
766 940 837 997 de
865 956 956 1005 eo,
987 939 1187 996 divina
1220 941 1606 998 admiratione
1642 943 1823 1017 digna
1852 943 2000 999 refe-

349 1033 564 1086 runtur
598 1047 611 1087 :
640 1029 795 1101 quod
826 1036 880 1084 el.
911 1029 1185 1085 nativitas
1229 1029 1410 1097 illius,
1443 1037 1500 1087 et
1530 1031 1914 1100 nutrimenta,
1947 1036 2004 1088 et

347 1119 559 1186 virtus,
591 1123 649 1174 et
676 1118 971 1190 passio,et
1001 1119 1349 1176 resurrectio
1368 1137 1482 1176 non
1515 1121 1704 1178 solum
1740 1121 1840 1178 illo
1862 1127 2003 1177 tem-

346 1225 510 1282 pore,
542 1207 644 1264 sed
675 1208 854 1265 etiam
888 1225 1042 1264 nunc
1074 1215 1391 1281 operentur
1420 1209 1480 1265 in
1513 1211 1702 1268 nobis.
1737 1211 1843 1277 Qui
1877 1229 2000 1280 vos,

348 1315 382 1356 o
410 1297 840 1366 eatechumeni,
862 1297 924 1354 in
947 1297 1192 1355 ecclesia
1222 1300 1640 1372 congregavit?
1665 1301 1765 1374 qui
1793 1301 2002 1357 stimu-

343 1387 440 1445 lus
471 1386 729 1460 impulit,
761 1391 848 1456 ut,
881 1386 1102 1443 rel-ictis
1148 1388 1448 1456 domibus,
1479 1389 1537 1443 in
1589 1389 1748 1445 hunc
1792 1390 2002 1446 oculum

347 1477 567 1536 coeatis
586 1477 614 1532 ?
633 1476 830 1548 Neque
856 1476 1012 1533 enim
1031 1493 1139 1534 nos
1167 1478 1381 1533 domus
1402 1483 1624 1534 vestras
1655 1478 2001 1552 singillatim

346 1567 768 1627 circuivirsus:
797 1567 902 1623 sed
953 1568 1327 1639 omnipotens
1356 1572 1527 1624 Pater
1553 1568 1768 1624 virtute
1797 1569 2000 1625 invisi-

344 1656 452 1716 bili
483 1656 724 1729 subjicit
754 1656 1032 1712 cordibus
1058 1657 1458 1730 vestris,un
1477 1658 1590 1714 scit
1609 1675 1739 1714 esse
1769 1659 1999 1732 dignos,

347 1746 507 1804 hunc
554 1747 848 1812 ardorem,
883 1749 950 1801 ut
980 1746 1148 1818 quasi
1193 1745 1361 1802 inviti
1389 1751 1445 1802 et
1491 1752 1874 1804 retractantes
1904 1765 2002 1804 ve-

347 1836 526 1894 niatis
555 1836 627 1892 ad
659 1835 860 1902 ﬁdem,
894 1835 1146 1892 maxime
1165 1835 1226 1892 in
1256 1836 1490 1892 exordio
1521 1836 1844 1910 religionis,
1864 1855 2000 1894 cum

345 1926 526 1984 veluti
554 1925 766 1999 trepidi
798 1931 856 1982 et
884 1929 1163 1998 paventes
1183 1924 1395 1983 salutis
1416 1927 1592 1983 ﬁdem
1623 1945 1758 1984 cum
1789 1928 2001 1984 timore

349 2015 671 2088 suscipitis.
705 2015 956 2073 Obsecro
1000 2032 1124 2088 vos,
1157 2033 1192 2071 ο
1241 2016 1666 2086 catechumeni,
1701 2017 1878 2074 nolite
1909 2035 2003 2074 re-

346 2111 598 2164 trectare
629 2124 642 2163 :
673 2120 851 2163 nemo
897 2109 1156 2163 vestrum
1206 2105 1484 2163 formidet
1534 2116 1591 2163 et
1639 2113 1867 2181 paveat,
1899 2109 2002 2164 sed

347 2195 667 2269 sequimini
697 2201 1055 2269 praeeuntem
1084 2197 1310 2253 Jesum.
1336 2195 1436 2252 Ille
1466 2214 1569 2253 vos
1599 2197 1783 2253 trahit
1812 2199 1886 2254 ad
1916 2216 2003 2255 sa-

347 2287 554 2355 lutem,
578 2289 893 2359 congregat
922 2286 981 2341 in
1005 2286 1345 2355 Ecclesium,
1373 2303 1527 2342 nunc
1554 2286 1792 2360 quidem
1825 2305 2004 2362 super

347 2379 565 2436 terram
591 2392 604 2432 :
629 2377 681 2432 si
708 2380 904 2433 autem
936 2375 1146 2449 dignos
1167 2376 1392 2434 fructus
1424 2376 1695 2444 feceritis,
1722 2377 1782 2432 in
1812 2378 2003 2435 Eccle-

347 2466 500 2523 siam
529 2465 966 2538 primitivorum
999 2465 1100 2537 qui
1143 2465 1347 2538 scripti
1379 2469 1519 2524 sunt
1548 2467 1608 2522 in
1641 2465 1999 2525 cmlestib'us.

346 2560 519 2613 Beata
543 2570 670 2629 qua:
696 2555 949 2624 credidit,
983 2557 1118 2628 quia
1168 2555 1274 2612 erit
1301 2558 1561 2627 perfectio
1589 2557 1676 2612 his
1705 2573 1830 2630 qua:
1858 2558 2003 2616 dicta

345 2649 475 2702 sunt
502 2647 557 2702 ei
580 2663 611 2701 a
639 2647 889 2704 Domino.
923 2645 1110 2718 Super
1131 2645 1348 2718 quibus
1379 2651 1437 2702 et
1468 2646 1638 2702 beata
1668 2647 1852 2704 Maria
1882 2666 2004 2705 ma-

347 2734 588 2809 gniﬁcat
622 2735 933 2793 Dominum
963 2740 1186 2793 Jesum.
1210 2735 1544 2808 Magniﬁcat
1576 2741 1773 2793 autem
1807 2739 2004 2795 anima

347 2825 690 2894 Dominum,
720 2825 965 2899 spiritus
995 2826 1200 2882 Deum.
1236 2827 1374 2892 Quae
1405 2843 1584 2898 quam
1623 2825 1879 2884 habeant
1907 2829 2002 2884 in-

348 2915 849 2988 terpretationem,
881 2915 930 2973 si
963 2915 1315 2972 concesserit
1358 2916 1665 2988 Dominus,
1699 2921 1766 2973 ut
1795 2935 2003 2975 rursus

349 3002 412 3060 in
453 3003 757 3060 ecclesiam
805 3018 1248 3078 congregemur,
1281 3008 1348 3060 ut
1396 3003 1590 3060 festivi
1634 3005 1880 3062 veniatis
1927 3007 2002 3064 ad

351 3093 594 3149 domum
646 3093 770 3165 Dei,
819 3098 877 3150 et
921 3092 1130 3150 divinae
1176 3092 1409 3151 lectioni
1459 3095 1764 3166 prtebeatis
1809 3113 2001 3166 aures,

351 3198 704 3256 queremus,
761 3182 1196 3254 ventilabimus,
1243 3184 1624 3255 disseremus,
1658 3186 1716 3240 in
1769 3185 2001 3242 Christo

330 3275 495 3341 Jesu,
528 3271 621 3329 cui
652 3276 743 3330 est
785 3272 972 3346 gloria
1000 3277 1058 3330 et
1106 3273 1424 3346 imperium
1457 3273 1516 3329 in
1569 3273 1783 3330 saecula
1813 3292 1995 3332 seacu-

329 3360 548 3420 lorum.
581 3367 792 3419 Amen.

919 3467 1226 3525 HOMILIA
1263 3468 1413 3524 VIII.

326 3561 408 3618 De
437 3575 502 3615 eo
543 3558 686 3631 quod
738 3559 1011 3628 scriptum
1055 3561 1136 3631 est
1168 3575 1245 3631 :e
1279 3558 1588 3630 Magniﬁcat
1636 3561 1826 3617 anima
1875 3580 1998 3619 mea

412 3632 735 3699 Dominum,
769 3654 792 3684 ι
844 3644 1018 3701 usque
1045 3630 1117 3685 ad
1164 3630 1325 3686 illum
1353 3632 1533 3688 locum
1562 3633 1661 3688 ubi
1689 3635 1768 3688 ait
1797 3651 1816 3689 :
1854 3658 1873 3683 α
1915 3637 2000 3691 Ti-

403 3702 680 3760 mentibus
708 3703 882 3773 efficit
912 3704 1191 3758 virtutem.
1226 3725 1253 3752 ι)
1288 3705 1424 3776 Cap.
1460 3720 1498 3759 ι.

401 3813 558 3868 Ante
585 3809 877 3866 Joannem
931 3809 1244 3882 prophetat
1291 3809 1610 3880 Elisaheth,
1641 3816 1774 3868 ante
1803 3819 1998 3872 ortum

333 3897 569 3958 Domini
586 3897 907 3956 Salvatoris
925 3897 1237 3972 prophetat
1251 3899 1432 3955 Maria
1450 3901 1583 3972 (21).
1613 3901 1682 3957 Et
1703 3905 1998 3974 quomodo

337 3993 642 4064 peccatum
666 3988 842 4061 coepit
868 4006 902 4045 a
933 3987 1201 4055 muliere,
1225 3991 1456 4046 269-7
1466 3991 1516 4045 0
1547 3996 1604 4046 et
1632 3990 1903 4065 deinceps
1925 3996 1998 4050 ad

335 4079 532 4135 virum
563 4095 755 4151 usque
787 4078 1048 4151 pervenit
1081 4096 1093 4135 :
1127 4079 1212 4134 sic
1255 4083 1313 4135 et
1341 4080 1696 4152 principium
1726 4081 1934 4139 salutis
1964 4102 2000 4140 a

338 4167 690 4232 mulieribus
739 4168 950 4224 habuit
1013 4169 1340 4236 exordium,
1386 4176 1452 4224 ut
1500 4175 1715 4227 caeteras
1763 4190 1999 4246 quoque

340 4257 640 4327 mulieres,
687 4273 866 4316 sexus
911 4257 1225 4330 fragilitate
1291 4259 1577 4332 deposita,
1622 4261 2000 4320 imitarentur

340 4347 521 4407 vitam
571 4347 1191 4420 conversatio-nemque
1239 4354 1575 4405 sanctarum
1608 4368 1833 4419 earum,
1869 4371 1997 4426 quae

337 4436 431 4493 vel
452 4437 706 4494 maxime
727 4455 885 4494 nunc
910 4437 970 4494 in
996 4437 1306 4511 Evangelia
1328 4439 1763 4496 describuntur.
1787 4441 1996 4500 Videa-

339 4543 478 4584 mus
533 4543 669 4602 ergo
715 4527 1059 4584 vaticinium
1134 4527 1437 4602 virginale.
1497 4529 1830 4604 Magniﬁcat,
1893 4534 1996 4600 ait,

339 4619 536 4674 anim
562 4634 687 4674 mea
712 4619 1032 4686 Dominum,
1063 4627 1120 4674 et
1159 4620 1455 4675 exsultavit
1499 4621 1729 4691 spiritus
1760 4638 1910 4678 meus
1939 4625 1998 4679 in

2029 3345 2071 3413 C

2111 676 2229 737 tus,
2280 671 2501 744 duplici
2559 671 2732 727 laude
2800 673 3146 745 funguntur.
3179 671 3392 729 Anima
3446 671 3762 729 Dominum

2113 761 2408 834 praedicat,
2451 761 2696 834 spiritus
2746 761 2950 818 Deum.
2985 762 3107 818 Non
3141 763 3296 834 quod
3345 761 3463 819 alia
3491 762 3620 818 laus
3650 763 3762 820 Do-

2112 851 2279 917 mini,
2313 851 2427 907 alia
2455 851 2554 906 Dei
2587 850 2698 920 sit;
2733 852 2832 907 sed
2866 852 3006 923 quia
3037 852 3136 923 qui
3167 852 3322 908 Deus
3352 857 3461 919 est,
3494 851 3652 909 idem
3710 855 3768 909 et

2113 941 2395 998 Dominus
2445 946 2532 998 est
2565 958 2578 998 :
2612 946 2668 997 et
2714 941 2814 1014 qui
2844 941 3130 998 Dominus
3159 946 3266 1009 est,
3299 942 3456 999 idem
3505 945 3563 998 et
3613 947 3769 1000 Deus

2114 1031 2209 1087 sit.
2260 1031 2548 1097 Quaeritur
2596 1032 2887 1103 quomodo
2938 1030 3274 1105 magniﬁcet
3320 1031 3659 1088 Dominum.
3704 1032 3766 1090 Si

2116 1120 2271 1177 enim
2301 1121 2579 1177 Dominus
2600 1138 2705 1177 nec
2735 1127 3143 1193 augmentum,
3169 1138 3274 1178 nec
3303 1122 3764 1200 decrementum,

2114 1211 2372 1283 recipere
2403 1215 2609 1284 potest,
2643 1215 2699 1267 et
2729 1211 2884 1282 quod
2916 1215 3027 1279 est,
3046 1214 3137 1267 est
3165 1227 3178 1266 :
3213 1228 3331 1284 qua
3359 1212 3585 1268 ratione
3606 1227 3762 1268 nunc

2114 1301 2299 1357 Maria
2342 1299 2605 1373 loquitur
2635 1318 2649 1356 :
2682 1301 2996 1372 Magni/ient
3040 1301 3233 1358 anima
3275 1316 3399 1358 mea
3429 1303 3768 1358 Dominum?

2115 1390 2174 1446 Si
2201 1391 2568 1446 considerem
2581 1390 2896 1446 Dominum
2914 1389 3274 1446 Salvatorem
3292 1389 3612 1464 imaginem
3634 1403 3763 1448 esse

2114 1479 2424 1536 invisibilis
2456 1479 2556 1536 Dei
2586 1481 2650 1548 ⁸⁸,
2680 1484 2738 1536 et
2764 1479 2994 1535 videam
3025 1479 3286 1536 animam
3326 1495 3518 1536 meam
3549 1479 3763 1536 factam

2114 1570 2535 1640 adimaginem
2566 1569 2918 1638 Conditoris,
2949 1574 3017 1624 ut
3046 1569 3239 1643 imago
3269 1573 3425 1626 esset
3452 1568 3758 1642 imaginis;

2113 1675 2302 1731 neque
2332 1659 2488 1714 enim
2540 1659 2738 1714 anima
2766 1674 2896 1714 mea
2943 1658 3273 1730 specialiter
3295 1659 3490 1730 imago
3520 1662 3608 1714 est
3642 1658 3761 1730 Dei,

2113 1749 2215 1804 sed
2249 1750 2319 1805 ad
2352 1748 2800 1804 similitudinem
2830 1747 3110 1821 imaginis
3149 1747 3360 1820 prioris
3389 1747 3595 1804 effecta
3623 1751 3712 1804 est
3743 1765 3758 1805 :

2110 1842 2252 1894 tunc
2282 1839 2486 1894 videbo
2517 1838 2800 1911 quoniam
2830 1837 2889 1892 in
2921 1837 3254 1910 exemplum
3285 1853 3508 1906 eorum,
3541 1837 3643 1910 qui
3670 1854 3762 1894 so-

2111 1926 2234 1984 lent
2271 1928 2561 2001 imagines
2607 1929 2866 2001 pingere,
2899 1933 2956 1984 et
3004 1944 3122 1984 uno
3152 1926 3332 1999 (verbi
3363 1926 3564 2000 causa)
3592 1925 3760 1984 vultu

2114 2018 2268 2091 regis
2298 2022 2531 2091 accepto
2563 2019 2635 2073 ad
2676 2017 3058 2090 principalem
3088 2016 3536 2074 similitudinem
3566 2016 3764 2090 expri-

2117 2109 2392 2164 mendam
2423 2108 2566 2164 artis
2595 2107 2946 2164 industriam
2977 2107 3410 2176 commendare,
3442 2107 3767 2181 unusquis-

2117 2213 2232 2271 que
2247 2202 2514 2254 nostrum
2540 2198 2611 2253 ad
2634 2197 2956 2271 imaginem
2978 2197 3192 2253 Christi
3213 2197 3474 2254 formans
3504 2196 3764 2253 animam

2117 2303 2308 2355 suam,
2343 2291 2444 2343 aut
2474 2288 2755 2358 majorem
2806 2287 2878 2356 ei,
2913 2290 3016 2342 aut
3044 2287 3332 2343 minorem
3361 2285 3526 2359 ponit
3555 2285 3768 2358 imagi-

2114 2393 2246 2432 nem
2257 2420 2269 2444 ,
2283 2375 2372 2432 vel
2393 2375 2737 2446 obsoletam,
2752 2375 2841 2432 vel
2872 2375 3191 2444 sordidam,
3205 2379 3308 2431 aut
3331 2374 3573 2446 claram,
3590 2379 3766 2448 atque

2111 2465 2429 2534 lucentem,
2448 2471 2506 2522 et
2520 2465 2923 2538 splendentem
2941 2466 3012 2522 ad
3034 2464 3289 2539 effigiem
3310 2465 3586 2540 imaginis
3605 2465 3763 2538 prin-

2113 2555 2336 2628 cipalis.
2371 2557 2612 2624 Quando
2661 2555 2840 2629 igitur
2887 2556 3169 2629 grandem
3209 2556 3396 2612 fecero
3440 2555 3758 2628 imaginem

2113 2645 2410 2720 imaginis,
2442 2645 2500 2701 id
2533 2651 2642 2713 est,
2677 2646 2938 2701 animam
2979 2661 3195 2713 meam,
3225 2649 3284 2702 et
3313 2644 3762 2718 magniﬁcavero

2113 2753 2240 2794 eam
2287 2752 2476 2807 opere,
2511 2735 2880 2809 cogitatione,
2929 2751 3220 2804 sermone,
3250 2740 3389 2791 tunc
3437 2735 3633 2808 imago
3667 2733 3762 2791 Dei

2112 2827 2352 2900 grandis
2383 2826 2652 2892 efﬁcitur,
2679 2829 2736 2881 et
2767 2825 2892 2898 ipse
2923 2825 3229 2897 Dominus,
3254 2825 3426 2898 cujus
3455 2824 3650 2897 imago
3676 2828 3765 2881 est

2112 2917 2174 2972 in
2204 2921 2404 2973 nostra
2435 2916 2650 2984 anima,
2681 2915 3109 2988 magnificatur.
3134 2916 3204 2972 Et
3234 2915 3526 2989 quomodo
3558 2914 3766 2971 crescit

2117 3007 2397 3063 Dominus
2417 3006 2477 3062 in
2509 3011 2708 3062 nostra
2728 3006 3001 3078 imagine,
3035 3005 3120 3062 sic
3143 3005 3192 3061 si
3224 3008 3556 3078 peccatores
3585 3003 3762 3062 fueri-

2113 3113 2268 3165 mus,
2304 3097 2593 3152 minuitur
2623 3101 2798 3168 atque
2839 3095 3140 3152 decrescit.
3175 3095 3285 3152 Sed
3334 3112 3440 3150 nos
3473 3110 3576 3168 pro
3605 3094 3757 3151 ima-

2111 3187 2246 3260 gine
2261 3185 2579 3243 Salvatoris
2602 3185 2747 3242 alias
2782 3185 2950 3243 nobis
2971 3185 3257 3259 imagines
3287 3184 3626 3241 induimus:
3656 3201 3760 3257 pro

2110 3275 2543 3349 imagineVerbi
2614 3275 2935 3347 sapientiae,
2994 3274 3244 3346 justitiae
3306 3277 3764 3344 casterarumque

2110 3366 2418 3434 virtutum,
2440 3363 2659 3421 diaboli
2683 3365 2932 3421 formam
2955 3364 3338 3432 assumimus,
3358 3366 3424 3418 ut
3443 3362 3674 3419 dicatur
3692 3363 3764 3419 de

2109 3455 2280 3511 nobis
2309 3473 2322 3510 :
2353 3456 2654 3528 Serpentes,
2687 3454 2964 3526 generatio
3011 3455 3334 3526 viperarum
3358 3453 3424 3508 ⁸³.
3457 3453 3526 3508 Et
3575 3451 3764 3508 leonis

2109 3562 2422 3619 personam
2491 3543 2815 3612 induimus,
2874 3547 2932 3599 et
3005 3543 3297 3610 draconis,
3357 3545 3416 3598 et
3471 3539 3760 3613 vulpium,

2112 3637 2347 3709 quando
2376 3635 2665 3702 venenati,
2700 3633 2984 3703 crudeles,
3020 3632 3213 3688 callidi
3245 3648 3454 3688 sumus
3487 3648 3502 3687 :
3533 3645 3762 3688 necnon

2111 3731 2168 3782 et
2197 3726 2363 3798 hirci,
2394 3726 2480 3781 vel
2510 3725 2689 3798 porci,
2723 3725 2959 3797 quando
2991 3724 3064 3780 ab
3104 3722 3408 3779 libidinem
3441 3723 3761 3797 promptio-

2111 3833 2225 3873 res.
2247 3815 2480 3874 Memini
2512 3816 2811 3888 quondam
2835 3814 3355 3871 Deuteronomium
3377 3812 3760 3871 disserentem

2110 3908 2169 3963 in
2202 3923 2268 3964 eo
2297 3906 2423 3963 loco
2458 3906 2554 3962 ubi
2588 3906 2873 3978 scriptum
2904 3909 2995 3962 est
3027 3923 3040 3961 :
3074 3905 3153 3961 Ne
3178 3905 3400 3978 [aciatis
3430 3907 3762 3961 omnemsi-

2108 3997 2484 4053 militudinem
2517 3998 2695 4052 omnis
2724 3993 2995 4051 animatis
3015 3996 3078 4061 ὀ,
3110 3994 3327 4050 dixisse
3357 4011 3451 4051 me
3481 3994 3762 4067 quoniam

2109 4085 2396 4157 spiritalis
2425 4088 2514 4140 est
2542 4085 2601 4139 in
2635 4084 2782 4140 alios
2813 4084 3002 4139 facere
3041 4083 3356 4156 imaginem
3403 4082 3672 4157 masculi,
3700 4084 3761 4141 in

2110 4175 2256 4231 alios
2296 4171 2524 4230 feminae
2577 4188 2591 4229 :
2639 4172 2804 4228 illum
2836 4170 3287 4227 similitudinem
3337 4171 3552 4228 habere
3596 4173 3761 4230 volu-

2109 4283 2296 4330 crum,
2325 4263 2490 4318 illum
2524 4262 2818 4336 reptilium
2849 4266 3026 4335 atque
3074 4261 3454 4333 serpentium,
3491 4266 3548 4318 et
3576 4261 3758 4317 alium

2110 4356 2299 4413 facere
2320 4353 2770 4410 similitudinem
2792 4351 2916 4409 Dei.
2942 4351 3072 4408 Haec
3102 4352 3393 4424 quomodo
3425 4349 3757 4425 intelligan-

2108 4451 2205 4502 tur
2231 4445 2376 4502 sciet
2427 4443 2525 4516 qui
2575 4442 2676 4498 illa
2720 4442 2927 4516 legerit
2964 4443 3098 4515 (22).
3131 4440 3340 4497 Anima
3388 4441 3587 4514 itaque
3631 4441 3756 4497 Ma-

2110 4536 2208 4591 ria;
2238 4535 2352 4606 (23)
2405 4534 2661 4606 primum
2709 4532 3047 4606 magnificat
3086 4531 3422 4599 Dominum,
3454 4536 3512 4588 et
3558 4536 3761 4605 postea

2110 4623 2364 4684 exsultat
2391 4622 2452 4677 in
2484 4622 2618 4679 Deo.
2643 4623 2766 4679 Nisi
2789 4623 2944 4680 enim
2969 4627 3142 4680 antea
3156 4622 3548 4698 crederemus,
3567 4621 3760 4681 exsul-

417 4716 462 4752 ⁸⁷
492 4716 663 4774 Joan.
710 4734 829 4786 xrv,
877 4718 933 4772 6.
999 4718 1049 4752 ⁸⁸
1079 4716 1295 4774 Dolosa.
1333 4736 1372 4784 ι,
1417 4719 1505 4774 15.
1571 4721 1616 4755 ⁸⁸
1647 4720 1842 4778 Matth.
1876 4739 2000 4781 xxn'

2113 4726 2166 4780 8.
2234 4725 2280 4760 9°
2308 4725 2474 4780 Deut.
2511 4740 2584 4793 ιν,
2619 4723 2706 4777 17.

407 4824 816 4915 (‘24)-Schedee
854 4824 1068 4915 ‘Grabii‘
1099 4841 1112 4880 :
1157 4825 1392 4913 Ὥςξπερυ
1417 4823 1617 4915 ἤρξειτρ
1675 4829 1710 4896 ἠ
1766 4827 2000 4915 ἀεθαρτέα

2112 4835 2260 4915 sunt,
2291 4829 2906 4915 utmutieresodep‘osita
2937 4846 3052 4915 'sua
3082 4831 3462 4915 imbecittitatc
3490 4833 3766 4915 rebusque

339 4895 448 4973 (ξπρ
505 4895 625 4973 ’τῆς¹
653 4896 931 4973 γυναικὸς,
967 4895 1256 4973 adiuuerit
1300 4895 1468 4953 τόὖτό
1514 4895 1732 4973 ἔφθασεν
1786 4895 2000 4973 εἶς’-σὸν

339 4965 530 5050 ᾅνδρα·
563 4965 708 5024 aifatu
737 4967 827 5050 ξαὶ
859 4968 927 5022 τὰ
951 4965 1132 5050 ῥιγαθᾶ
1156 4967 1265 5050 ἐπὸ
1308 4973 1415 5050 τῷν
1460 4965 1729 5050 vovetin
1777 4969 2001 5050 ἤρξατο,

333 5037 864 5117 ἵνίπροτραξπῶᾳιγ
916 5039 971 5094 αἱ
1005 5037 1270 5117 ’γυνᾳῖκες
1326 5043 1441 5117 τὴνλ
1474 5037 1742 5117 ’ἀσθένειαν
1789 5037 1878 5100 δὶὰῖ
1937 5037 2004 5101 cit

337 5109 1314 5190 γυνᾳιιὶεῖοί’ἀποθέμεναιςζηλῶσαι
1363 5109 1490 5190 robe
1545 5114 1694 5190 βίρυς
1740 5120 1846 5190 τῶν
1900 5139 2000 5189 μαε-

337 5179 542 5265 δὶαρίῳν
574 5183 803 5265 τούςῳν.
832 5179 1093 5265 fidentia}—
1122 5179 1194 5265 -δὲς
1244 5187 1439 5265 Λο-ιπὸν
1491 5179 1823 5265 πὰρῆενικήν-
1862 5179 1999 5265 π’ρο-

339 5255 624 5338 Ῡητξξαν;
671 5255 1002 5338 Mavortius
1057 5259 1092 5325 ἡ
1117 5325 1133 5338 ι
1170 5258 1322 5338 ψυχή
1353 5330 1365 5338 ⁸
1407 5279 1529 5338 μεθ’
1571 5255 1676 5315 ’τὸν
1753 5255 1946 5336 Κύριὸν
1984 5303 1998 5316 .

339 5278 380 5336 φ
423 5278 567 5313 τειαν
603 5279 616 5293 ⁶
674 5278 755 5315 me
797 5278 979 5314 αΛυνει
1057 5278 1092 5325 η
1407 5279 1510 5332 μου
1586 5280 1676 5315 τον
1753 5278 1946 5336 Κυριον
1984 5303 1996 5316 ι

337 5278 522 5385 ’ΔἏλᾶ
549 5333 667 5392 πῶς
974 5325 1268 5405 μεγαλύνει
1315 5330 1404 5385 τὸν
1458 5329 1678 5405 Κύριον,
1728 5353 1996 5404 κατανοη-

337 5401 465 5444 τέηυ
577 5402 698 5444 ’πρὶν
760 5402 820 5444 ηε
848 5423 922 5444 tur
997 5398 1412 5444 πηλοφςυιίιιηθη
1471 5404 1586 5444 vi",
1662 5403 1838 5444 εῗνιζυη
1903 5411 1996 5444 ηηῗῖ

337 5401 465 5457 τέον
503 5445 515 5459 .
577 5398 922 5475 Ἐἂνίᾶξῖὠζ
976 5398 1412 5475 ⁷πάλφ,τει)ιί›,ε.ι.εθαι
1471 5398 1586 5458 ita?
1662 5398 1841 5459 ὲίκόνα
1903 5398 2000 5460 eis

336 5476 674 5552 victitans-[oc
713 5472 1019 5552 ipic‘txai
1073 5472 1490 5552 ignari-tmﬁmpsv
1542 5479 1630 5552 erit
1669 5476 2000 5552 ῖτροτοτύτζῳ

336 5543 479 5638 κιετᾶ
504 5543 921 5638 τὸπδρνατὸννδϋ
968 5543 1182 5638 ἀγαθὶἷῂ
1218 5543 1416 5623 ἔργων)
1473 5543 1850 5638 “qutiens.
1907 5543 1998 5638 τὸξι

341 5617 541 5699 Κιξριον
576 5617 790 5699 λᾷγοές,
823 5613 1029 5696 ἔργοιςξ
1056 5613 1316 5699 versuum...
1353 5613 1649 5699 pytag/im
1680 5619 1736 5676 δὲ
1759 5613 1801 5692 ’ἡ
1844 5623 1998 5699 ψ(χή

338 5688 540 5772 Κύριιον
599 5688 911 5772 ⁸ςξιῇςλιλόγιειὶξ
948 5692 1100 5772 ’δρατὰ
1145 5688 1271 5761 -ίτήν
1360 5688 1801 5772 ἐπίυπᾶρῄχουσαφ
1857 5688 2003 5772 ὰύἶῷ

335 5763 557 5852 gazam.
590 5765 742 5825 Sicut
841 5765 1076 5852 muliere
1102 5774 1385 5852 peccatum
1429 5763 1606 5852 erepit;
1639 5777 1704 5852 et
1715 5772 1914 5842 postea

335 5839 532 5899 virum
548 5841 843 5912 pervenit;
871 5840 958 5898 ita
983 5837 1153 5897 etiam
1183 5839 1326 5900 bona
1352 5855 1422 5899 ex
1450 5837 1782 5902 mulieribus
1811 5844 2006 5903 exorta

2115 4901 2503 4970 muliebribus,
2537 4904 2842 4959 incitantur
2881 4901 2951 4958 ad
3025 4903 3317 4959 beatarum
3372 4905 3574 4960 harum
3627 4901 3767 4961 vitas

2114 4977 2443 5033 imitandas.
2489 4976 2757 5032 Ceterum
2803 4974 3050 5046 deinceps
3105 4975 3390 5033 videamus
3439 4977 3766 5047 virginalem

2112 5049 2556 5105 vaticinationem
2586 5061 2603 5103 :
2637 5047 2974 5119 Magniﬁcat
3023 5048 3220 5104 anima
3268 5066 3396 5104 mea
3428 5047 3760 5119 Dominum.

2113 5121 2388 5190 Quomodo
2416 5123 2609 5176 anima
2638 5116 2939 5176 Dominum
2967 5123 3280 5192 magniﬁcet
3307 5116 3764 5192 considerandum

2113 5197 2211 5249 est.
2244 5196 2310 5250 Si
2336 5193 2502 5265 digne
2530 5194 2600 5248 ad
2652 5193 2950 5261 imaginem
2981 5189 3286 5250 Conditoris
3335 5192 3508 5265 nostri
3551 5189 3762 5265 viseri-

2111 5282 2255 5334 mus,
2289 5274 2339 5322 et
2364 5261 2465 5337 pro
2491 5265 2700 5322 viribus
2729 5265 3037 5336 exemplari
3056 5268 3235 5321 nostra
3263 5264 3470 5337 similes
3495 5277 3593 5333 per
3623 5261 3764 5337 bona

2112 5331 2294 5415 Opera
2321 5331 2684 5415 evaserimus,
2743 5331 3160 5415 nuzgniﬁcamus
3209 5331 3514 5415 Dominum
3563 5331 3764 5415 verbis,

2119 5409 2374 5487 operibus
2448 5414 2498 5465 et
2547 5411 2986 5487 cogitationibus.
3037 5409 3240 5487 timuit
3311 5413 3496 5486 autem
3528 5477 3537 5487 ι
3575 5409 3768 5487 anima

2113 5478 2406 5539 Dominum
2475 5498 2576 5554 pro
2610 5478 2857 5538 natione
2936 5481 3166 5536 mutili-9
3244 5490 3370 5549 quae
3426 5478 3537 5548 ipsi
3601 5478 3765 5534 inest.

2113 5557 2339 5612 Romus.

2184 5628 2296 5699 (22)
2328 5623 2502 5699 Nulla
2531 5643 2688 5682 nunc
2718 5623 3190 5699 lucubrationum
3223 5618 3490 5699 Drigenis
3517 5619 3578 5678 in
3613 5626 3764 5699 Deue

2112 5694 2502 5771 teronomium
2535 5703 2820 5771 superest.
2834 5694 3122 5771 ttomz'tias
3139 5697 3274 5771 pcto
3289 5709 3451 5771 unus
3477 5698 3766 5752 memorat

2113 5770 2496 5830 Cassiodorus
2527 5767 2653 5843 cap.
2680 5771 2739 5843 _l.
2772 5769 3103 5843 Divinarum
3130 5767 3579 5843 institutionum.

2183 5843 2297 5919 (23)
2334 5835 2887 5908 Eaedem’schedss:
2945 5841 3053 5910 Τῆς
3104 5835 3197 5896 οὖν
3255 5837 3462 5918 hinc
3518 5842 3558 5914 ή
3597 5839 3759 5918 ψυχή
