4304 6582
507 418 623 487 251

1746 419 1814 486 S.
1857 418 2173 486 EUSEBII
2217 421 2664 487 HIERONYMI

3797 414 3914 481 252
3935 429 3938 431 λ

510 565 635 620 tare
664 577 782 618 non
803 577 1134 635 possemus.
1161 564 1312 637 Quia
1331 563 1585 634 respexit,
1610 561 1820 634 inquit,
1845 562 1903 616 in
1926 559 2158 615 humili-
2189 559 2244 624 Α
2275 560 2428 616 citur
2457 560 2610 632 quod
2641 559 2904 633 imperet,
2932 555 3050 614 sive
3081 555 3190 612 sub
3217 572 3280 612 se
3307 554 3583 613 universa
3601 554 3922 613 contineat-

511 655 675 710 tatem
703 653 922 709 ancilla
947 669 1080 710 suae.
1117 653 1179 709 In
1212 670 1390 725 quam
1421 653 1811 709 humilitatem
1835 651 2026 706 Mariae
2058 666 2150 706 re-

510 744 700 816 spexit
720 743 1049 800 Dominus?
1071 743 1214 808 Quid
1249 743 1460 800 habeat
1490 744 1671 799 Mater
1700 740 2012 798 Salvatoris
2041 739 2152 795 bu-

505 832 642 890 mile
673 838 848 906 atque
878 834 1192 905 dejectum,
1229 851 1355 906 quas
1404 833 1501 889 Dei
1536 832 1740 888 Filium
1792 832 2061 903 gestabat
2090 831 2150 886 in

506 927 672 979 utero
695 924 722 978 ‘l
743 923 904 988 Quod
929 939 1064 996 ergo
1083 923 1258 979 dicit:
1292 924 1547 994 Respexit
1564 924 1626 977 in
1649 921 2022 976 humilitatem
2047 939 2152 976 an-

503 1012 653 1068 cillae
680 1029 812 1078 sum,
843 1011 960 1068 tale
991 1017 1079 1068 est
1109 1013 1273 1083 quasi
1301 1013 1508 1067 dixerit
1541 1027 1553 1067 :
1589 1011 1859 1082 Respexit
1887 1011 1944 1064 in
1978 1009 2150 1081 justi-

505 1099 646 1156 tiam
665 1101 889 1157 ancillis
909 1119 1048 1172 suae,
1066 1102 1319 1173 respexit
1336 1101 1393 1156 in
1408 1100 1876 1172 temperantiam,
1893 1098 2149 1172 respexit

503 1189 562 1245 in
595 1189 999 1246 fortitudinem
1043 1196 1217 1263 atque
1248 1190 1615 1262 sapientiam.
1651 1189 1902 1261 Dignum
1938 1189 2151 1260 quippe

505 1283 615 1346 est,
647 1283 712 1335 ut
739 1280 980 1335 virtutes
1013 1279 1302 1352 respiciat.
1337 1280 1705 1350 Respondeat
1735 1278 1952 1352 aliquis
1983 1283 2038 1333 et
2069 1278 2150 1332 di-

506 1373 600 1423 cat
632 1385 644 1422 :
679 1368 942 1441 Intelligo
970 1369 1263 1441 quomodo
1290 1369 1444 1424 Deus
1465 1369 1763 1439 justitiam
1791 1366 2011 1423 ancilla:
2034 1385 2152 1422 suae

504 1456 968 1530 sapientiamque
998 1457 1272 1530 respiciat
1298 1476 1311 1526 ;
1345 1459 1638 1527 quomodo
1664 1461 1856 1513 autem
1890 1457 2155 1512 intendat

502 1546 916 1619 humilitatem,
936 1563 1053 1603 non
1074 1547 1219 1603 satis
1237 1547 1443 1618 liquet.
1469 1547 1807 1603 Consideret
1830 1545 1929 1618 qui
1950 1545 2154 1618 quaerit

496 1634 656 1707 talia,
690 1636 971 1708 quoniam
1004 1637 1236 1708 proprie
1277 1635 1339 1690 in
1369 1635 1688 1708 Scripturis
1720 1652 1839 1690 una
1883 1635 1952 1691 de
1981 1635 2154 1689 virtu-

500 1725 659 1782 tibus
688 1724 994 1780 humilitas
1044 1724 1409 1798 praedicetur.
1446 1725 1542 1779 Ait
1572 1725 1788 1797 quippe
1843 1723 2104 1780 Salvator
2135 1740 2148 1778 ε

504 1816 710 1872 Discite
737 1831 772 1868 a
801 1830 889 1869 me
927 1817 1059 1885 quia
1087 1819 1401 1870 mansuetus
1430 1831 1574 1882 sum,
1607 1818 1658 1870 et
1703 1814 1933 1870 humilis
1973 1813 2148 1884 corde,

503 1908 560 1959 et
610 1904 902 1959 invenietis
949 1905 1192 1975 requiem
1220 1905 1509 1959 animabus
1556 1905 1754 1960 vestris
1783 1905 1848 1958 θί.
1901 1903 2064 1968 Quod
2096 1902 2145 1958 si
2182 1932 2229 1998 Β

503 1991 592 2048 vis
636 2007 848 2048 nomen
888 1992 1068 2063 hujus
1117 1991 1317 2048 audire
1348 1993 1601 2063 virtutis,
1651 1993 1943 2064 quomodo
1975 1992 2150 2048 etiam

503 2097 539 2136 a
564 2079 930 2153 philosophis
947 2079 1296 2152 appellatur,
1311 2081 1579 2137 ausculta
1599 2082 1863 2137 eamdem
1890 2098 2016 2138 esse
2042 2080 2151 2136 hu-

497 2169 806 2226 militatem
836 2186 1014 2241 quam
1038 2170 1312 2243 reapiciat
1328 2171 1500 2242 Deus,
1527 2187 1658 2243 qua;
1679 2171 1752 2226 ab
1782 2169 1900 2227 illis
1932 2169 2150 2246 ἀτυφία,

505 2259 624 2315 sive
676 2275 988 2333 μετριοτης,
1031 2259 1268 2314 dicitur.
1302 2260 1410 2314 Sed
1464 2265 1520 2315 et
1569 2277 1677 2316 nos
1721 2261 1973 2331 quodam
2023 2276 2151 2315 eam

506 2363 825 2419 possumus
855 2346 1147 2420 appellare
1186 2347 1456 2414 circuitu,
1491 2365 1624 2403 cum
1676 2347 1889 2420 aliquis
1920 2365 2034 2404 non
2065 2353 2154 2404 est

505 2434 768 2503 inﬂatus,
801 2437 902 2492 sed
933 2437 1058 2509 ipse
1088 2452 1150 2492 se
1182 2437 1399 2506 deiicit.
1433 2438 1539 2502 Qui
1581 2438 1738 2494 enim
1768 2438 2026 2505 inﬂatur,
2058 2455 2152 2494 ca-

507 2525 612 2593 dit,
664 2526 989 2582 secundum
1037 2525 1405 2596 Apostolum,
1439 2527 1498 2582 in
1544 2527 1838 2598 judicium
1886 2527 2149 2583 diaboli:

508 2614 803 2686 siquidem
833 2620 891 2670 et
913 2615 1010 2670 ille
1039 2616 1109 2670 ab
1131 2615 1430 2672 inﬂatione
1459 2619 1632 2689 coepit
1662 2620 1836 2688 atque
1857 2617 2152 2689 superbia.

509 2705 572 2761 Ut
599 2719 730 2769 non,
761 2703 973 2776 inquit,
999 2707 1224 2776 inﬂatus
1246 2707 1306 2760 in
1328 2707 1607 2779 judicium
1630 2707 1835 2762 incidat
1864 2707 2075 2762 diaboli
2087 2708 2150 2742 "-

504 2792 777 2864 Respexit
803 2811 982 2867 super
1009 2794 1402 2851 humilitatem
1436 2795 1654 2852 ancilla
1687 2814 1826 2852 suae.
1862 2797 2153 2852 Humilem

503 2899 618 2954 me,
654 2883 865 2955 inquit,
899 2888 956 2940 et
1002 2885 1476 2941 mansuetudinis
1525 2891 1849 2942 sectantem
1881 2886 2153 2958 dejectio-

477 2964 716 3042 ‘nisque
771 2972 1045 3028 virtutem
1104 2975 1360 3045 respexit
1416 2975 1590 3030 Deus.
1654 2976 1766 3046 (24)
1824 2978 1954 3030 Ecce
2008 2977 2155 3030 enim

505 3057 698 3113 amodo
729 3058 942 3113 beatam
970 3076 1056 3116 me
1083 3060 1272 3115 dicunt
1292 3078 1476 3118 omnes
1499 3065 1899 3132 generationes.
1931 3063 1986 3117 Si
2021 3063 2157 3118 sim-

511 3143 737 3218 pliciter
766 3146 1089 3220 intelligam
1136 3165 1339 3205 omnes
1371 3152 1795 3223 generationes,
1825 3169 2001 3225 super
2030 3167 2157 3207 cre-

2266 651 2323 707 Si
2356 667 2492 724 ergo
2523 649 2792 706 timueris
2839 648 3180 713 Dominum,
3213 646 3314 703 dat
3343 646 3448 702 tibi
3483 645 3913 716 fortitudinem,

2263 739 2384 796 sive
2416 738 2749 812 imperium,
2773 739 2872 794 dat
2901 753 3166 809 regnum,
3191 740 3255 790 ut
3284 736 3470 791 factus
3501 735 3611 792 sub
3639 735 3798 807 Rege
3821 751 3912 792 re-

2262 845 2426 902 gum,
2483 828 2784 901 possideas
2860 842 3106 899 regnum
3192 824 3491 891 caalorum,
3552 822 3612 879 in
3671 823 3908 881 Christo

2261 919 2423 986 Jesu,
2457 919 2548 974 cui
2575 923 2665 974 est
2693 917 2878 990 gloria
2899 922 2954 972 et
2983 913 3296 986 imperium
3328 913 3388 968 in
3420 911 3633 970 saecula
3665 913 3908 970 saeculo-

2263 1024 2415 1063 rum.
2450 1010 2650 1064 Amen.

2701 1113 2982 1170 271-72
3024 1112 3328 1168 HOMILIA
3369 1112 3455 1169 IX.

2265 1205 2338 1260 De
2361 1221 2420 1259 eo
2467 1204 2609 1276 quod
2651 1205 2916 1274 scriptum
2944 1206 3022 1258 est
3127 1226 3153 1252 «
3187 1201 3432 1276 Manebat
3478 1218 3603 1276 cum
3644 1217 3709 1257 ea
3754 1218 3908 1259 men-

2335 1274 2489 1331 sibus
2517 1276 2712 1345 tribus,
2748 1297 2776 1325 »
2807 1291 2976 1346 usque
3019 1274 3088 1329 ad
3133 1290 3261 1329 eum
3291 1275 3471 1346 locum
3499 1275 3599 1328 ubi
3624 1276 3708 1330 ait
3738 1291 3757 1329 :
3789 1297 3817 1324 ‹‹
3848 1277 3919 1330 Et

2335 1350 2656 1419 loquebatur
2686 1345 2998 1402 benedicens
3027 1347 3338 1402 Dominum.
3374 1368 3402 1395 ››
3433 1345 3571 1418 Cap.
3603 1363 3642 1401 ι.

2333 1457 2477 1510 Tam
2509 1471 2711 1510 eorum
2743 1471 2870 1525 quis
2916 1454 3069 1509 dicta
3115 1458 3276 1518 sunt,
3309 1469 3484 1524 quam
3515 1451 3750 1509 illorum
3783 1471 3910 1526 quas

2263 1545 2414 1600 facta
2444 1544 2794 1613 referuntur,
2818 1544 2987 1599 debet
3012 1542 3159 1598 ratio
3189 1559 3315 1598 esse
3345 1545 3547 1598 sancto
3570 1541 3791 1614 Spiritu
3819 1543 3910 1598 di-

2263 1650 2396 1706 gna,
2428 1639 2485 1689 et
2512 1633 2723 1688 Christi
2779 1633 2912 1700 ﬁde,
2949 1633 3019 1688 ad
3050 1648 3227 1704 quam
3279 1633 3581 1688 credentes
3609 1648 3907 1688 vocamur.

2263 1723 2425 1779 Unde
2462 1727 2518 1778 et
2564 1739 2718 1778 nunc
2762 1739 2938 1777 causa
2988 1721 3300 1794 quaerenda
3337 1726 3446 1788 est,
3495 1737 3676 1793 quare
3724 1721 3910 1777 Maria

2262 1817 2393 1886 post
2422 1817 2764 1884 conceptum
2791 1812 3013 1867 venerit
3063 1811 3134 1868 ad
3167 1810 3486 1875 Elisabeth,
3518 1815 3575 1866 et
3621 1810 3907 1868 manserit

2261 1919 2394 1958 cum
2426 1918 2493 1958 ea
2521 1901 2824 1957 mensibus
2853 1901 3064 1966 tribus,
3095 1905 3198 1956 aut
3226 1900 3366 1973 quid
3398 1916 3585 1956 causae
3617 1899 3810 1966 fuerit,
3843 1903 3910 1956 ut

2262 1993 2470 2058 Lucas,
2491 1990 2590 2063 qui
2614 1989 2907 2061 Evangelii
2938 1989 3230 2046 scribebat
3255 1988 3582 2058 historiam,
3602 1989 3777 2045 etiam
3798 1989 3908 2046 hoe

2261 2081 2562 2147 scriberet,
2593 2080 2747 2151 quod
2790 2078 3072 2135 manserit
3101 2095 3234 2134 cum
3265 2094 3334 2134 ea
3359 2078 3663 2134 mensibus
3693 2079 3903 2146 tribus,

2261 2177 2320 2228 et
2348 2175 2548 2242 postea
2576 2185 2842 2243 regressa
2871 2169 2949 2224 sit
2977 2168 3036 2222 in
3069 2169 3311 2224 domum
3343 2184 3534 2224 suam.
3570 2169 3778 2240 Utique
3806 2168 3905 2224 de-

2262 2260 2359 2317 bet
2395 2259 2593 2331 aliqua
2639 2276 2766 2314 esse
2815 2259 2982 2324 ratio,
3021 2275 3221 2330 quam,
3253 2258 3300 2313 si
3350 2257 3635 2314 Dominus
3681 2258 3909 2332 aperuit

2262 2367 2362 2406 cor
2390 2354 2678 2412 nostrum,
2713 2365 2964 2420 sequens
3011 2364 3203 2404 sermo
3253 2347 3626 2403 monstrabit.
3659 2346 3718 2403 Si
3749 2347 3905 2403 enim

2261 2456 2328 2496 eo
2360 2439 2512 2511 quod
2542 2443 2771 2494 tantum
2801 2437 2959 2493 venit
2989 2436 3170 2493 Maria
3207 2436 3278 2492 ad
3310 2435 3628 2503 Elisabeth,
3660 2441 3717 2492 et
3745 2435 3909 2493 salu-

2262 2529 2405 2585 tavit
2455 2545 2606 2594 eam,
2639 2526 2948 2584 exsultavit
2985 2525 3180 2582 infans
3228 2525 3286 2581 in
3314 2525 3548 2598 gaudio,
3581 2530 3640 2581 et
3687 2525 3906 2597 Spiritu

2264 2623 2464 2676 sancto
2496 2617 2666 2689 plena
2696 2615 2988 2672 Elisabeth
3007 2615 3454 2687 prop‘betavitea
3484 2631 3612 2687 qua
3641 2615 3699 2670 in
3728 2615 3914 2672 Evan-

2263 2708 2412 2782 gelio
2442 2707 2658 2778 scripta
2687 2712 2844 2775 sunt,
2877 2711 2934 2760 et
2984 2706 3042 2760 in
3074 2723 3193 2762 una
3221 2705 3365 2761 hora
3393 2709 3588 2762 tantos
3618 2706 3912 2778 profectus

2265 2798 2496 2863 habuit,
2529 2802 2739 2852 nostra:
2771 2797 3114 2867 conjectura:
3145 2794 3517 2868 relinquitur,
3551 2795 3688 2868 quid
3723 2795 3781 2851 in
3812 2795 3914 2851 tri-

2265 2887 2378 2943 bus
2432 2885 2736 2942 mensibus
2779 2889 3034 2941 Joannes
3084 2884 3347 2958 profecit,
3380 2884 3686 2941 assistente
3730 2884 3914 2941 Maria

2264 2976 2584 3033 Elisabeth.
2635 2975 2815 3030 Valde
2847 2976 3063 3047 quippe
3112 2974 3421 3046 indignum
3469 2979 3559 3030 est
3588 2974 3646 3029 in
3697 2979 3913 3046 puncto

2267 3066 2419 3121 horae
2451 3070 2624 3137 atque
2658 3068 2954 3120 momento
3004 3063 3292 3120 exsultare
3345 3063 3649 3132 infantem,
3682 3068 3741 3119 et
3769 3080 3914 3136 quo-

2264 3155 2580 3211 dammodo
2613 3154 2826 3226 gaudio
2859 3153 3178 3220 lascivisse,
3203 3152 3601 3226 repletamque
3631 3169 3758 3210 esse
3787 3153 3914 3226 Spi-

509 3234 785 3291 dentibus
815 3234 957 3292 illud
990 3237 1359 3310 interpretor.
1394 3240 1451 3295 Si
1501 3245 1694 3297 autem
1727 3241 1902 3297 altius
1934 3241 2156 3312 aliquid
2196 3307 2230 3315 _
2267 3245 2382 3301 ritu
2417 3247 2615 3300 sancto
2665 3243 2961 3298 Elisabeth
2998 3260 3010 3298 :
3045 3259 3148 3315 per
3176 3247 3294 3298 tres
3341 3259 3474 3299 vero
3523 3259 3774 3313 menses,
3808 3258 3916 3300 nec

509 3323 673 3380 fuero
703 3307 1500 3392 scrutatus,animadvertam
1525 3330 1728 3402 quanti
1751 3307 2048 3404 profectus
2079 3331 2156 3386 sit
2186 3307 2231 3376 (ἶ
2267 3335 2575 3402 Joannem,
2610 3351 2714 3389 nec
2763 3307 3078 3401 Elisabeth,
3111 3349 3179 3388 ex
3216 3331 3408 3388 vicina
3452 3332 3652 3388 Matris
3681 3307 3913 3388 Domini

507 3412 696 3469 dicere
731 3430 743 3468 :
778 3415 918 3483 Quia
943 3418 1072 3486 fecit
1100 3419 1245 3472 mihi
1271 3435 1479 3490 magna
1511 3421 1608 3490 qui
1635 3425 1714 3475 est
1736 3423 1927 3491 potens
1955 3440 1976 3475 ,ο
2005 3437 2155 3492 quo-

509 3501 668 3558 niam
698 3506 882 3560 omnis
911 3507 1008 3576 qui
1033 3523 1088 3562 se
1116 3507 1383 3564 humiliat
1401 3510 1758 3580 lexaltabitur
1788 3512 1850 3565 93.
1885 3511 2158 3583 Respexit

513 3596 707 3649 autem
734 3593 887 3650 Deus
917 3594 976 3649 in
1000 3594 1392 3653 humilitatem
1416 3597 1594 3655 beatae
1614 3600 1825 3670 Mariae,
1851 3606 2158 3672 propterea

508 3679 646 3737 fecit
672 3681 755 3736 illi
807 3699 1021 3753 magna
1076 3686 1175 3756 qui
1208 3691 1412 3757 potens
1461 3691 1551 3743 est
1579 3697 1630 3744 et
1675 3693 1923 3745 sanctum
1951 3706 2156 3746 nomen

509 3771 648 3839 ejus.
680 3773 742 3826 Et
769 3773 1153 3828 misericordia
1184 3775 1303 3843 ejus
1333 3777 1395 3830 in
1417 3779 1820 3847 generationem
1848 3781 2154 3849 generatio-

511 3874 664 3914 num.
701 3859 1100 3917 Misericordia
1131 3861 1229 3918 Dei
1261 3881 1373 3920 non
1398 3867 1459 3920 in
1492 3883 1670 3922 unam
1701 3868 2154 3940 generationem,

513 3963 621 4004 nec
680 3948 740 4004 in
790 3949 959 4018 duas,
1018 3968 1206 4024 neque
1261 3952 1320 4008 in
1371 3958 1506 4022 tres,
1556 3956 1656 4012 sed
1714 3974 1820 4012 nec
1874 3957 1934 4013 in
1993 3957 2159 4030 quin-

513 4052 647 4110 que,
678 4055 878 4095 verum
911 4039 970 4096 in
1002 4043 1425 4115 sempiternum
1457 4047 1788 4102 extenditur
1818 4047 1874 4102 in
1915 4063 2157 4120 genera-

509 4127 700 4184 tiones
752 4131 1215 4202 generationum,
1249 4135 1595 4192 timentibus
1648 4138 1966 4209 potentiam
2005 4138 2153 4208 ejus.

512 4219 663 4275 Fecit
717 4221 979 4277 virtutem
1026 4223 1086 4276 in
1137 4223 1355 4280 brachio
1400 4241 1519 4281 suo.
1557 4226 1711 4281 Licet
1757 4226 2029 4283 inﬁrmus
2083 4229 2154 4283 ad

509 4306 825 4366 Dominum
857 4311 1195 4378 accesseris,
1228 4313 1278 4368 si
1331 4313 1600 4370 timueris
1631 4332 1789 4385 eum,
1823 4317 2025 4371 audire
2055 4333 2158 4387 po-

508 4398 650 4454 teris
681 4401 1192 4470 repromissionem
1225 4419 1403 4473 quam
1443 4403 1550 4458 tibi
1583 4405 1655 4458 ob
1687 4405 1957 4460 timorem
1988 4410 2154 4461 tuum

511 4486 796 4542 Dominus
825 4489 1152 4560 pollicetur.
1185 4495 1323 4555 Quae
1352 4496 1441 4547 est
1468 4492 1584 4547 ista
1614 4492 1988 4564 repromissio
2009 4495 2036 4549 ?
2066 4496 2157 4551 Ti-

515 4577 832 4643 mentibus,
881 4577 1090 4650 inquit,
1125 4598 1187 4638 se
1237 4582 1371 4637 fecit
1418 4582 1711 4637 virtutem.
1773 4584 1985 4655 Virtus,
2036 4585 2155 4642 sive

2265 3430 2320 3480 et
2351 3423 2537 3496 ipsius
2584 3422 2901 3480 Salvatoris
2951 3423 3262 3494 praesentia
3312 3422 3646 3495 profecisse.
3680 3423 3917 3479 Exerce-

2267 3512 2438 3568 batur
2466 3527 2624 3585 ergo,
2656 3516 2712 3567 et
2765 3511 3196 3583 quodammodo
3246 3510 3305 3566 in
3340 3509 3614 3568 athletico
3644 3528 3679 3566 a
3709 3515 3911 3568 sancta

2267 3605 2471 3668 matre,
2497 3617 2600 3673 per
2629 3606 2748 3656 tres
2777 3615 3010 3656 menses
3039 3601 3359 3671 urgebatur
3386 3601 3662 3665 Joannes,
3690 3608 3744 3657 et
3774 3617 3913 3674 prai-

2268 3691 2584 3762 parabatur
2613 3691 2672 3746 in
2695 3689 2902 3746 matris
2922 3695 3108 3760 utero,
3133 3693 3198 3745 ut
3228 3689 3578 3746 mirabiliter
3597 3691 3910 3758 natus,mi-

2267 3779 2512 3836 rabilius
2560 3780 2901 3835 nutriretur.
2936 3781 3099 3846 Quod
3141 3779 3298 3835 enim
3345 3784 3506 3835 extra
3534 3780 3907 3837 consuetudi-

2267 3885 2401 3926 nem
2435 3869 2693 3925 nutritus
2726 3873 2832 3935 est,
2867 3886 2981 3926 non
3008 3869 3254 3925 refertur
3283 3870 3588 3942 scriptum,
3621 3870 3914 3943 quomodo

2268 3959 2475 4014 matris
2506 3957 2681 4014 fuerit
2728 3958 2980 4014 Iactatus
3028 3959 3328 4025 uberibus,
3363 3961 3655 4031 quomodo
3685 3960 3744 4015 in
3777 3960 3910 4016 sinu
3965 3971 3968 3974 '

2266 4048 2477 4122 gerula:
2507 4048 2882 4117 constitutus,
2907 4049 3006 4105 sed
3035 4049 3233 4104 statim
3265 4049 3531 4120 sequitur
3562 4067 3575 4106 :
3608 4051 3673 4105 Et
3699 4054 3821 4107 erat
3849 4052 3910 4106 in
3937 4117 3940 4122 ,

2265 4139 2507 4206 desertis,
2539 4153 2712 4210 usque
2765 4137 2836 4192 ad
2889 4139 3036 4194 diem
3081 4140 3402 4195 ostensionis
3448 4155 3564 4194 suae
3620 4138 3690 4194 ad
3719 4140 3908 4196 Israel.

2267 4227 2484 4284 Deinde
2532 4226 2783 4299 legimus
2833 4244 2846 4282 :
2897 4227 3176 4284 Elisabeth
3223 4236 3405 4284 autem
3456 4228 3785 4301 completum
3833 4232 3912 4285 est

2265 4323 2479 4390 tempus
2527 4322 2590 4371 ut
2637 4325 2880 4388 pareret,
2911 4325 2962 4372 et
3003 4319 3215 4390 peperit
3254 4315 3460 4389 ﬁlium.
3488 4318 3654 4374 Multi
3703 4322 3914 4392 putant

2265 4405 2562 4480 superﬂue
2590 4407 2704 4462 dici
2739 4423 2751 4461 :
2787 4406 3078 4462 Elisabeth
3109 4415 3290 4462 autem
3316 4409 3642 4480 completum
3668 4412 3745 4466 est
3773 4417 3909 4464 tem-

2264 4513 2366 4568 pus
2395 4499 2455 4550 ut
2495 4503 2735 4567 pareret,
2769 4500 2820 4551 et
2846 4497 3056 4568 peperit
3085 4495 3284 4565 ﬁlium.
3319 4497 3453 4560 Qua:
3497 4497 3653 4553 enim
3702 4495 3912 4554 mulier

2265 4589 2456 4658 potest
2487 4602 2712 4657 parere,
2739 4585 2855 4640 nisi
2886 4590 3119 4656 tempus
3137 4584 3401 4657 pariendi
3429 4589 3563 4643 ante
3593 4586 3916 4660 compleve-

512 4663 849 4738 imperium,
884 4673 1144 4738 potestas
1193 4674 1283 4726 est
1331 4671 1509 4743 regia.
1543 4672 1768 4728 Etenim
1816 4673 2012 4746 κράτος
2043 4676 2154 4747 (25)
2188 4681 2235 4746 1)
2267 4675 2387 4730 rit?
2416 4677 2528 4747 (έὸ)
2557 4675 2665 4730 Sed
2688 4675 2787 4745 qui
2819 4674 3152 4746 Scripturas
3175 4673 3627 4747 diligentissime
3655 4682 3911 4734 contem-

515 4755 670 4826 quod
705 4771 809 4812 nos
839 4759 1135 4829 imperium
1165 4776 1481 4831 possumus
1528 4761 1842 4834 appellare,
1875 4765 1947 4820 ab
1979 4780 2045 4820 eo
2075 4765 2159 4820 di-

586 4854 625 4888 "
658 4853 861 4911 Matth.
890 4872 967 4924 x1,
999 4856 1087 4910 29.
1157 4858 1200 4893 θ’
1232 4859 1255 4913 Ι
1287 4859 1438 4914 Tim.
1474 4877 1558 4928 In,
1609 4861 1663 4915 6.
1724 4861 1768 4895 93
1821 4863 1956 4918 Luc.
1989 4880 2106 4929 xxv,
2139 4863 2226 4918 14.

513 4948 814 5030 ἐμεγᾴλιξνε
840 4953 930 5030 εςὸν
965 4952 1176 5030 Κύριον·
1207 4956 1269 5009 τὸ
1301 4951 1357 5009 δὲ
1406 4961 1617 5029 πνεῦμα
1659 4957 1826 5027 αὐτῆς
1878 4957 2152 5030 ἠγαλλιά-

511 5022 776 5104 cardini.
806 5028 886 5104 rip
915 5022 1052 5104 est}.
1075 5031 1155 5104 τῷ
1203 5033 1442 5104 Burri,qu
1493 5022 1712 5104 Πξοῷτον
1767 5022 2091 5104 ἔμεγῇῗλψνεν
2119 5034 2154 5100 ἡ

509 5097 661 5173 ψυχὴ
713 5094 909 5173 αὐτῆς,
1127 5094 1505 5172 eamea-co
1543 5094 1622 5155 ’τὸ
1679 5094 1890 5173 πνεῦμά
1948 5094 2152 5171 αὐτῆςέ

508 5172 668 5225 Anna
699 5171 878 5247 igitur
906 5173 1112 5247 Mariae
1157 5171 1554 5247 magni/ﬁcabat
1589 5171 1897 5239 Dominum,
1928 5178 2158 5247 spiritus

507 5256 632 5296 vero
663 5242 779 5312 ejus
799 5243 1113 5297 exsultabat
1145 5245 1200 5298 in
1224 5246 1328 5299 Deo
1357 5242 1662 5302 Saluatore.
1688 5242 2160 5302 Primum-anima

510 5314 635 5438 Ejus
690 5315 1097 5386 magniﬁcabat,
1152 5316 1344 5371 deinde
1391 5320 1619 5388 spiritus
1663 5320 1780 5390 ejus
1827 5320 2154 5375 exsultabat.

564 5400 748 5438 unus.

564 5400 748 5441 UEUS.

513 5455 694 5530 k‘.(2li_)
747 5458 971 5530 Eaedem
1033 5459 1257 5515 schedae
1315 5477 1328 5514 :
1384 5459 1720 5530 Μακαριοῦσί
1773 5481 1855 5530 μεθ
1897 5465 2060 5516 πᾶσαι
2103 5462 2158 5516 αἱ

510 5523 999 5604 χξγεαὶθηδηλρνότι
1046 5533 1151 5584 τῶν
1201 5523 1585 5595 πιπευόντωύ,
1639 5531 1700 5585 οὗ
1731 5523 1794 5587 αὖ
1840 5529 1895 5587 δὲ
1931 5533 2088 5604 μόνον
2121 5536 2156 5603 ἡ

512 5591 814 5681 Ἐλεσάᾷετζ
846 5600 1080 5681 Beatam
1107 5679 1113 5681 _
1133 5620 1225 5659 me
1255 5604 1448 5659 dicent
1466 5675 1477 5681 _
1497 5591 1715 5681 omnes
1731 5591 2155 5681 generationes,

509 5667 842 5745 credentium
870 5673 1138 5745 videlicet,
1171 5691 1280 5730 non
1311 5687 1369 5731 tu
1397 5675 1512 5730 sola
1545 5667 1841 5732 ElisabEth.
1880 5679 1957 5733 In.

581 5739 692 5807 (25)
739 5739 980 5824 Videtur
1035 5739 1579 5824 et_'hoc_additum
1640 5748 1744 5805 abs
1810 5749 2159 5824 Hieronymo

509 5813 933 5887 eo_mm,a,,quod
961 5830 1057 5884 nos
1088 5819 1388 5890 imperium
1409 5835 1704 5892 possumus
1733 5813 2034 5897 appellare;

2266 4763 2482 4837 platur,
2514 4768 2572 4819 et
2615 4763 2777 4819 audit
2818 4761 3101 4835 populum
3150 4763 3506 4836 loquentem,
3538 4765 3802 4822 attendat
3831 4766 3911 4822 le-

2336 4960 2458 5035 (26).
2478 4959 2705 5035 Eaedem
2755 4959 2979 5035 schedaa
3011 4977 3024 5016 :
3057 4961 3575 5035 Ilapafrnpjaacﬂat“
3596 4956 3677 5015 δεῖ
3723 4959 3786 5035 ἐν*
3807 4958 3913 5034 ὅλῃ

2267 5026 2572 5122 ξῇζποέλαιᾷ
2600 5030 2689 5122 Mai
2726 5034 2795 5104 τῇ
2844 5035 2998 5122 κανινῇ
3039 5026 3350 5122 Γρα’‹ρῇ,”ςί’
3393 5052 3499 5088 που
3537 5026 3688 5122 Ιἔστὶν
3732 5026 3912 5122 Enipei;

2269 5052 2334 5105 τῃ
2366 5051 2572 5100 statim;
2600 5051 2689 5084 και
2726 5051 2795 5104 τῃ
2844 5051 2998 5104 καινῃ
3041 5051 3248 5122 ipsum,
3295 5051 3340 5085 ει
3393 5052 3499 5088 που
3548 5051 3688 5087 εστιν
3736 5051 3795 5088 su
3836 5053 3910 5087 ειν

2269 5101 2356 5179 ἐπὶ
2415 5100 2744 5179 ᾁμαρτωλοῦ
2810 5103 3066 5179 γενέσεῳς
3100 5104 3410 5179 Αειρημὲνον
3488 5103 3570 5179 τρσ
3631 5051 3910 5179 Ἐπλτξσθη

2269 5176 2297 5229 ὁ
2327 5174 2537 5250 ’χρόνοξ
2572 5179 2669 5228 τοῦ
2720 5174 2912 5232 τεκὲῖν.
2945 5174 3054 5229 Οὐκ
3097 5174 3312 5266 bim-{dp
3356 5195 3438 5237 τις
3489 5175 3659 5252 εὕροι,
3708 5174 3801 5238 ὡς.
3833 5174 3913 5230 oi;

2436 5245 2548 5266 ""
2585 5246 2609 5266 τ’
2767 5247 2779 5264 9
2840 5247 2852 5266 Ι
3117 5246 3142 5266 θ’
3245 5244 3268 5266 δ
3489 5250 3516 5266 τ’
3587 5248 3598 5266 (
3787 5248 3799 5266 1

2272 5244 2388 5318 pati,
2424 5245 2548 5321 ἀλλ’
2580 5246 2716 5321 ὅπᾳυ
2748 5247 3059 5321 ὠνόμασται
3106 5246 3196 5321 ὅτι
3224 5244 3448 5321 ’δίκᾳιος
3637 5244 3917 5321 γεννώμε-

2272 5268 2388 5318 pan,
2424 5268 2528 5300 au.
2580 5268 2716 5301 οπου
2748 5268 3059 5318 ωνομασται
3112 5268 3196 5302 οτι
3241 5268 3448 5309 omne;
3478 5268 3544 5316 ην
3579 5268 3607 5302 ο
3677 5268 3915 5321 εννωμε-

2265 5339 2376 5380 νος.
2412 5318 2565 5393 Οὕτω
2594 5317 2681 5393 xui
2706 5323 2801 5393 νῦν
2837 5318 3195 5393 εἶ’ρηταιμδτε
3226 5323 3294 5392 τῇ
3335 5268 3672 5393 ’ῌΛισάϐετῖ
3701 5325 3798 5376 τοῦ
3828 5340 3915 5376 τε-

2267 5396 2376 5467 )ςεῖν
2405 5391 2604 5467 χρόνος
2637 5386 2906 5467 ἐπλήσθη)
2942 5386 3126 5458 ἐπειδὴ
3163 5386 3314 5467 tam».
3367 5388 3556 5447 ἔτικτε.
3606 5395 3914 5467 Observan-

2266 5463 2504 5538 dum'est
2542 5481 2616 5519 an
2647 5465 2707 5538 in
2736 5468 2902 5538 omni
2928 5468 3046 5520 tum
3075 5463 3267 5531 veteri,
3297 5467 3415 5520 tum
3460 5481 3602 5522 nova
3630 5465 3919 5538 Scriptura

2267 5537 2477 5608 alicubi
2521 5537 2837 5604 reperiatur
2865 5537 2932 5592 de
2974 5537 3276 5608 peccatoris
3321 5539 3615 5595 nativitate
3660 5537 3913 5606 dictum;

2270 5607 2700 5682 Impletumest
2736 5607 2985 5682 tempus
3013 5609 3294 5682 pariendi.
3328 5609 3450 5665 Non
3472 5619 3606 5682 puto
3635 5611 3800 5667 ullibi
3829 5625 3916 5668 re-

2263 5679 2460 5752 periri,
2476 5679 2604 5752 anisi
2633 5678 2846 5752 quando
2863 5678 3176 5750 ‘justi’ortus
3205 5678 3558 5739 describitur.
3578 5683 3661 5740 Ita
3687 5685 3739 5740 et
3765 5699 3917 5741 nunc

2267 5750 2479 5832 dicitur
2501 5750 2782 5832 Elisabeth
2804 5754 3090 5832 impletum
3108 5770 3226 5815 esse
3251 5759 3465 5826 tempus
3483 5755 3770 5830 pariendi,
3783 5769 3918 5832 quo-
3965 5767 3970 5772 ‘

2263 5824 2423 5883 niam
2458 5831 2712 5884 sanctum
2733 5824 3008 5901 pariebat.
3041 5828 3130 5888 In.
