4304 6594
325 423 453 498 253

805 429 1309 498 TRANSLATIO
1351 428 1862 502 HOMILIARUM
1902 434 2272 501 ORIGENIS
2312 435 2394 500 IN
2434 436 2731 504 LUCAM.
2761 468 2843 486 -
2870 436 3145 502 HOMIL.
3189 434 3267 502 X.

3622 431 3745 503 1M

327 566 532 636 ctioni,
558 567 874 626 observans
899 570 1020 625 tam
1051 569 1113 625 in
1148 570 1542 644 Veteri,quam
1565 573 1623 627 in
1659 574 1844 629 Norvo
1875 574 1974 629 'l‘e-
2001 559 2303 643 A'mansit
2348 572 2528 628 Maria
2556 589 2690 628 cum
2722 571 3043 639 Elisabeth,
3076 575 3387 645 postquam
3425 573 3477 630 ei
3507 574 3744 635 locutus

327 662 648 723 stamento,
679 658 868 714 sicubi
899 660 1184 732 scriptum
1215 659 1274 714 in
1315 666 1444 716 ortu
1478 662 1801 734 peccatoris
1823 662 1980 718 inve-

327 748 460 805 niat
491 765 506 803 :
539 748 879 818 Completum
925 753 1003 805 est
1049 757 1257 821 tempus
1301 755 1362 806 ut
1405 759 1644 823 pareret,
1679 767 1981 822 nunquam

326 836 570 894 omnino
601 837 872 911 reperiet.
907 838 1018 895 Sed
1050 839 1408 913 ubicumque
1449 841 1650 911 justus
1699 840 1977 907 nascitur,

326 927 414 985 ibi
444 927 774 1000 completur
803 927 1076 997 dies,illic
1105 929 1164 985 in
1198 931 1488 986 mundum
1519 931 1848 1004 completur
1879 930 1980 986 ad-

324 1020 536 1074 ventus
565 1017 862 1074 sui.0rtus
884 1019 1056 1090 justi,
1108 1019 1535 1090 plenitudinem
1584 1020 1759 1076 habet
1800 1037 1812 1074 :
1848 1035 1978 1092 pec-

326 1107 543 1165 catoris
571 1106 868 1176 nativitas,
910 1112 974 1162 ut
1002 1107 1084 1165 ita
1114 1109 1402 1181 dicamus,
1428 1110 1775 1166 vacuitatem
1807 1114 1983 1183 atque

324 1195 829 1252 inanitatem.Htec
860 1197 931 1253 de
960 1214 1027 1254 eo
1059 1200 1216 1271 quod
1246 1200 1534 1271 scriptum
1567 1204 1655 1255 est
1686 1217 1699 1255 :
1737 1201 1984 1272 Comple-

323 1291 445 1341 tum
476 1293 554 1341 est
581 1289 798 1358 tampus
825 1295 888 1343 ut
914 1293 1154 1357 pareret.
1188 1287 1764 1361 Congratulabantur
1812 1290 1982 1345 matri

323 1375 456 1447 ejus
484 1373 657 1430 vicini
688 1379 746 1431 et
783 1377 1036 1449 cognati,
1068 1381 1127 1433 et
1157 1377 1428 1434 volebant
1468 1379 1527 1433 in
1557 1377 1838 1434 honorem
1880 1395 1982 1451 pa-

321 1463 436 1521 tris
466 1481 646 1537 puero
678 1481 892 1522 nomen
922 1482 1157 1539 ponere,
1211 1471 1277 1524 ut
1306 1472 1611 1524 vocaretur
1653 1468 1978 1523 Zacharias.

323 1553 503 1610 Porro
532 1552 852 1622 Elisabeth,
876 1560 1080 1612 sancto
1112 1555 1335 1628 Spiritu
1367 1561 1736 1629 suggerente,
1768 1556 1978 1613 aiebat:

325 1644 562 1700 Joannes
590 1651 670 1699 est
695 1660 892 1701 nomen
921 1645 1059 1713 eius.
1097 1645 1312 1702 Deinde
1341 1663 1474 1701 cum
1526 1646 1610 1701 illi
1651 1662 1861 1701 causas
1883 1647 1981 1717 ju-

325 1736 455 1789 stas
488 1737 814 1805 quaererent
843 1751 947 1790 cur
965 1735 1224 1791 Joannes
1254 1735 1629 1808 potissimum
1659 1739 1980 1802 vocaretur,

326 1837 465 1879 cum
495 1821 559 1878 in
587 1837 797 1894 genere
827 1822 1016 1895 ipsius
1059 1823 1255 1879 nullus
1308 1824 1548 1881 haberet
1592 1824 1703 1881 hoc
1745 1841 1978 1894 nomen,

329 1910 697 1984 interrogant
752 1917 1000 1985 patrem,
1065 1913 1162 1985 qui
1223 1930 1338 1970 non
1384 1913 1582 1971 valens
1632 1915 1981 1987 respondere

329 2000 536 2072 (manu
569 2005 625 2057 et
653 2000 866 2059 litteris
895 2006 985 2059 est
1015 2001 1288 2070 locutus).
1323 2004 1570 2075 Scripsit
1599 2003 1756 2059 enim
1786 2004 1845 2058 in
1878 2021 1986 2075 pu-

333 2089 550 2164 gillari,
580 2092 816 2170 Joannes
846 2095 926 2148 est
966 2108 1168 2148 nomen
1217 2094 1334 2164 eius
1365 2112 1384 2148 :
1416 2093 1734 2167 statimque
1782 2097 1847 2148 ut
1877 2096 1994 2166 sty-

333 2177 432 2234 lus
459 2177 784 2251 impressus
842 2185 932 2236 est
970 2198 1134 2252 ceras,
1167 2181 1388 2254 lingua,
1449 2199 1576 2254 qua:
1608 2181 1774 2254 prius
1807 2183 1994 2237 fuerat

332 2268 550 2336 vincta,
583 2267 776 2325 laxata
821 2273 927 2325 est.
981 2270 1217 2342 Recepit
1255 2270 1577 2344 eloquium,
1627 2289 1740 2328 non
1782 2271 1992 2327 huma-

333 2374 502 2424 num,
525 2357 806 2430 quoniam
839 2358 1019 2432 ligata
1048 2360 1160 2415 fuit
1181 2359 1385 2432 lingua
1413 2361 1541 2432 ejus
1569 2379 1582 2429 ;
1618 2361 1881 2416 humana
1905 2363 1993 2416 ta-

331 2463 469 2504 men
526 2464 642 2504 non
704 2448 832 2504 fuit.
867 2448 1149 2506 Vinxerat
1185 2450 1345 2506 enim
1401 2466 1529 2506 eam
1591 2449 1990 2506 incredulitas.

327 2535 547 2593 Statim
573 2541 638 2592 ut
692 2537 883 2594 soluta
914 2543 1021 2610 est,
1074 2539 1338 2595 humana
1385 2556 1512 2596 esse
1547 2540 1787 2607 desinit,
1822 2543 1879 2595 et
1907 2539 1995 2595 lo-

328 2625 622 2698 quebatur
653 2626 1005 2684 benedicens
1037 2627 1243 2696 Deum,
1278 2633 1335 2683 et
1365 2629 1736 2700 prophetavit
1772 2645 1840 2685 ea
1870 2645 1996 2700 quas

333 2713 553 2787 scripta
581 2719 721 2771 sunt
747 2715 806 2771 in
841 2715 1172 2789 Evangelio,
1197 2717 1268 2772 de
1299 2717 1540 2789 quibus,
1575 2719 1860 2789 praebente
1891 2718 1998 2774 Do-

335 2803 498 2861 mino
544 2803 684 2860 Jesu
730 2803 984 2875 Christo,
1039 2821 1172 2860 cum
1219 2809 1453 2878 tempus
1507 2807 1703 2878 fuerit,
1753 2807 1998 2863 dissere.

335 2908 474 2948 mus
507 2909 520 2948 :
554 2893 644 2948 cui
667 2897 758 2949 est
785 2892 972 2966 gloria
1000 2898 1058 2950 et
1089 2894 1404 2966 imperium
1429 2895 1488 2950 in
1518 2894 1732 2952 saecula
1759 2895 1998 2952 saeculo-

338 2997 496 3038 rum.
527 2981 732 3037 Amen.

970 3089 1278 3148 HOMILIA
1315 3091 1361 3147 Χ

336 3179 415 3236 De
445 3194 508 3236 eo
535 3179 679 3252 quod
722 3180 994 3254 scriptum
1039 3187 1118 3235 est
1165 3196 1185 3234 ,ο
1233 3203 1262 3254 ε(
1317 3181 1519 3237 Plenus
1575 3181 1787 3254 Spiritu
1812 3187 1998 3239 sancto

406 3253 780 3324 prophetavit,
843 3269 870 3302 ι
940 3267 1112 3324 usque
1176 3252 1251 3308 ad
1295 3269 1422 3308 eum
1468 3252 1646 3309 locum
1704 3255 1804 3310 ubi
1848 3257 1930 3310 ait
1978 3272 1992 3311 :

2017 1964 2064 2030 B

2091 665 2180 717 est
2209 661 2475 734 angelus,
2518 660 2843 726 mensibus,
2899 661 3112 729 tribus,
3162 665 3227 716 ut
3257 678 3358 734 per
3385 663 3739 723 ineffabilem

2091 752 2410 822 quamdam
2440 751 2734 820 virtutem,
2769 768 2882 807 non
2915 751 3104 808 solum
3135 752 3442 820 Joannem,
3467 755 3622 810 sicut
3642 756 3748 812 du-

2092 842 2230 897 dum
2259 841 2535 910 diximus,
2569 842 2670 897 sed
2703 841 2878 897 etiam
2907 841 3266 910 Zachariam,
3310 848 3375 899 ut
3406 859 3563 899 nunc
3585 860 3757 900 evan-

2048 962 2056 972 κ
2091 929 2313 1002 gelicus
2335 947 2527 986 sermo
2557 929 3098 1003 declarat,praesens
3115 931 3380 988 Salvator
3409 931 3755 1005 instrueret,

2092 1019 2382 1076 Paulatim
2413 1020 2630 1093 quippe
2654 1025 2710 1076 et
2740 1021 2834 1075 hic
2865 1037 2967 1093 per
2994 1025 3112 1077 tres
3134 1037 3367 1079 menses
3399 1022 3586 1078 sancti
3619 1023 3750 1096 Spi-

2091 1109 2240 1164 ritus
2271 1113 2588 1181 augmenta
2617 1109 2970 1182 capiebat,et
3001 1125 3135 1166 cum
3167 1110 3419 1166 nesciret
3447 1111 3754 1168 erudieba-

2091 1202 2205 1265 tur,
2257 1202 2314 1254 et
2361 1199 2432 1253 de
2481 1198 2709 1254 Christo
2757 1198 3125 1271 prophetavit
3155 1199 3357 1256 dicens
3406 1215 3418 1254 :
3463 1201 3569 1268 Qui
3596 1199 3756 1257 dedit

2091 1288 2522 1359 redemptionem
2549 1288 2752 1359 papula
2791 1303 2908 1354 suo,
2941 1296 2992 1344 et
3027 1290 3319 1345 suscitavit
3345 1305 3518 1346 cornu
3560 1290 3760 1346 salutis

2091 1377 2250 1432 nobis
2283 1379 2346 1433 in
2384 1378 2538 1433 domo
2563 1377 2754 1445 David,
2780 1377 2838 1431 in
2868 1393 2986 1450 qua
3014 1373 3342 1433 secundum
3373 1394 3609 1434 carnem
3645 1395 3749 1434 na-

2091 1470 2188 1521 tus
2219 1471 2308 1522 est
2338 1465 2625 1522 Christus.
2660 1467 2731 1522 Et
2748 1483 2881 1522 vere
2911 1466 3050 1538 quia
3079 1467 3189 1522 fuit
3214 1483 3397 1523 cornu
3428 1465 3660 1537 salutis,
3691 1467 3752 1522 in

2092 1555 2269 1611 domo
2301 1555 2477 1611 David
2511 1555 2818 1627 prophetia
2846 1554 2961 1611 ista
3014 1555 3361 1612 concinitur.
3399 1555 3575 1612 Vinea
3602 1557 3754 1613 enim

2090 1647 2237 1716 facta
2286 1653 2364 1700 est
2406 1647 2466 1700 in
2506 1661 2676 1700 cornu
2721 1645 2784 1698 9‘.
2836 1645 2897 1700 In
2950 1661 3064 1716 quo
3113 1645 3346 1700 cornu?
3397 1648 3459 1701 In
3518 1645 3751 1702 Christo

2090 1735 2253 1799 Jesu,
2309 1735 2365 1788 in
2422 1733 2522 1789 illo
2575 1733 2633 1788 in
2683 1750 2802 1806 quo
2850 1750 3008 1790 nunc
3065 1734 3342 1790 scribitur
3389 1749 3403 1790 :
3459 1723 3762 1790 Suscitavi‘

2093 1839 2267 1879 cornu
2305 1824 2498 1879 salutis
2541 1825 2698 1880 nobis
2742 1825 2804 1878 in
2851 1823 3005 1879 domo
3056 1823 3228 1878 David
3250 1824 3414 1895 pueri
3456 1825 3566 1889 sui,
3615 1824 3758 1879 sicut

2097 1914 2310 1969 locutus
2357 1923 2436 1968 est
2475 1929 2573 1984 per
2614 1929 2672 1968 os
2718 1921 3032 1970 sanctorum
3059 1928 3283 1968 suorum
3306 1913 3707 1984 prophetarum
3741 1930 3754 1968 :

2099 2004 2334 2058 salutem
2363 2019 2435 2058 ex
2465 2004 2710 2058 inimicis
2755 2004 2976 2058 nostris.
3027 2002 3151 2057 Non
3184 2006 3459 2074 putemus
3499 2019 3656 2058 nunc
3686 2002 3758 2058 de

2101 2090 2503 2165 corporalibus
2543 2091 2799 2146 inimicis
2829 2091 2966 2160 dici,
2999 2091 3098 2147 sed
3131 2091 3201 2147 de
3233 2091 3617 2164 spiritalibus.
3643 2090 3758 2148 Ve-

2105 2182 2190 2238 nit
2221 2182 2377 2238 enim
2404 2180 2690 2238 Dominus
2711 2181 2885 2237 Jesus
2917 2181 3082 2236 fortis
3113 2181 3172 2235 in
3205 2180 3421 2252 praelia,
3454 2182 3757 2239 destruere

2103 2287 2307 2327 omnes
2355 2269 2648 2337 inimicos,
2681 2273 2913 2326 nostros
2943 2273 3009 2325 ut
3036 2285 3144 2324 nos
3171 2270 3242 2326 de
3285 2269 3519 2326 insidiis
3547 2286 3750 2327 eorum

2103 2361 2491 2416 liberaret.De
2520 2377 2690 2415 manu
2710 2361 3064 2416 inimicorum
3093 2366 3404 2416 nostrorum
3423 2359 3558 2416 etde
3585 2376 3758 2417 manu

2103 2466 2293 2507 eorum
2342 2452 2440 2523 qui
2477 2465 2576 2505 nos
2618 2449 2865 2505 oderunt.
2898 2454 3101 2506 Facere
3140 2450 3587 2506 misericordiam
3629 2466 3758 2505 cum

2103 2539 2357 2612 patribus
2387 2541 2588 2594 nostris
2609 2539 2740 2611 (26).
2774 2540 2893 2612 Ego
2923 2543 3062 2611 puto
3087 2538 3331 2612 quod,in
3355 2539 3608 2595 adventu
3639 2538 3756 2594 Do-

2106 2628 2248 2684 mini
2281 2627 2619 2695 Salva‘toris,
2670 2633 2728 2683 et
2773 2628 3095 2695 Abraham,
3147 2631 3204 2683 et
3254 2629 3437 2694 Isaac,
3489 2631 3546 2682 et
3570 2626 3753 2682 Jacob

2105 2717 2266 2774 fruiti
2313 2719 2434 2773 sint
2464 2717 2866 2773 misericordia
2903 2717 3020 2774 Dei.
3053 2717 3252 2789 Neque
3282 2719 3439 2773 enim
3478 2715 3757 2772 credibile

2106 2811 2287 2876 est,ut
2316 2807 2418 2879 qui
2449 2807 2613 2880 prius
2642 2807 2905 2862 viderent
2933 2805 3088 2862 diem
3116 2805 3362 2872 illius,et
3389 2805 3565 2861 lentati
3590 2809 3754 2878 sunt,

2106 2901 2309 2970 postea
2338 2897 2398 2952 in
2432 2898 2682 2953 adventu
2714 2896 2923 2968 ipsius,
2956 2899 3014 2952 et
3060 2894 3363 2952 nativitate
3393 2895 3464 2951 de
3492 2894 3752 2966 Virgine,

2108 2987 2254 3043 nihil
2286 2986 2558 3042 utilitatis
2590 2985 2939 3058 acceperint.
2991 2986 3061 3041 Et
3110 2984 3254 3055 quid
3304 2984 3375 3041 de
3405 2983 3756 3056 patriarchis

2106 3077 2362 3149 loquor?
2389 3077 2474 3132 Ad
2507 3075 2714 3132 altiora
2743 3075 3180 3146 Scripturarum
3221 3072 3632 3129 auctoritatem
3663 3089 3755 3128 se-

2107 3183 2296 3238 quens
2327 3165 2606 3221 audacter
2638 3165 2975 3230 ascendam,
2998 3162 3279 3235 quoniam
3301 3161 3613 3234 praesentia
3642 3166 3750 3216 Do-

2108 3256 2253 3311 mini
2283 3255 2422 3311 Jesu
2457 3258 2514 3310 et
2542 3254 2904 3326 dispensatio
2933 3253 3095 3308 illius
3129 3269 3242 3308 non
3287 3250 3480 3308 solum
3503 3255 3756 3317 terrena,

410 3345 454 3415 «(c‘
471 3323 760 3382 Antecedet
787 3325 941 3380 enim
967 3323 1152 3381 coram
1180 3326 1411 3382 Domino
1436 3341 1638 3394 parare
1666 3327 1783 3382 vias
1815 3328 1990 3398 ejus.»

2104 3345 2203 3401 sed
2237 3344 2415 3400 etiam
2446 3345 2558 3415 (28)
2590 3323 2848 3399 coelestia
2865 3342 3108 3415 juverit.
3150 3341 3314 3397 Unde
3342 3345 3400 3396 et
3437 3339 3754 3412 Apostolus

411 3393 554 3467 Cap.
585 3412 625 3452 ι.

407 3519 625 3576 Plenus
655 3520 874 3592 Spiritu
929 3526 1132 3578 sancto
1175 3523 1503 3593 Zacharias,
1539 3524 1686 3580 duas
1745 3522 1993 3597 prophe-

329 3608 456 3667 tias
482 3607 826 3682 generaliter
854 3611 1105 3682 nuntiat,
1148 3612 1402 3685 primam
1433 3614 1504 3669 de
1561 3612 1815 3684 Christo,
1849 3613 1996 3669 alte-

334 3714 473 3756 ram
506 3699 578 3754 de
606 3699 844 3755 Joanne.
903 3701 1067 3766 Quod
1124 3701 1432 3758 manifeste
1489 3703 1560 3758 de
1588 3702 1780 3758 verbis
1810 3703 1996 3775 ipsius

335 3787 722 3860 approbatur,
756 3789 814 3844 in
871 3791 1091 3862 quibus
1123 3791 1291 3864 quasi
1349 3792 1420 3847 de
1451 3792 1778 3864 praesentia,
1809 3801 1865 3849 et
1897 3793 1998 3865 qui

331 3883 672 3934 versaretur
696 3879 758 3935 in
789 3881 1014 3936 mundo
1046 3879 1309 3952 loquitur
1360 3880 1696 3953 Salvatoris,
1742 3899 1809 3938 ac
1843 3882 1999 3938 dein-

335 3967 413 4024 de
443 3969 732 4025 218-14
760 3972 984 4026 Joanne
1017 3988 1030 4027 :
1066 3971 1318 4043 Reptetus
1365 3973 1513 4027 enim
1561 3971 1782 4044 Spiritu
1817 3981 1997 4029 sancto

330 4058 683 4130 prophetavit
707 4058 890 4116 dicens
920 4076 940 4115 .·
962 4059 1285 4116 Benedictus
1314 4063 1584 4117 Dominus
1615 4067 1756 4118 Deus
1793 4061 1996 4126 Israel,

337 4149 473 4219 quia
515 4150 761 4204 visitavit
801 4157 852 4204 et
891 4149 1022 4220 fecit
1068 4151 1502 4223 redemptionem
1524 4152 1701 4225 plebis
1729 4167 1866 4210 suae.
1899 4151 1997 4207 Vi-

335 4235 552 4294 sitante
569 4236 727 4294 enim
750 4240 807 4293 et
823 4238 935 4293 Deo
947 4232 1177 4294 volente
1193 4240 1479 4297 redimere
1499 4240 1784 4313 populum
1797 4257 1995 4308 suum,

411 4362 453 4396 °‘
481 4362 575 4420 Isa
601 4379 658 4430 v,
695 4365 747 4420 1.
826 4363 871 4399 π
900 4363 1120 4422 Coloss.
1153 4383 1190 4435 ι,
1213 4367 1303 4421 20.

408 4505 521 4579 (27)
556 4506 810 4579 ‘Ezpdem
869 4507 1097 4565 schedia
1158 4527 1171 4563 :

555 4571 826 4652 ’Aépadu,
878 4579 968 4634 καὶ
1023 4580 1222 4648 Ἰσαὰκ,
1269 4579 1359 4635 καὶ
1396 4571 1624 4652 ’ξΙὰκὼϐξ
1671 4579 1760 4635 καί
1796 4571 2000 4652 ίδλοξό

339 4647 516 4730 χςρὸς
560 4647 1216 4730 τῶύαάγῖωνῌπξοφητῷν
1262 4651 1354 4730 nni
1395 4647 1625 4730 bina‘iwv
1677 4651 1995 4730 ἀπῄλαυςαγ

469 4721 767 4798 ἐἱαρουσίαέ
813 4726 911 4778 τοῦ
961 4721 1216 4798 Χρὶστοῦ,
1249 4724 1316 4779 Εἰ
1346 4725 1450 4798 γὰρ
1493 4721 1999 4798 εξρηνοποίήσενδιὰ

333 4788 436 4872 ῖόῦ
469 4788 695 4872 silua?“
725 4797 823 4849 τοῦ
872 4788 1108 4872 παφροῐξ
1154 4795 1318 4872 auro?)
1343 4788 1498 4872 {dlce
1525 4788 1577 4852 ἔν
1709 4788 1902 4872 γῇῇγῖαὶ
1932 4799 2000 4852 τὰ

338 4861 392 4917 ἐν
422 4861 821 4938 τοζέ-οὗρανοῖς
868 4861 1016 4922 nata.
1050 4864 1141 4922 τὸν
1188 4869 1329 4923 θεῖον
1365 4861 1698 4924 Ἀπόστολόν
1723 4861 1786 4924 all
1822 4868 1997 4932 ὀκνεῖς

337 4931 733 5013 πᾳραδέξασῖθαι
781 4937 863 4993 ὅτι
916 4938 1194 5013 καὶ-πρὸς
1245 4938 1373 5013 robe
1430 4943 1665 5013 πατέρας
1724 4931 1995 5011 ἐπισκοπῆ

336 5007 550 5091 γέγονε3
582 5010 672 5063 καὶ
714 5014 877 5091 τςεῇτο
992 5010 1068 5073 εἷς
1101 5007 1206 5091 ’τ-ὸν
1253 5007 1385 5083 ᾅδην
1420 5007 1584 5068 αὐτοῦ
1632 5011 1809 5091 ἄφιξις
1840 5007 2000 5086 ἐπραξ

336 5079 705 5158 maestam,
760 5085 823 5158 Ut
867 5086 1019 5140 enim
1064 5079 1549 5152 arbitram-etiam
1595 5079 1787 5158 patres
1815 5079 2000 5143 nostri

333 5154 643 5224 Abraham,
691 5163 742 5211 et
789 5157 961 5223 Isaac,
1010 5164 1062 5212 et
1118 5158 1301 5226 Jacob,
1357 5167 1409 5214 et
1467 5154 1755 5214 universus
1801 5159 1998 5214 chorus

333 5230 656 5300 sanctorum
713 5229 829 5300 ejus
871 5228 1262 5300 prophetarum
1326 5233 1378 5285 et
1436 5235 1743 5295 Justorum,
1795 5230 1999 5286 Christi

333 5299 635 5375 praesentia
677 5299 846 5375 fruiti
873 5299 1026 5356 sunt.
1069 5301 1129 5356 Si
1178 5303 1328 5357 enim
1359 5303 1527 5375 juxta
1560 5303 1814 5375 divinum
1847 5309 1996 5373 Apo-

332 5370 538 5446 stolum
563 5386 664 5443 per
687 5373 862 5428 crucis
891 5388 1005 5428 sum
1048 5370 1379 5445 sanguinem
1421 5374 1734 5446 paciﬁcavit
1780 5390 1844 5429 ea
1873 5370 1998 5446 quae

337 5443 401 5519 in
431 5448 584 5498 terra
628 5451 681 5500 et
723 5459 847 5515 quae
875 5447 936 5500 in
987 5443 1324 5519 caelissunt,
1370 5443 1502 5519 quid
1533 5446 1749 5502 dubitas
1779 5443 1999 5519 credere

337 5517 528 5586 ipsum
555 5531 765 5590 quoque
768 5525 978 5590 patres
1008 5518 1284 5584 visitasse,
1316 5517 1517 5590 et‘ejus
1557 5519 1628 5575 ad
1668 5520 1875 5590 inferos
1905 5518 1997 5574 ad-

337 5533 528 5586 ipsum
555 5533 765 5588 quoque
833 5533 978 5572 atres
1008 5533 1276 5584 visitasse,

335 5590 560 5662 ventum
587 5587 687 5645 hoc
716 5533 962 5662 eﬁgcisse
984 5591 1012 5643 ?
1041 5593 1276 5646 Rus-ms.

410 5661 526 5735 (28)
555 5659 901 5735 Βυβρᾷόαιῃτ
933 5661 1178 5735 Huetius
1210 5660 1527 5719 caelestium
1565 5662 1821 5726 nomine.
1872 5662 1998 5735 qui-

341 5730 459 5807 bu_s
488 5730 794 5807 Dominica
824 5733 1189 5807 dispensatio
1213 5735 1516 5807 profuerit,
1550 5751 1666 5792 non
1698 5736 1870 5807 modo
1891 5730 1998 5792 ἐω-

341 5801 615 5876 gelorum
645 5805 901 5882 ordines,
919 5801 1035 5866 ’sed
1065 5811 1124 5865 et
1146 5801 1342 5865 sidera
1363 5801 1712 5880 ipsa'notari
1749 5808 1822 5866 ab
1869 5807 1996 5866 Ori-

2105 3435 2188 3490 ait
2217 3435 2261 3469 9'
2294 3451 2307 3488 :
2340 3434 2540 3489 Pacem
2566 3435 2777 3503 faciens
2802 3449 2902 3505 per
2924 3433 3250 3503 sanguinem
3277 3431 3456 3486 crucis
3473 3444 3614 3499 sua,
3645 3431 3760 3485 sive

2104 3539 2269 3596 super
2296 3527 2524 3592 terram,
2557 3523 2674 3577 sive
2704 3523 2767 3576 in
2795 3522 2964 3577 caelis.
3000 3521 3062 3576 Si
3095 3524 3289 3576 autem
3324 3518 3384 3573 in
3417 3517 3580 3573 caelis
3607 3522 3665 3572 et
3695 3516 3755 3572 in

2105 3619 2261 3669 terra
2289 3611 2606 3684 praesentia
2635 3610 2869 3667 Domini
2900 3609 3138 3682 profuit,
3172 3625 3277 3664 cur
3324 3619 3536 3679 paveas
3565 3606 3758 3663 dicere

2107 3704 2263 3776 quod
2295 3703 2578 3758 adventus
2610 3701 2770 3756 illius
2801 3699 2979 3756 etiam
3035 3697 3361 3769 majoribus
3419 3695 3655 3767 profuit,
3689 3699 3757 3751 ut

2106 3792 2422 3865 impleatur
2451 3791 2606 3864 quod
2639 3789 2853 3846 dicitur
2886 3807 2899 3846 :
2932 3791 3131 3845 Facere
3159 3785 3604 3844 misericordiam
3633 3801 3760 3841 cum

2100 3885 2358 3956 patribus
2393 3883 2614 3947 nostris,
2673 3885 2724 3936 et
2772 3879 3052 3936 recordari
3097 3879 3409 3934 testamenti
3442 3877 3621 3933 sancti
3647 3877 3757 3943 sui,

2096 3973 2409 4044 juramenti
2437 3970 2577 4042 quod
2597 3972 2813 4042 juravit
2843 3968 2912 4023 ad
2939 3968 3224 4024 Abraham
3246 3975 3460 4039 patrem
3483 3972 3758 4030 nostrum,

2105 4067 2166 4117 ut
2193 4061 2358 4116 daret
2383 4060 2536 4115 nobis
2563 4061 2762 4130 absque
2782 4060 2985 4114 timore
3012 4056 3079 4113 de
3104 4073 3278 4112 manu
3307 4055 3664 4113 inimicorum
3695 4055 3760 4109 li-

2109 4151 2298 4206 berari
2319 4151 2347 4204 ?
2372 4149 2483 4217 (29)
2516 4147 2727 4204 Crebro
2781 4147 2851 4201 de
2891 4145 3152 4200 hostium
3185 4139 3364 4199 manu
3398 4144 3578 4215 aliqui
3607 4141 3759 4199 libe-

2107 4243 2332 4307 rantur,
2367 4237 2470 4294 sed
2502 4254 2617 4292 non
2651 4235 2873 4306 absque
2921 4234 3152 4289 timore.
3198 4233 3343 4289 Cum
3375 4231 3533 4288 enim
3565 4236 3760 4288 metus

1235 4509 1356 4596 Ὡς,
1382 4509 1486 4596 ire?
1535 4508 1706 4596 ,οέμαι
1747 4511 1991 4596 ,πεδέρεε

2109 4526 2274 4594 gens,
2309 4507 2527 4596 quippe
2570 4523 2697 4596 quae
2729 4521 2867 4596 μοι)
2911 4502 3333 4596 animarx‘nodo,
3385 4501 3488 4596 sed
3536 4499 3760 4596 ratione

2111 4573 2286 4638 Etiam
2328 4573 2936 4652 prédita'arbitratus
2983 4577 3079 4652 sit.
3122 4577 3256 4642 Quae
3305 4578 3502 4652 autem
3533 4573 3760 4652 ratione

2111 4645 2350 4726 pollent;
2386 4655 2624 4728 pecca‘t‘p
2655 4665 2824 4728 _esse_
2838 4648 3115 4728 obnoxia,
3141 4653 3198 4704 et
3228 4645 3584 4728 purgatione
3604 4646 3761 4702 indi-

2148 4741 2242 4781 ere
2276 4743 2289 4781 :
2326 4717 2478 4792 quod
2513 4721 2775 4776 cilicium
2810 4719 2930 4776 illis
2975 4725 3159 4776 morte
3205 4717 3314 4776 sua
3346 4717 3694 4792 'exhibitum
3730 4735 3765 4792 a

2148 4743 2242 4781 ere
2276 4743 2289 4781 Σ
2326 4743 2478 4792 quoa
2513 4743 2775 4776 OlllClUID
2811 4743 2930 4776 llllS
2976 4743 3159 4776 ΠΙΟΙἹιΘ
3205 4743 3314 4776 sua
3370 4743 3694 4775 ωωιυιιυω
3730 4743 3763 4774 ἃ

2109 4743 2341 4858 ghristo
2373 4792 2947 4864 crediderit.AConfer
2976 4792 3149 4864 paulo
3180 4791 3428 4847 inferius
3455 4789 3660 4846 homil.
3691 4791 3763 4847 23

2108 4875 2167 4926 et
2199 4884 2325 4940 quas
2374 4865 2454 4921 ibi
2504 4865 2575 4920 de
2621 4862 2946 4940 cmlestiu_m
2977 4862 3342 4940 potestatum
3358 4864 3628 4940 proiectu
3663 4878 3764 4933 per

2107 4935 2321 4997 Chr—isti
2355 4943 2603 4993 mortem
2648 4941 2822 5008 atque
2854 4935 3138 5008 Ecclesiae
3192 4935 3665 5008 praedicationem
3695 4951 3766 4990 ex

2109 5009 2460 5084 Origeniana
2485 5007 2778 5084 sententia
2807 5007 3082 5064 dicimus.

2181 5073 2299 5158 (ἔρ)
2319 5083 2546 5162 Eaedem
2569 5079 2817 5162 scheda,
2847 5085 2907 5135 et
2934 5081 3222 5162 Macarius
3240 5073 3760 5162 .Chry‘socephalus

2109 5141 2221 5213 ms.
2256 5141 2401 5212 o'rat.
2439 5155 2463 5208 1
2497 5152 2556 5207 in
2588 5157 2783 5208 ortum
2805 5141 3010 5208 'sancti
3041 5152 3287 5208 Joannis
3318 5169 3330 5206 :
3365 5141 3754 5214 "Emam-

2109 5211 2267 5302 iam
2301 5222 2518 5302 ῥύογταί
2550 5228 2691 5302 owe:
2724 5221 2782 5302 τῇ(
2811 5224 2997 5302 χεῳὸς
3048 5223 3281 5302 ἐχθρῶν)
3339 5221 3471 5302 ᾖετά
3501 5211 3672 5302 φόϐρυ
3704 5212 3764 5300 δὲ

2110 5243 2267 5288 Λακις
2301 5243 2518 5302 ρῡονται
2550 5243 2691 5285 owe:
2724 5243 2782 5277 εκ
2811 5243 2997 5297 χειρος
3048 5243 3281 5349 εῇυρων,
3325 5243 3471 5349 ἑλετα
3501 5243 3672 5306 (ponam
3704 5243 3762 5300 cf;

2109 5296 2199 5373 sua
2252 5296 2412 5373 τοῦτᾷ
2459 5299 2763 5373 φῃσιχΤοῦ
2821 5296 3000 5373 δοῦναι-ι
3071 5295 3320 5373 Δλμῖν-οᾶιφ
3359 5287 3491 5373 ϐωρ,
3548 5307 3635 5373 nat
3693 5306 3762 5372 Ea

2109 5371 2253 5444 ἓξῆς;
2306 5369 2404 5444 Καὶ
2452 5360 2556 5442 Ῠᾶρ
2692 5373 2925 5444 Χριστοῦ
2973 5360 3242 5444 ἐπιὸὴμίᾳ
3288 5360 3758 5444 ἦεξῑοίηκεχ.ἡμᾷς

2109 5430 2328 5520 ἀῖρὸῧως
2389 5441 2448 5497 ἐκ
2467 5430 2673 5530 ’χέιρὲξς
2721 5430 2926 5538 ἕχθξῶν
2989 5430 3154 5513 ἡμίδίι.
3200 5435 3509 5538 (ῥυσθῆνῗζ.Ἄ
3528 5430 3631 5520 Ὀύ’

2121 5516 2134 5534 9
2160 5517 2238 5538 ,n!
2278 5518 2318 5538 n,
2359 5535 2446 5538 η-..
2480 5519 2579 5538 -3-
2632 5531 2713 5538 -_.
2734 5535 2800 5538 ___
2866 5521 2930 5538 ει,
2979 5517 3064 5538 -.·’,.
3136 5511 3192 5538 1..
3213 5511 3336 5538 1-3...
3583 5513 3705 5538 no‘mu
3735 5534 3756 5538 _

2109 5475 2327 5520 αγυυωευ
2389 5475 2448 5497 ιη
2491 5475 2673 5515 λευγυει
2721 5475 2926 5538 Ἄννων
2995 5475 3145 5513 mw"
3210 5475 3483 5520 τηεν-μυ·-
3528 5475 3631 5520 ,ν-,
3666 5475 3755 5504 m-

2107 5516 2447 5587 ᾐσθάνθημεν
2479 5519 2579 5581 τῆς
2630 5475 2931 5582 ἐπιοουςκῆς
2978 5517 3081 5565 τῶν
3132 5511 3369 5587 ξ’χῳρίυνλ
3412 5500 3544 5587 ἀλλ’
3583 5502 3756 5587 οξίφνιί-

2108 5573 2221 5643 δίον
2252 5573 2490 5657 ἥρὲασεν
2520 5573 2554 5653 ἧ
2568 5588 2692 5656 μᾶς,
2717 5573 3082 5657 ν-μεταξῖτήσας
3263 5575 3474 5657 instituo?
3528 5573 3615 5657 ἐπὶ
3650 5574 3756 5657 ἰξὸν

2105 5643 2314 5735 mox:
2462 5643 2794 5743 τῆσμεέίξα
3332 5652 3496 5737 vis
3543 5645 3762 5743 ἀφῖέλο·

2112 5717 2528 5808 μεν”λατρεύειν’
2548 5717 2694 5800 αὖτῷ
2738 5729 2789 5784 ἐν
2821 5726 3077 5808 (Scironis
3103 5723 3191 5808 nni
3239 5717 3598 5808 βικάίτξσύγῃκ
3625 5717 3758 5806 δπξρ

2106 5793 2168 5862 ὸύ
2199 5793 2403 5882 vivaria“
2435 5799 2524 5859 διά
2563 5793 2684 5859 τινὰ
2731 5799 2935 5876 καιρὸν,
2985 5793 3346 5872 ἀλλὰλπσὶσας
3395 5793 3607 5874 ἡμερας
3661 5793 3762 5862 τῆς
