4304 6652
362 476 484 544 35⁸1

821 478 1323 544 TRANSLATIO
1368 477 1877 546 HOMILIARUM
1923 482 2294 548 ORIGENIS
2338 486 2418 546 lN
2461 488 2754 552 LUCAM.
2785 523 2864 536 —-
2894 489 3169 555 HOMIL.
3212 489 3344 556 XII.

3668 497 3791 565 258

366 628 488 672 non
519 613 610 670 est
638 610 698 668 in
731 615 932 670 nostra
977 616 1282 686 potestate.
1330 615 1472 682 Quis
1519 615 1677 673 enim
1709 615 2021 674 hominum
2051 623 2104 687 Α
2134 616 2421 675 Dominus
2496 623 2866 694 responderit
2937 624 3009 680 ei.
3086 625 3205 683 Hoc
3281 626 3550 699 arbitror,
3627 635 3789 690 certa

368 719 491 762 non
522 701 660 759 velit
693 703 764 758 ad
821 706 1108 760 staturam
1167 721 1338 762 suam
1392 705 1645 778 adjicere
1666 707 1728 776 9°,
1790 711 1855 762 ut
1900 706 2027 763 lon-

368 793 500 869 gior
529 792 679 850 ﬁat?
706 791 764 848 Si
819 809 956 867 ergo
1014 797 1321 867 propterea
1375 795 1516 868 quid
1575 795 1915 870 praecipitur
1962 801 2030 853 ut

371 885 499 955 fiat,
567 882 816 939 stultum
886 887 975 940 est
1051 883 1268 958 quippe
1345 886 1678 960 precipere,
1751 887 1907 959 quod
1977 888 2027 944 is

371 975 470 1032 cui
529 973 857 1048 praecipias,
924 973 1113 1032 facere
1182 992 1297 1033 non
1365 977 1578 1050 possit:
1649 981 1706 1034 et
1769 977 2029 1051 praacipi-

373 1068 474 1122 tur
547 1063 718 1122 nobis
777 1068 842 1120 ut
895 1080 1233 1122 crescamus
1318 1067 1521 1140 utique
1576 1067 1637 1123 id
1694 1067 2031 1141 praecipitur

376 1153 536 1228 quod
595 1153 783 1210 facere
843 1170 959 1210 non
1020 1171 1363 1227 possumus.
1423 1155 1526 1214 Vis
1557 1157 1706 1214 scire
1737 1158 2028 1229 quomodo

369 1241 743 1316 intelligitur,
779 1242 1062 1300 Crescite?
1092 1243 1362 1301 ausculta
1410 1245 1552 1317 quid
1603 1245 1764 1303 Isaac
1808 1246 2026 1318 fecerit,

375 1335 448 1391 de
478 1349 596 1412 quo
625 1332 880 1390 dicitur:
912 1335 1073 1390 Isaac
1124 1335 1464 1407 proﬁciebat,
1524 1340 1576 1392 et
1628 1338 1808 1409 major
1844 1337 2026 1408 ﬁebat,

372 1423 542 1483 donec
591 1425 776 1499 factus
829 1433 907 1481 est
943 1440 1200 1496 magnus,
1259 1426 1344 1482 vel
1389 1425 1738 1483 vehementer
1787 1427 1963 1483 nimis
1986 1431 2026 1494 ³,

371 1515 614 1587 Semper
641 1513 797 1570 enim
829 1514 1095 1571 voluntas
1126 1514 1288 1572 illius
1317 1516 1391 1571 ad
1424 1517 1668 1573 meliora
1691 1533 1754 1573 se
1783 1517 2031 1573 tendens

372 1604 630 1663 habebat
651 1603 946 1676 profectus
961 1622 1119 1674 suos,
1138 1609 1194 1662 et
1208 1621 1376 1662 mens
1394 1606 1649 1663 divinius
1665 1606 1886 1678 aliquid
1901 1622 2032 1662 con-

373 1693 791 1767 templabatur,
824 1698 882 1751 et
914 1694 1216 1752 exercebat
1245 1712 1308 1752 se
1339 1696 1645 1763 memoria,
1677 1700 1744 1752 ut
1773 1694 1942 1768 plura
1971 1696 2030 1752 in

375 1783 653 1842 thesauro
685 1800 792 1840 suo
824 1783 1116 1852 conderet,
1148 1788 1212 1841 ut
1243 1785 1474 1842 firmius
1505 1786 1800 1844 retineret.
1842 1791 2033 1858 Atque

376 1874 440 1930 in
470 1873 629 1930 hunc
660 1873 902 1931 modum
934 1873 1142 1944 evenit,
1175 1879 1241 1931 ut
1271 1874 1371 1948 qui
1396 1890 1603 1932 omnes
1625 1877 1870 1932 virtutes
1894 1893 2033 1932 suas

379 1963 442 2020 in
459 1963 668 2020 anime
689 1978 830 2038 agro
852 1962 1188 2034 excoluerit,
1215 1963 1486 2038 impleret
1517 1967 1863 2022 mandatum
1885 1984 2032 2039 pra:-

381 2052 628 2126 cipiens,
657 2054 906 2111 Crescite.
928 2053 1320 2118 Quamobrem
1342 2059 1398 2112 et
1417 2055 1675 2112 Joannes
1699 2056 1889 2112 adhuc
1911 2073 2038 2130 par-

379 2142 554 2200 vulus
612 2144 931 2210 crescebat,
962 2147 1020 2200 et
1049 2143 1572 2217 multiplicabatur.
1617 2145 2036 2201 Difﬁcillimum

382 2236 580 2290 autem
613 2237 704 2289 est
734 2230 1047 2306 parvulum
1078 2233 1292 2305 spiritu
1321 2249 1598 2306 crescere,
1633 2244 1690 2291 et
1709 2234 1862 2290 inter
1883 2251 2036 2290 mor-

379 2320 530 2379 tales
552 2337 881 2395 perrarum.
907 2328 1055 2379 Puer
1083 2326 1268 2380 autem
1324 2323 1616 2395 crescebat,
1675 2328 1726 2380 et
1753 2323 2035 2396 conforta-

383 2411 550 2469 batur
575 2412 796 2484 spiritu.
849 2411 1023 2470 Aliud
1075 2417 1164 2469 est
1210 2413 1498 2486 crescebat,
1553 2411 1713 2470 aliud
1760 2415 2038 2485 conforta-

383 2503 569 2558 batur.
606 2501 846 2558 lnfirma
875 2505 965 2583 est
992 2501 1256 2558 humana
1276 2506 1508 2572 natura,
1534 2506 1592 2559 et
1610 2507 1678 2558 ut
1697 2503 1824 2560 fieri
1850 2503 2038 2575 possit

380 2590 606 2659 fortior,
631 2589 824 2647 divino
855 2590 1070 2648 auxilio
1100 2591 1344 2665 indiget.
1380 2592 1717 2666 Legimus’,
1754 2596 1906 2650 Caro
1949 2595 2038 2648 in-

383 2680 569 2752 ﬁrma.
600 2681 723 2746 Quo
752 2680 933 2754 igitur
956 2680 1172 2738 auxilio
1224 2682 1627 2738 confirmanda
1669 2683 1800 2738 est?
1830 2682 2041 2755 Utique

383 2770 618 2844 spiritu.
631 2769 886 2844 Spiritus
901 2771 1058 2828 enim
1072 2775 1406 2844 promptus,
1421 2787 1554 2828 caro
1570 2775 1769 2828 autem
1784 2771 2038 2828 infirma.

386 2858 500 2928 Qui
526 2860 651 2916 vult
678 2859 885 2917 fortior
915 2859 1060 2932 fieri,
1087 2877 1204 2917 non
1238 2861 1410 2917 debet
1441 2860 1555 2916 nisi
1588 2860 1649 2916 in
1668 2859 1888 2934 Spiritu
1911 2877 2044 2917 cono

387 2949 610 3015 fortari.
645 2948 814 3006 Multi
849 2949 1256 3007 confortantur
1277 2965 1471 3023 carne,
1505 2967 1744 3023 corpore
1766 2951 2042 3008 roboran-

389 3043 530 3107 tur;
557 3037 775 3096 athleta
806 3042 1002 3096 autem
1035 3039 1136 3096 Dei
1173 3038 1383 3113 spiritu
1433 3039 1801 3096 roborandus
1847 3043 1955 3107 est,
1989 3043 2047 3095 et

392 3145 529 3184 cum
551 3128 636 3185 sic
657 3127 832 3185 fuerit
853 3129 1237 3194 confortatus,
1260 3129 1613 3202 sapientiam
1635 3130 1827 3186 carnis
1847 3129 2042 3198 elidet,

394 3221 454 3274 et
483 3216 763 3289 spiritalis
793 3217 1057 3288 effectus,
1091 3218 1303 3275 subdet
1332 3235 1544 3291 corpus
1571 3219 1753 3274 animi
1776 3219 2044 3290 imperio.

397 3307 527 3366 Non
560 3312 833 3380 putemus
863 3323 1001 3381 ergo
1023 3307 1357 3379 simplicem
1387 3310 1460 3363 de
1489 3308 1715 3366 Joanne
1737 3308 2044 3365 historiam

2138 707 2208 763 de
2237 709 2554 782 Scripturis
2585 711 2807 768 ratione
2835 718 3188 772 commotus.
3237 715 3297 772 Si
3329 717 3486 773 enim
3510 721 3700 791 major
3727 721 3788 778 in

2137 798 2292 854 natis
2327 799 2637 858 mulierum
2672 802 2896 859 Joanne
2926 803 3188 877 Baptista
3214 806 3324 861 fuit
3369 823 3562 876 nemo,
3607 810 3790 884 Moysi

2137 892 2334 944 autem
2367 891 2668 962 respondit
2698 896 2870 960 Deus,
2921 900 3348 966 consequenter
3401 898 3708 970 respondit
3735 903 3794 956 et

2136 976 2347 1034 Joanni
2380 978 2483 1051 qui
2514 981 2704 1051 major
2732 981 2926 1054 Moyse
2959 982 3089 1050 fuit,
3141 985 3241 1056 qui
3292 989 3381 1041 est
3428 986 3690 1045 nutritus
3729 989 3790 1046 in

2137 1083 2352 1135 eremo,
2385 1068 2555 1140 cujus
2587 1069 2949 1127 nativitatem
2981 1072 3137 1129 idem
3187 1074 3576 1148 archangelus
3606 1077 3707 1150 qui
3736 1082 3795 1135 et

2136 1157 2369 1214 Domini
2403 1158 2715 1228 nuntiavit,
2749 1160 2920 1230 cujus
2949 1166 3115 1233 pater
3142 1163 3244 1235 qui
3295 1180 3429 1220 eum
3480 1167 3640 1222 nasci
3674 1184 3790 1225 non

2138 1247 2427 1315 credebat,
2460 1248 2779 1305 obmutuit.
2813 1254 2945 1304 Erat
2973 1250 3155 1322 igitur
3175 1252 3234 1308 in
3253 1253 3484 1311 deserto
3505 1254 3786 1327 Joannes,

2138 1342 2196 1392 et
2224 1338 2595 1393 nutriebatur
2623 1355 2769 1394 novo
2829 1343 2885 1394 et
2939 1344 3102 1396 extra
3157 1340 3480 1399 humanam
3513 1349 3786 1404 naturam

2139 1427 2335 1493 modo,
2359 1427 2417 1482 id
2445 1427 2638 1499 ipsum
2658 1427 2928 1484 Matthaeo
2974 1435 3370 1489 memorante:
3405 1435 3571 1490 Cibus
3596 1441 3788 1494 autem

2139 1519 2254 1588 ejus
2294 1524 2453 1573 erant
2498 1518 2721 1574 locustae
2753 1522 2801 1573 et
2830 1519 2940 1574 mel
2969 1519 3217 1577 silvestre
3236 1520 3276 1576 ³.
3306 1522 3454 1587 Quia
3482 1525 3638 1581 enim
3671 1525 3784 1582 mi-

2141 1606 2325 1662 nister
2353 1605 2464 1661 fuit
2494 1606 2667 1678 primi
2699 1606 3015 1664 Salvatoris
3075 1610 3381 1678 adventus,
3439 1617 3496 1668 et
3533 1618 3792 1670 tantum-

2142 1695 2314 1752 modo
2337 1696 2408 1752 de
2429 1695 2864 1769 dispensatione
2877 1698 3070 1754 carnis
3084 1698 3397 1756 Dominicis
3411 1701 3786 1776 loquebatur,

2142 1802 2208 1842 ac
2239 1785 2545 1857 prophetia
2566 1785 2727 1843 illius
2748 1803 2880 1842 eum
2902 1787 3003 1858 qui
3026 1792 3199 1844 natus
3224 1790 3416 1846 fuerat
3439 1807 3507 1847 ex
3527 1791 3791 1866 Virgine,

2143 1873 2518 1947 praecinebat,
2542 1891 2656 1931 non
2674 1875 2882 1932 habuit
2901 1877 3289 1934 domesticum
3316 1878 3427 1935 mel
3455 1883 3512 1935 et
3531 1880 3793 1938 humana

2144 1964 2448 2038 diligentia
2477 1966 2858 2038 percolatum,
2891 1967 2991 2023 sed
3024 1965 3288 2024 silvestre
3321 1968 3460 2036 mel,
3483 1975 3539 2026 et
3559 1970 3792 2029 volucre

2146 2072 2261 2110 non
2281 2056 2520 2128 grande,
2555 2071 2670 2111 non
2703 2055 2760 2111 in
2792 2055 3045 2112 sublime
3075 2074 3137 2113 se
3168 2057 3421 2130 elevans,
3454 2076 3658 2117 verum
3696 2078 3798 2118 vo-

2145 2144 2306 2200 lucre
2337 2161 2602 2217 parvum,
2626 2150 2682 2201 et
2711 2146 2806 2200 vix
2837 2162 2870 2201 a
2897 2149 3053 2202 terra
3081 2163 3464 2220 consurgens,
3498 2154 3555 2205 et
3578 2149 3797 2208 saliens

2145 2233 2343 2308 potius
2377 2250 2555 2306 quam
2586 2233 2810 2290 volans.
2845 2233 2991 2298 Quid
3051 2235 3265 2308 plura?
3313 2238 3799 2296 manifestissime

2146 2323 2360 2379 dicitur
2384 2325 2538 2395 quod
2571 2323 2809 2381 locustae
2841 2325 3058 2380 fuerint
3086 2325 3254 2382 cibus
3283 2327 3433 2398 ejus,
3485 2329 3797 2401 parvulum

2148 2413 2366 2470 animal
2397 2418 2455 2469 et
2486 2415 2796 2470 mundum.
2831 2413 3202 2472 Considerate
3232 2432 3390 2489 ergo,
3422 2418 3629 2474 fratres
3658 2419 3794 2475 cha-

2148 2502 2389 2575 rissimi,
2423 2504 2576 2575 quod
2611 2504 2714 2576 qui
2740 2521 2884 2561 nove
2913 2509 3087 2562 natus
3120 2507 3325 2575 fuerat,
3361 2523 3504 2563 nove
3536 2509 3795 2565 nutritus

2149 2598 2256 2650 est.
2283 2593 2419 2649 Post
2440 2610 2565 2665 quae
2589 2593 2888 2665 Scriptura
2919 2594 3158 2665 subjicit
3181 2612 3193 2650 :
3216 2596 3444 2651 Factum
3493 2604 3572 2653 est
3601 2603 3798 2654 autem

2147 2686 2208 2738 in
2237 2682 2424 2738 diebus
2455 2683 2586 2750 illis,
2611 2684 2787 2738 exivit
2832 2682 3068 2738 edictum
3100 2700 3135 2738 a
3166 2683 3388 2741 Caesare
3441 2685 3707 2758 Augusto,
3739 2692 3802 2743 ut

2149 2772 2550 2828 describantur
2577 2774 2755 2828 omnis
2783 2772 2946 2829 orbis.
2986 2777 3122 2829 Herc
3146 2775 3257 2844 fuit
3300 2773 3592 2845 descriptio
3614 2777 3801 2846 prima

2149 2879 2184 2918 a
2215 2861 2441 2932 praeside
2471 2861 2646 2933 Syria:
2678 2860 2934 2933 Cyrino‘.
2969 2862 3132 2918 Dicat
3180 2862 3433 2934 aliquis:
3469 2862 3514 2918 Ο
3545 2880 3801 2937 evange-

2150 2949 2262 3006 lica
2292 2949 2583 3006 narratio!
2620 2951 2908 3015 Quoniam
2940 2950 3133 3024 prima
3186 2951 3498 3024 descriptio
3539 2952 3800 3008 universi

2151 3041 2312 3097 orbis
2342 3041 2450 3096 sub
2483 3043 2705 3097 Caesare
2735 3042 2998 3114 Augusto
3031 3040 3228 3108 fuerit,
3287 3045 3344 3097 et
3397 3041 3550 3098 inter
3599 3058 3804 3100 omnes

2153 3129 2328 3186 etiam
2359 3130 2574 3202 Joseph
2594 3147 2728 3186 cum
2752 3121 3303 3204 Maria’desponsata
3323 3130 3436 3188 sibi
3458 3134 3635 3204 atque
3661 3149 3808 3204 prae-

2152 3224 2371 3294 gnante
2401 3236 2613 3276 nomen
2646 3219 2907 3277 retulerit
2934 3220 2994 3276 in
3024 3237 3289 3288 censum,
3348 3237 3414 3276 ac
3455 3221 3806 3294 priusquam

2151 3309 2467 3381 descriptio
2499 3309 2910 3382 compleretur,
2945 3313 3108 3366 ortus
3138 3308 3314 3365 fuerit
3340 3309 3538 3381 Jesus,
3564 3310 3808 3384 diligen-

397 3413 532 3454 esse
558 3397 971 3470 conscriptam,
1003 3401 1063 3454 et
1091 3413 1220 3469 quas
1251 3396 1400 3454 nihil
1433 3398 1504 3454 ad
1526 3413 1634 3454 nos
1654 3398 1961 3470 pertineat,
1985 3397 2044 3454 in
2077 3381 2122 3451 C
2158 3397 2278 3454 tius
2308 3398 2562 3454 intuenti
2591 3381 3026 3455 sacramentum
3044 3399 3343 3471 quoddam
3369 3399 3602 3455 videtur
3621 3381 3803 3472 signi-

396 3503 466 3544 eo
497 3487 650 3560 quod
682 3487 920 3556 dicitur,
968 3487 1242 3545 crescebat
1279 3491 1336 3543 et
1363 3488 1776 3558 con/artabatur
1803 3488 2044 3560 spiritu:

394 3577 506 3634 sed
533 3576 606 3634 ad
634 3575 1027 3634 imitationem
1046 3581 1332 3644 nostram,
1349 3581 1416 3632 ut
1429 3575 1802 3649 multiplicati
1819 3577 2048 3649 spirita~

393 3665 533 3724 liter
555 3667 722 3739 juxta
749 3683 883 3724 eum
916 3683 1092 3739 quem
1121 3667 1378 3722 diximus
1400 3683 1663 3735 sensum,
1689 3666 2050 3722 incrementa

394 3755 720 3830 capiamus.
765 3761 838 3814 Et
866 3760 986 3814 erat
1015 3759 1076 3812 in
1120 3757 1346 3814 desertis
1389 3773 1561 3828 usque
1585 3756 1655 3812 ad
1700 3756 1843 3813 diem
1871 3764 2048 3812 osten-

390 3847 569 3903 siouis
605 3861 725 3904 suae
752 3845 824 3902 ad
850 3846 1044 3903 Israel.
1077 3847 1230 3903 Dixit
1260 3847 1372 3920 (31)
1403 3863 1590 3918 nuper
1617 3847 1772 3918 quod
1804 3851 1860 3902 et
1907 3862 2048 3902 con-

393 3941 608 4009 eeptus
632 3936 892 3993 Joannes
914 3938 1272 4010 stupendum
1307 3935 1448 4009 quid
1480 3935 1772 4007 habuerit,
1815 3935 2049 4008 quando

394 4024 710 4082 exsultavit
737 4025 934 4083 infans
955 4026 1014 4082 in
1038 4031 1225 4092 utero,
1245 4030 1304 4083 et
1333 4043 1508 4082 suum
1540 4026 1792 4082 necdum
1815 4025 2049 4099 genitus

396 4115 712 4172 Dominum
739 4115 1074 4190 recognovit
1099 4134 1112 4173 :
1149 4122 1206 4172 et
1225 4116 1502 4173 nativitas
1525 4134 1640 4172 non
1661 4116 1852 4189 impar
1873 4116 2048 4171 mira-

359 4225 362 4227 λ
397 4204 622 4278 culum,
652 4207 890 4278 quando
921 4207 994 4264 ad
1025 4222 1162 4263 eum
1193 4206 1353 4263 velut
1399 4206 1736 4263 audientem
1761 4205 2050 4262 Zacharite

397 4295 805 4368 prophetantis
823 4312 1016 4353 sermo
1045 4296 1425 4367 convertitur,
1445 4296 1646 4353 dicens
1667 4312 1681 4350 :
1705 4298 1770 4352 Et
1787 4302 1869 4363 tu,
1890 4312 2047 4368 puer,

394 4383 668 4457 propheta
687 4385 962 4442 Altissimi
987 4386 1284 4446 vocaberis.
1344 4385 1528 4458 Digne
1583 4384 1764 4458 igitur
1817 4384 1916 4457 qui
1965 4385 2050 4441 sic

397 4479 716 4548 conceptus
747 4475 1022 4532 fueratet
1075 4479 1270 4541 natus,
1325 4491 1441 4532 non
1499 4474 1870 4546 exspectavit,
1921 4478 2053 4530 uta

395 4569 566 4638 patre
585 4565 912 4622 nutriretur
933 4581 1121 4638 usque
1148 4565 1217 4621 sd
1248 4564 1406 4622 diem
1437 4563 1791 4621 ostensionis
1831 4581 1949 4620 suae
1977 4564 2052 4619 ad

399 4652 603 4723 Israel,
633 4655 735 4711 sed
765 4654 1026 4722 recessit,
1049 4654 1281 4728 fugiens
1304 4653 1628 4710 tumultum
1661 4653 1920 4724 urbium,
1954 4669 2048 4726 po-

2157 3488 2350 3556 ficare,
2385 3487 2630 3559 quodin
2682 3488 2862 3543 totius
2916 3488 3074 3543 orbis
3130 3487 3490 3559 professione
3547 3488 3804 3544 describi

2155 3577 2477 3651 oportuerit
2506 3580 2557 3632 et
2592 3575 2910 3646 Christum,
2942 3582 3007 3631 ut
3037 3592 3172 3632 cum
3229 3576 3506 3632 omnibus
3546 3576 3807 3649 scriptus

2157 3667 2550 3724 sanctiﬁcaret
2569 3682 2796 3733 omnes,
2813 3671 2872 3722 et
2892 3682 3026 3722 cum
3049 3666 3188 3722 orbe
3208 3664 3428 3722 relatus
3448 3666 3507 3721 in
3531 3682 3802 3732 censum,

2159 3756 2634 3813 communionem
2666 3756 2758 3812 sui
2792 3757 3076 3829 praeberet
3093 3755 3240 3822 orbi,
3273 3759 3338 3811 ut
3367 3759 3502 3828 post
3529 3755 3681 3812 hanc
3713 3755 3807 3812 de-

2160 3846 2560 3919 scriptionem,
2588 3845 2944 3902 describeret
2975 3861 3241 3917 quosque
3270 3861 3339 3901 ex
3361 3845 3501 3902 orbe
3523 3862 3727 3903 secum
3745 3844 3802 3902 in

2157 3935 2308 3992 libro
2337 3936 2655 3992 viventium
2691 3953 2704 3992 :
2738 3940 2804 3991 ut
2832 3935 3173 4007 quicunque
3209 3934 3599 3992 credidissent
3628 3936 3686 3990 in
3718 3952 3808 4007 eo,

2159 4030 2362 4098 postea
2390 4036 2522 4080 cum
2556 4026 2778 4081 sanctis
2800 4024 2958 4080 illius
2989 4024 3390 4081 scriberentur
3421 4025 3477 4079 in
3502 4024 3687 4090 oculis,
3712 4025 3811 4081 cui

2158 4119 2248 4171 est
2272 4114 2456 4188 gloria
2477 4118 2534 4169 et
2558 4113 2874 4186 imperium
2896 4113 2954 4168 in
2969 4111 3183 4168 saecula
3205 4113 3575 4169 saeculorum.
3597 4116 3808 4170 Amen.

2587 4220 2882 4279 279-80
2922 4219 3219 4275 HOMILIA
3255 4219 3377 4275 XII.

2158 4314 2231 4369 De
2260 4329 2320 4369 eo
2365 4311 2519 4384 quod‘
2551 4314 2818 4384 scriptum
2863 4318 2962 4382 est,
2997 4309 3272 4383 angelum
3307 4309 3530 4384 periisse
3558 4309 3625 4365 de
3652 4310 3806 4381 calo,

2229 4394 2284 4441 et
2317 4381 2500 4441 ortum
2525 4381 2758 4441 Domini
2786 4381 3086 4439 nuntiasse
3107 4382 3439 4454 pastoribus.
3489 4381 3604 4454 Cap
3637 4398 3698 4436 ιι.

2230 4475 2410 4530 Natus
2423 4478 2514 4530 est
2533 4473 2818 4529 Dominus
2842 4489 3009 4528 meus
3029 4473 3223 4542 Iesus,
3242 4475 3300 4527 et
3315 4470 3562 4544 angelus
3574 4472 3813 4528 descen-

2159 4563 2246 4619 dit
2275 4565 2344 4620 de
2375 4563 2517 4620 coelo
2549 4563 2910 4620 annuntians
2933 4561 3297 4618 nativitatem
3319 4561 3468 4633 ejus.
3491 4560 3814 4619 Videamus

2159 4655 2357 4726 itaque
2377 4670 2550 4725 quem
2577 4652 2893 4726 quaesierit,
2917 4657 2983 4708 ut
3001 4653 3130 4724 ejus
3153 4652 3451 4708 nuntiaret
3470 4652 3812 4709 adventum.

397 4742 527 4816 puli
557 4743 968 4817 frequentiam,
998 4744 1274 4802 viciniam
1311 4745 1638 4812 civitatum,
1697 4748 1755 4800 et
1812 4743 1957 4800 abiit
1988 4743 2048 4799 in
2080 4761 2128 4828 ι)
2159 4743 2284 4800 Non
2315 4743 2474 4800 venit
2527 4743 2975 4816 Jerosolymam,
3009 4759 3126 4798 non
3180 4741 3448 4814 quaesivit
3477 4741 3712 4800 Scribas
3759 4745 3817 4797 et

397 4831 651 4902 deserta,
682 4833 784 4889 ubi
816 4834 1018 4906 purior
1049 4850 1148 4891 aer
1175 4838 1303 4892 erat
1331 4837 1386 4890 et
1417 4835 1630 4890 coelum
1679 4833 1961 4906 apertius,
1993 4837 2052 4888 et

397 4921 745 4980 familiarior
767 4922 947 4993 Deus,
1003 4928 1069 4980 ut
1124 4925 1264 4997 quia
1318 4923 1569 4980 necdum
1612 4926 2049 4981 sacramentum

396 5011 706 5084 baptismi,
738 5030 843 5070 nec
875 5013 1306 5086 praedicationis
1335 5018 1570 5086 tempus
1599 5014 1931 5084 advenerat,
1952 5030 2051 5070 va-

397 5105 562 5159 caret
590 5102 982 5174 orationibus,
1033 5106 1091 5160 et
1137 5120 1273 5160 cum
1323 5103 1550 5177 angelis
1586 5108 2048 5174 conversaretur,

398 5191 843 5266 appellaretque
871 5193 1214 5261 Dominum,
1247 5198 1306 5250 et
1332 5193 1501 5250 illum
1533 5194 1762 5250 audiret
1805 5209 2052 5266 respon-

397 5281 636 5338 dentem
670 5285 844 5354 atque
873 5282 1197 5339 dicentem:
1257 5285 1387 5339 Ecce
1435 5282 1647 5339 adsum.
1701 5282 1866 5339 Sicut
1893 5283 2052 5339 enim

396 5375 625 5445 Moyses
655 5371 1026 5445 loquebatur,
1057 5379 1116 5429 et
1169 5373 1323 5429 Deus
1381 5373 1774 5446 respondebat
1833 5373 1884 5427 ei
1918 5389 1930 5426 :
1966 5372 2052 5429 sic

395 5466 541 5534 puto
573 5461 730 5535 quod
762 5461 1022 5520 Joannes
1076 5461 1308 5520 locutus
1365 5463 1541 5519 fuerit
1596 5463 1658 5518 in
1712 5462 1964 5532 deserto,
1997 5467 2057 5519 et

2160 4833 2502 4903 Phariszeos,
2532 4849 2648 4888 non
2693 4847 3055 4905 synagogam
3117 4831 3424 4904 ingressus
3469 4837 3560 4888 est
3589 4831 3820 4888 Judieo‘

2158 4941 2313 4993 rum,
2347 4923 2447 4979 sed
2471 4926 2737 4995 pastores
2759 4922 2978 4994 reperit
2996 4938 3174 4994 super
3191 4937 3402 4995 greges
3423 4939 3564 4978 suos
3583 4920 3816 4994 vigilias

2160 5013 2534 5084 excubantes,
2557 5013 2761 5085 eisque
2789 5011 3055 5084 loquitur
3084 5029 3097 5069 :
3122 5015 3302 5068 Natus
3329 5015 3407 5069 est
3435 5012 3594 5068 hodie
3621 5011 3812 5065 Satva-

2161 5114 2263 5169 tor,
2287 5105 2383 5176 qui
2412 5112 2495 5160 est
2523 5102 2766 5159 Christus
2823 5103 3107 5158 Dominus.
3163 5101 3417 5158 Putasne
3475 5098 3620 5156 nihil
3651 5097 3812 5154 aliud

2163 5194 2396 5249 divinus
2424 5193 2857 5265 Scripturarum
2891 5208 3084 5248 sermo
3109 5190 3424 5263 signiﬁcat,
3459 5188 3558 5244 sed
3581 5189 3812 5241 tantum

2161 5283 2272 5339 hoc
2293 5283 2447 5354 quod
2473 5283 2541 5338 ad
2570 5287 2835 5354 pastores
2851 5281 3074 5337 venerit
3099 5279 3343 5353 angelus
3366 5283 3423 5333 et
3470 5275 3554 5332 eis
3579 5273 3814 5330 locutus

2163 5373 2285 5429 sit?
2316 5372 2546 5439 Audite,
2583 5376 2849 5443 pastores
2907 5369 3321 5434 Ecclesiarum,
3373 5368 3639 5436 pastores
3689 5363 3814 5428 Dei,

2163 5463 2321 5536 quod
2352 5477 2585 5535 semper
2637 5459 2884 5534 angelus
2942 5461 3072 5531 ejus
3125 5453 3440 5513 descendat
3492 5467 3524 5508 e
3562 5449 3814 5522 calo,”

411 5631 416 5638 ’
467 5643 514 5678 θο
545 5641 750 5714 Matth,
781 5659 858 5711 v1,
887 5641 978 5701 27.
1016 5645 1033 5680 ¹
1068 5643 1210 5700 Gen.
1243 5661 1396 5717 xxvr,
1433 5645 1520 5700 13.
1553 5645 1575 5678 ²
1605 5643 1768 5699 Matt.
1801 5659 1953 5710 xxvr,
1980 5642 2041 5698 41

2151 5642 2355 5701 Matth.
2390 5660 2475 5710 Ill,
2506 5643 2559 5697 4.
2595 5642 2618 5676 ⁴
2649 5643 2780 5698 Luc.
2815 5657 2876 5713 ιι,
2910 5639 2962 5706 1,
2999 5637 3052 5692 2.

463 5857 585 5941 (31)
605 5855 915 5920 Maluerim
935 5856 996 5918 in
1021 5862 1176 5920 recto
1192 5855 1343 5918 Dixi.
1366 5853 1604 5917 Leviora
1631 5854 1904 5940 quedam
1936 5853 2056 5916 alia,
2084 5849 2248 5918 miti
2280 5849 2670 5925 castigamus,
