4304 6588
582 483 698 546 259

1841 473 1908 534 S.
1952 466 2266 536 EUSEBII
2311 461 2754 532 HIERONYMI

3869 463 3994 529 260

583 612 893 670 annuntiet
918 609 1084 666 vobis
1114 607 1391 682 quoniam
1424 609 1598 663 natus
1619 610 1706 663 est
1725 605 1889 661 vobis
1911 604 2084 661 hodie
2107 602 2227 660 Sal-
2253 610 2308 678 Α
2339 602 2650 675 provinciis
2682 599 3169 674 cognoscendum.
3203 601 3354 654 Ante
3401 597 3719 654 adventum
3751 597 3986 655 Domini

581 706 766 772 vator,
801 700 899 773 qui
928 703 1016 757 est
1047 698 1311 754 Christus
1341 697 1647 754 Dominus.
1701 695 1928 750 Etenim
1967 700 2228 766 pastores

583 791 998 858 Ecclesiarum,
1033 788 1145 844 nisi
1180 787 1273 843 ille
1305 792 1508 859 pastor
1536 785 1780 853 venerit,
1843 801 1944 856 per
1992 800 2054 840 se
2085 785 2229 838 bene

584 896 821 954 gregem
852 895 1081 935 servare
1113 895 1228 933 non
1259 880 1554 949 poterunt,
1588 874 1822 929 inﬁrma
1882 878 1969 928 est
2025 889 2227 928 eorum

585 970 869 1036 custodia,
903 969 1016 1023 nisi
1049 967 1314 1023 Christus
1346 983 1477 1020 cum
1507 963 1590 1020 eis
1622 963 1841 1034 paverit
1888 968 2062 1034 atque
2107 978 2224 1018 ser-

582 1059 818 1114 vaverit.
853 1057 1086 1113 Dudum
1145 1057 1204 1110 in
1263 1053 1536 1126 Apostolo
1587 1052 1803 1108 lectum
1829 1052 1870 1116 ⁸,
1932 1051 2031 1106 Dei
2092 1067 2223 1106 coo-

584 1152 882 1222 peratores
911 1162 1138 1202 sumus.
1166 1144 1367 1200 Pastor
1396 1144 1604 1209 bonus,
1630 1141 1730 1213 qui
1753 1141 2017 1196 imitatur
2033 1143 2224 1212 pasto-

573 1253 698 1294 rem
729 1237 1011 1301 bonum‘,
1068 1237 1405 1304 cooperator
1462 1235 1551 1286 est
1607 1230 1709 1285 Dei
1767 1235 1823 1285 et
1879 1229 2118 1286 Christi.
2153 1229 2221 1285 Et

579 1329 882 1398 propterea
909 1327 1107 1396 pastor
1135 1323 1325 1377 bonus
1369 1325 1480 1387 est,
1531 1320 1633 1390 qui
1678 1319 1852 1374 habet
1888 1335 2086 1375 secum
2120 1335 2221 1390 pa-

577 1420 790 1470 storem
821 1413 1110 1483 optimum
1141 1413 1606 1483 compascentem
1640 1408 1774 1464 sibi.
1830 1408 2034 1464 Posuit
2063 1409 2218 1463 enim

565 1505 718 1560 Deus
737 1503 796 1558 in
820 1500 1076 1558 Ecclesia
1096 1500 1410 1571 apostolos,
1436 1497 1768 1571 pr0phetas,
1798 1496 2214 1570 evangelistas,

565 1597 850 1665 pastores,
885 1591 1168 1659 doctores,
1203 1589 1403 1645 omnia
1461 1588 1521 1643 in
1581 1586 1934 1658 perfectione
1984 1592 2214 1641 sancto-

568 1697 700 1737 rum
726 1682 766 1736 “.
783 1679 982 1736 Ethee'c
997 1679 1232 1751 quidem
1248 1677 1553 1732 suntdicta
1565 1676 1913 1747 simplicius.
1931 1676 2214 1730 Caeterum

569 1771 619 1826 si
651 1771 724 1826 ad
747 1769 1119 1825 sacratiorem
1142 1771 1370 1840 oportet
1399 1765 1712 1821 ascendere
1743 1764 2214 1837 intelligentiam,

572 1859 765 1915 dicam
783 1857 1070 1930 quosdam
1094 1856 1274 1911 fuisse
1297 1859 1561 1927 pastores
1582 1853 1820 1926 angelos
1843 1855 1942 1926 qui
1979 1869 2071 1908 res
2101 1853 2210 1908 hu-

572 1963 779 2003 manas
802 1948 1082 2017 regerent.
1107 1943 1330 1998 Etcum
1362 1943 1572 1997 horum
1605 1942 2015 2013 unusquisque
2038 1958 2207 1996 suam
2241 1985 2288 2050 B

566 2035 893 2091 custodiam
923 2037 1310 2100 conservaret,
1342 2037 1398 2087 et
1425 2032 1630 2087 diebus
1661 2048 1726 2086 ac
1766 2032 2035 2086 noctibus
2065 2029 2206 2102 vigi-

567 2123 696 2180 lans
719 2125 844 2194 jam
876 2123 1134 2179 laborem
1164 2122 1312 2177 ferre
1344 2138 1458 2176 non
1506 2127 1723 2192 posset,
1771 2124 1827 2176 et
1874 2119 1982 2175 hoc
2013 2124 2211 2191 ageret

523 2239 530 2244 ·
561 2214 871 2281 industrie,
903 2218 969 2268 ut
1012 2216 1213 2284 gentes
1266 2228 1392 2283 quae
1422 2211 1532 2267 sibi
1563 2211 1790 2267 creditae
1828 2211 2074 2280 fuerant,
2108 2227 2211 2282 gu-

565 2304 858 2371 bernaret,
891 2302 1122 2358 venisse
1150 2301 1424 2373 angelum
1458 2303 1593 2357 nato
1616 2300 1881 2366 Domino,
1905 2304 1961 2354 et
1977 2315 2207 2354 annun-

567 2391 747 2448 tiasse
778 2390 1132 2464 pastoribus,
1164 2389 1319 2460 quod
1344 2405 1514 2444 verus
1546 2392 1702 2444 esset
1722 2394 1921 2459 pastor
1949 2391 2204 2443 exortus.

565 2481 740 2536 Verbi
762 2480 970 2553 gratia,
993 2485 1058 2534 ut
1078 2479 1150 2534 ad
1171 2478 1502 2549 exemplum
1527 2478 1776 2544 veniam,
1812 2482 1936 2532 erat
1968 2477 2208 2548 quidam

563 2574 765 2643 pastor
795 2568 1166 2636 Macedoniae,
1199 2566 1293 2622 hic
1325 2567 1722 2623 necessarium
1755 2565 2007 2622 habebat
2038 2565 2204 2621 auxi-

560 2657 707 2716 lium
739 2657 1005 2714 Domini:
1067 2659 1371 2728 propterea
1426 2655 1698 2728 apparuit
1747 2656 1804 2710 in
1867 2655 2091 2710 somnis
2122 2655 2208 2709 vir

562 2746 798 2802 Macedo
826 2743 1028 2813 Paulo,
1060 2742 1297 2799 dicens:
1359 2744 1648 2799 Transiens
1705 2745 1767 2799 in
1817 2742 2205 2809 Macedoniam,

565 2836 734 2906 ajuva
759 2849 858 2891 nos
878 2835 918 2889 7.
949 2832 1096 2898 Quid
1131 2833 1200 2887 de
1230 2831 1409 2888 Paulo
1455 2831 1708 2904 loquar?
1755 2849 1887 2888 cum
1938 2833 2058 2889 haec
2090 2849 2204 2888 non

562 2923 765 2990 Paulo,
796 2922 899 2979 sed
926 2921 1116 2992 quiin
1149 2919 1328 2976 Paulo
1383 2925 1524 2987 erat,
1587 2919 1819 2976 locutus
1877 2920 1954 2975 sit
1989 2923 2157 2976 Jesus
2179 2919 2207 2976 ‘I

562 3013 828 3085 Indigent
858 3012 1054 3081 itaque
1082 3015 1344 3082 pastores
1375 3010 1686 3080 praesentia
1713 3009 1950 3064 Christi.
1992 3009 2204 3073 Quam-

558 3101 760 3158 obrem
792 3100 1036 3171 angelus
1067 3098 1367 3154 descendit
1422 3099 1492 3153 de
1552 3098 1712 3168 caelo,
1771 3103 1829 3153 et
1859 3099 1978 3153 ait:
2027 3099 2204 3154 Nolite

556 3193 769 3247 timere.
803 3191 935 3244 Ecce
959 3189 1108 3243 enim
1137 3188 1408 3242 annuntio
1437 3187 1587 3243 vobis
1608 3187 1874 3256 gaudium
1919 3204 2201 3259 magnum.

551 3280 702 3336 Vere
723 3278 1002 3351 gaudium
1025 3292 1328 3348 magnum,
1352 3275 1444 3332 his
1462 3277 1675 3348 quibus
1690 3275 1997 3332 hominum
2018 3276 2208 3332 fuerat

2339 692 2671 759 Salvatoris,
2705 690 2800 746 isti
2831 689 3021 763 angeli
3054 704 3263 761 parum
3294 691 3562 760 poterant
3601 686 3840 743 creditis
3872 687 3988 744 sibi

2341 781 2611 836 utilitatis
2670 781 2892 845 afferre,
2952 783 3008 834 et
3065 782 3308 833 conatus
3383 793 3585 832 eorum
3643 777 3811 849 sequi
3869 795 3988 834 non

2337 870 2568 926 valebat
2622 871 2879 924 effectus.
2957 867 3256 930 Quoddam
3317 869 3404 922 est
3483 866 3745 938 signum,
3805 883 3987 939 quam

2338 976 2545 1031 parum
2581 960 2854 1030 prodesse
2886 962 3152 1029 poterant
3190 956 3490 1028 subjectis.
3523 955 3808 1012 Ausculta
3829 959 3988 1029 quod

2337 1048 2626 1103 dicimus:
2662 1048 2903 1112 Quando
2959 1045 3204 1116 angelus
3253 1045 3653 1119 Egyptiorum
3685 1046 3990 1119 Egyptios

2335 1138 2668 1207 abjuvabat,
2702 1136 2795 1191 vix
2829 1152 2982 1192 unus
3013 1136 3341 1208 proselytus
3374 1135 3650 1192 credebat
3683 1135 3743 1191 in
3777 1137 3983 1208 Deum,

2334 1230 2390 1281 et
2409 1226 2517 1282 hoc
2534 1228 2728 1291 ﬁebat,
2755 1226 3048 1298 [Egyptios
3072 1224 3278 1298 angelo
3301 1225 3699 1298 dispensante.
3724 1224 3985 1297 Denique

2333 1314 2471 1388 quia
2501 1314 2765 1387 plerique
2796 1316 2866 1370 de
2895 1315 3182 1387 Egyptiis
3211 1319 3267 1370 et
3299 1313 3569 1368 Idumaeis
3591 1312 3868 1386 proselyti
3891 1331 3983 1370 ac-

2332 1403 2627 1476 cipiebant
2648 1404 2822 1460 ﬁdem
2854 1403 3091 1472 Christi,
3128 1407 3432 1476 propterea
3460 1403 3762 1475 Scriptura
3791 1403 3932 1459 dicit
3963 1421 3979 1460 :

2330 1497 2453 1548 Non
2485 1494 2888 1549 abommaberis
2917 1495 3262 1565 Egyptium,
3288 1494 3546 1565 quoniam
3570 1492 3799 1550 advena
3812 1493 3982 1549 eratis

2329 1585 2390 1636 in
2422 1587 2570 1638 terra
2599 1585 2842 1654 Egi/pii,
2874 1587 2923 1637 et
2953 1582 3273 1648 IdumaEum,
3307 1583 3439 1652 quia
3492 1582 3669 1652 frater
3728 1585 3853 1637 tuus
3873 1591 3972 1638 est.

2327 1671 2462 1726 Filii
2489 1673 2539 1726 si
2567 1675 2688 1726 nati
2720 1673 2939 1742 fuerint
2967 1674 3063 1737 eis,
3096 1673 3157 1726 in
3209 1673 3562 1741 generatione
3598 1673 3769 1726 tertia
3798 1673 3979 1727 intra-

2327 1759 2456 1815 bunt
2485 1763 2544 1816 in
2598 1762 2888 1816 Ecclesium
2943 1762 3045 1816 Dei
3090 1762 3131 1814 ⁸.
3165 1762 3352 1831 Atque
3410 1761 3492 1816 ita
3543 1760 3738 1828 flebat,
3800 1765 3867 1816 ut
3896 1761 3969 1817 de

2324 1851 2598 1905 omnibus
2630 1851 2902 1922 gentibus
2934 1848 3200 1905 nonnulli
3232 1848 3502 1921 proselyti
3536 1849 3829 1916 ﬁerent,et
3858 1849 3970 1906 hoc

2319 1937 2510 2010 ipsum
2532 1938 2774 2011 angelis,
2799 1939 2899 2010 qui
2922 1943 3125 2010 gentes
3147 1938 3441 1993 habebant
3457 1937 3743 2005 subditas,
3793 1938 3966 1994 adni-

2319 2028 2601 2083 tentibus.
2637 2028 2804 2083 Nunc
2832 2033 3029 2083 autem
3062 2026 3262 2098 populi
3293 2027 3657 2082 credentium
3681 2028 3968 2083 accedunt

2322 2117 2394 2171 ad
2425 2117 2599 2172 ﬁdem
2629 2117 2787 2186 Jesu,
2821 2123 2878 2172 et
2933 2114 3125 2189 angeli
3187 2115 3402 2187 quibus
3461 2115 3690 2170 creditae
3750 2115 3970 2173 fuerint

2319 2206 2608 2274 Ecclesia,
2638 2206 2886 2261 roborati
2919 2205 3231 2277 praesentia
3249 2203 3583 2269 Salvatoris,
3642 2203 3864 2261 multos
3894 2204 3969 2260 ad

2319 2295 2543 2350 ducunt
2574 2295 2915 2367 proselytos,
2945 2299 3008 2350 ut
3066 2299 3492 2367 congregantur
3548 2293 3606 2349 in
3635 2293 3795 2350 omni
3823 2293 3962 2350 orbe

2318 2383 2721 2439 conventicula
2777 2383 3266 2440 Christianorum.
3325 2383 3688 2455 Quapropter
3717 2399 3958 2439 consur-

2318 2477 2519 2543 gentes
2550 2472 2861 2528 laudemus
2891 2473 3230 2539 Dominum,
3265 2477 3322 2528 et
3352 2472 3564 2527 fiamus
3594 2488 3700 2544 pro
3738 2470 3960 2528 carnali

2319 2562 2517 2630 Israel,
2549 2561 2827 2634 spiritalis
2860 2561 3054 2618 Israel.
3112 2562 3532 2618 Benedicamus
3574 2561 3962 2632 omnipotenti

2316 2651 2433 2706 Deo
2458 2668 2647 2724 opere,
2665 2651 3032 2722 cogitatione,
3049 2666 3336 2723 sermone,
3360 2649 3420 2707 in
3441 2649 3669 2706 Christo
3689 2650 3959 2718 Jesu,cui

2317 2745 2405 2796 est
2425 2739 2609 2812 gloria
2633 2745 2688 2796 et
2719 2741 3028 2812 imperium
3048 2741 3107 2795 in
3131 2739 3343 2797 saecula
3355 2731 3727 2797 saeculorum.
3751 2741 3959 2798 Amen.

2895 2855 3196 2911 HOMILIA
3232 2855 3378 2911 XIII.

2316 2947 2390 3002 De
2417 2961 2476 3000 eo
2506 2945 2645 3016 quod
2674 2947 2936 3016 scriptum
2985 2954 3100 3000 cst:
3135 2966 3163 2994 ‹‹
3222 2945 3286 2999 Et
3331 2947 3491 3016 facta
3543 2951 3619 3000 est
3662 2945 3958 3001 multitudo

2385 3019 2656 3072 exercitus
2686 3019 2933 3080 ccelestis,
2967 3039 2992 3066 ››
3027 3033 3198 3088 usque
3226 3017 3296 3071 ad
3321 3033 3446 3072 eum
3475 3017 3657 3071 locum
3686 3019 3788 3072 ubi
3817 3019 3906 3074 ait
3937 3034 3958 3074 :

2386 3090 2768 3214 alnvenerunt
2787 3089 3018 3144 Mariam
3039 3092 3134 3146 οι]
3141 3105 3291 3144 esum
3311 3090 3548 3160 positum
3568 3089 3629 3143 in
3645 3104 3906 3160 presepe.
3926 3110 3956 3138 »

2431 3177 2524 3231 ap.
2562 3178 2622 3215 ιι.

2385 3275 2670 3332 Dominus
2699 3281 2897 3332 noster
2926 3281 3100 3348 atque
3131 3275 3393 3332 Salvator
3422 3276 3680 3333 nascitur
3701 3276 3758 3331 in
3783 3275 3953 3332 Beth-

548 3372 606 3424 et
641 3367 1073 3441 provinciarum
1105 3382 1246 3421 cura
1286 3365 1597 3439 permissa,
1644 3365 1941 3420 Christum
1973 3365 2203 3421 venisse
2234 3351 2277 3418 C
2314 3363 2596 3434 lehem,et
2622 3365 2937 3421 multitudo
2952 3366 3202 3421 ccclesiis
3219 3366 3505 3421 exercitus
3524 3364 3724 3421 laudat
3769 3365 3952 3421 Deum

554 3459 615 3513 in
647 3457 957 3512 mundum.
991 3455 1238 3512 Multum
1271 3455 1542 3510 utilitatis
1563 3455 1784 3526 accepit
1805 3454 2069 3527 angelus,
2095 3455 2196 3525 qui

552 3546 933 3618 dispensabat
959 3544 1257 3618 Egyptians
1287 3560 1398 3610 res,
1427 3549 1739 3615 postquam
1772 3544 2056 3599 Dominus
2098 3544 2197 3599 de-

552 3634 779 3692 scendit
806 3651 836 3690 e
854 3633 1018 3701 ccelo,
1037 3639 1103 3688 ut
1121 3633 1372 3705 Egyptii
1394 3632 1707 3689 Christiani
1727 3634 1949 3688 fierent.
1976 3633 2198 3688 Profuit

546 3729 605 3780 et
663 3723 914 3789 cunctis,
974 3722 1075 3794 qui
1133 3722 1392 3778 diversas
1451 3721 1777 3794 provincias
1834 3721 2192 3780 obtinebant.

545 3811 724 3868 Verbi
744 3828 941 3878 causa,
994 3810 1228 3882 praesidi
1278 3811 1647 3881 Macedoniae,
1679 3811 1909 3883 praesidi
1948 3809 2192 3878 Achaiae,

550 3900 1031 3972 reliquarumque
1063 3898 1385 3971 regionum.
1421 3899 1619 3971 Neque
1648 3901 1804 3954 enim
1839 3900 1924 3955 fas
1955 3904 2045 3955 est
2073 3917 2193 3955 cre-

551 3990 688 4046 dere
719 3988 905 4045 malos
963 3988 1201 4060 angelos
1258 3991 1382 4044 suis
1444 4005 1692 4061 praeesse
1749 3989 2080 4061 provinciis,
2139 3993 2194 4045 et

551 4079 737 4134 bonos
755 4094 870 4135 non
887 4079 1121 4134 easdem
1139 4077 1466 4150 provincias
1478 4078 1692 4134 habere
1711 4079 2049 4150 permissas.
2080 4080 2192 4134 [loc

550 4172 746 4224 autem
769 4167 925 4239 quod
955 4167 1026 4222 de
1057 4166 1304 4240 singulis
1326 4167 1638 4240 provinciis
1660 4168 1820 4234 dicit,
1846 4173 1983 4239 puto
2015 4169 2192 4224 etiam

545 4258 616 4314 de
636 4257 924 4314 universis
954 4256 1294 4314 hominibus
1326 4257 1678 4329 generaliter
1705 4257 1913 4312 debere
1937 4258 2186 4313 credere.

531 4345 870 4418 Unicuique
898 4347 1014 4403 duo
1047 4345 1334 4403 assistunt
1363 4346 1553 4419 angeli
1586 4347 1719 4418 (32),
1756 4345 1902 4402 alter
1923 4347 2188 4419 justitiae,

546 4434 692 4492 alter
716 4434 1070 4506 iniquitatis.
1131 4435 1192 4490 Si
1251 4435 1412 4490 bonae
1471 4436 1851 4507 cogitationes
1909 4436 1967 4489 in
2020 4437 2189 4490 corde

547 4527 746 4580 nostro
771 4523 1004 4593 fuerint,
1030 4528 1086 4579 et
1116 4525 1174 4580 in
1198 4526 1394 4579 animo
1419 4523 1655 4594 justitia
1684 4523 2006 4596 pullularit,
2031 4523 2185 4580 haud

549 4611 794 4668 dubium
826 4612 969 4685 quin
1001 4614 1168 4668 nobis
1217 4613 1492 4684 loquatur
1539 4613 1780 4686 angelus
1833 4613 2086 4669 Domini.
2129 4615 2186 4670 Si

2307 3455 2555 3509 etdicit:
2584 3455 2766 3510 Gloria
2799 3457 2860 3510 in
2889 3456 3118 3511 excelsis
3148 3457 3272 3526 Deo,
3305 3459 3356 3511 et
3405 3471 3566 3527 super
3594 3463 3800 3512 terram
3833 3471 3952 3526 pax

2305 3543 2616 3599 hominibus
2639 3545 2788 3600 bona
2816 3546 3132 3600 voluntatis.
3159 3545 3288 3600 Haec
3303 3550 3496 3600 autem
3519 3543 3782 3616 loquitur
3804 3543 3950 3600 mul-

2307 3633 2491 3688 titudo
2511 3633 2762 3689 caelestis
2780 3634 3086 3700 exercitus,
3107 3634 3244 3706 quia
3248 3635 3374 3706 jam
3391 3634 3680 3689 defecerat
3701 3634 3954 3706 praebere

2305 3719 2644 3777 hominibus
2674 3721 2978 3790 auxilium,
3013 3729 3070 3778 et
3097 3723 3330 3778 videbat
3365 3738 3429 3778 se
3459 3739 3605 3794 opus
3639 3723 3792 3794 quod
3840 3720 3952 3777 sibi

2307 3811 2593 3865 creditum
2626 3811 2833 3876 fuerat,
2863 3811 3104 3884 implere
3137 3828 3250 3866 non
3280 3827 3452 3883 posse
3487 3812 3707 3882 absque
3755 3827 3820 3867 eo
3852 3809 3953 3883 qui

2301 3915 2432 3954 vere
2463 3898 2686 3955 salvere
2718 3905 2962 3972 poterat,
2989 3905 3045 3956 et
3069 3899 3348 3972 praesules
3397 3916 3629 3972 quoque
3672 3899 3832 3972 ipsos
3852 3900 3952 3972 ju-

2301 4003 2454 4056 vare,
2519 3993 2580 4044 ut
2639 3989 2904 4045 homines
2962 3989 3346 4045 salvarentur.
3414 3990 3714 4055 Quomodo
3771 3989 3951 4061 igitur

2303 4077 2586 4149 scriptum
2619 4083 2707 4134 est
2735 4079 2794 4132 in
2845 4078 3157 4150 Evangelio
3183 4079 3224 4148 9,
3280 4079 3434 4149 quod
3495 4079 3735 4151 quidam
3767 4077 3947 4133 remis

2303 4166 2596 4222 sulcantes
2619 4183 2779 4222 mare
2799 4168 3078 4222 adversus
3102 4167 3428 4223 contrarios
3445 4168 3784 4238 ventosjam
3805 4165 3946 4222 fessi

2301 4260 2484 4321 erant,
2517 4260 2574 4310 et
2604 4255 2807 4328 viginti
2864 4257 3145 4328 quinque,
3203 4257 3323 4312 sive
3366 4256 3610 4329 triginta
3657 4255 3832 4312 stadii
3863 4254 3945 4312 la-

2300 4345 2594 4416 borantes,
2623 4349 2858 4418 portum
2903 4349 3100 4402 tenere
3155 4361 3270 4401 non
3318 4349 3606 4418 poterant,
3660 4348 3718 4400 et
3745 4348 3949 4418 postea

2297 4434 2580 4490 Dominus
2603 4435 2953 4506 supervenit,
2985 4441 3042 4489 et
3071 4435 3369 4506 quiescere
3412 4435 3547 4490 fecit
3596 4434 3812 4490 fluctus
3850 4438 3948 4489 tu-

2299 4533 2541 4590 mentes,
2567 4541 2892 4596 navemque
2915 4525 3084 4595 cujus
3110 4523 3244 4580 hinc
3267 4524 3401 4580 inde
3422 4523 3608 4580 latera
3627 4523 3948 4580 tundeban-

2298 4620 2411 4678 tur,
2443 4613 2514 4668 ab
2546 4612 2879 4669 imminenti
2903 4613 3240 4669 discrimine
3262 4613 3530 4670 liberavit
3553 4631 3566 4680 ;
3587 4613 3672 4669 sic
3693 4611 3948 4685 intelligo

545 4717 679 4758 vero
712 4701 866 4758 mala
896 4703 1111 4757 fuerint
1139 4702 1198 4756 in
1230 4705 1427 4757 nostro
1457 4703 1629 4758 corde
1655 4707 1901 4774 versata,
1930 4703 2189 4775 loquitur
2219 4728 2266 4792 D
2297 4702 2572 4773 quoniam
2595 4707 2651 4758 et
2679 4701 2868 4775 angeli
2890 4702 3160 4758 volebant
3181 4703 3420 4775 quidem
3440 4702 3944 4775 bominibusprm-

545 4789 715 4845 nobis
745 4789 986 4862 angelus
1016 4789 1252 4846 diaboli.
1280 4792 1578 4856 Quomodo
1598 4791 1776 4863 igitur
1795 4809 1895 4864 per
1923 4792 2186 4865 singulos

543 4878 816 4934 homines
841 4878 1126 4937 281-82
1145 4880 1266 4935 bini
1290 4885 1428 4935 sunt
1448 4880 1658 4953 angeli,
1692 4881 1774 4936 sic
1806 4880 2010 4953 opinor
2041 4886 2096 4936 et
2126 4881 2183 4937 in

544 4967 796 5042 singulis
828 4967 1094 5040 dispares
1123 4986 1251 5025 esse
1281 4969 1616 5041 provinciis,
1651 4975 1717 5025 ut
1765 4970 1882 5025 sint
1931 4975 1988 5025 et
2029 4970 2186 5043 boni,

549 5058 669 5115 sint
689 5063 744 5114 et
767 5057 926 5114 mali.
953 5057 1124 5113 Verbi
1142 5058 1350 5130 gratia,
1382 5059 1442 5114 in
1471 5059 1694 5131 Epheso
1718 5063 1954 5130 propter
1969 5075 2066 5114 eos
2088 5059 2189 5131 qui

546 5148 605 5204 in
633 5147 736 5204 illa
765 5150 909 5205 urbe
936 5152 1264 5220 peccatores
1294 5153 1477 5218 erant,
1529 5148 1770 5219 pessimi
1819 5147 2009 5219 angeli
2041 5166 2188 5220 prae-

549 5237 836 5294 sidebant.
875 5237 1101 5293 Rursus
1135 5237 1271 5308 quia
1294 5237 1464 5293 multi
1487 5243 1652 5292 erant
1679 5237 1978 5292 credentes
2009 5238 2067 5293 in
2101 5255 2188 5308 ea,

545 5333 667 5381 erat
686 5334 742 5383 et
762 5327 1004 5400 angelus
1032 5327 1297 5382 Ecclesiae
1320 5327 1726 5399 Ephesiorum,
1753 5325 1955 5397 utique
1979 5329 2187 5383 bonus.

550 5413 664 5468 Hoc
691 5420 886 5472 autem
909 5415 1064 5488 quod
1082 5415 1152 5470 de
1173 5415 1397 5487 Epheso
1418 5413 1694 5485 diximus,
1719 5431 1895 5485 super
1913 5417 2190 5473 omnibus

2300 4792 2432 4847 bere
2454 4791 2758 4861 auxilium,
2782 4793 2932 4847 eteis
2957 4795 3028 4848 ab
3051 4793 3527 4865 aegrotationibus
3551 4792 3674 4848 suis
3692 4792 3948 4848 tribuere

2299 4881 2630 4948 sanitatem,
2666 4881 2802 4951 quia
2833 4897 3015 4936 omnes
3043 4891 3171 4938 sunt
3217 4883 3568 4954 apparitores
3623 4883 3854 4955 spiritus
3883 4882 3947 4936 in

2296 4971 2668 5025 ministerium
2693 4972 2850 5026 missi
2871 4980 3078 5042 propter
3117 4989 3202 5028 eos
3243 4973 3340 5044 qui
3387 4972 3660 5028 consecuti
3701 4975 3831 5026 sunt
3857 4986 3946 5026 sa-

2298 5061 2468 5116 lutem
2492 5061 2572 5116 ‘0:
2608 5060 2706 5132 qui
2738 5067 3026 5133 quantum
3058 5062 3117 5117 in
3149 5061 3273 5118 suis
3319 5061 3542 5117 viribus
3599 5063 3724 5116 erat
3772 5059 3948 5132 adju-

2296 5151 2510 5205 vabant
2539 5150 2826 5206 homines.
2860 5149 3153 5206 Videbant
3177 5155 3373 5207 autem
3397 5150 3580 5207 multo
3603 5148 3941 5206 inferiorem

2300 5256 2465 5295 suam
2487 5257 2613 5296 esse
2630 5240 3002 5307 medicinam,
3029 5257 3204 5312 quam
3227 5239 3464 5296 illorum
3483 5255 3627 5295 cura
3644 5239 3941 5311 poscebat.

2298 5329 2473 5385 Porro
2509 5335 2570 5384 ut
2598 5331 2668 5384 de
2699 5328 2962 5401 exemplo
2995 5329 3186 5400 possis
3218 5330 3544 5403 intelligere
3593 5329 3749 5400 quod
3796 5327 3945 5383 dici-

2301 5436 2454 5484 mus,
2481 5419 2608 5473 vide
2640 5419 2785 5473 mihi
2819 5419 3020 5474 urbem
3055 5417 3111 5472 in
3145 5435 3260 5489 qua
3279 5423 3564 5492 aegrotent
3597 5417 3949 5496 plurimi,|et

622 5538 851 5614 ‘ﬂlﬂor.
886 5559 969 5608 111,
1002 5543 1056 5598 9.
1089 5543 1133 5577 δ’
1155 5541 1323 5598 Joan.
1356 5558 1412 5606 Χ,
1438 5541 1523 5593 11.
1556 5541 1577 5574 ⁶
1608 5539 1818 5610 Ephes.
1853 5557 1927 5612 1v,
1963 5543 2050 5612 11,
2086 5545 2171 5600 12.
2203 5551 2204 5559 “

2314 5551 2396 5601 ct.
2445 5560 2560 5610 xv1,
2592 5543 2646 5595 9.
2679 5544 2699 5578 ⁸
2748 5543 2912 5597 Deut.
2964 5557 3124 5598 xxm.
3157 5544 3211 5612 7,
3243 5545 3296 5598 8.
3330 5545 3351 5580 θ
3379 5545 3586 5600 Joann.
3619 5559 3697 5612 v1,
3732 5541 3946 5614 18,-21.

554 5608 600 5646 ¹⁰
633 5609 800 5665 Hebr.
833 5628 872 5678 ι,
908 5614 988 5667 li.

592 5731 738 5816 ⁹(32)
766 5731 846 5788 De
877 5731 1097 5808 angelis
1126 5731 1436 5816 hominum
1467 5728 2012 5816 provinciarumque
2034 5736 2310 5816 custodite
2337 5734 2646 5816 praefectis
2679 5752 2748 5816 ea
2770 5731 3068 5816 Agrigenis
3123 5737 3412 5798 sententia
3467 5739 3590 5814 (qui
3620 5745 3819 5804 tamen
3868 5733 3948 5794 si-

546 5805 731 5871 bimet
758 5805 974 5889 parum
997 5808 1275 5888 appetens
1305 5805 1438 5888 fuit)
1469 5805 1734 5867 dicemus
1764 5805 1940 5881 paulo
1968 5807 2214 5874 inferius
2241 5813 2318 5874 ad
2337 5805 2548 5870 bomil.
2579 5809 2650 5868 23
2680 5813 2739 5884 et
2767 5807 2858 5869 35.
2906 5805 2934 5809 “
