4304 6654
347 519 464 582 261

792 518 1289 584 TRANSLATIO
1333 520 1840 587 HOMILIARUM
1884 521 2252 586 ORIGENIS
2296 523 2375 586 IN
2419 523 2710 589 LUCAM.
2744 559 2824 571 —
2852 525 3126 590 HOMIL.
3171 525 3332 590 XIII.

3649 521 3769 588 262

349 650 717 710 medicorum
734 652 1591 724 frequensadhibeaturmanus
1611 673 1623 711 :
1646 656 2008 714 sintdiversa
2035 657 2090 725 Α
2119 661 2342 729 patens.
2373 657 2445 714 Et
2475 657 2766 732 quomodo
2798 657 2973 715 homo
3005 658 3054 715 si
3095 659 3475 716 commissam
3506 660 3618 718 sibi
3647 661 3768 719 dis-

349 742 616 814 vulnera,
642 741 903 815 quotidie
923 742 982 798 in
1005 747 1332 800 emortuam
1374 762 1611 803 carnem
1640 763 1883 819 serpens
1905 764 2007 819 pu-

350 832 518 889 tredo
545 834 806 904 penetret
823 849 835 888 :
862 835 919 887 et
937 836 1133 888 tamen
1153 833 1362 890 medici
1387 835 1487 907 qui
1510 835 1756 892 adhibiti
1780 841 1918 892 sunt
1935 837 2006 892 ad

268 987 279 995 _
353 922 703 990 curandum,
726 921 1145 993 nequeantalia
1157 922 1308 979 ultra
1325 924 1582 981 invenire
1595 926 2005 997 medicamina,

355 1016 412 1068 et
443 1011 586 1068 artis
619 1026 742 1067 suae
770 1011 1015 1068 scientia
1067 1013 1535 1086 magnitudinem
1570 1017 1710 1071 mali
1741 1016 1966 1073 vincere
1993 1035 2006 1085 ;

357 1117 493 1157 cum
523 1100 645 1156 haec
674 1099 734 1156 in
764 1099 985 1156 talibus
1035 1102 1190 1158 nacti
1245 1102 1382 1175 sint,
1416 1103 1644 1160 eveniat
1672 1105 1886 1177 aliquis
1918 1121 2008 1160 ar-

357 1189 581 1248 chiater
609 1189 712 1262 qui
733 1189 947 1246 habeat
971 1207 1269 1248 summam
1291 1193 1350 1248 in
1379 1199 1501 1250 arte
1523 1193 1813 1262 notitiam,
1846 1199 1902 1250 et
1925 1193 2010 1249 illi

337 1279 461 1352 _qui
491 1279 655 1352 prius
706 1295 915 1336 sanare
965 1281 1346 1353 nequiverant
1392 1287 1694 1340 cernentes
1743 1283 2012 1357 magistri

359 1385 540 1426 manu
568 1368 908 1442 putredines
931 1386 1162 1427 cessare
1186 1371 1518 1440 vulnerum,
1543 1391 1658 1430 non
1689 1374 2011 1446 invideant,

359 1475 477 1517 non
509 1458 688 1516 livore
719 1459 1071 1528 crucientur,
1105 1462 1206 1516 sed
1247 1461 1306 1516 in
1337 1460 1543 1518 laudes
1577 1467 1888 1536 erumpant
1919 1481 2016 1520 ar-

359 1549 666 1619 chiatri,et
696 1549 1012 1622 praedicent
1041 1549 1226 1606 Deum
1258 1552 1359 1622 qui
1383 1556 1439 1607 et
1466 1552 1578 1608 sibi
1607 1559 1664 1609 et
1694 1554 2016 1626 aegrotanti-

359 1642 472 1698 bus
499 1644 672 1697 tautae
704 1639 962 1697 scientiis
994 1639 1295 1697 hominem
1327 1642 1572 1710 miserit,
1608 1643 1669 1699 In
1701 1643 1852 1700 hanc
1882 1660 2018 1717 ergo

360 1730 812 1786 similitudinem
863 1732 921 1784 et
968 1729 1283 1786 multitudo
1332 1732 1622 1788 exercitus
1677 1732 2018 1806 angelorum

361 1819 566 1877 audita
595 1823 684 1875 est
732 1817 968 1874 dicens:
1024 1819 1216 1875 Gloria
1242 1823 1303 1875 in
1349 1821 1576 1876 excelsis
1619 1822 1744 1892 Deo,
1779 1830 1831 1878 et
1856 1838 2022 1895 super

361 1917 566 1966 terram
592 1924 706 1980 pax
733 1908 794 1963 in
822 1906 1140 1964 hominibus
1170 1909 1320 1965 bonae
1345 1911 1666 1967 voluntatis.
1701 1913 2019 1984 Postquam

362 1997 522 2054 enim
555 1997 838 2054 Dominus
883 1997 1042 2054 venit
1089 1999 1162 2054 ad
1212 2003 1450 2069 terram,
1499 2018 1703 2073 pacem
1752 2002 1888 2058 fecit
1919 2019 2022 2075 per

362 2087 710 2161 sanguinem
756 2087 946 2143 crucis
996 2105 1138 2155 suae,
1187 2089 1308 2144 sive
1361 2106 1563 2146 eorum
1599 2108 1724 2162 quae
1773 2092 1832 2147 in
1865 2097 2019 2148 terra

363 2183 552 2246 erant,
577 2177 696 2234 sive
725 2193 928 2234 eorum
961 2195 1088 2250 quas
1116 2178 1174 2233 in
1207 2178 1368 2234 caalis
1400 2181 1463 2234 ¹¹.
1492 2180 1790 2252 Siquidem
1820 2181 2015 2238 volen-

362 2271 453 2324 tes
484 2265 675 2339 angeli
702 2269 768 2322 ut
808 2267 1251 2323 recordarentur
1291 2268 1562 2325 homines
1590 2272 1868 2326 creatoris
1900 2271 2014 2343 sui,

364 2373 501 2414 cum
532 2355 806 2414 fecissent
835 2356 1034 2413 omnia
1082 2374 1208 2429 quas
1239 2356 1299 2412 in
1331 2358 1455 2413 suis
1479 2359 1705 2415 viribus
1735 2364 1919 2428 erant,
1954 2364 2019 2416 ut

362 2450 740 2514 sanarentur,
769 2449 828 2502 et
870 2445 1199 2502 noluissent
1245 2446 1329 2501 illi
1360 2448 1648 2520 respicere
1677 2451 2013 2521 sanitatem,

364 2540 616 2594 cernunt
641 2552 776 2592 eum
807 2536 910 2608 qui
933 2552 1150 2610 sanare
1179 2538 1390 2609 potuit,
1424 2541 1480 2593 et
1509 2537 1904 2610 gloriﬁcantes
1935 2539 2018 2594 di-

365 2630 546 2683 cunt:
581 2625 766 2682 Gloria
793 2607 855 2681 in
901 2607 1130 2682 excelsis
1179 2607 1295 2683 beo
1324 2636 1376 2682 et
1424 2607 1587 2698 super
1632 2632 1840 2684 terram
1880 2645 2013 2700 pax.

363 2715 626 2787 Diligens
653 2715 964 2787 Scriptura)
993 2715 1175 2771 lector
1203 2715 1465 2788 inquirat
1493 2718 1786 2789 quomodo
1819 2718 2017 2774 Salva-

365 2810 462 2862 tor
488 2804 750 2878 loquitur
797 2805 876 2861 “:
908 2809 1032 2862 Non
1078 2807 1205 2860 veni
1242 2822 1433 2878 pacem
1461 2809 1679 2863 mittere
1717 2823 1879 2879 super
1905 2812 2016 2863 ter-

365 2913 514 2965 ram,
545 2896 645 2952 sed
669 2893 938 2967 gladium,
970 2898 1029 2950 et
1059 2911 1216 2952 nunc
1250 2895 1440 2969 angeli
1471 2896 1530 2951 in
1563 2898 1690 2969 ejus
1720 2897 2020 2954 nativitate

368 2986 704 3057 decantant,
751 3001 917 3058 super
961 2993 1167 3041 terram
1194 3000 1328 3055 pax.
1379 2986 1681 3059 Siquidem
1713 2994 1768 3043 et
1815 2988 1872 3042 in
1907 2987 2020 3043 alio

2117 747 2520 818 pensationem
2551 749 2697 804 bene
2745 749 2946 821 egerit,
2997 748 3272 805 laudatur
3319 766 3353 805 a
3399 749 3684 808 Domino:
3717 753 3768 810 si

2117 836 2288 904 male,
2324 835 2506 910 culpae
2537 842 2594 894 et
2622 837 2758 894 vitio
2790 839 3087 909 subjacet:
3118 839 3202 895 sic
3233 843 3289 895 et
3318 839 3579 911 angelus.
3610 842 3770 897 Scri-

2117 931 2287 998 ptum
2320 932 2410 983 est
2447 927 2605 983 enim
2637 929 2696 983 in
2737 928 3080 1001 Apocalypsi
3107 928 3391 985 Joannis:
3444 931 3550 988 Sed
3608 930 3771 988 habes

2119 1016 2198 1072 ibi
2245 1019 2474 1073 nomina
2517 1035 2692 1090 pauca
2736 1033 2860 1090 quae
2913 1018 3232 1089 polluerunt
3277 1019 3441 1086 illud,
3482 1019 3570 1075 vel
3602 1019 3768 1076 illud.

2120 1105 2187 1160 Et
2232 1123 2475 1164 rursus:
2527 1107 2697 1163 Habes
2745 1107 2826 1162 ibi
2870 1109 2969 1179 qui
3011 1106 3321 1164 doctrinam
3375 1109 3773 1191 Nicolaitarum

2120 1195 2343 1252 doceant
2388 1197 2467 1252 ‘5:
2519 1213 2584 1252 ac
2637 1197 2846 1252 deinde
2889 1197 3072 1253 habes
3121 1197 3222 1253 illa
3272 1197 3361 1253 vel
3413 1197 3512 1255 illa
3541 1204 3779 1271 peccata

2123 1284 2422 1355 facientes,
2481 1290 2538 1341 et
2589 1293 2939 1342 accusantur
2997 1284 3210 1358 angeli,
3274 1287 3490 1359 quibus
3544 1290 3778 1345 creditae

2124 1379 2264 1430 sunt
2310 1374 2595 1431 Ecclesiaa.
2647 1375 2707 1430 Si
2757 1381 2953 1431 autem
3004 1375 3228 1448 angelis
3283 1376 3616 1434 sollicitudo
3666 1381 3777 1450 est,

2126 1466 2415 1535 quomodo
2439 1463 2707 1520 Ecclesias
2728 1465 3150 1536 gubernentur,
3176 1464 3316 1536 quid
3339 1482 3575 1522 necesse
3600 1468 3783 1524 estde

2126 1551 2469 1608 hominibus
2515 1553 2724 1621 dicere,
2775 1557 3066 1624 quantum
3117 1557 3339 1609 metum
3386 1553 3661 1620 habeant,
3715 1559 3782 1612 ut

2128 1641 2356 1714 possint
2373 1659 2506 1698 cum
2525 1641 2750 1715 angelis
2764 1641 3514 1701 laborantibuslaborantes
3528 1644 3780 1702 salutem

2129 1731 2450 1804 consequi?
2473 1731 2590 1806 Ego
2611 1735 2750 1803 puto
2775 1731 3020 1787 inveniri
3039 1731 3216 1786 simul
3239 1749 3406 1802 posse
3427 1737 3483 1788 et
3505 1733 3781 1807 angelum

2129 1827 2185 1878 et
2213 1821 2513 1878 hominem
2544 1822 2728 1876 bonos
2759 1819 3028 1876 Ecclesiae
3056 1821 3381 1894 episcopos,
3415 1827 3471 1878 et
3494 1824 3782 1894 quodam-

2131 1913 2303 1968 modo
2326 1912 2504 1967 unius
2536 1910 2726 1983 operis
2739 1927 2866 1966 csse
2888 1910 3222 1983 participes.
3240 1911 3401 1977 Quod
3425 1928 3559 1968 cum
3582 1913 3663 1969 ita
3685 1912 3781 1981 sit,

2131 2007 2400 2073 petamus
2417 2001 2880 2073 omnipotentem
2899 2000 3107 2068 Deum,
3127 2004 3189 2055 ut
3210 2000 3399 2074 angeli
3417 2005 3474 2056 et
3489 1996 3783 2070 homines,

2129 2090 2517 2146 Ecclesiarum
2575 2089 2853 2163 episcopi,
2910 2090 3251 2160 adjumento
3310 2090 3429 2146 sint
3485 2091 3674 2162 nobis,
3729 2095 3788 2149 et

2126 2180 2386 2236 sciamus
2418 2179 2696 2251 quoniam
2718 2178 2954 2250 utrique
2975 2195 3078 2250 pro
3101 2178 3270 2234 nobis
3300 2196 3334 2234 a
3360 2181 3602 2236 Domino
3625 2181 3788 2254 judi-

2126 2273 2351 2325 centur.
2377 2269 2538 2332 Quod
2571 2268 2619 2324 si
2642 2267 2722 2322 illi
2758 2267 3258 2338 fuerintjudicati,
3293 2271 3349 2324 et
3369 2268 3581 2325 vitium
3609 2274 3786 2343 atque

2126 2363 2432 2432 peccatum
2463 2375 2579 2416 non
2609 2357 2669 2412 in
2697 2374 2899 2414 eorum
2939 2356 3186 2424 incuria,
3223 2358 3325 2413 sed
3356 2357 3418 2413 in
3451 2363 3650 2415 nostra
3680 2377 3782 2416 ne-

2126 2449 2406 2522 gligentia
2465 2449 2637 2504 fuerit
2697 2448 3024 2515 inventum,
3074 2463 3182 2503 nos
3235 2463 3553 2520 arguemur
3609 2453 3785 2521 atque

2125 2538 2467 2610 plectemur.
2507 2537 2624 2593 Illis
2674 2536 2829 2593 enim
2872 2536 3143 2592 universa
3188 2536 3558 2605 facientibus,
3591 2543 3648 2594 et
3677 2555 3779 2612 pro

2127 2633 2327 2684 nostra
2353 2627 2540 2682 salute
2590 2625 2934 2690 nitentibus,
2981 2642 3089 2681 nos
3140 2625 3528 2682 nihilominus
3575 2644 3610 2683 a
3651 2645 3782 2700 pec-

2128 2717 2272 2772 catis
2301 2716 2661 2772 vacabimus.
2694 2715 2872 2770 Porro
2904 2715 3240 2786 frequenter
3275 2716 3484 2781 evenit,
3519 2720 3585 2772 ut
3616 2717 3787 2774 nobis

2127 2806 2554 2876 1aborantibus,
2586 2804 2669 2860 illi
2704 2821 2877 2860 suum
2909 2803 3169 2859 ofﬁcium
3202 2820 3318 2859 non
3343 2803 3617 2876 expleant
3644 2811 3701 2862 et
3722 2808 3783 2864 in

2130 2896 2318 2968 culpis
2349 2895 2486 2951 sint.
2518 2896 2585 2950 Et
2609 2897 2816 2966 factum
2863 2896 2961 2962 est,
2995 2892 3210 2965 inquit,
3258 2910 3381 2949 cum
3423 2895 3688 2952 abiissent
3718 2897 3790 2952 ab

2129 2989 2210 3042 eis
2239 2986 2425 3057 angeli
2473 2985 2534 3040 in
2569 2984 2748 3054 caelos,
2777 2991 3021 3056 pastores
3069 2982 3334 3039 dixerunt
3379 2985 3466 3040 ad
3507 2986 3790 3042 invicem:

367 3075 498 3133 loco
528 3091 597 3131 ex
652 3090 903 3148 persona
953 3073 1144 3147 ipsius
1201 3075 1454 3132 dicitur:
1512 3082 1711 3132 Pacem
1749 3093 1927 3134 meam
1955 3075 2022 3133 do
2133 3076 2490 3131 Transeamus
2509 3089 2678 3146 usque
2695 3072 3026 3142 Bethlehem,
3049 3074 3101 3128 el
3132 3072 3411 3130 videamus
3435 3072 3534 3131 hoc
3556 3076 3791 3131 verbum

367 3165 554 3235 vobis,
584 3181 770 3238 pacem
813 3165 1062 3237 relinquo
1088 3164 1238 3220 vobis
1274 3206 1286 3218 .
1319 3165 1438 3221 Non
1480 3167 1629 3222 sicut
1653 3166 1894 3222 mundus
1924 3169 2026 3223 iste
2133 3165 2274 3238 quod
2298 3168 2510 3237 factum
2537 3172 2632 3232 est,
2667 3162 2807 3235 quod
2836 3164 3104 3219 Dominus
3133 3163 3376 3219 ostendit
3410 3163 3588 3220 nobis.
3629 3164 3793 3221 Vene-

370 3255 468 3312 dat
495 3269 684 3328 pacem
710 3269 804 3326 ego
828 3253 894 3309 do
937 3269 1130 3325 pacem
1159 3253 1223 3310 ‘3.
1264 3254 1478 3311 Vident
1523 3272 1658 3329 ergo
1690 3258 1844 3329 quod
1877 3257 2023 3313 infe-
2134 3262 2265 3310 runt
2288 3257 2633 3326 festinantes,
2667 3257 2719 3309 et
2767 3254 3095 3310 invenerunt
3147 3253 3389 3309 Mariam
3434 3257 3488 3311 et
3515 3253 3714 3326 Joseph
3741 3257 3798 3310 et

369 3345 583 3415 rimus,
613 3348 717 3400 aut
746 3344 933 3417 possit
962 3343 1181 3401 solvere
1213 3345 1616 3417 quaestionem.
1650 3346 1708 3402 Si
1739 3347 2024 3419 scriptum
2068 3415 2094 3419 Δί
2134 3346 2394 3399 Puerum.
2431 3342 2537 3408 Qui
2579 3342 2922 3398 festinantes
2950 3345 3249 3412 venerant,
3282 3345 3340 3397 et
3371 3358 3485 3397 non
3517 3343 3794 3414 pedeten-

371 3438 552 3503 esset,
583 3415 764 3506 superi
792 3437 997 3490 terram
1041 3449 1180 3505 pax,
1228 3415 1286 3489 et
1331 3434 1637 3507 hucusque
1676 3441 1831 3492 esset
1860 3415 2027 3492 linito.
2055 3415 2098 3485 C
2135 3433 2264 3504 tim,
2288 3449 2477 3504 neque
2499 3431 2650 3487 fesso
2673 3432 2880 3503 gradu,
2905 3430 3034 3486 ideo
3056 3429 3408 3486 invenerunt
3434 3431 3653 3503 Joseph
3679 3430 3798 3488 dis-

375 3522 687 3596 sententia,
719 3527 873 3580 recte
903 3523 1146 3596 quaestio
1198 3528 1555 3580 nasceretur.
1608 3524 1773 3580 Nunc
1802 3542 1934 3581 vero
1965 3524 2026 3582 in

374 3629 443 3670 eo
478 3613 631 3686 quod
663 3612 930 3669 additum
956 3616 1064 3686 est,
1097 3611 1207 3667 hoc
1229 3617 1337 3684 est,
1370 3614 1524 3685 quod
1557 3618 1688 3686 post
1717 3629 1918 3685 pacem
1945 3614 2030 3670 di-

374 3704 549 3772 citur,
582 3703 643 3758 in
667 3701 978 3768 hominibus
1001 3703 1151 3757 bona
1179 3701 1484 3760 voluntatis
1515 3701 1650 3775 (33),
1675 3702 1849 3758 solvit
1877 3719 2029 3776 quae-

376 3794 655 3850 stionem.
690 3792 803 3848 Pax
831 3791 988 3848 enim
1036 3808 1213 3864 quam
1245 3808 1359 3848 non
1400 3791 1501 3846 dat
1541 3791 1824 3849 Dominus
1854 3809 2032 3864 super

377 3892 618 3951 terram,
652 3899 768 3938 non
799 3886 889 3938 est
917 3899 1028 3954 pax
1056 3881 1220 3937 bona:
1275 3881 1610 3939 voluntatis.
1645 3882 1843 3954 Neque
1873 3882 2030 3938 enim

378 3973 464 4030 ait
493 3971 854 4046 simpliciter,
902 3975 1027 4029 Non
1077 3972 1205 4027 veni
1245 3987 1431 4042 pacem
1481 3973 1717 4040 mittere,
1767 3973 1868 4029 sed
1895 3988 2031 4029 cum

380 4061 807 4130 additamento,
833 4077 1000 4134 super
1033 4066 1277 4118 terram:
1311 4077 1500 4134 neque
1544 4062 1835 4119 contrario
1865 4063 2031 4130 dixit,

378 4167 495 4208 non
525 4153 649 4208 veni
673 4167 864 4225 pacem
881 4151 1095 4207 mittere
1115 4166 1281 4222 super
1303 4154 1510 4207 terram
1539 4150 1854 4207 hominibus
1880 4151 2036 4208 bona

382 4243 704 4298 voluntatis.
729 4240 859 4296 Haec
879 4239 1034 4313 283
1057 4239 1161 4295 84
1179 4239 1357 4296 locuti
1380 4244 1520 4296 sunt
1540 4239 1732 4313 angeli
1753 4241 1824 4296 ad
1848 4244 2038 4312 pasto-

383 4348 501 4402 res,
533 4331 630 4403 qui
678 4346 795 4386 non
843 4327 1035 4385 solum
1065 4346 1132 4385 eo
1180 4333 1441 4406 tempore
1490 4329 1901 4402 loquebantur,
1934 4330 2036 4386 sed

384 4437 574 4494 usque
603 4419 777 4478 hodie
807 4417 920 4475 nisi
948 4418 1126 4476 locuti
1175 4418 1391 4474 fuerint
1420 4419 1492 4475 ad
1523 4425 1809 4493 pastores,
1843 4425 1900 4476 et
1931 4437 2040 4477 sua

385 4512 474 4569 eis
504 4527 682 4583 opera
709 4509 1062 4582 copularint,
1095 4508 1314 4564 dicitur
1344 4507 1416 4564 ad
1457 4524 1592 4564 eos:
1626 4511 1748 4566 Nisi
1775 4511 2041 4566 Dominus

383 4601 744 4673 aediﬁcaverit
770 4599 1008 4668 domum,
1041 4600 1103 4653 in
1127 4613 1332 4654 vanum
1369 4597 1754 4673 laboraverunt
1783 4601 1879 4670 qui
1905 4599 2042 4656 mdi-

380 4690 561 4763 ﬁlant
605 4705 743 4746 eam.
795 4688 918 4744 Nisi
961 4688 1223 4745 Dominus
1274 4686 1591 4744 custodierit
1633 4689 1928 4755 civitatem,
1980 4690 2042 4743 in

2137 3526 2500 3595 pensatorem
2533 3524 2697 3576 ortus
2727 3518 3036 3586 Dominici,
3071 3523 3128 3573 et
3154 3518 3400 3573 Mariam
3430 3535 3557 3591 quae
3587 3519 3792 3575 Jesum

2137 3611 2288 3668 fudit
2319 3609 2378 3665 in
2410 3613 2664 3682 partum,
2699 3613 2756 3664 et
2783 3608 2977 3680 ipsum
3019 3607 3380 3663 Salvatorem
3404 3607 3698 3678 jacentem
3732 3608 3793 3663 in

2139 3700 2440 3774 praesepio.
2477 3698 2622 3754 Illud
2676 3702 2819 3766 erat,
2849 3698 2922 3753 de
2968 3713 3084 3769 quo
3115 3695 3401 3769 propheta
3440 3696 3796 3753 vaticinatus

2139 3796 2229 3848 est
2258 3790 2497 3847 dicens:
2549 3789 2804 3860 Cognovit
2853 3787 2940 3844 bos
2979 3802 3345 3859 possessorem
3387 3802 3568 3853 suum,
3597 3794 3652 3843 et
3681 3802 3794 3842 as:-

2139 3899 2246 3937 nus
2272 3895 2513 3953 prxsepe
2532 3878 2744 3936 domini
2770 3879 2862 3933 sui
2891 3877 2953 3931 ‘5.
2979 3877 3089 3934 Bos
3120 3875 3339 3934 animal
3364 3877 3654 3933 mundum
3686 3880 3796 3949 est,

2143 3971 2345 4027 asinus
2367 3968 2583 4026 animal
2600 3968 2997 4024 immundum.
3021 3966 3300 4039 Cognovit
3317 3967 3520 4023 asinus
3540 3983 3800 4040 praesepe

2143 4059 2368 4116 domini
2415 4059 2530 4115 sui.
2563 4058 2689 4113 Non
2739 4057 2992 4129 populus
3020 4054 3196 4112 Israel
3245 4055 3513 4129 cognovit
3542 4070 3800 4128 praesepe

2144 4148 2367 4206 domini
2416 4147 2529 4215 sui,
2581 4147 2682 4202 sed
2713 4145 3090 4201 immundum
3141 4144 3360 4200 animal
3405 4161 3475 4201 ex
3501 4146 3798 4218 gentibus.

2145 4239 2313 4295 Israel
2345 4254 2468 4294 vero
2497 4251 2590 4291 me
2617 4252 2726 4292 non
2752 4235 3016 4306 cognovit,
3050 4237 3104 4289 et
3137 4234 3372 4305 populus
3404 4249 3555 4290 meus
3577 4250 3663 4290 me
3690 4250 3803 4290 non

2146 4328 2424 4384 intetlexit
2457 4326 2546 4381 ιδ’.
2574 4323 2971 4395 Intelligentes
2994 4321 3102 4378 hoc
3127 4338 3404 4395 praesepe,
3428 4322 3688 4378 nitamur
3707 4339 3803 4379 co-

2147 4433 2425 4490 gnoscere
2453 4415 2794 4478 Dominum,
2829 4417 2885 4468 et
2915 4412 3077 4486 digni
3111 4412 3235 4468 fieri
3266 4411 3512 4469 scientia
3535 4411 3685 4484 ejus,
3718 4429 3806 4470 as-

2149 4523 2382 4563 sumere
2413 4520 2647 4578 quoque
2677 4502 3037 4559 nativitatem
3073 4506 3130 4559 et
3159 4501 3646 4559 resurrectionem
3676 4518 3802 4558 car-

2151 4597 2243 4653 nis
2272 4598 2420 4668 ejus,
2455 4595 2555 4652 sed
2588 4598 2644 4650 et
2692 4591 2974 4665 inclytum
3006 4609 3072 4648 ac
3121 4591 3447 4648 secundum
3480 4591 3806 4664 majestatis

2150 4687 2278 4759 ejus
2311 4686 2649 4750 adventum,
2682 4682 2775 4738 cui
2814 4687 2906 4738 est
2948 4681 3134 4755 gloria
3181 4685 3239 4738 et
3265 4682 3580 4756 imperium
3609 4681 3670 4738 in
3700 4698 3806 4739 saa-

383 4797 598 4837 vanum
647 4779 921 4836 laborabit
966 4779 1064 4851 qui
1108 4775 1340 4834 custodit
1385 4792 1507 4832 eam
1553 4778 1614 4831 ¹⁴.
1668 4777 1727 4833 Si
1767 4778 2044 4834 audacter
2071 4795 2119 4861 υ
2151 4774 2284 4833 cula
2313 4772 2684 4830 szsculorum.
2721 4775 2927 4826 Amen.

387 4868 623 4944 expedit
654 4869 815 4942 loqui
859 4868 1296 4941 Scripturarum
1346 4883 1585 4924 sensum
1617 4869 1907 4939 sequenti,
1942 4885 2044 4942 per

388 4958 656 5033 singulas
682 4957 974 5014 Ecclesias
1003 4957 1114 5030 (34)
1137 4955 1258 5011 bini
1300 4963 1441 5012 sunt
1470 4955 1748 5028 episcopi,
1783 4956 1935 5014 alius
1961 4959 2046 5015 vi-

389 5047 605 5122 sibilis,
629 5048 780 5105 alius
806 5045 1116 5104 invisibilis
1142 5063 1155 5102 :
1189 5044 1285 5101 ille
1314 5045 1464 5102 visui
1491 5045 1703 5116 carnis,
1727 5045 1822 5102 hic
1845 5049 2048 5104 sensui

465 5166 507 5237 ξι
556 5164 778 5232 Coloss,
825 5165 1018 5237 1,720.
1070 5163 1114 5198 ¹²
1160 5162 1366 5219 Matth.
1417 5179 1472 5233 x,
1523 5163 1611 5217 34.

389 5239 434 5276 ⁶¹
469 5236 579 5295 Isa.
619 5254 657 5309 1,
691 5238 743 5307 3,
779 5235 1019 5292 1“ibid.

463 5364 581 5440 (33)
608 5362 1016 5440 Genebrardus
1035 5359 1164 5440 ait:
1218 5359 1382 5432 Legit
1404 5374 1545 5440 _erhgo
1599 5357 1876 5440 Origenes
1908 5377 2044 5417 cum

391 5431 638 5504 Latinis,
673 5435 829 5493 bona:
856 5433 1174 5500 voluntatis,
1208 5431 1323 5486 non
1357 5435 1422 5486 ut
1451 5431 1752 5499 Graeculis,
1786 5435 1925 5488 bona
1952 5450 2044 5489 vo-

392 5513 832 5658 fmzégoDemus
861 5573 1197 5658 Adamantii
1233 5573 1498 5658 ingenio,
1525 5574 1680 5646 quod
1699 5574 1794 5658 lita
1823 5581 2045 5658 Apoca-

391 5649 1106 5727 lypsis__cap._x1__locum
1165 5649 1600 5727 interpretetur,
1653 5651 1717 5727 _et
1746 5649 2048 5720 geminum

395 5718 487 5784 sin
536 5725 650 5781 ulis
671 5718 945 5779 E'cclesiis
966 5722 1309 5794 episcopum
1331 5718 1591 5790 deputet,
1615 5718 1865 5775 alterum
1891 5737 2051 5793 aspe-

392 5743 696 5863 ctagilem,
719 5795 968 5853 alterum
990 5793 1102 5849 sub
1125 5790 1326 5863 oculos
1347 5789 1694 5863 neutiquam
1720 5795 2047 5851 cadentem.

393 5871 554 5961 quod
584 5862 832 5952 inferius
860 5865 1064 5960 bomil.
1096 5864 1167 5921 23
1213 5862 1492 5944 replicat;
1525 5862 1587 5923 at
1614 5862 1764 5924 illud
1793 5866 1890 5941 pio
1920 5865 2051 5929 uni-

1703 5163 1748 5199 ¹³
1802 5164 1968 5220 Joan.
2024 5181 2142 5236 xxv,
2172 5165 2260 5219 27.

2949 4965 3016 4974 ο--ο

2361 5162 2403 5196 ¹⁴
2434 5158 2587 5217 Psal.
2647 5175 2834 5229 CXXVI,
2888 5160 2938 5226 l,
3025 5159 3068 5192 ³⁵
3126 5161 3304 5233 Apoc.
3354 5175 3440 5231 ιιι,
3489 5159 3559 5214 42
3610 5173 3671 5228 ιι,
3721 5157 3808 5212 15.

2155 5359 2367 5430 cuique
2397 5355 2828 5430 repudiandum
2851 5355 3091 5430 omnino
3110 5359 3213 5430 _est
3232 5361 3406 5430 atque
3437 5370 3470 5408 a
3503 5353 3615 5408 fide
3645 5351 3814 5430 abso‘

2157 5425 2513 5500 num,'qu6d
2545 5427 2717 5500 paulo
2767 5433 2900 5500 post
2949 5428 3187 5500 subdit,
3222 5425 3554 5500 frequenter
3584 5425 3811 5482 evenire

2158 5505 2341 5559 bonos
2373 5496 2646 5556 custodes
2675 5496 2932 5572 angelos,
2969 5501 3138 5556 nobis
3176 5496 3810 5572 laborantibu_s,‘suum

2158 5574 2416 5631 ofﬁcium
2450 5588 2564 5627 non
2610 5567 2859 5643 exple're,
2911 5577 2969 5627 et
3000 5573 3057 5626 in
3107 5569 3279 5643 culpa
3328 5584 3475 5623 esse.
3503 5567 3651 5643 _Vide
3683 5585 3810 5643 quae

2159 5651 2362 5703 contra
2393 5639 2712 5700 solemnem
2761 5639 2912 5700 hanc
2943 5639 3222 5712 Origenis‘
3243 5642 3313 5696 de
3352 5639 3813 5712 angelorum—la-

2157 5719 2368 5792 psibus
2394 5715 2729 5790 opinionem
2759 5717 2911 5773 infra
2947 5715 3019 5772 ad
3048 5712 3256 5770 homil.
3288 5712 3359 5769 25
3388 5712 3812 5772 animadverti-

2161 5807 2318 5848 mus.
