4304 6582
570 446 694 514 263

989 566 1278 628 285-86
1316 554 1626 632 HOMILIA
1665 561 1806 619 XIV.

571 685 648 741 De
675 698 736 738 eo
765 679 912 754 quod
933 680 1198 754 scriptum
1220 679 1302 754 est
1324 693 1342 730 :
1375 697 1402 724 ‹‹
1439 671 1573 728 Cum
1591 674 1774 754 autem
1798 669 2022 754 impleti
2050 669 2220 754 essent

572 740 686 812 dies
713 740 1152 810 circumcisionis
1181 749 1315 820 ejus,
1371 769 1398 820 ξ›
1429 760 1620 820 usque
1641 743 1712 820 _ad
1761 759 1885 820 eum
1919 741 2095 820 locum
2123 740 2218 794 ubi

573 829 692 884 ait:
724 848 753 877 ‹‹
786 831 902 882 Par
926 815 1216 879 turturum
1255 815 1307 874 et
1350 818 1480 874 duos
1509 815 1710 888 pullos
1757 815 2153 868 columbarum.
2185 829 2211 861 ι

574 899 712 971 Cap,
745 914 806 952 ιι.

643 1021 804 1087 Quod
837 1022 1107 1076 mortuus
1128 1020 1218 1072 est
1246 1013 1530 1078 Christus,
1563 1027 1665 1083 pro
1689 1013 1922 1082 peccato
1951 1011 2217 1062 mortuus

561 1107 680 1170 'est.
709 1110 836 1169 Non
859 1108 998 1182 quia
1022 1107 1145 1179 ipse
1167 1102 1504 1175 peccaverit,
1529 1117 1715 1172 neque
1736 1098 1889 1153 enim
1914 1101 2214 1168 peccatum

572 1201 727 1264 fecit.
762 1215 866 1255 nec
893 1198 1164 1252 inventus
1195 1197 1283 1248 est
1312 1189 1480 1246 dolus
1512 1189 1571 1244 in
1603 1204 1699 1243 ore
1731 1187 1898 1258 ejus;
1933 1186 2030 1241 sed
2068 1201 2217 1238 mor-

570 1294 710 1346 tuus
741 1293 848 1353 est,
896 1290 961 1342 ut
989 1301 1094 1339 nos
1140 1281 1239 1354 qui
1272 1279 1485 1335 mortui
1537 1293 1766 1347 sumus,
1801 1273 1899 1330 illo
1932 1273 2216 1329 moriente

568 1376 838 1450 peccatis,
871 1386 1240 1445 nequaquam
1274 1371 1507 1440 peccato
1539 1370 1596 1420 et
1620 1363 1778 1420 vitiis
1799 1363 2125 1418 viveremus
2149 1361 2210 1415 ιτ.

568 1466 728 1522 Unde
787 1463 1099 1519 scribitur:
1159 1459 1325 1514 Sicut
1382 1456 1560 1529 igitur
1600 1453 1947 1511 commortui
2005 1465 2214 1506 sumus

566 1559 708 1611 tunc
738 1553 835 1610 illo
884 1549 1188 1619 moriente,
1221 1553 1277 1604 et
1324 1544 1798 1601 consurreximus
1848 1539 2209 1611 resurgenti:

567 1644 650 1702 sic
667 1659 799 1699 cum
813 1658 879 1698 eo
895 1637 1226 1696 circumcisi
1245 1652 1474 1704 sumus,
1494 1639 1550 1689 et
1568 1637 1697 1705 post
1709 1629 2214 1686 circumcisionem

567 1731 815 1792 solemni
847 1729 1192 1803 purgatione
1215 1723 1500 1782 mundati.
1535 1723 1695 1779 Unde
1719 1721 1973 1790 nonjam
1998 1718 2218 1789 indige-

571 1838 704 1878 mus
735 1817 1179 1876 circumcisione
1208 1812 1446 1878 carnali,
1477 1812 1547 1867 Et
1575 1818 1640 1867 ut
1671 1811 1821 1865 scias
1845 1813 2078 1881 propter
2109 1823 2214 1861 nos

571 1909 753 1967 fuisse
777 1908 945 1964 illum
969 1903 1400 1971 circumcisum,
1426 1901 1560 1957 audi
1583 1899 1827 1956 Paulum
1861 1895 2214 1952 manifestis-

571 1999 720 2055 sime
750 1996 1160 2070 prardicantem
1195 1994 1256 2047 ¹⁸.
1289 1994 1350 2047 1η
1382 2007 1484 2062 quo
1523 1991 1759 2056 habitat,
1796 1986 2006 2058 inquit,
2035 1987 2218 2042 omnis

567 2086 852 2160 plenitudo
880 2083 1188 2140 divinitatis
1237 2081 1611 2153 corporaliter,
1663 2087 1713 2133 et
1741 2079 1868 2133 estis
1912 2078 1967 2130 in
2002 2076 2098 2130 illo
2126 2090 2214 2130 re-

568 2179 724 2252 pleti,
759 2177 855 2249 qui
882 2182 958 2230 est
986 2181 1149 2244 caput
1177 2173 1355 2228 omnis
1377 2171 1735 2242 principatus
1755 2175 1806 2224 et
1832 2165 2133 2238 potestatis,
2158 2165 2217 2219 in

569 2283 672 2342 quo
703 2275 755 2323 et
778 2264 1090 2322 circumcisi
1115 2263 1247 2318 estis
1273 2260 1687 2315 circumcisione
1717 2260 1837 2312 sine
1866 2254 2118 2310 manibus
2157 2255 2218 2308 in

567 2356 943 2427 expoliatione
960 2353 1201 2424 corporis
1221 2351 1436 2416 carnis,
1459 2349 1517 2404 in
1546 2348 1959 2404 circumcisione
1986 2345 2214 2409 Christi,

568 2443 866 2517 consepulti
898 2443 949 2497 ei
979 2443 1037 2497 in
1068 2441 1408 2512 baptismate,
1456 2437 1518 2492 in
1547 2454 1648 2508 quo
1696 2440 1745 2491 et
1771 2437 2218 2490 consurreximus

560 2552 661 2608 per
714 2533 872 2605 ﬁdem
931 2531 1262 2604 operationis
1323 2529 1442 2596 Dei,
1493 2529 1591 2598 qui
1664 2527 1948 2582 suscitavit
2001 2541 2124 2580 eum
2182 2541 2216 2578 a

564 2623 816 2680 mortuis.
851 2621 918 2676 Et
949 2635 1108 2675 mors
1136 2618 1336 2691 igitur,
1368 2621 1425 2672 et
1479 2613 1846 2679 resurrectio,
1879 2618 1934 2670 et
1963 2614 2213 2668 circum-

566 2711 707 2768 cisio
755 2712 906 2784 ejus,
966 2725 1069 2781 pro
1118 2707 1286 2764 nobis
1345 2705 1506 2761 factae
1558 2710 1717 2760 sunt.
1779 2707 1920 2760 Cum
1977 2704 2212 2774 impleti,

567 2801 781 2874 inquit,
811 2797 1141 2859 essentdies
1183 2795 1624 2851 circumcidendi
1667 2811 1920 2865 puerum,
1967 2800 2214 2848 vocatum

565 2893 748 2962 fuerat
773 2903 969 2945 nomen
1000 2888 1116 2954 eius
1145 2887 1317 2948 Jesus,
1361 2883 1504 2956 quod
1547 2886 1793 2938 vocatum
1821 2887 1897 2937 est
1927 2882 1992 2936 ab
2025 2881 2214 2952 angelo

567 2983 865 3050 antequam
890 2977 1285 3047 conciperetur.
1316 2971 1679 3029 Vocabulum
1721 2971 1860 3026 Jesu
1893 2969 2208 3042 gloriosum

568 3066 730 3125 omni
761 3065 1003 3122 adoratu
1037 3062 1315 3133 cultuque
1354 3059 1656 3132 appellari,
1694 3075 1881 3130 neque
1915 3059 1986 3113 ab
2018 3058 2101 3114 eis
2131 3059 2212 3114 ef-

567 3155 706 3212 ferri
737 3154 795 3209 in
827 3152 1139 3218 mundum,
1171 3151 1272 3206 sed
1297 3150 1368 3205 ab
1400 3147 1788 3204 excellentiori
1811 3148 2063 3219 quadarn
2098 3164 2216 3202 ma-

503 3241 511 3267 ”
563 3244 798 3318 jorique
819 3247 1049 3298 natura.
1075 3239 1238 3296 Unde
1263 3239 1565 3312 signanter
1586 3238 1940 3309 evangelista
1968 3236 2212 3304 addidit,

1817 430 1883 491 S.
1929 425 2242 492 EUSEBII
2286 426 2734 490 HlERONYMl

2247 564 2301 630 Α
2333 563 2449 616 tum
2477 566 2662 632 fuerat
2693 561 2761 616 ab
2790 559 2982 631 angelo
3003 561 3298 630 antequam
3326 556 3386 612 in
3411 563 3564 612 utero
3584 553 3977 627 conciperetur.

3855 422 3980 484 261

2330 649 2548 706 Dehinc
2574 651 2842 722 sequitur
2865 668 2877 706 :
2913 650 3180 721 Cumjam
3206 647 3416 719 impleti
3445 648 3620 702 essent
3641 645 3756 702 dies
3773 661 3981 718 purga-

2329 741 2496 795 tionis
2517 757 2706 797 eorum
2762 739 3056 795 secundum
3105 740 3281 808 legem
3321 738 3512 809 Moysi,
3544 736 3825 791 (iuuerunt
3853 752 3982 792 eum

2326 831 2738 901 Jerosotymam.
2773 831 3013 900 Propter
3045 829 3478 900 purgationem,
3504 826 3718 898 inquit,
3749 842 3975 884 eorum.

2327 918 2582 982 Quorum
2615 936 2814 974 eorum
2839 919 2865 972 ‘l
2895 919 2949 972 Si
2990 918 3271 990 scriptum
3305 922 3460 972 esset
3500 923 3739 988 propter
3762 931 3980 989 purga-

2326 1007 2542 1064 tionem
2568 1010 2714 1079 ejus,
2734 1009 2789 1063 id
2822 1014 2930 1076 est,
2947 1007 3142 1063 Mariae
3166 1024 3291 1078 quas
3317 1004 3794 1078 pepererat,nihil
3828 1021 3983 1077 qua-

2327 1095 2503 1151 tionis
2535 1097 2803 1163 oriretur,
2839 1103 2893 1151 et
2917 1098 3191 1152 audacter
3211 1096 3560 1165 diceremus,
3595 1094 3838 1150 Mariam
3864 1095 3977 1167 (35)

2325 1202 2452 1256 quae
2485 1185 2658 1241 homo
2680 1194 2820 1256 erat,
2852 1186 3195 1258 purgatione
3216 1183 3542 1256 indiguisse
3564 1189 3698 1256 post
3716 1189 3977 1256 partum.

2323 1273 2487 1330 Nunc
2508 1292 2640 1330 vero
2672 1276 2729 1329 in
2754 1292 2819 1331 eo
2843 1276 2997 1346 quod
3021 1275 3120 1345 ait,
3147 1275 3265 1330 dies
3285 1275 3630 1344 purgationis
3653 1273 3764 1344 (36)
3786 1289 3979 1329 eorum

2325 1381 2434 1418 non
2468 1363 2698 1419 videtur
2747 1381 2931 1419 unum
2981 1363 3332 1434 significare,
3384 1364 3485 1418 sed
3537 1363 3807 1433 alterum,
3853 1362 3978 1419 sive

2324 1451 2538 1523 plures.
2557 1453 2704 1523 Ergo
2716 1453 2889 1508 Jesus
2913 1453 3255 1525 purgatione
3274 1451 3545 1525 indiguit,
3563 1451 3976 1509 etimmundus

2325 1541 2454 1607 fuit,
2487 1547 2586 1596 aut
2616 1541 2813 1613 aliqua
2851 1543 3021 1598 sorde
3053 1541 3337 1614 pullutus.
3367 1542 3700 1597 Temeraria
3732 1541 3972 1598 forsitan

2322 1631 2522 1685 videor
2551 1631 2762 1698 dicere,
2813 1633 2914 1688 sed
2954 1633 3385 1703 Scripturarum
3435 1630 3780 1687 auctoritate
3810 1646 3975 1687 com-

2326 1725 2540 1776 motus.
2577 1721 2710 1776 Vide
2770 1722 2908 1792 quid
2953 1721 3010 1776 in
3067 1722 3177 1777 Job
3233 1720 3518 1792 scriptum
3576 1720 3772 1777 est”:
3808 1718 3975 1776 Nemo

2324 1808 2561 1863 mundus
2600 1826 2633 1864 a
2661 1808 2837 1875 sorde,
2866 1826 2965 1865 nec
2992 1811 3044 1865 si
3071 1812 3239 1866 unius
3267 1810 3483 1880 quidem
3519 1809 3630 1865 diei
3657 1811 3832 1879 fuerit
3860 1811 3976 1864 vita

2326 1901 2465 1968 ejus.
2501 1898 2623 1954 Non
2655 1898 2817 1969 dixit,
2847 1916 3016 1955 nemo
3044 1901 3304 1955 mundus
3331 1915 3364 1954 a
3395 1903 3654 1970 peccato,
3687 1898 3787 1955 sed
3815 1913 3976 1954 nemo

2328 1986 2614 2044 281-88
2645 1988 2882 2043 mundus
2911 2006 2944 2044 a
2970 1989 3144 2045 sorde.
3190 1988 3387 2061 Neque
3415 1987 3570 2043 enim
3603 1987 3860 2060 idipsum
3892 1987 3974 2042 si-

2325 2077 2607 2148 gnificant
2627 2078 2828 2133 sordes
2850 2084 3025 2149 atque
3046 2084 3301 2149 peccata.
3326 2083 3390 2132 Et
3413 2083 3480 2132 ut
3497 2075 3648 2133 scias
3668 2074 3824 2131 aliud
3853 2091 3976 2132 sor-

2326 2169 2480 2238 dem,
2503 2167 2662 2222 aliud
2685 2185 2890 2224 sonare
2910 2176 3232 2240 peccatum,
3257 2168 3437 2225 Isaias
3453 2167 3760 2224 manifeste
3781 2166 3971 2235 docet,

2325 2257 2524 2312 d'cens
2555 2257 2635 2313 ³ος
2670 2258 2896 2313 ιιατυίιὸίι
2933 2259 3196 2314 Dominus
3227 2257 3438 2313 sordem
3466 2257 3710 2328 ﬁliorum
3740 2264 3792 2311 et
3821 2255 3975 2326 ﬁlia-

2323 2361 2454 2400 rum
2483 2346 2634 2412 Sion,
2669 2351 2722 2401 et
2752 2349 3078 2417 sanguinem
3120 2348 3412 2404 mundabit
3451 2347 3516 2402 de
3543 2346 3730 2402 medio
3761 2359 3972 2413 eorum,

2321 2437 2527 2505 spiritu
2547 2435 2755 2506 judicii
2794 2437 3023 2503 sordem,
3058 2445 3108 2492 et
3163 2439 3372 2508 spiritu
3421 2436 3809 2492 combustionis
3836 2450 3972 2491 san-

2322 2526 2568 2592 guinem.
2602 2524 2806 2581 Omnis
2836 2527 3034 2581 anima
3066 2543 3192 2598 quae
3224 2526 3484 2581 humano
3527 2541 3767 2598 corpore
3797 2523 3974 2580 fuerit

2324 2614 2550 2680 induta,
2584 2613 2758 2669 habet
2789 2615 2991 2670 sordes
3042 2633 3200 2672 suas.
3240 2614 3310 2670 Ut
3358 2621 3553 2671 autem
3586 2615 3738 2670 scias
3765 2617 3972 2670 Jesum

2324 2718 2554 2774 quoque
2585 2703 2946 2757 sordidatum
2971 2704 3340 2760 sentiendum
3370 2703 3694 2759 secundum
3726 2701 3972 2776 ignomi-

2323 2791 2479 2848 niam
2507 2793 2716 2859 crucis,
2744 2809 2858 2847 non
2883 2795 3207 2848 secundum
3231 2793 3418 2866 ipsam
3443 2809 3622 2865 quam
3645 2791 3974 2864 assumpsit

2322 2886 2584 2936 sanctam
2616 2897 2871 2948 carnem,
2895 2882 2965 2937 de
2994 2899 3110 2954 qua
3134 2881 3444 2954 Apostolus
3473 2882 3555 2938 ait
3579 2899 3591 2938 :
3625 2883 3687 2938 In
3714 2881 3973 2937 similitu-

2321 2969 2506 3025 dinem
2533 2971 2719 3026 carnis
2743 2969 2954 3042 peccati
2995 2972 3174 3027 fuisse
3222 2971 3457 3044 propria
3484 2971 3804 3037 voluntate,
3835 2971 3975 3043 quia

2324 3075 2426 3130 pro
2457 3058 2645 3115 salute
2677 3065 2875 3115 nostra
2922 3060 3249 3117 humanum
3304 3077 3517 3133 corpus
3548 3063 3972 3132 assumpserat,

2321 3148 2657 3203 Zachariam
2692 3149 3036 3220 prophetam
3079 3149 3345 3205 ausculta
3392 3149 3679 3206 dicentem
3711 3150 3752 3183 “
3781 3165 3795 3204 :
3825 3149 3981 3206 Jesus

2321 3247 2440 3294 erat
2472 3238 2695 3294 indutus
2727 3239 2960 3294 vestibus
2997 3240 3273 3296 sordibus.
3309 3239 3469 3303 Quod
3519 3239 3758 3311 quidem
3787 3243 3846 3294 et
3873 3237 3978 3292 ad-

571 3310 777 3392 dioens
801 3348 814 3387 :
845 3332 911 3388 Et
940 3333 1188 3386 vocatum
1214 3333 1296 3384 est
1323 3310 1520 3384 nomen
1552 3329 1668 3400 ejus
1695 3328 1868 3394 Jesus,
1906 3325 2045 3398 quod
2072 3343 2219 3381 voca-
2251 3310 2293 3377 C
2332 3344 2533 3382 versus
2565 3345 2663 3383 eos
2688 3329 2799 3401 (37)
2825 3329 2981 3397 facit,
3003 3329 3103 3400 qui
3129 3334 3345 3402 negant
3370 3310 3685 3385 Dominum
3711 3333 3978 3384 nostrum

647 3479 688 3514 ιτ
721 3477 887 3533 Rom.
937 3491 1013 3542 v1,
1061 3474 1114 3529 5.
1169 3473 1212 3508 ¹⁸
1261 3471 1484 3528 Coloss.
1535 3488 1596 3540 ιι,
1645 3471 1803 3524 6-12.
1868 3471 1911 3506 ¹⁹
1953 3487 2080 3542 cap.
2111 3485 2219 3536 xxv,

2327 3488 2417 3536 :rs,
2451 3473 2501 3540 4,
2535 3473 2589 3525 5.
2657 3473 2700 3507 ³ο
2731 3489 2856 3544 cap.
2893 3490 2967 3538 iv,
3025 3489 3175 3529 vers.
3237 3475 3290 3528 4.
3349 3473 3392 3507 ²¹
3450 3488 3578 3544 cap.
3625 3488 3708 3538 ιιι,
3740 3487 3889 3528 vers.
3923 3470 3980 3526 3.

645 3628 757 3701 (35)
787 3627 944 3683 Satis
974 3625 1232 3701 benigne
1253 3625 1324 3701 de
1365 3623 1726 3701 Adamantio
1745 3622 2003 3701 senserit
2022 3623 2220 3678 Hiero-

576 3695 811 3773 ny'mus,
835 3714 968 3754 cum
992 3695 1159 3773 illum
1185 3698 1265 3750 ait
1286 3697 1341 3750 in
1360 3696 1692 3773 praefatione
1715 3695 2014 3773 hujusmet
2036 3701 2224 3773 trans-

575 3765 835 3839 lationis,
867 3771 1027 3839 quasi
1053 3783 1290 3838 puerum
1331 3765 1464 3839 talis
1511 3767 1714 3822 ludere.
1750 3765 1820 3820 Ut
1851 3765 2006 3820 enim
2041 3767 2224 3839 multa

576 3846 637 3900 in
668 3838 911 3913 reliquiis
934 3841 990 3894 in
1012 3840 1230 3913 Lucam
1263 3838 1522 3913 homiliis
1546 3839 1772 3913 absona
1793 3838 2219 3913 pronuntiarit:

577 3931 704 3988 quas
735 3908 812 3968 in'
840 3911 948 3966 hac
999 3912 1063 3965 14
1113 3911 1512 3988 elu_cubr_a_nd_a
1559 3908 1822 3988 effutivit,
1856 3908 2015 3962 nullo
2048 3925 2222 3988 excu-

578 3980 695 4044 sari
726 3989 892 4058 pacto
923 3988 1164 4058 queunt.
1197 3982 1301 4058 ilic
1332 3982 1589 4058 _Mariam
1625 3981 1856 4058 quippe
1883 3998 2015 4035 cum
2049 3980 2224 4036 homo

576 4052 1092 4128 eratfpurgatione
1122 4054 1464 4128 indiguisse,
1498 4052 1960 4128 adeoquefuisse
1986 4058 2223 4128 peccato

578 4125 909 4198 obnoiiam,
943 4125 1328 4182 audacissime
1371 4127 1636 4181 blaterat.
1686 4125 1815 4198 Scio
1848 4127 1999 4198 quod
2035 4126 2222 4198 proje-

575 4207 727 4259 ctam
759 4199 1144 4256 temeritatem
1164 4199 1361 4253 Sixtus
1384 4199 1658 4253 Senensis
1689 4197 1788 4252 lib.
1807 4197 2225 4251 vaibliothecee

577 4272 956 4332 adnotatione
1008 4272 1108 4325 136
1166 4269 1258 4325 his
1313 4269 1521 4324 nititur
1590 4284 1902 4323 excusare:
1961 4268 2225 4335 Intelligtt

573 4343 1090 4420 ﬁirtasse_0rigenes
1119 4357 1231 4396 non
1253 4341 1345 4420 __de
1378 4341 1706 4420 purgatione
1754 4339 1822 4392 ab
1853 4339 2225 4420 immunditiis

578 4410 629 4473 et
657 4415 906 4473 sordibus
921 4410 1134 4484 partus,
1167 4413 1364 4484 quibus
1380 4410 1534 4466 nulli
1560 4411 1794 4484 dubium
1821 4414 1897 4464 est
1917 4426 2027 4464 non
2052 4410 2226 4484 fuisse

576 4488 813 4543 Mariam
863 4482 1196 4550 obnoxiam,
1253 4483 1344 4538 sed
1399 4484 1463 4537 de
1521 4482 1719 4536 ritibus
1761 4485 1811 4536 et
1858 4483 2221 4548 caeremoniis,

578 4559 778 4632 quibus
833 4555 1032 4632 Moyses
1077 4570 1370 4632 puerperas
1415 4554 1650 4632 lustrari
1696 4554 1962 4632 iusserat:
2000 4555 2095 4632 has
2125 4569 2224 4607 ne-

579 4625 722 4686 cesse
749 4630 868 4685 erat
897 4625 1109 4680 servari
1136 4643 1170 4680 α
1193 4629 1376 4679 matre
1401 4625 1585 4694 illius,
1611 4627 1707 4695 qui
1737 4626 1874 4694 leges
1905 4626 2225 4696 impleturus

2334 3623 2663 3696 orthodoxa
2695 3623 2979 3693 Ecclesiae,
3015 3641 3139 3695 quae
3172 3625 3400 3680 beatam
3433 3623 3724 3696 Virginem
3754 3621 3982 3696 speciali

2332 3695 2430 3750 Dei
2453 3697 2740 3766 privilegio
2773 3697 3001 3750 nullum
3025 3713 3284 3768 unquam
3318 3697 3376 3751 in
3410 3712 3471 3752 se
3507 3695 3817 3752 admisisse
3846 3710 3973 3767 peo-

2333 3778 2523 3839 catum
2559 3768 2746 3835 docet,
2783 3769 2955 3823 tidem
3003 3775 3203 3824 contra
3251 3768 3649 3824 haereticorum
3702 3768 3978 3839 blasphe-

2336 3838 2484 3892 mias
2510 3844 2720 3892 teneat.

2404 3911 2517 3977 (3(5)
2549 3909 2745 3983 Graeca
2787 3909 2956 3983 lectio
2988 3908 3180 3980 αὐτῶν,
3216 3928 3340 3983 quae
3374 3927 3527 3965 nunc
3561 3925 3793 3983 quoque
3823 3909 3979 3983 obti:

2335 3985 2450 4045 net,
2474 3998 2574 4051 pro
2593 3979 2780 4053 αὐτῇς,
2796 3981 2853 4035 in
2873 3998 3124 4037 errorem
3138 3979 3318 4037 Adam
3329 3979 3799 4047 nantiumtrakit,
3820 3981 3976 4053 quod

2333 4057 2391 4107 et
2421 4058 2682 4126 notatum
2702 4053 2907 4126 Huetio
2924 4054 3139 4126 est,qui
3161 4059 3494 4126 corruptam
3521 4070 3646 4110 eam
3670 4053 3978 4126 lectionem

2332 4130 2519 4196 vocat,
2552 4125 2790 4196 vultque
2825 4125 2906 4179 illi
2940 4123 3091 4181 hanc
3122 4123 3362 4182 alteram
3408 4127 3646 4181 omnino
3677 4123 3978 4191 subslitui,

2334 4193 2523 4278 ειύῖῇς,
2556 4193 2783 4278 nempe,
2834 4202 2970 4278 ejus,
3009 4198 3178 4278 juata
3226 4197 3535 4278 Vulgatam
3583 4203 3640 4253 et
3667 4196 3978 4278 arabicam

2333 4267 2873 4338 interpretationem
2902 4269 3234 4340 Erpenianaa
3266 4267 3557 4334 editionis,
3582 4268 3797 4340 quibus
3829 4268 3979 4324 addo

2335 4343 2392 4392 et
2421 4339 2737 4413 Copticam.
2772 4341 2839 4394 Et
2863 4339 2996 4413 vero
3022 4341 3327 4413 Origenem
3352 4341 3567 4413 erroris
3588 4339 3715 4412 ipse
3746 4355 3980 4395 monere

2335 4412 2621 4493 potuisset
2654 4412 2885 4493 Levitici
2913 4411 3080 4493 locus
3124 4411 3250 4493 cap.
3287 4430 3348 4493 n_,
3383 4412 3480 4484 qui
3525 4411 3818 4493 puerpera;
3851 4417 3977 4493 tan-

2334 4487 2481 4557 tum,
2508 4501 2620 4538 non
2643 4484 2818 4538 etiam
2843 4483 3049 4538 infanti
3072 4483 3335 4540 adhiberi
3361 4483 3763 4557 purgationem
3787 4483 3976 4557 jubet.

2334 4553 2519 4628 Nunc,
2556 4572 2892 4626 quanquam
2926 4557 3147 4628 nonob
3185 4553 3691 4628 peccatum'(quod
3725 4553 3980 4628 cogitare

2335 4625 2405 4700 de
2434 4625 2664 4700 Christo
2695 4625 2861 4683 mens
2884 4627 3136 4700 refugit),
3167 4625 3503 4700 purgatione
3521 4625 3716 4683 tamen
3749 4625 3978 4700 obsor-

577 4681 966 4780 Quirinum
987 4697 1406 4780 .d‘estructurust‘
1435 4696 1538 4751 Cui
1571 4681 1640 4750 'e‘t
1671 4681 2227 4780 suppetiasjticcedit
2254 4681 2300 4746 D
2332 4697 2455 4780 des.
2495 4681 2815 4780 indiguisse
2871 4681 3191 4780 JesuinJie't
3247 4681 3772 4780 immundumfaut
3791 4699 3982 4780 aliqua

580 4773 652 4828 cl.
690 4768 950 4836 Huetius,
984 4769 1238 4840 idipsum
1264 4768 1616 4824 confirmans
1647 4786 1712 4822 ex
1739 4785 1802 4822 eo
1831 4769 1985 4839 quod
2017 4768 2220 4840 homil.

579 4846 612 4897 8
644 4844 702 4898 in
734 4841 1047 4898 Leviticum
1072 4839 1284 4895 scribit
1319 4840 1616 4911 Origenes,
1667 4857 1763 4894 eas
1795 4841 1983 4894 solum
2017 4839 2222 4894 mulie-

580 4933 672 4972 res
703 4915 763 4969 in
820 4911 1098 4984 pariendo
1157 4929 1283 4967 esse
1323 4913 1680 4984 immundus,
1707 4929 1832 4982 quae
1866 4913 2088 4984 semine
2117 4913 2224 4966 ad-

583 4989 763 5044 misso
795 4982 1132 5053 concipiunt
1153 4990 1207 5038 et
1228 4983 1462 5054 pariunt
1486 5002 1498 5050 ;
1525 5001 1651 5052 que
1681 5000 1810 5038 vero
1834 4983 2055 5037 semine
2086 5000 2225 5037 neu-

579 5061 805 5133 tiquam
824 5061 1108 5133 suscepto
1133 5057 1371 5133 peperit,
1395 5073 1522 5133 eam
1555 5071 1684 5133 v‘ere
1714 5055 2082 5133 immundam
2109 5071 2222 5133 non

579 5125 745 5188 esse:
779 5127 879 5184 ubi
903 5125 1270 5198 etiinsigne’m
1294 5128 1555 5198 ejusdem
1579 5125 1770 5198 locum
1803 5127 2008 5198 recitat
2039 5143 2104 5181 ex
2125 5127 2226 5181 ho-

579 5203 744 5260 milia
777 5203 842 5255 12
873 5197 1154 5270 inLevit:
1189 5214 1302 5268 quo
1325 5197 1742 5270 generationis
1791 5197 2002 5251 Christi
2035 5204 2090 5252 et
2112 5199 2224 5252 vir-

578 5274 791 5348 ginalis
819 5269 1008 5348 Maria}
1042 5270 1301 5348 corporis
1323 5271 1645 5348 mundities
1669 5269 2061 5348 disertissime
2087 5286 2226 5348 prs:-

579 5341 828 5402 dicatur.
889 5341 998 5398 Sed
1057 5341 1165 5396 etsi
1227 5347 1377 5395 recte
1434 5341 1570 5395 alibi
1626 5341 1880 5395 sensisse
1934 5341 2227 5412 colligitur

580 5417 756 5473 homo
802 5412 1173 5472 immoderati
1225 5412 1441 5484 ingenii
1498 5414 1844 5483 incertaeque
1900 5413 2222 5476 sententias,

582 5489 824 5543 minime
855 5488 1003 5543 hanc
1033 5485 1204 5542 diluit
1235 5486 1605 5539 manifestam
1650 5501 1880 5538 noxam.
1916 5485 2058 5538 Nam
2091 5501 2223 5539 cum

583 5559 720 5614 alibi
745 5576 994 5632 quoque,
1023 5557 1226 5632 homil.
1250 5556 1479 5632 Scilicet
1496 5558 1565 5609 20
1582 5555 1819 5632 inbunc
1843 5559 2036 5632 ipsum
2059 5573 2227 5611 evan-

623 5627 1224 5706 elistam,‘injuriosus
1257 5631 1312 5684 in
1341 5629 1578 5706 Marjam
1607 5628 1906 5706 Virginem
1931 5627 2026 5695 sit,
2051 5644 2224 5700 quam

625 5701 772 5756 ubiae
802 5697 1036 5762 accusat
1064 5702 1414 5774 incertaeque
1443 5697 1784 5774 ﬁdei,_pium
1807 5697 2084 5755 lectorem
2103 5718 2225 5756 mo-

580 5789 719 5857 nere
747 5789 981 5842 necesse
1009 5773 1140 5853 fuit,
1164 5789 1279 5853 quo
1306 5769 1419 5834 sibi
1441 5769 1785 5835 scandalum
1807 5777 2024 5848 caveat,
2049 5777 2226 5849 atque

2330 4770 2486 4825 sorde
2529 4770 2821 4841 pollutum,
2873 4771 3231 4844 pronuntiat.
3259 4772 3592 4844 iPerperam
3641 4786 3870 4843 quoque
3899 4770 3978 4844 _in

2335 4857 2517 4916 suum
2543 4859 2784 4916 sensum
2809 4841 3113 4916 detorquet
3139 4843 3272 4898 Jobi
3294 4841 3486 4898 locum
3510 4861 3540 4916 ;_
3557 4841 3722 4916 Nemo
3741 4841 3982 4916 mundus

2331 4926 2366 4964 a
2394 4913 2575 4986 sorde,
2607 4919 2717 4986 etc.
2739 4913 3108 4986 Nequissime
3128 4931 3260 4970 vero
3283 4933 3456 4970 suum
3485 4914 3629 4970 illud
3652 4914 3746 4969 hic
3766 4913 3983 4986 ingerit

2334 4985 2591 5040 solemne
2623 4985 3096 5056 deliramentum,
3148 4991 3287 5042 tunc
3331 4987 3664 5042 sordescere
3694 4985 3980 5054 animam,

2333 5070 2465 5112 cum
2502 5058 2742 5112 mortale
2786 5075 2996 5130 corpus
3043 5059 3254 5122 induit,
3307 5059 3546 5130 parique
3593 5061 3760 5128 pacto
3793 5058 3981 5112 Iesum

2333 5142 2543 5201 quoque
2569 5133 2894 5184 sorditatam
2921 5131 3260 5184 sentiendum
3286 5132 3586 5186 secundum
3616 5131 3983 5201 ignominiam

2333 5199 2534 5268 crucis,
2570 5202 2722 5272 quod
2756 5204 2884 5271 ejus
2931 5201 3152 5255 scilicet
3180 5202 3378 5256 anima
3409 5203 3464 5257 in
3511 5199 3782 5257 muliebri
3817 5205 3980 5272 utero

2335 5275 2444 5331 sibi
2479 5270 2688 5344 corpus
2720 5270 3072 5346 adjunxerit.
3113 5272 3272 5346 Unde
3303 5279 3358 5329 et
3390 5273 3631 5329 inferius
3661 5272 3873 5346 psalmi
3904 5270 3986 5328 vi-

2373 5346 2540 5400 esimi
2601 5345 2958 5417 primiiloco
3016 5344 3294 5412 abutitur,
3357 5344 3690 5417 loquentem
3733 5346 3982 5400 induens

2373 5366 2540 5400 esum
2601 5366 2773 5416 prum
2835 5366 2958 5400 IOCO
3016 5366 3294 5412 HUUUIUI‘,
3357 5366 3690 5417 loquentem
3733 5366 3980 5400 IDGUCHB

2333 5366 2727 5474 galvatorem:
2789 5416 2896 5483 Ego
2953 5433 3075 5470 sum
3130 5419 3326 5470 vermis
3380 5421 3430 5470 et
3482 5434 3594 5473 non
3637 5417 3819 5483 homo,
3869 5420 3980 5472 etc.

2335 5489 2496 5556 Quod
2526 5487 2741 5560 videbat
2798 5490 2858 5541 in
2888 5488 3082 5560 matris
3137 5494 3292 5560 utero
3345 5488 3761 5544 immunditiam
3789 5502 3983 5560 corpo-

2334 5578 2475 5627 rum,
2511 5558 2802 5632 m’sceribus
2850 5561 2962 5630 ejus
3005 5559 3132 5613 hinc
3179 5559 3306 5614 inde
3349 5562 3617 5632 vallatus,
3663 5564 3716 5617 et
3743 5558 3983 5617 terrenae

2332 5635 2484 5705 facis
2510 5630 2820 5705 pqtiebatur
2851 5633 3153 5705 angustias,
3180 5636 3285 5686 etc.

2405 5704 2520 5779 (3])
2551 5701 3088 5779 PutaMarcionitas
3119 5707 3292 5779 atque
3327 5702 3649 5779 Ehionitas,
3681 5719 3830 5779 quos
3858 5706 3981 5779 tra-

2336 5776 2423 5834 dit
2451 5773 2786 5836 Gennadius
2828 5773 2978 5836 libro
3023 5775 3098 5835 De
3139 5773 3503 5854 dogmatibus,
3545 5773 3776 5861 cap.'2,
3818 5775 3980 5846 amr-
