4304 6628
265 478 393 546 ωδ

714 482 1216 548 TRANSLATIO
1259 485 1757 552 HOMILIARUM
1803 487 2173 552 ORIGENIS
2219 492 2299 552 IN
2345 493 2639 556 LUCAM.
2674 526 2754 540 -
2782 494 3053 559 HOMIL.
3084 496 3241 561 XIV.

3563 468 3685 564 see

261 617 596 673 humanum
629 617 906 675 habuisse
933 636 1165 692 corpus,
1192 622 1290 677 sed
1313 623 1647 678 coelestibus
1669 623 1915 696 etspiri-
1949 626 2000 691 Α
2028 629 2304 695 sanguine
2328 644 2489 696 puro,
2522 633 2570 682 et
2606 628 2672 682 ad
2703 633 3005 685 extremum
3035 637 3087 687 et
3115 633 3226 702 ipse
3246 632 3437 701 infans
3479 634 3689 691 sedebit

260 708 488 763 talibus
522 707 703 764 fuisse
734 713 1091 765 contextum.
1124 710 1182 766 Si
1216 710 1371 766 enim
1404 712 1476 766 de
1493 712 1920 782 coclestibus,et

258 801 331 852 ut
360 796 447 851 illi
482 795 627 853 falso
659 802 948 867 asserunt,
982 799 1053 855 de
1084 798 1376 855 sideribus
1406 804 1461 856 et
1491 800 1606 856 alia
1664 802 1917 873 quadam

258 885 593 943 sublimiori
629 887 999 960 spiritalique
1029 892 1242 945 natura
1273 906 1487 962 corpus
1544 890 1673 961 ejus
1719 891 1916 958 fuerit,

256 976 653 1048 respondeant
676 992 856 1048 quare
896 977 1152 1049 potuerit
1212 977 1474 1050 spiritale
1524 995 1735 1053 corpus
1789 996 1918 1036 esse

258 1065 588 1136 sordidum,
614 1070 714 1121 aut
743 1067 1041 1138 quomodo
1092 1067 1202 1123 hoc
1260 1068 1719 1141 interpretentur
1760 1070 1916 1142 quod

259 1156 593 1229 posuimus,
625 1158 775 1213 Iesus
807 1160 925 1212 erat
964 1157 1187 1213 indutus
1242 1159 1484 1213 vestibus
1539 1159 1795 1215 sordidis.
1856 1158 1916 1214 Si

261 1248 460 1302 autem
496 1244 712 1300 fuerint
740 1244 1080 1301 necessitate
1112 1246 1423 1317 compulsi,
1459 1250 1522 1301 ut
1566 1247 1925 1321 suscipiant,-

261 1332 528 1406 spiritale
548 1350 761 1409 corpus
783 1335 1088 1391 sordidum
1114 1335 1361 1409 intelligi
1378 1336 1917 1406 vestimentum,de-

256 1424 401 1481 bent
430 1430 853 1497 consequenter
876 1425 1067 1482 dicere
1089 1425 1365 1497 quoniam
1391 1425 1533 1481 illud
1560 1428 1710 1498 quod
1742 1427 1802 1482 in
1826 1445 1915 1483 re-

257 1513 756 1589 promissionibus
790 1515 1027 1587 ponitur
1059 1514 1413 1587 completum
1448 1515 1543 1585 sit,
1577 1515 1633 1570 id
1667 1522 1755 1572 est
1783 1532 1795 1570 :
1821 1516 1913 1572 Se-

256 1606 509 1660 minatur
523 1619 718 1676 corpus
741 1605 1004 1672 animate,
1025 1607 1208 1674 surgit
1229 1620 1423 1676 corpus
1470 1605 1732 1677 spiritale
1761 1607 1825 1676 ’⁸,
1860 1610 1917 1661 et

259 1694 414 1768 quod
440 1693 643 1765 polluti
677 1698 733 1750 et
789 1694 1011 1749 sordidi
1064 1711 1473 1767 resurgamus,
1532 1696 1687 1767 quod
1738 1697 1913 1751 etiam

259 1784 515 1857 cogitare
533 1782 831 1857 piaculum
854 1789 940 1839 est
958 1784 1208 1838 maxime
1224 1801 1354 1839 eum
1381 1801 1479 1856 qui
1497 1784 1607 1839 scit
1627 1784 1913 1857 scriptum

260 1889 426 1932 esse:
453 1873 773 1929 Seminatur
804 1875 866 1929 in
892 1875 1269 1945 corruptione,
1303 1876 1485 1943 surgit
1545 1875 1605 1930 in
1656 1877 1915 1930 incorru-

257 1967 480 2039 ptione;
509 1963 816 2019 seminatur
846 1964 907 2017 in
931 1964 1300 2034 ignobilitate,
1333 1966 1509 2035 surgit
1532 1965 1589 2018 in
1611 1964 1914 2035 gloria;se-

265 2054 517 2109 minatur
542 2055 602 2108 in
636 2054 986 2123 inﬁrmitate,
1035 2054 1214 2123 surgit
1246 2055 1302 2107 in
1341 2053 1710 2121 fortitudine;
1751 2056 1916 2109 semi-

266 2147 642 2215 naturcorpus
664 2143 931 2203 animale.
956 2144 1337 2213 surgitcorpus
1356 2142 1609 2213 spiritale
1629 2143 1718 2197 η’.
1744 2142 1919 2214 Opor-

266 2239 350 2290 tet
366 2250 523 2306 ergo,
550 2238 613 2287 ut
635 2250 736 2304 pro
760 2232 1006 2287 Domino
1028 2236 1085 2286 et
1110 2230 1409 2287 Salvatore
1433 2236 1650 2300 nostro,
1676 2231 1772 2304 qui
1799 2250 1918 2288 sor-

266 2323 425 2380 didis
454 2322 818 2379 vestimentis
854 2323 1039 2376 fuerat
1069 2320 1335 2392 indutus,
1369 2325 1424 2376 et
1457 2325 1759 2377 terrenum
1792 2339 1916 2378 cor-

265 2429 379 2485 pus
403 2415 825 2483 assumpserat,
850 2427 916 2466 ea
943 2411 1431 2482 oil‘errenturquaa
1449 2426 1700 2482 purgare
1715 2412 1919 2467 sordes

261 2519 334 2558 ex
362 2501 489 2575 lege
518 2505 963 2556 consueverant.
988 2500 1148 2566 Quod
1182 2500 1518 2572 frequenter
1539 2498 1691 2554 inter
1712 2501 1919 2556 fratres

262 2591 567 2664 quaeritur,
602 2588 711 2644 loci
736 2589 1038 2644 occasione
1069 2593 1364 2644 commota
1397 2592 1666 2644 retracto.
1690 2588 1917 2645 Parvuli

263 2680 645 2753 baptizantur
674 2677 732 2733 in
769 2677 1172 2735 remissionem
1205 2683 1598 2751 peccatorum.
1660 2679 1919 2743 Quorum

269 2774 667 2843 peccatorum,
686 2767 775 2823 vel
799 2785 913 2840 quo
935 2774 1194 2840 tempore
1218 2767 1637 2840 peccaverunt?
1658 2775 1757 2824 aut
1777 2785 1922 2840 quo-

268 2860 448 2916 modo
480 2863 668 2931 potest
698 2858 819 2913 ulla
849 2857 1062 2913 lavacri
1099 2859 1157 2912 in
1208 2857 1469 2931 parvulis
1522 2858 1668 2913 ratio
1725 2858 1922 2914 subsi-

271 2955 449 3017 stere,
483 2949 596 3004 nisi
621 2950 789 3019 juxta
822 2947 987 3002 illum
1021 2965 1259 3003 sensum
1295 2949 1365 3003 de
1423 2965 1537 3020 quo
1589 2948 1699 3020 (38)
1751 2948 1922 3021 paulo

274 3047 413 3096 ante
443 3038 737 3095 diximus:
771 3038 963 3093 Nullus
982 3038 1220 3093 mundus
1258 3056 1293 3092 a
1319 3039 1496 3106 sorde,
1538 3053 1636 3092 nec
1663 3039 1714 3092 si
1754 3040 1925 3093 unius

272 3130 391 3186 diei
415 3131 639 3202 quidem
663 3129 833 3200 fuerit
864 3129 977 3183 vita
1006 3129 1125 3200 ejus
1153 3144 1318 3199 super
1373 3126 1624 3183 terram?
1676 3128 1740 3181 Et
1789 3128 1927 3200 quia

275 3235 383 3293 per
412 3217 690 3292 baptismi
722 3222 1156 3273 sacramentum
1174 3216 1495 3273 nativitatis
1521 3217 1722 3273 sordes
1754 3218 1926 3289 depo-

274 3312 523 3378 nuntur,
557 3310 861 3380 propterea
889 3305 1325 3378 baptizanturet
1357 3306 1603 3378 parvuli.
1623 3305 1745 3361 Nisi
1767 3308 1924 3363 enim

2031 716 2093 769 in
2123 719 2393 785 sanguine
2412 719 2753 788 purissimo:
2788 718 2871 773 sic
2903 720 3043 792 quia
3072 719 3166 776 lex
3197 720 3480 793 spiritalis
3509 728 3687 794 est,et

2032 804 2306 858 umbram
2338 804 2514 861 habet
2563 806 2895 863 futurorum
2941 807 3229 865 honorum
3259 810 3325 881 ’5,
3360 826 3683 882 possumus

2031 892 2359 966 intelligere
2392 896 2799 969 purgationem
2829 913 3027 953 veram
3072 898 3242 954 nobis
3273 898 3503 955 evenire
3544 902 3679 971 post

2030 994 2284 1063 tempus.
2320 993 2438 1064 Ego
2472 998 2609 1065 puto
2642 995 2795 1067 quod
2828 998 2885 1050 et
2913 999 3046 1067 post
3075 995 3562 1053 resurrectionem
3612 1013 3682 1054 ex

2028 1081 2281 1137 mortuis
2314 1081 2685 1154 indigeamus
2714 1088 3078 1141 sacramento
3110 1085 3340 1141 eluente
3367 1102 3475 1142 nos
3506 1089 3681 1159 atque

2026 1176 2339 1241 purgante,
2372 1189 2543 1227 nemo
2574 1173 2732 1228 enim
2767 1173 2989 1245 absque
3010 1174 3122 1246 (39)
3154 1175 3429 1231 sordibus
3478 1191 3675 1232 resur-

2026 1274 2159 1329 gere
2192 1260 2421 1331 poterit,
2455 1277 2559 1316 nec
2591 1260 2771 1316 ullam
2803 1278 2977 1333 posse
3007 1262 3266 1318 animam
3282 1264 3523 1337 reperiri
3547 1280 3676 1336 qua

2026 1347 2315 1404 universis
2337 1350 2532 1404 statim
2555 1347 2709 1405 vitiis
2737 1353 2950 1406 careat.
2979 1349 3142 1406 Unde
3162 1351 3222 1406 in
3244 1350 3679 1424 regeneratione

2026 1443 2304 1515 baptismi
2338 1447 2662 1501 assumitur
2692 1452 3149 1519 sacramentum,
3186 1449 3556 1521 utquomodo
3576 1449 3677 1507 Je-

2027 1549 2128 1587 sus
2147 1534 2470 1589 secundum
2488 1535 2982 1606 dispensationem
3013 1535 3207 1592 carnis
3228 1536 3522 1595 oblatione
3536 1555 3677 1611 pur-

2026 1626 2200 1692 gatus
2233 1627 2340 1691 est,
2374 1623 2453 1678 ita
2480 1624 2656 1678 etiam
2676 1641 2781 1678 nos
2806 1623 3054 1696 spiritali
3076 1627 3514 1697 regeneratione
3535 1643 3674 1700 puro

2026 1727 2254 1782 gemur.
2286 1713 2571 1768 Duxerunt
2629 1714 2790 1767 illum
2842 1712 3140 1769 secundum
3189 1715 3357 1785 legem
3402 1715 3573 1787 Moysi
3612 1718 3679 1772 'in

2024 1801 2439 1873 Jerosotymam,
2519 1803 2719 1873 oﬂerre
2792 1806 2924 1857 ante
3005 1808 3352 1875 conspectum
3433 1805 3676 1863 Domini.

2030 1899 2321 1955 289-90
2348 1900 2449 1955 Ubi
2475 1906 2614 1955 sunt
2629 1900 2729 1971 qui
2752 1900 2937 1956 Deum
2960 1899 3108 1971 legis
3124 1905 3361 1973 negant,
3394 1902 3495 1974 qui
3516 1900 3683 1960 aiunt

1946 2004 1993 2070 Β
2028 2005 2143 2044 non
2169 1989 2481 2061 istum,scd
2500 1989 2677 2044 alium
2693 1990 2964 2046 aChristo
2979 1989 3160 2046 fuisse
3176 1990 3549 2065 inEvangelio
3565 2008 3681 2066 pra

2027 2076 2287 2133 dicatum
2304 2079 2331 2132 ?
2350 2079 2495 2133 Misit
2524 2080 2665 2134 Deus
2693 2079 2897 2134 Filium
2915 2095 3079 2135 suum
3097 2081 3306 2149 factum
3325 2096 3396 2136 ea:
3417 2081 3679 2147 muliere,

2024 2178 2242 2247 factum
2272 2177 2369 2231 sub
2399 2178 2580 2247 tege“
2621 2177 2767 2249 Ergo
2813 2178 3139 2248 putandum
3188 2181 3295 2245 est,
3349 2182 3414 2233 ut
3464 2178 3679 2237 Filium

2027 2282 2202 2320 suum
2236 2267 2425 2321 bonus
2463 2272 2610 2320 Deus
2642 2268 2751 2320 sub
2775 2265 2899 2336 lege
2925 2266 3124 2320 fecerit
3148 2265 3459 2337 Creatoris,
3480 2272 3538 2323 et
3564 2268 3677 2324 sub

2029 2354 2402 2425 initnicijure
2433 2355 2584 2425 quod
2619 2354 2744 2426 ipse
2773 2354 3059 2410 dederat?
3088 2355 3241 2419 Quin
3296 2356 3494 2428 potius
3547 2357 3678 2414 ideo

2029 2444 2139 2500 sub
2169 2443 2295 2515 lege
2328 2446 2518 2499 factus
2538 2449 2648 2511 est,
2683 2450 2747 2498 ut
2771 2443 3082 2499 redimeret
3113 2459 3211 2500 eos
3252 2445 3353 2516 qui
3399 2445 3509 2502 sub
3556 2444 3682 2518 lege

2030 2538 2147 2590 est:
2172 2534 2468 2601 Attendite,
2494 2535 2697 2605 popule
2716 2549 2896 2600 meus,
2929 2534 3107 2606 legem
3135 2548 3329 2605 meum,
3361 2538 3419 2590 et
3434 2534 3677 2609 reliqua.

2031 2633 2534 2702 Adduxeruntergo
2564 2635 2771 2699 eum,et
2802 2635 3115 2686 statuerunt
3153 2639 3282 2688 ante
3335 2642 3682 2705 conspectum

2030 2725 2271 2778 Domini.
2318 2724 2497 2793 Cujus
2553 2722 2862 2792 Scriptura:
2913 2725 3198 2793 praecepta
3273 2721 3682 2795 complentes?

2030 2820 2249 2891 Nempe
2280 2810 2469 2876 illius:
2530 2819 2679 2874 Sicut
2727 2820 2995 2890 scriptum
3039 2823 3139 2888 est,
3192 2819 3407 2892 inquit,
3450 2821 3512 2876 in
3567 2822 3685 2894 lege

2034 2912 2233 2981 Moysi,
2265 2913 2396 2980 quia
2428 2926 2588 2964 omne
2616 2909 2991 2963 masculinum
3023 2908 3163 2981 quod
3219 2911 3400 2980 aperit
3439 2911 3680 2979 vulvam,

2034 3018 2284 3064 sanctum
2313 3009 2540 3064 Domino
2589 3008 2903 3075 vocabitur;
2935 3012 3023 3063 et:
3060 3008 3155 3064 Ter
3198 3024 3302 3079 per
3339 3025 3553 3064 annum
3578 3026 3685 3081 ap-

2030 3100 2249 3171 parebit
2278 3114 2435 3154 omne
2471 3098 2844 3153 masculinum
2878 3098 2938 3152 in
2958 3106 3245 3167 conspectu
3262 3099 3490 3154 Domini
3508 3098 3607 3155 Dei
3616 3099 3683 3155 ³⁷.

2034 3195 2358 3253 Masculina
2387 3212 2514 3268 qua:
2564 3212 2630 3251 ex
2672 3211 2738 3250 eo
2795 3194 2949 3266 quod
3009 3192 3243 3250 vulvam
3292 3195 3500 3252 matris
3545 3212 3682 3270 ape-

2037 3293 2281 3343 ruerunt
2311 3290 2513 3343 sancta
2545 3289 2731 3350 erant,
2767 3283 3163 3339 oﬂ‘erebantur
3191 3290 3324 3341 ante
3355 3284 3537 3342 altare
3579 3291 3684 3342 Do-

276 3399 415 3471 quis
458 3373 696 3453 renatus
727 3396 902 3452 fuerit
922 3373 990 3451 ea
1020 3412 1174 3467 aqua
1204 3401 1260 3452 et
1288 3373 1519 3467 spiritu,
1553 3412 1668 3451 non
1714 3396 1926 3468 poterit

2042 3376 2205 3432 mini.
2237 3373 2657 3446 0mne,inquit,
2708 3374 3080 3428 masculinum
3135 3376 3278 3445 quod
3324 3376 3499 3446 aperit
3553 3376 3682 3431 vul-
3724 3403 3731 3409 -

274 3489 501 3544 intrare
526 3488 585 3542 in
617 3501 861 3559 regnum
895 3484 1174 3542 caelorum
1203 3485 1267 3540 ²⁸.
1302 3484 1456 3556 Cum,
1487 3485 1700 3556 inquit,
1725 3486 1928 3556 expleti

272 3580 457 3635 essent
484 3575 598 3632 dies
623 3577 971 3647 purgationis
992 3592 1195 3631 eorum.
1235 3572 1548 3647 Explentur
1577 3574 1702 3629 dies
1754 3580 1811 3630 et
1840 3576 1935 3645 ju-

276 3666 481 3725 stitize.
513 3670 711 3738 Neque
760 3665 917 3721 enim
959 3664 1158 3721 statim
1206 3668 1273 3720 ut
1311 3668 1449 3720 nata
1492 3663 1683 3733 fuerit,
1736 3664 1935 3721 anima

276 3760 593 3831 purgatur,
627 3771 732 3811 nec
760 3758 949 3828 potest
977 3754 1296 3826 perfectam
1325 3753 1385 3809 in
1420 3753 1548 3826 ipso
1579 3758 1709 3809 ortu
1742 3770 1938 3810 conse-

280 3845 386 3920 qui
419 3844 759 3919 puritatem,
793 3844 893 3901 sed
935 3844 1102 3908 sicut,
1135 3843 1420 3916 scriptum
1453 3848 1543 3899 est
1591 3843 1649 3898 in
1682 3842 1807 3916 lege
1857 3843 1932 3898 "z

280 3937 347 3993 Si
376 3935 687 3991 masculum
723 3935 953 4006 peperit,
1006 3941 1208 4005 septem
1266 3933 1465 3989 diebus
1515 3937 1694 3990 mater
1738 3933 1941 3989 sedebit

284 4028 347 4083 in
378 4040 656 4095 sanguine
686 4022 987 4091 immundo,
1020 4040 1084 4078 ac
1139 4022 1341 4078 deinde
1386 4024 1617 4093 triginta
1656 4024 1834 4079 tribus
1882 4026 1942 4079 in

2034 3484 2178 3522 vam.
2211 3465 2516 3520 Sacratum
2550 3461 2850 3534 quidpiam
2884 3461 3502 3536 sonat.0uemcunque
3519 3465 3682 3522 enim

2042 3556 2114 3610 de
2147 3558 2314 3608 utero
2345 3552 2598 3608 effusum
2632 3566 2854 3605 marem
2903 3549 3139 3614 dixeris,
3202 3567 3316 3606 non
3368 3553 3453 3608 sic
3499 3554 3692 3627 aperit

2044 3652 2274 3708 vulvam
2298 3648 2505 3705 matris
2536 3665 2677 3717 suae,
2720 3651 2785 3702 ut
2810 3647 3097 3703 Dominus
3146 3647 3341 3717 Jesus,
3375 3651 3514 3723 quia
3561 3668 3691 3709 om-

2046 3742 2211 3798 nium
2245 3738 2560 3796 mulierum
2583 3755 2696 3793 non
2731 3741 2935 3811 partus
2965 3736 3229 3809 infantis,
3253 3740 3355 3797 sed
3375 3740 3484 3797 viri
3505 3740 3698 3807 coitu!

2046 3830 2277 3886 vulvam
2312 3832 2552 3884 reserat.
2607 3828 2811 3883 Matris
2839 3843 2972 3882 vero
3027 3828 3254 3883 Domini
3318 3845 3385 3886 eo
3438 3834 3702 3905 tempore

2048 3929 2218 3987 vulva
2249 3932 2507 3984 reserata
2545 3928 2659 3999 (40)
2689 3932 2798 3994 est,
2833 3941 2949 3998 quo
2979 3929 3037 3981 et
3066 3929 3270 3999 partus
3312 3927 3529 3996 editus,
3560 3929 3705 4002 quia

2051 4024 2323 4077 sanctum
2356 4020 2589 4072 uterum
2621 4020 2677 4071 et
2706 4014 2865 4071 omni
2927 4014 3267 4087 dignatione
3309 4018 3703 4076 venerationis

356 4126 406 4160 ²²
460 4124 482 4179 Ι
536 4124 661 4180 Cor.
721 4139 813 4190 xv,
872 4122 959 4176 44.
1017 4122 1086 4155 ²²⁸
1151 4121 1294 4177 ibid.
1357 4122 1447 4191 t2,
1495 4122 1584 4178 44.
1643 4122 1687 4157 ’³
1742 4122 1908 4179 Joan.

2042 4164 2054 4191 ,
2115 4121 2168 4173 5.
2230 4118 2276 4151 ²⁴
2328 4113 2506 4170 Levit.
2547 4131 2650 4180 xu,
2680 4113 2799 4168 2-4.
2831 4113 2876 4146 ³⁵
2906 4112 3075 4179 Rom,
3107 4130 3209 4185 vn,
3244 4115 3308 4195 μ
3338 4132 3352 4184 ;
3384 4115 3526 4173 Heb.
3557 4133 3615 4185 ι,
3649 4117 3702 4189 1,

287 4199 333 4233 ³⁸
363 4196 488 4254 Gal.
524 4212 597 4264 ιν,
630 4196 683 4267 4,
717 4196 759 4229 ’⁷
788 4195 968 4250 Exod.
1002 4196 1190 4260 x111,2
1218 4212 1230 4263 ;
1262 4211 1426 4260 xxm,
1462 4195 1547 4249 17.

292 4312 492 4352 messe
523 4294 625 4351 Dei
659 4293 871 4349 Filium
904 4310 1137 4348 carnem
1172 4293 1242 4347 de
1269 4293 1409 4347 cmlo
1434 4309 1632 4348 secum
1657 4293 1944 4350 attulisse.

292 4370 485 4433 Quare
518 4367 736 4422 mirum
770 4366 959 4437 magis
990 4366 1144 4436 quod
1169 4365 1267 4430 ait,
1294 4364 1409 4417 illis
1430 4366 1800 4422 consensisse
1821 4366 1947 4422 Ori-

293 4456 540 4513 genem,_
561 4438 661 4510 qui
684 4439 1031 4493 ementitum
1058 4453 1271 4513 corpus
1292 4442 1346 4513 et
1369 4437 1753 4513 specietenus
1778 4455 1951 4513 appa-

295 4508 454 4575 rens,
487 4508 1078 4591 Christumgestasse
1111 4508 1585 4591 docueritliaud
1616 4509 1771 4564 enim
1805 4508 1945 4575 scio,

296 4599 639 4657 quanquam
673 4588 729 4637 et
760 4580 897 4657 alibi
932 4581 1001 4635 de
1051 4597 1185 4635 vero
1231 4580 1469 4657 Christi
1504 4596 1753 4657 corpore
1794 4589 1947 4657 recte

2058 4290 2309 4347 brardus
2336 4285 2650 4342 cavendam
2678 4283 2829 4339 hanc
2861 4282 3138 4338 admonet
3167 4282 3522 4341 doctrinam:
3573 4285 3703 4342 Six-

2057 4368 2156 4418 tus
2185 4358 2455 4417 Senensis
2478 4354 3072 4431 benigniusexplicat,
3097 4354 3385 4431 refertque
3406 4356 3478 4412 ad
3507 4357 3700 4431 ignem

2061 4436 2276 4491 ultimae
2304 4427 2797 4501 conﬂagrationis,
2831 4428 3031 4501 quiex
3064 4427 3263 4501 electis
3293 4427 3701 4501 aliquos'non-

2059 4509 2200 4562 dum
2229 4504 2370 4560 satis
2396 4500 2676 4574 purgatos
2709 4500 3002 4567 lustrabit,
3038 4500 3314 4574 reprobos
3336 4500 3471 4574 vero
3494 4517 3701 4560 omnes

2059 4571 2480 4661 apprehendat;
2512 4571 2854 4661 ttcfragatur
2894 4588 3027 4661 vero
3046 4571 3324 4661 iliuetius,
3350 4571 3577 4661 hocque
3604 4590 3700 4661 ae-

293 4644 939 4744 Adamantiussentiat,
971 4644 1708 4744 etcumpriLmisinfra-ad
1740 4652 1944 4735 homil.
1982 4679 2028 4744 D
2061 4644 2171 4723 cipi
2207 4645 2705 4744 sensuqOrige‘pis
2755 4660 2871 4697 non
2918 4659 3101 4744 posse
3146 4644 3320 4744 verba
3353 4644 3702 4744 gon—tendit,

302 4730 387 4799 17,
422 4744 495 4782 an
528 4716 1267 4799 luculentioritestimonio
1300 4723 1405 4799 hac
1437 4723 1563 4799 ipsa
1593 4725 1952 4799 expositione
1982 4716 2028 4744 υ
2063 4716 2539 4799 quandoquidem
2574 4716 3213 4799 illennelsanctissimos
3267 4716 3505 4799 quidem
3549 4716 3706 4775 viros

296 4795 677 4855 sordidarum
710 4796 919 4851 Christi
953 4798 1204 4851 vestium
1237 4795 1501 4866 Origenis
1534 4795 1676 4849 fides
1720 4796 1954 4852 defendi

300 4873 511 4944 possit.
544 4869 694 4944 Olim
727 4868 1069 4944 Pamphilus
1101 4868 1251 4944 hanc
1275 4869 1462 4939 ipsam
1488 4866 1845 4923 calumniam
1877 4869 1949 4923 ab

299 4940 638 4999 hdamantii
673 4941 906 5011 scriptis
939 4940 1173 4994 amovit.

376 5015 493 5086 (38)
524 5017 635 5069 Aut
666 5009 846 5086 igitur
870 5028 936 5067 eo
969 5012 1193 5086 dixerat
1224 5027 1421 5079 sensu,
1475 5014 1539 5065 ut
1568 5010 1769 5086 sordes
1816 5009 1951 5086 illae,

302 5082 517 5144 animis
548 5082 749 5141 sordes
773 5089 988 5148 essent,
1022 5085 1142 5139 sive
1175 5087 1511 5152 peccatum:
1562 5088 1619 5138 et
1674 5082 1954 5153 blasphe-

308 5175 446 5217 mus
474 5160 536 5213 in
567 5157 866 5213 Christum
901 5156 1047 5223 fuit;
1083 5161 1184 5211 aut
1213 5156 1392 5227 (quod
1425 5154 1666 5226 propius
1710 5155 1784 5209 ad
1826 5155 1954 5225 ejus

305 5238 397 5288 est
431 5230 712 5299 mentem)
744 5228 945 5284 sordes
975 5226 1233 5299 corporis
1262 5226 1487 5297 absque
1512 5297 1519 5299 Α
1546 5226 1958 5299 φιιίιιιὶιιθρειι-

306 5304 452 5365 suit,
486 5308 543 5359 et
576 5296 747 5358 modo
806 5299 1049 5373 originis
1077 5296 1404 5373 peccatum
1448 5296 1958 5373 tollitLIegalique

305 5380 612 5447 comparat
641 5369 990 5447 cmremoniaz
1026 5369 1576 5447 Ptedobaptismum.
1613 5369 1676 5424 Et
1696 5386 1827 5424 vero
1845 5369 1960 5447 alia

305 5441 628 5504 occurrunt
660 5447 716 5499 in
750 5444 1079 5500 Adamanlii
1112 5443 1347 5513 scriptis
1381 5444 1524 5503 loca,
1580 5458 1705 5512 quae
1764 5441 1958 5512 suspi-

306 5524 476 5576 cione
510 5519 754 5594 hujusce
777 5517 1000 5594 erroris
1032 5515 1379 5594 gravissima
1426 5514 1714 5594 laborant.
1753 5585 1762 5594 ι
1795 5583 1806 5594 ‘

380 5591 498 5663 (39)
533 5584 699 5666 Peria
732 5588 822 5666 hie
853 5584 1301 5666 habet'in't'erius
1335 5584 1535 5666 homil.
1568 5586 1657 5666 24,
1709 5584 1815 5666 ubi.
1860 5599 1960 5638 eos

307 5659 547 5720 tantum
578 5663 746 5735 igneo
779 5660 1017 5715 ﬂumine
1044 5677 1077 5715 a
1110 5659 1339 5735 Christo
1373 5659 1729 5735 liaptiaatum
1750 5659 1965 5735 iri_pro_-

310 5728 703 5807 nuntiat,qui
761 5748 915 5807 aqua
960 5738 1016 5807 et
1039 5731 1249 5807 spiritu
1284 5728 1501 5785 fuerint
1548 5728 1857 5803 baptizati,
1908 5730 1966 5807 et

310 5802 1080 5884 purgationeindignerint,
1106 5802 1396 5884 malorum
1432 5802 1635 5884 autem:
1676 5817 1854 5884 noxes
1908 5803 1967 5856 et

308 5872 464 5943 vitii
482 5878 607 5942 fore
631 5883 697 5937 ut
727 5872 984 5938 ﬂammis
1032 5874 1265 5949 penitus
1318 5878 1736 5951 excoquantur.
1786 5872 1967 5933 Gene-

601 6008 865 6075 ΡΑτιιοι..
912 6001 1128 6071 XXVI.

2064 4785 2299 4849 Petrum
2320 4785 2491 4861 'puta,
2526 4793 2628 4861 au_t
2662 4786 2927 4861 Paulum:
2959 4785 3068 4841 hoc
3096 4785 3320 4861 futuros
3342 4786 3707 4861 igneimmug-

2064 4883 2168 4921 nes
2200 4858 2535 4935 arbitratur.
2589 4859 2842 4935 au_rsum
2890 4858 3183 4935 Suarezio
3214 4858 3550 4935 respondet,
3606 4860 3711 4935 qui

2064 4942 2206 4993 tom.
2234 4933 2305 5015 IV
2326 4934 2383 4987 in
2411 4949 2475 4987 ιιι
2494 4949 2548 5015 p.
2573 4938 2627 4984 δ.
2654 4929 2961 5015 'l‘hom.,q.
2982 4929 3050 5015 [ιὸ
3071 4933 3212 4985 sect.
3236 4931 3289 5015 tl,
3315 4929 3711 5015 ut-Origeném

2065 5011 2318 5076 excuset,
2352 5001 2648 5083 mendosa.
2668 5001 2787 5083 hinc
2819 5018 2947 5057 esse
2968 5007 3025 5057 et
3039 5007 3314 5083 corrupta
3334 5001 3711 5083 librariorum

2063 5082 2203 5136 vitio
2263 5073 2581 5142 contendit,
2635 5073 2810 5145 idque
2888 5088 2960 5146 eo
3026 5073 3403 5146 potissimum
3478 5076 3713 5146 probat,

2068 5152 2221 5225 quod
2254 5149 2427 5225 paulo
2459 5143 2733 5218 superius
2758 5146 2881 5225 ipse
2913 5143 2992 5199 ait
3018 5143 3500 5225 Origenequuod
3513 5146 3715 5218 polluti

2067 5219 2118 5281 et
2137 5219 2346 5279 sordidi
2374 5234 2745 5289 resurgamus,
2778 5220 2943 5289 etiam
2994 5221 3233 5288 cogitare
3274 5219 3565 5289 piaculum
3605 5225 3711 5289 est.

2067 5295 2357 5351 Nimirum
2384 5287 2603 5347 tantam
2629 5288 2843 5361 (inquit
2864 5287 3130 5358 Huetius)
3159 5289 3216 5343 in
3245 5287 3452 5344 multis
3479 5287 3715 5361 hesita-g

2068 5364 2285 5423 tionem
2318 5363 2593 5435 Origenis
2630 5356 3171 5435 dep'rehe‘ndiinusp
3198 5366 3262 5415 ut
3301 5375 3515 5415 novum
3565 5356 3713 5435 mihi

2072 5457 2185 5495 non
2220 5439 2315 5507 sit,
2348 5429 2549 5491 eadem
2584 5429 2826 5488 honiilia
2857 5431 3281 5507 diversaillum
3313 5429 3715 5507 etpugnantie

2072 5501 2420 5583 prodidisse,
2456 5507 2758 5583 Enimvero
2790 5505 2928 5575 quid
2962 5505 3069 5583 hoc
3092 5503 3218 5574 ipso
3241 5501 3612 5559 manifestius
3632 5502 3715 5583 φιτ

2075 5577 2190 5638 l‘ato
2213 5600 2224 5636 ε
2248 5583 2425 5652 Neque
2454 5581 2604 5652 enim
2634 5577 2831 5652 absque
2858 5577 3109 5652 sordiburs
3144 5587 3427 5652 resurgere
3468 5578 3675 5652 poterit
3694 5578 3721 5631 .'
3821 5578 3835 5599 ‘

2074 5654 2185 5709 Eos
2216 5644 2380 5717 adeo,
2414 5652 2513 5723 qui
2543 5651 2620 5723 ob?
2646 5644 2860 5723 erroris
2904 5653 3039 5723 nota
3080 5644 3274 5723 locum
3327 5644 3487 5703 hunc
3529 5647 3721 5706 vindi-

2075 5742 2204 5799 care
2238 5718 2531 5799 satagunt,
2552 5722 2672 5799 _niti
2696 5720 2945 5777 arbitror
2978 5718 3216 5799 frustra.
3237 5787 3272 5799 η

2147 5798 2258 5870 (40)
2292 5790 2401 5853 Par
2430 5793 2670 5868 quidem
2708 5805 2888 5870 error
2931 5792 3021 5870 est
3044 5790 3724 5870 letustiorumueliqugt

2079 5858 2466 5949 scriptorum,"
2487 5870 2664 5945 atque
2705 5862 2765 5919 in
2796 5858 3392 5957 primis-Tertulliani
3448 5858 3615 5932 libeo'
3650 5865 3730 5927 De
