4304 6640
1845 482 1914 543 S.
1958 475 2268 541 EUSEBII
2314 473 2758 537 HIERONYMI

598 615 995 673 venerandum
1015 619 1149 673 ante
1180 618 1542 674 nativitatem
1565 613 1777 671 Christi
1800 610 2097 667 masculus
2122 625 2246 664 om-
2276 610 2329 676 Α
2361 626 2482 675 nes,
2517 608 2612 663 ille
2644 608 2743 680 qui
2775 622 2877 679 pro
2908 609 3028 661 toto
3060 606 3281 663 mundo
3314 604 3750 670 uascebatur,et
3766 603 3887 676 pati
3909 603 4010 663 hav-

600 704 742 762 nino
785 720 902 762 non
947 704 1377 778 tetigit.Audeo
1424 705 1566 778 quid
1598 702 1778 776 loqui,
1813 700 1951 773 quia
1993 704 2050 754 et
2086 698 2146 755 in
2180 713 2246 753 eo

601 794 761 866 quod
791 794 1075 866 scriptum
1106 800 1198 851 est
1223 811 1235 851 :
1268 795 1513 868 Spiritus
1548 794 1650 849 Dei
1678 792 1855 848 veniet
1881 805 2046 861 super
2075 797 2147 860 te,
2197 794 2248 842 et

601 884 783 939 virtus
811 883 1081 939 ΛαίδδίΜὶ
1108 884 1450 940 obrumbabit
1479 892 1529 939 te
1556 883 1621 953 ³⁸,
1664 879 2021 953 principium
2069 876 2246 932 semi-

604 972 697 1029 nis
726 976 786 1030 et
814 977 1127 1045 conceptus
1158 973 1350 1040 fuerit,
1388 978 1444 1029 et
1485 972 1610 1030 sine
1657 969 1840 1026 vulvas
1897 966 2249 1024 reseratione

606 1077 795 1119 novus
822 1060 883 1118 in
917 1060 1097 1119 utero'
1120 1063 1271 1120 fetus
1302 1061 1636 1120 adoleverit.
1679 1059 1843 1115 Unde
1889 1061 1946 1114 et
1987 1055 2249 1112 Salvator

604 1150 903 1222 loquitur:
935 1152 1045 1221 Ego
1071 1168 1193 1207 sum
1226 1153 1425 1208 vermis
1452 1158 1505 1206 et
1540 1164 1657 1205 non
1685 1148 1843 1204 homo
1887 1147 2248 1219 approbrium

607 1240 915 1311 hminum,
945 1246 1000 1296 et
1027 1241 1250 1313 abjectio
1272 1242 1452 1313 plebis
1504 1240 1568 1295 ’9.
1626 1238 1877 1293 Videbat
1924 1236 1985 1291 in
2041 1234 2248 1291 matris

607 1334 770 1387 utero
794 1328 1233 1385 immunditiam
1255 1345 1589 1401 corporum,
1612 1325 1939 1384 visceribus
1958 1326 2087 1395 ejus
2114 1323 2249 1379 hinc

601 1417 739 1477 inde
765 1417 1036 1490 vallatus,
1073 1423 1316 1476 terrenas
1346 1418 1504 1474 faecis
1540 1416 1875 1489 patiebatur
1920 1412 2245 1486 angustias,

605 1506 759 1563 unde
769 1505 1061 1565 assimilat
1081 1523 1144 1565 se
1160 1523 1230 1564 ve
1249 1506 1453 1576 vermi,
1481 1511 1539 1562 et
1558 1505 1699 1562 dicit
1723 1522 1737 1560 :
1760 1506 1867 1575 Ego
1888 1520 2009 1558 sum
2029 1504 2246 1570 vermis,

598 1600 654 1653 et
677 1611 789 1653 non
814 1594 994 1653 homo.
1024 1597 1109 1652 Ex
1136 1612 1297 1654 mare
1328 1596 1547 1668 quippe
1567 1612 1631 1650 ac
1659 1579 1878 1649 femina
1896 1593 2069 1648 homo
2088 1591 2249 1647 nasci

600 1683 774 1754 solet,
804 1700 910 1758 ego
930 1700 1067 1740 vero
1088 1702 1204 1742 non
1227 1702 1296 1743 ex
1316 1683 1580 1742 masculo
1603 1689 1660 1741 et
1682 1683 1900 1739 femina
1924 1681 2249 1738 secundum

602 1774 787 1831 ritum
817 1771 1148 1831 humanum
1178 1779 1353 1847 atque
1375 1778 1669 1841 naturam,
1694 1773 1794 1829 sed
1828 1772 1887 1827 in
1918 1770 2249 1842 exemplum

605 1862 821 1919 vermis
852 1865 1029 1921 natus
1058 1879 1212 1933 sum,
1246 1865 1417 1935 cujus
1449 1880 1565 1920 non
1605 1867 1695 1918 est
1737 1861 1974 1917 aliunde
2025 1874 2248 1928 semen,

607 1952 710 2008 sed
765 1951 827 2006 in
882 1951 1050 2024 ipsis,
1095 1956 1153 2009 et
1209 1969 1278 2010 ex
1356 1952 1500 2026 ipsis
1559 1953 1620 2008 in
1693 1951 1908 2023 quibus
1980 1948 2251 2005 coalescit

607 2039 949 2113 corporibus
977 2040 1138 2114 origo
1169 2045 1276 2098 est.
1301 2042 1535 2114 Propter
1563 2041 1716 2113 quod
1739 2040 1879 2112 quia
1898 2054 2070 2095 omne
2091 2054 2245 2093 mas-

606 2128 872 2186 culinum
902 2129 1057 2201 quod
1089 2130 1275 2202 aperit
1305 2130 1554 2197 vulvam,
1587 2133 1858 2184 sanctum
1882 2127 2125 2183 Domino
2156 2143 2249 2181 vo-

606 2215 853 2285 cabitur,
886 2215 1096 2273 ductus
1124 2222 1214 2274 est
1241 2217 1303 2273 in
1330 2215 1780 2290 Jerosolymam,
1824 2223 1889 2271 ut
1942 2220 2249 2288 appareret

605 2312 742 2364 ante
769 2310 1147 2378 conspectum
1181 2308 1298 2378 Dei,
1330 2311 1383 2363 et
1414 2311 1650 2379 propter
1678 2305 1823 2361 illud
1854 2305 2008 2377 quod
2053 2303 2247 2374 sequi-

606 2399 741 2450 tur:
777 2395 841 2452 Ut
864 2395 1093 2451 daretur
1117 2412 1320 2452 manus
1341 2411 1443 2468 pro
1468 2411 1527 2452 eo
1565 2396 1715 2468 quod
1752 2397 1814 2450 in
1867 2396 1985 2466 tege
2032 2395 2252 2450 Domini

605 2485 871 2556 scriptum
897 2487 1010 2540 est:
1051 2485 1167 2540 Par
1194 2488 1470 2540 turturum
1497 2492 1595 2540 aut
1638 2483 1771 2539 duos
1811 2482 2002 2555 pullos
2047 2484 2251 2537 colum-

610 2575 832 2630 barum.
866 2570 1187 2630 Turturum
1210 2591 1333 2648 par,
1358 2578 1415 2630 et
1433 2575 1581 2630 duos
1603 2573 1796 2647 pullos
1817 2572 2248 2640 columbarum,

606 2679 712 2735 pro
743 2661 1039 2719 Salvatore
1078 2663 1345 2719 videmus
1377 2663 1622 2719 oblatos.
1665 2663 1780 2735 Ego
1830 2668 1886 2718 et
1923 2679 2055 2718 aves
2105 2662 2251 2717 istas

607 2753 809 2810 beatas
837 2756 977 2824 puto
1009 2769 1138 2826 qua
1169 2769 1274 2826 pro
1304 2758 1435 2810 ortu
1468 2752 1697 2809 Domini
1744 2751 1951 2808 oblatae
1982 2756 2145 2819 sunt,
2196 2756 2254 2806 et

609 2842 904 2914 quomodo
934 2842 1162 2898 asinam
1193 2841 1425 2898 Balaam
1458 2842 1659 2911 miror,
1691 2846 1748 2897 et
1781 2841 2052 2896 felicitate
2081 2857 2250 2895 accu-

611 2930 794 3002 mulo,
827 2930 967 3003 quia
995 2930 1173 3004 digna
1202 2930 1375 2988 fuerit
1403 2947 1520 2987 non
1550 2930 1741 2986 solum
1762 2929 1956 2985 videre
1976 2928 2251 3001 angelum

613 3021 733 3092 Dei,
766 3021 868 3076 sed
890 3020 1067 3075 etiam
1084 3036 1182 3076 ore
1211 3024 1463 3076 reserato
1487 3020 1545 3075 in
1572 3019 1899 3075 humanum
1922 3035 2251 3074 sermonem

613 3124 919 3181 erumpere
946 3124 959 3163 :
989 3108 1073 3164 sic
1094 3108 1279 3164 multo
1292 3108 1548 3181 amplius
1568 3108 1675 3165 has
1694 3107 1959 3164 volucres
1981 3107 2249 3179 praedico,

612 3214 830 3270 easque
858 3196 1126 3269 sustollo,
1159 3198 1316 3270 quod
1349 3214 1451 3269 pro
1483 3197 1731 3253 Domino
1751 3202 1946 3253 nostro
1977 3203 2033 3252 et
2055 3198 2250 3253 Salva-

611 3293 738 3345 tore
767 3285 973 3344 oblata:
1004 3291 1160 3342 sunt.
1195 3289 1257 3345 Ut
1293 3289 1552 3359 oﬂerrent
1574 3303 1677 3360 pro
1708 3304 1766 3343 eo
1795 3304 1899 3351 par
1949 3291 2249 3357 turturum,

2356 699 2550 765 bebat,
2576 714 2769 753 coram
2794 695 3038 750 Domino
3062 695 3471 760 mundaretur,
3496 696 3596 749 sed
3620 698 3684 749 ut
3707 694 4008 765 dispensa-

2357 787 2437 844 tio
2470 788 2597 859 ejus
2631 804 2775 841 nova
2807 784 3024 849 omnia,
3057 784 3139 839 ita
3171 801 3348 839 novas
3380 800 3612 856 quoque
3636 783 3877 839 haberet
3895 783 4004 840 ho-

2357 877 2525 942 stias,
2558 875 2880 931 secundum
2912 874 3271 928 voluntatem
3326 872 3741 944 omnipotentis
3793 872 3895 930 Dei
3945 872 4004 931 in

2357 966 2583 1021 Christo
2615 966 2777 1029 Jesu,
2812 962 2903 1016 cui
2937 967 3026 1017 est
3056 962 3241 1033 gloria
3270 967 3326 1018 et
3359 962 3671 1034 imperium
3698 962 3758 1017 in
3791 960 4007 1021 saecula

2358 1055 2725 1111 saeculorum.
2759 1060 2967 1106 Amen.

2787 1165 2883 1219 Ἓξ)
2904 1161 3076 1217 1-9?
3110 1159 3417 1214 HOMILIA
3456 1158 3570 1213 XV.

2356 1252 2429 1308 De
2472 1252 2739 1323 Simeonc,
2793 1255 2932 1323 quod
2980 1256 3040 1308 in
3086 1253 3291 1320 Spiritu
3340 1249 3409 1303 ad
3457 1248 3717 1323 templum
3763 1251 3996 1320 venerit,

2430 1341 2595 1396 usque
2623 1327 2691 1379 ad
2712 1322 2836 1380 cum
2864 1330 3063 1389 locum,
3098 1325 3189 1377 ubi
3218 1324 3297 1375 ait
3322 1338 3333 1375 ε
3370 1345 3402 1396 «ν
3431 1322 3586 1376 Nunc
3630 1322 3863 1377 dimittis
3888 1338 4000 1378 ser-

2431 1395 2553 1451 vum
2585 1402 2760 1463 tuum,
2792 1400 3037 1464 Domine,
3062 1398 3117 1450 in
3138 1410 3292 1465 pace.
3327 1415 3353 1441 »
3377 1395 3513 1464 Cap.
3542 1410 3600 1446 ιι.

2432 1504 2616 1575 Digna
2646 1505 2745 1559 Dei
2779 1521 3018 1561 munere
3050 1501 3358 1574 quaerenda
3379 1504 3466 1555 est
3490 1500 3656 1554 ratio.
3677 1501 3898 1557 Simeon
3916 1502 4002 1558 vir

2357 1598 2579 1649 sanctus
2608 1599 2657 1649 et
2691 1598 2927 1650 Domino
2953 1595 3198 1665 placens,
3233 1591 3385 1645 sicut
3415 1590 3473 1644 in
3505 1589 3811 1661 Evangelia
3851 1591 3998 1647 scri-

2360 1687 2529 1755 ptum
2560 1690 2666 1751 est,
2698 1694 3016 1755 exspectans
3045 1679 3475 1737 consolationem
3523 1678 3720 1745 Israel,
3775 1696 4002 1752 respon-

2358 1788 2479 1827 sum
2509 1783 2785 1843 acceperat
2805 1791 2838 1828 a
2869 1775 3081 1844 Spiritu
3110 1779 3317 1839 sancto,
3348 1784 3458 1823 non
3486 1785 3544 1824 se
3582 1772 3739 1840 prius
3769 1778 4003 1827 mortem

2359 1863 2636 1917 obiturum
2664 1879 2836 1935 quam
2879 1862 3084 1917 videret
3140 1862 3416 1917 Christum
3463 1860 3702 1914 Domini.
3753 1859 3899 1925 Quid
3946 1859 4004 1917 ei

2360 1953 2593 2023 profuit,
2632 1958 2695 2007 ut
2726 1953 2946 2007 videret
2975 1952 3271 2006 Christum
3294 1949 3321 2001 ‘?
3344 1948 3544 2002 Utrum
3560 1947 3669 2003 hoc
3686 1953 3915 2005 tantum
3939 1950 4003 2007 in

2360 2042 2746 2113 promissione
2778 2042 3002 2110 habuit,
3039 2045 3104 2095 ut
3134 2040 3352 2093 videret
3382 2036 3571 2108 illum,
3614 2038 3877 2110 nihilque
3925 2056 4000 2097 ex

2357 2131 2484 2187 visu
2516 2132 2643 2202 ejus
2675 2136 3129 2202 consequeretur
3149 2127 3463 2183 utilitatis?
3486 2144 3557 2181 an
3579 2125 3719 2181 latet
3761 2126 4003 2199 aliquod
4054 2179 4071 2191 ι

2358 2221 2580 2276 donum
2611 2222 2855 2292 dignum
2888 2219 3174 2289 Dei,quod
3208 2218 3413 2272 beatus
3437 2216 3669 2271 Simeon
3693 2220 3749 2271 et
3785 2217 4003 2274 meruit

2358 2315 2417 2365 et
2454 2309 2710 2380 accepit?
2734 2308 3045 2363 Fimbriam
3070 2304 3399 2362 vestimenti
3419 2305 3556 2360 Jesu
3580 2304 3794 2361 mulier
3812 2306 4009 2379 tetigit

2359 2402 2416 2452 et
2446 2402 2650 2452 sanata
2680 2403 2768 2451 cst
2794 2398 2857 2451 3°.
2890 2396 2951 2451 Si
2982 2396 3082 2450 illa
3106 2396 3177 2450 ad
3210 2398 3529 2449 extremam
3559 2398 3785 2465 partem
3825 2395 4006 2451 vesti-

2361 2487 2540 2542 menti
2574 2490 2800 2541 tantum
2833 2485 3213 2541 emolumenti
3247 2483 3468 2552 habuit,
3503 2483 3644 2554 quid
3678 2483 4007 2555 putandum

2359 2581 2450 2632 est
2478 2576 2549 2630 de
2578 2576 2866 2644 Simeone,
2893 2574 2993 2645 qui
3016 2576 3073 2630 in
3102 2592 3242 2629 suas
3268 2574 3434 2628 ulnas
3459 2572 3680 2644 accepit
3699 2573 4007 2642 infantem,

2361 2669 2420 2721 et
2449 2665 2703 2720 brachiis
2733 2669 2937 2719 tenens
2968 2664 3273 2719 laetabatur
3302 2669 3476 2733 atque
3498 2663 3789 2734 gaudebat
3807 2662 4010 2720 videns

2362 2749 2669 2826 parvulum
2697 2770 2730 2807 a
2758 2771 2819 2809 se
2850 2754 3087 2825 gestari,
3139 2753 3239 2825 qui
3268 2754 3338 2808 ad
3371 2754 3595 2808 vinctos
3637 2759 3873 2809 venerat
3918 2769 4011 2810 re-

2363 2844 2688 2911 solvendos,
2714 2861 2892 2915 seque
2914 2845 3111 2915 ipsum
3132 2843 3299 2897 nodis
3323 2843 3582 2913 corporis
3599 2841 4002 2900 liberandum:

2363 2934 2555 2989 sciens
2587 2934 2877 2988 neminem
2907 2950 3076 3005 posse
3106 2933 3177 2988 de
3209 2930 3464 2988 claustro
3495 2933 3754 3003 corporis
3805 2949 4010 3005 quem-

2362 3023 2519 3095 piam
2548 3022 2813 3077 emittcro
2840 3038 2973 3076 cum
3006 3037 3107 3093 spe
3138 3021 3345 3075 futura:
3367 3020 3515 3091 vitae,
3541 3022 3653 3077 nisi
3671 3038 3805 3078 eum
3829 3038 4004 3095 quem

2361 3111 2421 3167 in
2470 3111 2728 3167 brachiis
2775 3112 3129 3167 continebat.
3190 3110 3352 3167 Unde
3390 3111 3464 3166 ad
3514 3126 3651 3165 eum
3700 3110 3999 3183 loquitur:

2360 3203 2516 3258 Nunc
2550 3200 2798 3269 dimittis,
2830 3202 3077 3270 Domine,
3107 3217 3325 3256 servum
3354 3208 3511 3255 tuum
3540 3201 3601 3255 in
3627 3216 3780 3270 pace.
3806 3206 4003 3268 Quan-

2363 3291 2462 3346 diu
2494 3290 2651 3345 enim
2683 3289 2978 3345 Christum
3009 3306 3125 3345 non
3174 3289 3467 3354 tenebam,
3517 3290 3781 3360 quandiu
3829 3290 4001 3350 illum

609 3381 708 3435 aut
734 3379 875 3435 duos
901 3377 1080 3450 pullos
1108 3376 1507 3433 columbarum.
1555 3376 1780 3433 Novum
1808 3377 1949 3449 quid
2000 3377 2244 3433 forsitan
2280 3368 2322 3437 C
2362 3380 2506 3436 meis
2541 3378 2795 3434 brachiis
2827 3396 2941 3434 non
2975 3380 3293 3448 arctabam,
3326 3378 3559 3435 clausus
3591 3395 3772 3448 eram,
3823 3385 3880 3436 et
3930 3383 4008 3439 de

608 3467 808 3524 videar
837 3466 1070 3534 inferre,
1103 3466 1204 3521 sed
1236 3483 1339 3539 pro
1372 3468 1679 3538 majestate
1720 3484 1926 3539 parum
1984 3468 2251 3539 dignum.

609 3557 773 3615 Sicut
802 3573 949 3613 nova
979 3555 1089 3611 fuit
1116 3556 1410 3627 generatio
1435 3555 1771 3623 Salvatoris,
1806 3573 1921 3613 non
1954 3573 2022 3612 ex
2054 3558 2173 3614 viro
2197 3563 2254 3615 et

612 3645 878 3712 muliere,
912 3644 1014 3700 sed
1064 3659 1133 3699 ex
1162 3642 1287 3700 sola
1323 3649 1553 3699 tantum
1584 3644 1848 3715 Virgine:
1911 3645 1996 3699 sic
2046 3650 2103 3700 et
2150 3663 2254 3718 par

612 3738 914 3791 turturum
944 3737 1002 3788 et
1030 3733 1144 3787 duo
1168 3732 1311 3802 pulli
1334 3731 1742 3787 columbarum
1769 3749 1885 3788 non
1909 3736 2144 3789 fuerunt
2164 3741 2253 3789 ta-

617 3826 703 3881 les
732 3822 935 3895 quales
965 3820 1151 3876 oculis
1182 3822 1375 3876 carnis
1397 3821 1718 3893 aspicimus
1742 3839 1755 3877 :
1779 3823 1879 3876 sed
1908 3823 2109 3895 quales
2132 3824 2256 3895 Spi-

615 3916 768 3974 ritus
795 3914 1035 3968 sanctus
1064 3915 1172 3976 est,
1209 3910 1309 3981 qui
1340 3910 1399 3965 in
1430 3909 1621 3983 specie
1652 3910 1932 3966 columbae
1955 3913 2256 3971 descendit

609 4012 671 4063 et
698 4002 852 4061 venit
888 4015 1067 4073 super
1095 3998 1470 4067 Salvatorem,
1502 4001 1737 4072 quando
1767 4002 1828 4056 in
1856 4002 2106 4057 Jordane
2156 4004 2254 4059 ba-

609 4094 864 4169 ptizatus
893 4095 984 4148 est
1003 4091 1086 4145 '9‘.
1111 4088 1248 4146 Tale
1271 4089 1380 4145 fuit
1403 4094 1459 4145 et
1475 4093 1885 4162 parturturum
1911 4107 1924 4146 :
1950 4108 2064 4147 non
2085 4098 2252 4151 erant

604 4184 699 4242 ile
730 4183 995 4242 volucres
1024 4180 1136 4254 (41)
1169 4183 1232 4235 ut
1262 4179 1384 4236 istae
1416 4195 1542 4251 quis
1591 4196 1693 4251 per
1740 4196 1933 4236 aerem
1981 4180 2245 4251 volitant,

602 4276 705 4334 led
739 4272 1003 4331 divinum
1035 4269 1317 4342 quiddam
1349 4272 1407 4325 et
1449 4268 1713 4324 humana
1758 4269 2248 4341 contemplatione

599 4363 934 4439 augustius,
969 4361 1082 4417 sub
1111 4357 1303 4430 specie
1330 4356 1616 4412 columbae
1645 4361 1705 4412 et
1723 4357 1971 4413 turturis
2003 4376 2244 4431 appare.

596 4453 718 4522 bat,
751 4456 816 4509 ut
848 4467 961 4507 non
992 4447 1214 4505 talibus
1244 4444 1500 4502 victimis
1530 4443 1807 4517 Qualibus
1829 4462 2033 4502 omnes
2057 4448 2244 4506 homi-

2362 3468 2615 3525 vinculis
2646 3468 2799 3523 exire
2832 3485 2946 3523 non
2979 3473 3262 3541 poteram.
3296 3468 3413 3523 Hoc
3444 3474 3641 3524 autem
3673 3486 3788 3525 non
3810 3469 4005 3528 solum

2363 3560 2434 3614 de
2463 3559 2750 3626 Simeone,
2784 3559 2884 3614 sed
2918 3559 2987 3614 de
3017 3558 3175 3613 omni
3199 3558 3455 3613 humano
3479 3560 4007 3630 generesciendum

2364 3654 2472 3705 est.
2507 3649 2565 3704 Si
2598 3649 2731 3719 quis
2761 3648 3089 3719 egredietur
3117 3665 3148 3703 e
3181 3649 3421 3713 mundo,
3468 3647 3515 3703 si
3549 3650 3679 3720 quis
3711 3666 3742 3705 e
3781 3666 4012 3708 carcere

2364 3740 2692 3792 vinctorum
2723 3738 2897 3792 domo
2928 3737 3263 3805 dimittitur,
3298 3742 3363 3791 ut
3392 3737 3463 3792 ad
3496 3739 3859 3810 regnandum
3907 3757 4009 3797 va-

2366 3828 2484 3891 dat,
2517 3831 2715 3881 sumat
2742 3826 2944 3881 Jesum
2977 3828 3034 3880 in
3067 3827 3339 3881 manibus
3385 3827 3530 3893 suis,
3580 3834 3638 3883 et
3687 3829 4014 3887 circumdat

2364 3930 2499 3970 eum
2531 3916 2786 3970 brachiis
2817 3916 2964 3981 suis,
3014 3921 3201 3971 totum
3254 3916 3465 3971 habeat
3494 3916 3552 3971 in
3586 3918 3744 3989 sinu,
3770 3924 3824 3976 et
3866 3924 4011 3976 tunc

2360 4003 2658 4059 exsultans
2690 4006 2770 4060 ire
2802 4007 3028 4076 poterit,
3090 4023 3202 4077 quo
3258 4006 3566 4061 desiderat.
3619 4007 4002 4067 Considerate

2361 4098 2581 4165 quanta
2609 4094 2965 4165 dispensatio
2999 4096 3377 4167 praecesserit,
3414 4102 3475 4151 ut
3504 4095 3709 4152 Filium
3757 4098 3858 4153 Dei
3915 4099 4011 4156 Si-

2360 4200 2529 4240 meon
2563 4192 2882 4238 mereretur
2912 4189 3124 4241 tenere.
3150 4186 3411 4240 Primum
3442 4200 3789 4258 responsum
3812 4204 4011 4245 αεαιιο.

2357 4278 2448 4328 cto
2500 4273 2716 4343 Spiritu
2767 4280 3085 4344 acceperat,
3140 4291 3255 4329 non
3302 4291 3434 4329 eum
3487 4275 3678 4331 videre
3729 4282 4003 4350 mortem,

2356 4361 2470 4418 nisi
2499 4361 2663 4433 prius
2696 4362 2936 4418 vidisset
2966 4363 3266 4419 Christum
3322 4364 3570 4419 Domini.
3622 4365 3839 4422 Deinde
3886 4383 4006 4424 non

2354 4452 2594 4507 fortuitu
2627 4468 2692 4507 ac
2725 4452 3074 4525 simpliciter
3104 4454 3407 4525 ingressus
3436 4460 3525 4510 est
3555 4455 3860 4529 templum,
3896 4455 4004 4513 sed

662 4602 706 4641 ³⁸
740 4606 872 4659 Luc.
904 4617 944 4670 ι,
975 4600 1065 4657 35.
1096 4599 1141 4634 ²⁹
1172 4595 1324 4654 Psal.
1355 4613 1470 4665 xxx,
1500 4598 1556 4667 7,
1586 4597 1655 4633 ’9‘
1687 4597 1894 4655 Matth.
1931 4617 2011 4670 m,
2046 4602 2132 4658 16.
2163 4603 2208 4638 ³ο
2238 4604 2244 4660 l

2362 4606 2442 4662 th.
2475 4622 2550 4670 Ix,
2584 4607 2771 4662 20-22.

592 4742 762 4831 σαῖληᾳ
788 4754 1010 4811 Christi.
1051 4751 1297 4831 cap._23,
1341 4754 1518 4831 atque
1573 4766 1822 4831 eorum,_
1852 4770 1998 4831 quos
2049 4740 2232 4831 Gen'e-
2265 4761 2310 4827 D
2343 4776 2524 4831 eoque
2554 4759 2871 4816 Ezechielis
2902 4760 3136 4816 oraculo
3169 4764 3645 4818 corroboratum:
3679 4768 3849 4819 Porta
3879 4762 4003 4821 hac

592 4829 844 4886 brardus
865 4831 1039 4898 atque
1065 4825 1306 4898 Huetius
1328 4829 1670 4898 praetexunt,
1697 4825 1990 4898 Ambrosii
2013 4829 2236 4898 scilicet

590 4899 920 4965 Athanasii,
943 4896 1162 4966 Basilii,
1187 4897 1287 4968 qui
1313 4901 1385 4951 de
1408 4897 1653 4969 virginei
1673 4896 1915 4970 claustri
1937 4896 2234 4970 aperiione

596 4972 658 5029 in
691 4977 859 5045 partu
881 4970 1198 5045 disserunt.
1230 4970 1416 5045 Probe
1442 4968 1876 5045 autemnlluetio
1895 4968 2233 5045 notandum

593 5039 709 5113 est,
753 5043 1031 5100 omnibus
1078 5041 1153 5113 iis
1198 5039 1591 5112 exceptionem
1640 5039 1802 5113 illam
1842 5043 2237 5099 adhibendam

590 5110 744 5188 esse,
775 5130 894 5188 qua
930 5115 1002 5169 ad
1035 5110 1376 5188 solvendum
1415 5111 1706 5188 Ambrosii
1737 5113 1951 5188 locum,
1985 5132 2128 5170 usus
2149 5121 2239 5171 est

589 5183 848 5246 Thomas
877 5204 935 5259 p.
962 5203 1046 5259 ni,
1069 5200 1126 5256 q.
1159 5183 1249 5249 28,
1280 5187 1419 5259 a._2,
1442 5183 1521 5239 ita
1551 5199 1757 5254 nempe
1780 5184 2004 5240 locutos
2037 5188 2235 5243 Patres

587 5261 744 5332 illos,
783 5255 918 5316 cum
949 5255 1100 5332 illud
1119 5255 1490 5332 evangelista
1514 5263 1869 5332 exponerent
1897 5274 1909 5311 :
1936 5260 2232 5315 Unmema-

583 5328 865 5390 sentinam
891 5329 1222 5402 adaperiens
1251 5328 1491 5402 vulvam,
1521 5332 1779 5402 sanctum
1806 5330 2036 5402 Domino
2078 5347 2230 5386 voca-

582 5405 769 5477 bitur:
799 5404 955 5477 quod
987 5399 1227 5477 quidem
1261 5399 1575 5477 exvulgata
1596 5399 1871 5477 loquendi
1917 5407 2229 5477 consuetu:

2349 4835 2541 4887 clausa
2571 4838 2678 4886 erit
2704 4849 2725 4892 ;
2756 4851 2863 4907 non
2896 4837 3190 4904 aperietur,
3226 4839 3275 4889 et
3304 4838 3388 4888 vir
3435 4852 3544 4889 non
3593 4836 3847 4891 transibit
3897 4851 4007 4907 per

2347 4919 2467 4958 eam
2492 4921 2505 4971 ;
2530 4906 3083 4979 quoniamDominus
3118 4912 3255 4961 Deus
3278 4908 3447 4961 Israel
3472 4911 3747 4977 ingressus
3777 4910 3855 4961 est
3898 4906 4008 4979 per

2347 4981 2734 5045 eam:erilque
2763 4978 2951 5031 clausa
2990 4981 3252 5048 principi,
3305 4981 3590 5033 illibatam
3639 4984 3696 5033 et
3744 4980 3803 5033 in
3856 4978 4001 5034 ocn-

2348 5052 2517 5118 ceptu
2549 5054 2605 5102 et
2647 5066 2701 5123 in
2735 5057 2900 5119 partu
2947 5052 3133 5104 Maria:
3193 5053 3610 5122 virginitatem,
3660 5050 4001 5123 Christique

2346 5135 2558 5194 corpus
2583 5122 2791 5194 eodem
2828 5123 2997 5175 modo
3028 5126 3177 5177 t‘oras
3211 5125 3556 5193 prodidisse,
3583 5138 3697 5194 quo
3721 5123 3792 5177 ad
3820 5122 4000 5178 disci-

2344 5192 2514 5265 pulos
2545 5192 2827 5265 obseratis
2864 5195 3081 5248 furibus
3115 5192 3451 5265 penetravit.

2414 5264 2522 5333 (41)
2548 5264 2748 5318 Merito
2774 5265 3069 5335 Origenes,
3105 5264 3255 5335 quod
3293 5270 3349 5320 in
3396 5265 3712 5337 Scripturis
3768 5265 3991 5321 edisse-
4054 5316 4057 5321 .

2343 5336 2558 5409 rendus,
2594 5338 2965 5404 pessumdato
2998 5355 3207 5407 smptus
3242 5336 3751 5402 historico’sensu,
3776 5337 3994 5409 allego-

2339 5407 2479 5461 ricis
2508 5409 2976 5480 expositionibus
3009 5426 3087 5461 rei
3122 5410 3420 5465 veritatem
3472 5410 3780 5480 praevertit,
3835 5407 3990 5465 male

576 5472 1078 5549 d_in_e_us_urpatum
1111 5475 1228 5549 est,
1258 5487 1373 5549 non
1405 5473 1477 5525 ad
1507 5472 2227 5549 signiﬁcandam_virginei

573 5545 754 5620 sigilli
785 5547 847 5603 in
873 5542 1185 5620 puerperio
1216 5542 1536 5620 iussionem,
1569 5544 1669 5598 sed
1700 5542 1920 5620 exitum
1947 5546 2060 5620 dun
2074 5542 2228 5601 faxat

552 5613 755 5687 prblis
784 5620 857 5674 de
878 5613 1071 5675 inero.
1106 5616 1391 5671 Ceterum
1420 5613 1624 5687 eodem
1655 5614 1974 5670 adnotaute
1996 5617 2224 5687 Huetio,

508 5706 514 5719 ι
571 5686 685 5761 hoc
716 5694 805 5745 est
833 5691 1066 5761 optimas
1109 5688 1346 5761 Patrum
1370 5690 1501 5761 tam
1526 5686 1884 5754 Graecorum,
1917 5703 2093 5761 quam
2118 5686 2221 5747 La?

567 5759 833 5819 tinorum
863 5758 1065 5835 partis,
1089 5766 1155 5835 9t
1170 5758 1448 5835 Ephesini
1472 5763 1748 5833 presteres
1773 5760 2003 5835 concilii
2024 5762 2224 5819 decre-

572 5836 728 5917 tgm,
770 5832 1050 5912 perpetuo
1088 5832 1353 5894 Ecclesiae
1402 5846 1693 5895 consensu
1749 5832 2218 5913 comprobatum,

2340 5480 2493 5548 apud
2527 5479 2792 5532 Ecctcsmi
2829 5480 3021 5532 Patres
3054 5484 3325 5535 continuo
3353 5483 3555 5536 audiit.
3618 5482 3781 5534 Haud
3831 5487 3996 5536 certe

2338 5554 2479 5628 seio,
2507 5565 2623 5619 qua
2657 5550 2841 5628 possit
2874 5550 3811 5628 iureinterpretatio_excus_atione
3848 5551 3999 5628 obli-

2336 5620 2470 5697 niri,
2505 5636 2637 5673 cum
2672 5625 2935 5697 turtures
2970 5639 3070 5691 pro
3095 5620 3321 5680 Christo
3341 5626 3567 5681 oblatos
3599 5624 3776 5678 fuisse
3793 5627 3971 5697 negat

2332 5668 2594 5771 vulneres,
2628 5668 3170 5771 ιιι-ζδζέινις-ιιηιίηῳιίει
3212 5714 3311 5767 per
3359 5714 3544 5751 aerem
3592 5668 3998 5765 votitant,°sed

2331 5761 2586 5842 diuinum
2611 5765 2871 5842 quiddam
2905 5773 2958 5842 et
3016 5761 3261 5842 [tantane
3308 5769 3769 5842 contemplatione
3817 5761 3996 5842 augu-

2328 5835 2468 5894 stius
2496 5836 2599 5894 sub
2622 5835 2804 5913 specie
2832 5838 3094 5899 columbas
3122 5846 3172 5899 et
3193 5842 3431 5899 turturis
3455 5835 3800 5917 apparuisse.
