4304 6588
309 477 436 539 269

760 481 1258 546 TRANSLATIO
1301 484 1807 548 HOMILIARUM
1852 487 2221 550 ORIGENIS
2267 490 2346 550 IN
2393 491 2685 555 LUCAM.
2719 526 2796 537 --
2825 491 3097 554 HOMIL.
3142 492 3305 556 XVI.

3616 490 3743 555 270

309 610 475 666 venit
505 609 565 667 in
597 610 882 684 templum
913 612 972 667 in
1003 613 1223 686 Spiritu
1243 614 1365 671 Dei.
1393 616 1656 688 Quotquot
1673 620 1825 674 enim
1845 617 1970 690 Spi-
2001 622 2056 688 Α
2083 620 2391 691 vigilantes
2440 627 2495 677 et
2543 624 2918 681 observantes
2966 623 3264 680 custodias
3324 624 3511 681 noctis
3554 641 3735 698 supra

311 702 431 755 ritu
460 702 558 756 Dei
581 710 843 771 aguntur,
896 703 955 758 hi
981 703 1091 773 ﬁlii
1119 713 1247 760 sunt
1274 707 1373 761 Dei
1401 708 1465 762 ³³.
1509 708 1762 780 Spiritus
1796 708 1975 780 igitur

321 795 566 847 sanctus
597 806 733 846 eum
777 790 942 847 duxit
972 793 1030 847 in
1070 794 1377 866 templum.
1428 801 1509 852 Tu
1542 814 1775 869 quoque
1807 798 1855 853 si
1887 798 1975 853 vis

319 883 520 935 tenere
543 879 832 948 Jesum,et
852 881 1181 966 amplexare
1202 885 1497 956 manibus,
1522 892 1579 942 et
1608 888 1823 960 dignus
1848 887 1974 943 ﬁeri

320 970 479 1025 exire
509 970 578 1025 de
611 987 857 1039 carcere,
891 971 1052 1026 omni
1080 971 1278 1029 labore
1336 975 1611 1047 nitere,ut
1633 978 1842 1034 ducem
1870 976 1975 1033 ha-

317 1060 462 1115 beas
512 1060 819 1132 Spiritum,
867 1061 1185 1133 veniasque
1233 1064 1305 1119 ad
1357 1064 1641 1138 templum
1674 1066 1795 1123 Dei.
1831 1067 1974 1122 Ecce

316 1166 477 1206 nunc
529 1153 651 1205 stas
681 1148 740 1204 in
778 1151 993 1222 templo
1040 1152 1272 1208 Domini
1302 1153 1461 1224 Jesu,
1496 1155 1603 1211 hoc
1635 1160 1744 1225 est,
1780 1155 1839 1212 in
1870 1156 1974 1212 Ec-

315 1239 496 1297 clesia
523 1240 672 1311 ejus,
711 1240 816 1294 hoc
846 1245 935 1294 est
965 1240 1251 1314 templum
1282 1243 1353 1298 de
1385 1243 1527 1299 vivis
1560 1244 1856 1316 lapidibus
1879 1263 1975 1301 ex-

314 1334 633 1385 structum.
678 1334 807 1385 Stas
834 1336 1033 1385 autem
1090 1332 1149 1385 in
1200 1331 1415 1404 templo
1452 1334 1704 1403 Domini,
1736 1335 1975 1407 quando

312 1419 436 1478 vita
464 1424 585 1486 tua,
608 1423 664 1475 et
693 1419 1053 1475 conversatio
1079 1420 1346 1477 Ecclesiae
1378 1422 1548 1478 fuerit
1581 1422 1977 1495 appellatione

314 1508 686 1583 dignissima.
721 1508 780 1563 Si
813 1510 1039 1565 veneris
1071 1509 1281 1581 spiritu
1304 1513 1374 1583 ad
1398 1511 1977 1583 templum,invenies

312 1598 623 1672 parvulum
653 1597 881 1666 Jesum,
912 1598 1129 1653 lembis
1167 1599 1329 1654 illum
1377 1601 1632 1656 brachiis
1663 1601 1781 1657 tuis
1812 1606 1867 1658 et
1897 1603 1982 1663 di.

313 1708 413 1748 ces
447 1708 460 1746 :
494 1690 650 1744 Nunc
679 1688 890 1743 dimitis
939 1705 1155 1744 servum
1201 1693 1381 1759 tuum,
1434 1692 1680 1759 Domine,
1732 1694 1791 1746 in
1816 1708 1976 1764 pace,

309 1779 611 1837 secundum
640 1778 864 1833 verbum
893 1782 1067 1833 tuum.
1102 1779 1407 1851 Simulque
1437 1781 1671 1837 attende
1700 1782 1854 1853 quod
1888 1799 1977 1838 so-

309 1868 522 1927 lutioni
554 1872 612 1923 et
642 1866 975 1923 dimissioni
1007 1886 1119 1940 pax
1152 1869 1354 1925 addita
1388 1870 1483 1924 sit.
1524 1870 1649 1925 Non
1682 1871 1841 1926 enim
1872 1871 1974 1942 ait,

314 1957 545 2015 Dimitti
578 1955 728 2024 volo,
753 1958 853 2012 sed
885 1974 1022 2012 cum
1046 1958 1529 2027 additamento,in
1556 1976 1695 2032 pace
1727 1960 1969 2017 dimitti.

320 2048 468 2105 Nam
498 2050 554 2103 et
584 2047 751 2102 beato
782 2046 1025 2102 Abrahae
1084 2047 1188 2103 hoc
1241 2049 1395 2103 idem
1431 2049 1787 2121 promissum
1819 2056 1908 2104 est
1957 2067 1970 2105 :

319 2139 395 2194 Tu
423 2140 606 2193 autem
634 2137 794 2192 vades
824 2136 894 2191 ad
918 2141 1102 2208 putres
1131 2146 1250 2193 tuos
1298 2142 1358 2193 in
1398 2154 1553 2210 pace,
1628 2142 1873 2194 nutritus
1916 2140 1977 2195 in

314 2236 530 2285 senecta
561 2228 718 2282 bona.
781 2226 921 2289 Quis
973 2232 1062 2281 est
1110 2227 1211 2299 qui
1250 2227 1536 2283 moriatur
1578 2228 1635 2284 in
1668 2244 1829 2300 pace,
1862 2227 1977 2283 nisi

319 2317 425 2391 qui
455 2316 631 2373 habet
660 2332 858 2388 pacem
895 2316 991 2372 Dei
1024 2333 1154 2388 quae
1183 2333 1416 2372 omnem
1448 2334 1689 2374 sensum
1717 2321 1974 2390 superat,

321 2406 693 2478 custoditque
724 2422 823 2461 cor
879 2406 1236 2477 possessoris
1263 2406 1355 2461 sui
1386 2406 1413 2461 ?
1462 2406 1602 2472 Quis
1641 2411 1730 2462 est
1771 2407 1874 2478 qui
1904 2407 1976 2463 de

322 2496 539 2555 saeculo
571 2497 681 2551 isto
713 2496 931 2551 recedit
971 2496 1031 2550 in
1081 2513 1241 2568 pace,
1294 2496 1407 2551 nisi
1459 2496 1506 2551 is
1550 2497 1650 2568 qui
1703 2495 1979 2569 intelligit

321 2588 481 2661 quod
539 2592 688 2642 Deus
738 2591 865 2641 erat
896 2585 955 2639 in
996 2585 1226 2640 Christo
1261 2587 1550 2641 mundum
1594 2586 1977 2642 reconcilians

321 2676 729 2749 sibi,nihilque
760 2675 1065 2730 inimicum
1096 2676 1273 2732 habet
1302 2676 1699 2732 adversarium
1723 2676 1845 2739 Dei,
1875 2676 1975 2732 sed

320 2784 558 2826 omnem
592 2782 791 2839 pacem
816 2770 989 2837 atque
1019 2767 1391 2821 concordiam
1415 2766 1583 2822 bonis
1616 2767 1672 2820 in
1697 2783 1757 2822 se
1788 2766 1976 2837 operi-

322 2860 438 2915 bus
464 2855 805 2928 assumpsit,
840 2861 897 2910 ct
923 2856 1007 2911 sic
1037 2856 1096 2910 in
1126 2872 1268 2927 pace
1299 2856 1619 2911 dimittitur
1644 2873 1883 2928 pergere
1905 2855 1978 2911 ad

323 2952 559 3005 sanctos
590 2946 811 3012 Patres,
842 2948 914 3000 ad
959 2962 1110 3017 quos
1143 2952 1201 3001 et
1228 2951 1469 3002 sanctus
1513 2947 1806 3001 Abraham
1851 2962 1980 3018 pro-

325 3041 513 3095 fectus
545 3037 676 3093 est?
707 3036 854 3102 Quid
877 3036 947 3091 de
964 3036 1236 3091 Patribus
1257 3035 1466 3107 loquar
1483 3035 1510 3091 ‘I
1530 3036 1601 3090 ad
1621 3035 1817 3107 ipsum
1841 3052 1981 3107 quo-

325 3144 445 3201 que
473 3127 572 3199 qui
606 3125 1071 3199 patriarcharum
1126 3125 1397 3197 princeps
1448 3130 1506 3181 et
1550 3125 1836 3182 Dominus
1869 3129 1979 3194 est,

326 3218 414 3274 ire
443 3217 666 3285 Jesum,
691 3216 762 3271 de
794 3231 907 3287 quo
940 3215 1154 3270 dicitur
1183 3232 1195 3269 :
1229 3216 1429 3274 Melius
1457 3219 1534 3271 est
1564 3216 1764 3270 resolvi
1791 3222 1842 3270 et
1867 3230 1982 3270 esse

326 3323 454 3363 cum
483 3306 703 3363 Christo
727 3306 790 3360 3’.
826 3305 926 3361 llle
956 3305 1132 3360 habet
1161 3309 1389 3375 Jesum,
1432 3305 1531 3377 qui
1564 3305 1739 3360 audet
1768 3303 1929 3376 loqui
1964 3319 1978 3359 :

2005 2006 2052 2073 B

2083 727 2318 783 gregem
2351 728 2546 767 suum.
2579 713 2754 768 Venit
2782 714 3025 786 angelus
3056 714 3166 771 sub
3194 713 3324 786 ipsa
3356 714 3497 770 hora
3526 713 3732 771 nativi-

2085 799 2223 855 tatis
2250 800 2413 869 Jesu,
2448 807 2503 857 et
2533 802 2613 857 ait
2644 804 2713 857 ad
2743 820 2840 858 eos
2887 821 2899 858 :
2951 804 3228 859 Annuntio
3276 804 3426 860 vobis
3470 803 3738 897 ggudium

2084 906 2366 961 magnum.
2400 895 2499 958 Ite,
2532 900 2582 947 et
2610 894 2902 947 invenietis
2948 894 3223 961 infantem
3251 892 3562 951 involutu'm
3588 909 3733 965 pan-

2084 981 2193 1046 nis,
2226 988 2277 1035 et
2297 982 2537 1052 positum
2566 983 2625 1036 in
2645 983 2941 1053 praesepio.
2993 981 3254 1039 Necdum
3287 980 3531 1053 angelus
3558 981 3741 1053 verba

2086 1070 2335 1139 ﬁnierat,
2371 1075 2427 1127 et
2475 1089 2605 1128 ecce
2637 1072 2954 1129 multitudo
2985 1070 3239 1129 caelestis
3286 1072 3571 1133 exercitus
3600 1069 3734 1139 Ian;

2086 1160 2224 1216 dare
2254 1161 2429 1233 ccepit
2457 1166 2514 1217 et
2544 1162 2887 1218 benedicere
2921 1164 3120 1219 Deum.
3153 1161 3300 1217 Cum
3328 1161 3440 1218 hoc
3468 1165 3738 1234 pastores

2085 1249 2295 1321 trepidi
2327 1251 2851 1323 perspexissent,et
2879 1250 3125 1324 angelus
3154 1250 3497 1317 recessisset
3523 1250 3598 1309 ab
3627 1248 3734 1322 eis,

2087 1340 2359 1395 dixerunt
2387 1341 2459 1396 ad
2492 1340 2734 1397 invicem
2772 1359 2785 1397 :
2819 1343 3029 1397 Eamus
3078 1340 3416 1408 Bethlehem,
3465 1348 3519 1397 et
3546 1338 3735 1407 videa-

2086 1446 2207 1485 mus
2235 1433 2442 1500 factum
2479 1430 2616 1501 quod
2659 1432 2921 1487 Dominus
2968 1429 3198 1486 ostendit
3232 1429 3409 1486 nobis.
3440 1428 3742 1497 Venerunt

2088 1522 2144 1574 et
2171 1519 2517 1575 invenerunt
2550 1520 2880 1592 parvulum.
2914 1521 3056 1575 Tam
3106 1518 3191 1574 illi
3233 1535 3413 1591 quam
3443 1521 3738 1591 parentes,

2088 1608 2354 1664 videntes
2386 1625 2513 1680 quae
2565 1610 2717 1664 facta
2764 1610 3015 1679 fuerant,
3066 1607 3511 1665 admirabantur
3560 1622 3741 1680 super

2089 1696 2218 1753 hoc.
2261 1698 2333 1753 Et
2380 1699 2453 1754 de
2497 1697 2730 1754 Simone
2779 1697 3077 1763 scribitur,
3111 1696 3266 1768 quod
3306 1711 3603 1755 rumorem
3634 1712 3740 1763 au-

2087 1787 2236 1843 xerit
2263 1786 2553 1855 miraculi,
2614 1787 2702 1844 vel
2736 1804 2951 1859 magna
3009 1803 3146 1859 pars
3189 1784 3380 1851 fuerit,
3434 1784 3743 1857 tenuitque

2089 1893 2337 1947 puerum
2360 1877 2421 1932 in
2447 1876 2704 1932 brachiis
2735 1876 2879 1944 suis,
2911 1881 2971 1932 et
2999 1875 3081 1932 ait
3111 1892 3124 1931 :
3159 1878 3322 1932 Nunc
3347 1873 3605 1943 dimittis,
3636 1874 3741 1931 Do-

2089 1968 2259 2034 mine,
2291 1982 2510 2022 servum
2542 1976 2701 2021 tuum
2730 1967 2788 2022 in
2813 1982 2962 2038 pace,
2994 1965 3294 2031 secundum
3308 1964 3536 2020 verbum
3562 1971 3740 2032 tuum,

2087 2058 2219 2127 quia
2248 2056 2507 2112 viderunt
2556 2056 2708 2112 oculi
2749 2058 2859 2112 mei
2898 2057 3143 2111 salutare
3189 2062 3363 2111 tuum.
3416 2053 3739 2126 Fastigium

2084 2149 2142 2202 et
2171 2149 2236 2202 ut
2264 2145 2345 2201 ita
2373 2145 2587 2214 dicam,
2618 2144 2852 2201 culmen
2882 2160 3061 2217 super
3088 2143 3180 2201 his
3211 2160 3339 2215 quae
3362 2142 3743 2214 jactabantur

2085 2235 2157 2291 de
2175 2235 2335 2304 Jesu,
2367 2238 2426 2291 et
2453 2240 2616 2307 pater
2635 2239 2692 2290 et
2723 2238 2910 2290 mater
2937 2233 3097 2290 illius
3128 2232 3514 2302 mirabantur,
3545 2246 3740 2301 seer

2087 2324 2379 2381 Simeonis
2405 2324 2669 2380 fuit.Non
2701 2323 2856 2380 enim
2876 2323 3096 2380 sufﬁcit
3116 2322 3166 2378 ei
3190 2326 3385 2378 tenere
3406 2320 3737 2394 parvulum,

2085 2420 2142 2469 et
2171 2430 2237 2469 ea
2267 2430 2393 2485 quae
2435 2414 2505 2470 de
2537 2414 2852 2486 semetipso
2884 2412 3104 2484 scripta
3146 2417 3286 2469 sunt
3314 2410 3605 2484 proloqui,
3637 2411 3740 2469 sed

2085 2503 2383 2559 benedixit
2429 2504 2578 2575 patri
2613 2503 2768 2559 illius
2798 2508 2855 2558 et
2886 2503 3057 2559 matri
3093 2518 3107 2557 :
3151 2505 3207 2557 et
3238 2502 3309 2559 de
3350 2502 3478 2573 ipso
3509 2516 3750 2574 quoque

2087 2592 2456 2665 prephetavit
2495 2594 2736 2659 infante,
2771 2593 2971 2649 dicens
3004 2608 3019 2647 :
3061 2592 3194 2648 Ecce
3221 2592 3311 2648 hic
3336 2592 3547 2663 positus
3575 2593 3653 2646 est
3682 2590 3749 2649 in

2085 2684 2313 2738 ruinam
2359 2690 2411 2737 et
2476 2684 2925 2738 resurrectionem
2974 2682 3275 2736 multorum
3320 2682 3383 2736 in
3427 2679 3620 2747 Israel,
3689 2682 3745 2741 et

2087 2774 2149 2826 in
2195 2772 2413 2842 signum
2459 2774 2552 2826 cui
2599 2771 3022 2827 contradicetur.
3077 2771 3243 2826 Tuam
3307 2784 3520 2841 quoque
3571 2769 3744 2842 ipsius

2086 2863 2335 2916 animam
2362 2861 2719 2931 pertransibit
2757 2860 2996 2930 gladius,
3043 2864 3105 2915 ut
3145 2859 3461 2914 revelentur
3488 2859 3561 2916 de
3590 2858 3739 2914 mul-

2089 2953 2158 3006 tis
2204 2949 2455 3005 cordibus
2505 2951 2881 3021 cogitationes.
2933 2948 3079 3015 Quid
3131 2948 3242 3005 sibi
3274 2947 3394 3003 vult
3423 2947 3579 3019 quod
3612 2946 3742 3004 ait:

2087 3042 2218 3096 Ecce
2270 3040 2363 3095 hic
2416 3043 2629 3112 positus
2675 3048 2752 3094 est
2799 3040 2856 3093 in
2910 3041 3139 3095 ruinam
3186 3047 3237 3095 et
3295 3039 3749 3094 resurrectionem

2058 3166 2061 3179 ι
2087 3131 2391 3187 multorum
2422 3131 2482 3185 in
2514 3130 2729 3185 Israel?
2757 3128 2903 3184 Huic
2949 3129 3091 3201 quid
3122 3126 3316 3184 simile
3346 3128 3405 3184 in
3436 3125 3746 3201 Evangelio

2091 3220 2417 3277 secundum
2468 3219 2755 3275 Joannem
2789 3218 2975 3291 reperi
3024 3218 3310 3291 scriptum
3345 3236 3358 3274 :
3389 3218 3449 3275 In
3471 3216 3753 3289 judicium

2091 3328 2194 3384 ego
2243 3312 2305 3365 in
2356 3311 2629 3367 mundum
2673 3311 2844 3367 istum
2888 3311 3038 3377 veni,
3087 3311 3147 3363 ut
3175 3309 3273 3381 qui
3297 3324 3408 3364 non
3450 3307 3637 3364 vident
3662 3307 3749 3364 vi-

334 3400 462 3455 Vivo
492 3398 602 3467 iam
632 3411 737 3453 non
770 3411 887 3465 ego,
922 3397 1059 3451 vivit
1092 3411 1216 3451 vero
1266 3397 1347 3474 in_
1372 3411 1458 3450 me
1505 3394 1754 3450 Christus
1793 3394 1858 3446 ³³.
1909 3392 1983 3448 Ut
2013 3386 2055 3453 C
2093 3400 2277 3467 deant,
2302 3407 2353 3454 et
2384 3400 2481 3470 qui
2510 3399 2689 3453 vident
2719 3399 2853 3453 σεῖ’θί
2879 3398 3018 3468 ﬁant
3063 3398 3129 3453 3‘.
3171 3397 3471 3463 Quomodo
3519 3412 3657 3469 ergo
3687 3395 3750 3453 in

329 3486 513 3562 igitur
583 3490 639 3542 et
707 3502 813 3541 nos
881 3490 1104 3541 stantes
1165 3485 1226 3539 in
1287 3483 1530 3555 templo,
1606 3489 1664 3538 et
1720 3486 1987 3537 tenentes

328 3577 436 3633 Dei
472 3576 699 3647 Filium,
724 3574 1238 3647 amplexantesque
1260 3571 1585 3644 eum,digni
1617 3572 1983 3642 remissione,

327 3673 390 3723 et
420 3667 776 3740 profectione
805 3666 877 3722 ad
928 3665 1171 3721 meliora
1201 3665 1409 3733 simus,
1454 3668 1687 3719 oremus
1719 3660 1983 3732 omnipo-

328 3761 553 3813 tentem
584 3756 790 3822 Deum,
824 3772 1058 3812 oremus
1090 3760 1146 3810 et
1177 3755 1289 3827 (42)
1320 3755 1516 3827 ipsum
1551 3750 1860 3826 parvulum
1891 3751 1984 3805 Je-

328 3865 489 3914 sum,
522 3863 696 3919 quem
727 3845 943 3918 alloqui
976 3851 1034 3901 et
1081 3850 1278 3901 tenere
1320 3844 1726 3899 desideramus
1764 3840 1822 3895 in
1854 3841 1985 3896 bra-

329 3937 484 3993 chiis
517 3954 529 3993 :
565 3936 659 3992 cui
690 3941 779 3992 est
806 3936 992 4007 gloria
1016 3940 1072 3990 et
1100 3934 1411 4008 imperium
1436 3934 1493 3989 in
1518 3934 1731 3988 saecula
1755 3928 1989 3986 saeculo-

332 4044 491 4084 rum.
525 4033 728 4082 Amen.

753 4116 1044 4171 393-94
1084 4115 1395 4169 HOMlLIA
1426 4112 1569 4168 XVI.

332 4192 411 4248 De
435 4205 497 4246 eo
524 4187 663 4261 quod
692 4190 952 4260 scriptum
998 4194 1077 4261 est
1108 4204 1126 4241 :
1162 4210 1182 4235 αι
1220 4188 1395 4261 Eraut
1440 4194 1599 4258 pater
1649 4185 1765 4261 ejus
1794 4190 1844 4237 et
1875 4196 1991 4236 mae

410 4268 493 4319 ter
531 4256 813 4316 mirantes
847 4276 1011 4331 super
1059 4260 1144 4313 his
1174 4274 1293 4329 qua:
1326 4256 1649 4313 dicebantur
1696 4256 1761 4312 de
1789 4270 1899 4331 _eo,
1960 4275 1988 4331 η

407 4351 577 4407 usque
605 4336 678 4388 ad
709 4334 885 4388 locum
914 4327 1031 4386 'ubi
1085 4327 1195 4407 ait—
1220 4347 1238 4383 :
1288 4352 1317 4380 ‹‹
1369 4332 1499 4407 Ecce
1546 4327 1990 4407 iste_pos_itus_est

408 4411 470 4462 in
484 4398 722 4461 ruinam
749 4414 800 4460 et
829 4406 1291 4459 resurrectionem
1317 4401 1624 4457 multorum
1654 4398 1716 4456 in
1745 4398 1934 4455 Israel'
1963 4420 1985 4447 ι

406 4481 546 4551 Cap.
578 4495 642 4533 ιι.

410 4570 479 4626 Et
507 4571 691 4635 erant,
724 4566 938 4638 inquit,
980 4574 1140 4637 pater
1168 4565 1322 4618 illius
1352 4569 1401 4619 et
1432 4571 1611 4618 mater
1652 4562 1992 4616 admirantes

2088 3488 2383 3561 judicium
2413 3488 2666 3557 venit,ut
2696 3503 2810 3542 non
2843 3486 3102 3541 videntes
3132 3486 3204 3541 de
3234 3486 3574 3541 nationibus
3596 3484 3751 3542 vide.

2096 3582 2246 3645 rent,
2279 3581 2337 3633 et
2365 3575 2467 3648 qui
2522 3580 2686 3647 prius
2716 3574 2991 3631 videbant
3019 3575 3091 3631 de
3123 3574 3297 3630 Israel
3329 3574 3461 3630 caeci
3494 3574 3699 3630 tierent
3729 3590 3745 3632 :

2096 3670 2180 3724 sic
2209 3666 2366 3723 venit
2396 3666 2454 3720 in
2488 3667 2719 3721 ruinam
2759 3670 2816 3720 et
2869 3664 3354 3720 resurrectionem
3400 3662 3744 3721 multorum.

2097 3761 2159 3815 In
2192 3750 2442 3813 adventu
2472 3756 2627 3812 enim
2665 3756 2891 3811 Domini
2923 3755 3260 3824 Salvatoris,
3306 3753 3408 3827 qui
3433 3754 3598 3827 prius
3627 3758 3747 3813 ste-

2093 3852 2307 3915 terant,
2341 3851 2706 3918 corrucrunt,
2737 3851 2794 3903 et
2823 3844 2925 3919 qui
2953 3845 3303 3917 ceciderant,
3344 3847 3746 3902 surrexerunt.

2100 3938 2224 3995 Una
2254 3938 2376 3994 haec
2405 3942 2497 3994 est
2525 3936 2925 4009 interpretatio
2955 3936 3025 3991 de
3053 3952 3120 3992 eo
3166 3935 3321 4007 quod
3353 3935 3577 4003 dictum
3606 3937 3698 3992 est
3730 3948 3746 3995 ς

2094 4030 2237 4083 Ecce
2289 4025 2381 4081 hic
2429 4027 2635 4098 positus
2688 4034 2763 4082 est
2810 4027 2871 4080 in
2919 4026 3141 4080 ruinam
3187 4032 3238 4079 et
3293 4024 3753 4091 resurrectionem

2097 4117 2401 4173 multorum
2430 4117 2490 4170 in
2521 4116 2711 4170 Israel.
2748 4115 2849 4169 Est
2879 4119 3076 4170 autem
3105 4118 3163 4169 et
3192 4112 3369 4169 altius
3399 4112 3538 4185 quid
3578 4111 3751 4168 intelo

2098 4206 2400 4280 ligendum
2432 4205 2711 4261 adversus
2742 4220 2841 4260 eos
2860 4202 2948 4260 vel
2979 4202 3358 4274 maxime,qui
3383 4205 3587 4261 contra
3612 4205 3756 4259 Con~

2100 4297 2346 4353 ditorem
2375 4294 2675 4359 latrant,et
2705 4293 2841 4349 hinc
2871 4292 3008 4349 inde
3038 4292 3109 4348 de
3142 4291 3325 4347 Veteri
3355 4290 3752 4363 Testamento,

2101 4405 2227 4461 quae
2261 4404 2376 4443 non
2401 4384 2759 4457 inlelligunt,
2792 4382 3130 4440 testimonia
3160 4380 3754 4455 congregantes,sim-

2101 4476 2342 4549 plicium
2373 4476 2548 4532 corda
2606 4473 2925 4545 decipiunt.
2963 4472 3143 4528 Aiunt
3188 4474 3346 4527 enim
3380 4486 3394 4526 :
3429 4470 3574 4528 Ecce
3602 4469 3759 4533 Deus

2100 4566 2246 4640 legis
2278 4570 2337 4621 et
2378 4563 2819 4637 prophetarum,
2862 4564 3052 4620 videte
3084 4560 3276 4635 qualis
3308 4562 3388 4617 sit
3435 4576 3449 4615 :
3497 4562 3618 4631 Ego
3673 4557 3762 4627 iu,-

332 4675 501 4731 5uper
530 4659 615 4714 his
646 4673 765 4729 quae
822 4656 1143 4711 dicebantur
1188 4654 1252 4710 de
1307 4670 1385 4708 eo.
1447 4652 1877 4723 Congregemus
1930 4650 1990 4705 in
2100 4656 2248 4729 quit,
2278 4657 2342 4723 ³⁵,
2375 4653 2636 4721 occidam,
2688 4657 2864 4710 vivere
2909 4654 3113 4725 faciam
3141 4671 3160 4708 :
3189 4652 3516 4724 percutiam,
3569 4659 3620 4708 et
3662 4665 3758 4722 eaq

333 4764 523 4804 unum
556 4764 625 4802 ea
655 4763 783 4819 qua
809 4746 864 4800 in
896 4745 1186 4801 ortuJesu
1211 4745 1366 4799 dicta
1397 4742 1730 4815 scriptaque
1761 4745 1901 4795 sunt
1922 4740 1993 4797 de
2025 4771 2073 4837 Β
2101 4746 2309 4803 sanabo
2342 4763 2355 4802 :
2389 4749 2440 4800 et
2468 4760 2579 4799 non
2607 4752 2687 4801 est
2717 4746 2817 4814 qui
2843 4752 3002 4799 eruat
3049 4743 3115 4799 de
3151 4742 3413 4799 manibus
3454 4741 3611 4799 mei;
3647 4743 3756 4797 Au-

332 4855 425 4909 eo,
460 4842 517 4893 et
548 4853 703 4892 nunc
734 4835 881 4891 scire
914 4835 1240 4907 poterimus
1272 4832 1506 4905 singula
1536 4846 1782 4904 qumque
1819 4830 1997 4903 digna
2025 4830 2067 4837 ’
2106 4836 2644 4905 diunt,occidam,et
2674 4850 2788 4889 non
2820 4833 3090 4900 audiunt,
3122 4832 3410 4903 viviﬁcabo
3435 4852 3454 4887 :
3488 4831 3755 4896 audiunt,

334 4944 470 4984 esse
501 4924 805 4982 miraculo.
839 4925 1231 4992 Quamobrem
1264 4924 1590 4980 mirabatur
1618 4928 1673 4977 et
1694 4926 1858 4994 pater
1887 4920 1994 4993 (sic
2098 4926 2433 4999 percutiam,
2478 4927 2535 4980 et
2592 4923 2795 4979 audire
2851 4926 3257 4989 contemnunt,
3311 4926 3364 4978 et
3391 4937 3485 4995 ego
3523 4920 3756 4981 sonabo.

335 5018 497 5075 enim
530 5016 857 5089 appellatus
902 5021 991 5072 est
1039 5014 1275 5087 Joseph,
1326 5014 1466 5087 quia
1513 5011 1791 5068 nutritius
1839 5012 1993 5084 fuit),
2107 5013 2444 5072 Istiusmodi
2477 5012 2883 5069 occasionibus
2914 5012 3244 5068 Creatorem
3296 5009 3757 5067 calumniantur.

336 5108 672 5164 mirabatur
694 5111 752 5162 et
782 5112 969 5162 mater
998 5122 1174 5177 super
1190 5105 1464 5160 omnibus
1494 5119 1621 5175 quae
1653 5102 1997 5158 dicebantur
2104 5105 2290 5179 Igitur
2305 5108 2619 5176 antequam
2644 5104 3247 5175 iuterpreteturquem
3270 5115 3509 5157 sensum
3524 5098 3756 5153 habeat:

337 5199 412 5254 de
446 5214 535 5253 eo.
595 5196 872 5261 Quaenam
927 5212 1063 5269 ergo
1097 5201 1257 5263 sunt,
1316 5211 1444 5267 quae
1474 5194 1543 5249 de
1583 5192 1825 5266 parvulo
1854 5193 1995 5249 Jesu
2104 5197 2221 5270 Ego
2274 5195 2613 5267 interﬁciam
2654 5201 2704 5250 et
2752 5193 3056 5265 viviﬁcabo,
3083 5193 3401 5263 percutiam
3437 5197 3487 5245 et
3531 5184 3757 5259 sanaba,

335 5288 500 5345 fama
535 5286 942 5360 disperserat?
976 5292 1248 5343 Pastores
1280 5290 1446 5341 erant
1498 5285 1557 5340 in
1606 5283 1841 5357 regione
1872 5282 1995 5352 illa,
2106 5301 2397 5360 opponam
2424 5285 2508 5343 eis
2537 5283 2944 5341 testimonium
2978 5281 3295 5356 Evangelii,
3320 5279 3631 5350 dicamque
3661 5273 3767 5341 ads

410 5468 453 5503 ⁸¹
486 5472 655 5525 Rom.
686 5485 805 5537 vm,
840 5469 926 5523 14.
1005 5469 1049 5504 ³³
1078 5466 1228 5523 Phil.
1264 5484 1305 5541 ι,
1336 5469 1425 5524 23.
1500 5469 1546 5502 ⁸⁸
1584 5466 1771 5524 Galat.
1807 5483 1871 5540 II,
1902 5468 1972 5523 29

2093 5466 2114 5501 ‘
2140 5465 2313 5524 Joan.
2345 5482 2417 5523 Ix.
2451 5464 2540 5523 39.
2618 5464 2661 5501 ³³
2693 5470 2857 5522 Deut.
2890 5480 3065 5536 xxxn,
3093 5462 3182 5518 39.

2110 5647 2334 5715 Filium,
2364 5663 2535 5719 neque
2563 5662 2687 5703 cum
2717 5646 2863 5703 Filio
2892 5646 3137 5719 Patrem.
3190 5634 3306 5698 Hoc
3339 5635 3618 5719 nimirum
3650 5632 3765 5701 crio

337 5714 482 5783 dum
512 5714 754 5797 quidem
789 5741 922 5780 cum
946 5714 1377 5797 rPatreF'ilium,
1405 5726 1506 5778 sed
1530 5714 1763 5797 premo
1795 5714 2004 5797 oratio-
2112 5714 2373 5797 minatur
2399 5714 2780 5797 Theophilus
2818 5720 2875 5772 in
2915 5715 3264 5797 synodicae
3292 5714 3463 5797 nebis
3506 5714 3764 5797 primum

337 5783 683 5871 nisge'riere
712 5814 726 5853 :
756 5813 885 5871 quae
919 5796 1001 5850 illi
1035 5796 1282 5871 multam
1314 5784 1595 5871 invidiain
1626 5796 2005 5871 doctrinape-
2109 5790 2350 5871 vulgata
2396 5792 2548 5871 inter
2583 5783 3077 5871 'llieronymianas
3124 5787 3293 5864 epist.
3333 5788 3425 5859 92,
3472 5783 3531 5845 οἱ
3563 5786 3620 5858 2,
3650 5783 3767 5853 σοι.

340 5859 517 5949 perii,
564 5859 804 5945 perinde
847 5874 1022 5942 atque
1073 5868 1373 5927 sensisset.
1427 5869 1541 5926 Non
1583 5884 1695 5927 esse
1725 5859 2003 5925 orandum
2112 5859 2247 5933 541:
2272 5878 2450 5941 quam
2474 5863 2709 5951 juvabit
2736 5859 3074 5923 recoluisse.

413 5651 530 5725 (42)
569 5650 847 5724 Colligere
877 5651 1013 5707 hinc
1044 5651 1461 5719 licet,sensisse
1492 5650 1998 5725 0rigcnem,oran-
