  <div class='ocr_page' id='page_1' title='image "/cluster/home/n/w/nwhite01/storage/ocr_20150623/26/umn.31951002477320a/142.png"; bbox 0 0 4304 6606; ppageno 0'>
   <div class='ocr_carea' id='block_1_1' title="bbox 306 432 425 499">
    <p class='ocr_par' dir='ltr' id='par_1_1' title="bbox 306 432 425 499">
     <span class='ocr_line' id='line_1_1' title="bbox 306 432 425 499; baseline 0 0"><span class='ocrx_word' id='word_1_1' title='bbox 306 432 425 499; x_wconf 71' lang='grc'><strong>273</strong></span> 
     </span>
    </p>
   </div>
   <div class='ocr_carea' id='block_1_2' title="bbox 738 438 3303 509">
    <p class='ocr_par' dir='ltr' id='par_1_2' title="bbox 738 438 3303 509">
     <span class='ocr_line' id='line_1_2' title="bbox 738 438 3303 509; baseline 0.003 -10"><span class='ocrx_word' id='word_1_2' title='bbox 738 438 1239 503; x_wconf 80' lang='lat' dir='ltr'><strong>TRANSLATIO</strong></span> <span class='ocrx_word' id='word_1_3' title='bbox 1283 440 1786 504; x_wconf 81' lang='lat' dir='ltr'><strong>HOMILIARUM</strong></span> <span class='ocrx_word' id='word_1_4' title='bbox 1830 441 2195 503; x_wconf 79' lang='lat' dir='ltr'><strong>ORIGENIS</strong></span> <span class='ocrx_word' id='word_1_5' title='bbox 2239 443 2320 505; x_wconf 86' lang='lat' dir='ltr'><strong>IN</strong></span> <span class='ocrx_word' id='word_1_6' title='bbox 2370 441 2652 505; x_wconf 80' lang='lat' dir='ltr'><strong>LUCAM.</strong></span> <span class='ocrx_word' id='word_1_7' title='bbox 2690 474 2765 488; x_wconf 93' lang='lat'>-</span> <span class='ocrx_word' id='word_1_8' title='bbox 2796 445 3067 507; x_wconf 84' lang='lat' dir='ltr'><strong>HOMIL.</strong></span> <span class='ocrx_word' id='word_1_9' title='bbox 3114 439 3303 509; x_wconf 82' lang='lat' dir='ltr'><strong>XVII.</strong></span> 
     </span>
    </p>
   </div>
   <div class='ocr_carea' id='block_1_3' title="bbox 3588 434 3728 508">
    <p class='ocr_par' dir='ltr' id='par_1_3' title="bbox 3588 434 3728 508">
     <span class='ocr_line' id='line_1_3' title="bbox 3588 434 3728 508; baseline 0.021 -4"><span class='ocrx_word' id='word_1_10' title='bbox 3588 434 3728 508; x_wconf 71' lang='lat'><strong>.274</strong></span> 
     </span>
    </p>
   </div>
   <div class='ocr_carea' id='block_1_4' title="bbox 309 569 3727 655">
    <p class='ocr_par' dir='ltr' id='par_1_4' title="bbox 309 569 3727 655">
     <span class='ocr_line' id='line_1_4' title="bbox 309 569 3727 655; baseline 0.003 -27"><span class='ocrx_word' id='word_1_11' title='bbox 309 569 471 632; x_wconf 87' lang='lat' dir='ltr'><strong>mine</strong></span> <span class='ocrx_word' id='word_1_12' title='bbox 494 587 507 629; x_wconf 88' lang='lat'><strong>:</strong></span> <span class='ocrx_word' id='word_1_13' title='bbox 533 570 644 629; x_wconf 76' lang='lat' dir='ltr'><strong>iste</strong></span> <span class='ocrx_word' id='word_1_14' title='bbox 672 576 894 646; x_wconf 79' lang='lat' dir='ltr'><strong>patrem</strong></span> <span class='ocrx_word' id='word_1_15' title='bbox 917 574 1044 647; x_wconf 86' lang='lat' dir='ltr'><strong>ejus</strong></span> <span class='ocrx_word' id='word_1_16' title='bbox 1062 574 1281 649; x_wconf 85' lang='lat' dir='ltr'><strong>Joseph</strong></span> <span class='ocrx_word' id='word_1_17' title='bbox 1312 580 1559 634; x_wconf 87' lang='lat' dir='ltr'><strong>testatus</strong></span> <span class='ocrx_word' id='word_1_18' title='bbox 1583 580 1689 650; x_wconf 78' lang='lat' dir='ltr'><strong>est,</strong></span> <span class='ocrx_word' id='word_1_19' title='bbox 1714 577 1951 635; x_wconf 88' lang='lat' dir='ltr'><strong>dicens:</strong></span> <span class='ocrx_word' id='word_1_20' title='bbox 1987 576 2037 645; x_wconf 86' lang='grc' dir='ltr'><strong>Α</strong></span> <span class='ocrx_word' id='word_1_21' title='bbox 2069 584 2235 637; x_wconf 87' lang='lat' dir='ltr'><strong>Nunc</strong></span> <span class='ocrx_word' id='word_1_22' title='bbox 2284 583 2481 637; x_wconf 88' lang='lat' dir='ltr'><strong>autem</strong></span> <span class='ocrx_word' id='word_1_23' title='bbox 2528 580 3034 653; x_wconf 88' lang='lat' dir='ltr'><strong>interpretandum</strong></span> <span class='ocrx_word' id='word_1_24' title='bbox 3065 579 3207 655; x_wconf 89' lang='lat' dir='ltr'><strong>quid</strong></span> <span class='ocrx_word' id='word_1_25' title='bbox 3263 579 3375 638; x_wconf 83' lang='lat' dir='ltr'><strong>sibi</strong></span> <span class='ocrx_word' id='word_1_26' title='bbox 3431 577 3569 638; x_wconf 80' lang='lat' dir='ltr'><strong>velit</strong></span> <span class='ocrx_word' id='word_1_27' title='bbox 3615 576 3727 637; x_wconf 86' lang='lat' dir='ltr'><strong>hoc</strong></span> 
     </span>
    </p>
   </div>
   <div class='ocr_carea' id='block_1_5' title="bbox 305 661 1957 739">
    <p class='ocr_par' dir='ltr' id='par_1_5' title="bbox 305 661 1957 739">
     <span class='ocr_line' id='line_1_5' title="bbox 305 661 1957 739; baseline 0.004 -20"><span class='ocrx_word' id='word_1_28' title='bbox 305 661 483 719; x_wconf 80' lang='lat' dir='ltr'><strong>Erant</strong></span> <span class='ocrx_word' id='word_1_29' title='bbox 530 667 691 736; x_wconf 87' lang='lat' dir='ltr'><strong>pater</strong></span> <span class='ocrx_word' id='word_1_30' title='bbox 738 665 891 720; x_wconf 82' lang='lat' dir='ltr'><strong>illius</strong></span> <span class='ocrx_word' id='word_1_31' title='bbox 931 670 981 721; x_wconf 84' lang='lat' dir='ltr'><strong>et</strong></span> <span class='ocrx_word' id='word_1_32' title='bbox 1027 670 1209 722; x_wconf 79' lang='lat' dir='ltr'><strong>mater</strong></span> <span class='ocrx_word' id='word_1_33' title='bbox 1255 667 1597 725; x_wconf 78' lang='lat' dir='ltr'><strong>admirantes</strong></span> <span class='ocrx_word' id='word_1_34' title='bbox 1652 685 1816 739; x_wconf 84' lang='lat' dir='ltr'><strong>super</strong></span> <span class='ocrx_word' id='word_1_35' title='bbox 1872 668 1957 726; x_wconf 87' lang='lat' dir='ltr'><strong>his</strong></span> 
     </span>
    </p>
   </div>
   <div class='ocr_carea' id='block_1_6' title="bbox 308 752 1959 829">
    <p class='ocr_par' dir='ltr' id='par_1_6' title="bbox 308 752 1959 829">
     <span class='ocr_line' id='line_1_6' title="bbox 308 752 1959 829; baseline 0.004 -21"><span class='ocrx_word' id='word_1_36' title='bbox 308 769 432 826; x_wconf 68' lang='lat' dir='ltr'><strong>quae</strong></span> <span class='ocrx_word' id='word_1_37' title='bbox 458 752 781 810; x_wconf 77' lang='lat' dir='ltr'><strong>dicebantur</strong></span> <span class='ocrx_word' id='word_1_38' title='bbox 804 756 876 812; x_wconf 79' lang='lat' dir='ltr'><strong>(1e</strong></span> <span class='ocrx_word' id='word_1_39' title='bbox 904 772 982 813; x_wconf 89' lang='lat' dir='ltr'><strong>eo.</strong></span> <span class='ocrx_word' id='word_1_40' title='bbox 1016 757 1150 821; x_wconf 79' lang='lat' dir='ltr'><strong>Quae</strong></span> <span class='ocrx_word' id='word_1_41' title='bbox 1185 757 1365 829; x_wconf 89' lang='lat' dir='ltr'><strong>igitur</strong></span> <span class='ocrx_word' id='word_1_42' title='bbox 1390 776 1569 815; x_wconf 85' lang='lat' dir='ltr'><strong>causa</strong></span> <span class='ocrx_word' id='word_1_43' title='bbox 1616 760 1860 829; x_wconf 79' lang='lat' dir='ltr'><strong>exstitit,</strong></span> <span class='ocrx_word' id='word_1_44' title='bbox 1895 764 1959 817; x_wconf 90' lang='lat' dir='ltr'><strong>ut</strong></span> 
     </span>
    </p>
   </div>
   <div class='ocr_carea' id='block_1_7' title="bbox 307 844 1956 921">
    <p class='ocr_par' dir='ltr' id='par_1_7' title="bbox 307 844 1956 921">
     <span class='ocr_line' id='line_1_7' title="bbox 307 844 1956 921; baseline 0.005 -22"><span class='ocrx_word' id='word_1_45' title='bbox 307 857 443 900; x_wconf 88' lang='lat' dir='ltr'><strong>eum</strong></span> <span class='ocrx_word' id='word_1_46' title='bbox 494 844 594 916; x_wconf 87' lang='lat' dir='ltr'><strong>qui</strong></span> <span class='ocrx_word' id='word_1_47' title='bbox 646 850 810 917; x_wconf 89' lang='lat' dir='ltr'><strong>pater</strong></span> <span class='ocrx_word' id='word_1_48' title='bbox 866 863 978 901; x_wconf 90' lang='lat' dir='ltr'><strong>non</strong></span> <span class='ocrx_word' id='word_1_49' title='bbox 1042 848 1169 915; x_wconf 84' lang='lat' dir='ltr'><strong>fuit,</strong></span> <span class='ocrx_word' id='word_1_50' title='bbox 1213 854 1435 921; x_wconf 83' lang='lat' dir='ltr'><strong>patrem</strong></span> <span class='ocrx_word' id='word_1_51' title='bbox 1491 866 1617 906; x_wconf 84' lang='lat' dir='ltr'><strong>esse</strong></span> <span class='ocrx_word' id='word_1_52' title='bbox 1668 867 1956 907; x_wconf 86' lang='lat' dir='ltr'><strong>memora-</strong></span> 
     </span>
    </p>
   </div>
   <div class='ocr_carea' id='block_1_8' title="bbox 306 933 1953 1009">
    <p class='ocr_par' dir='ltr' id='par_1_8' title="bbox 306 933 1953 1009">
     <span class='ocr_line' id='line_1_8' title="bbox 306 933 1953 1009; baseline 0.004 -19"><span class='ocrx_word' id='word_1_53' title='bbox 306 933 576 1005; x_wconf 69' lang='lat' dir='ltr'><strong>ret(45)?</strong></span> <span class='ocrx_word' id='word_1_54' title='bbox 616 934 722 1000; x_wconf 88' lang='lat' dir='ltr'><strong>Qui</strong></span> <span class='ocrx_word' id='word_1_55' title='bbox 778 935 1031 1007; x_wconf 85' lang='lat' dir='ltr'><strong>simplici</strong></span> <span class='ocrx_word' id='word_1_56' title='bbox 1080 938 1438 1009; x_wconf 82' lang='lat' dir='ltr'><strong>expositione</strong></span> <span class='ocrx_word' id='word_1_57' title='bbox 1487 944 1799 996; x_wconf 86' lang='lat' dir='ltr'><strong>contentus</strong></span> <span class='ocrx_word' id='word_1_58' title='bbox 1845 944 1953 1009; x_wconf 85' lang='lat' dir='ltr'><strong>est,</strong></span> 
     </span>
    </p>
   </div>
   <div class='ocr_carea' id='block_1_9' title="bbox 306 1022 1956 1100">
    <p class='ocr_par' dir='ltr' id='par_1_9' title="bbox 306 1022 1956 1100">
     <span class='ocr_line' id='line_1_9' title="bbox 306 1022 1956 1100; baseline 0.005 -21"><span class='ocrx_word' id='word_1_59' title='bbox 306 1022 450 1079; x_wconf 85' lang='lat' dir='ltr'><strong>dicit</strong></span> <span class='ocrx_word' id='word_1_60' title='bbox 480 1039 493 1077; x_wconf 90' lang='lat'>:</span> <span class='ocrx_word' id='word_1_61' title='bbox 528 1024 1013 1090; x_wconf 57' lang='lat' dir='ltr'><strong>IIonoravitfeum</strong></span> <span class='ocrx_word' id='word_1_62' title='bbox 1045 1028 1297 1100; x_wconf 82' lang='lat' dir='ltr'><strong>Spiritus</strong></span> <span class='ocrx_word' id='word_1_63' title='bbox 1349 1035 1589 1085; x_wconf 87' lang='lat' dir='ltr'><strong>sanctus</strong></span> <span class='ocrx_word' id='word_1_64' title='bbox 1639 1030 1823 1086; x_wconf 78' lang='lat' dir='ltr'><strong>Patris</strong></span> <span class='ocrx_word' id='word_1_65' title='bbox 1853 1048 1956 1087; x_wconf 91' lang='lat' dir='ltr'><strong>vo-</strong></span> 
     </span>
    </p>
   </div>
   <div class='ocr_carea' id='block_1_10' title="bbox 305 1112 1953 1187">
    <p class='ocr_par' dir='ltr' id='par_1_10' title="bbox 305 1112 1953 1187">
     <span class='ocr_line' id='line_1_10' title="bbox 305 1112 1953 1187; baseline 0.004 -18"><span class='ocrx_word' id='word_1_66' title='bbox 305 1112 535 1185; x_wconf 85' lang='lat' dir='ltr'><strong>cabulo,</strong></span> <span class='ocrx_word' id='word_1_67' title='bbox 569 1114 708 1187; x_wconf 92' lang='lat' dir='ltr'><strong>quia</strong></span> <span class='ocrx_word' id='word_1_68' title='bbox 752 1116 1039 1174; x_wconf 78' lang='lat' dir='ltr'><strong>nutrierat</strong></span> <span class='ocrx_word' id='word_1_69' title='bbox 1083 1118 1457 1176; x_wconf 85' lang='lat' dir='ltr'><strong>Salvatorem.</strong></span> <span class='ocrx_word' id='word_1_70' title='bbox 1494 1121 1600 1187; x_wconf 89' lang='lat' dir='ltr'><strong>Qui</strong></span> <span class='ocrx_word' id='word_1_71' title='bbox 1641 1125 1836 1177; x_wconf 88' lang='lat' dir='ltr'><strong>autem</strong></span> <span class='ocrx_word' id='word_1_72' title='bbox 1873 1119 1953 1176; x_wconf 90' lang='lat' dir='ltr'><strong>al-</strong></span> 
     </span>
    </p>
   </div>
   <div class='ocr_carea' id='block_1_11' title="bbox 301 1202 1954 1283">
    <p class='ocr_par' dir='ltr' id='par_1_11' title="bbox 301 1202 1954 1283">
     <span class='ocr_line' id='line_1_11' title="bbox 301 1202 1954 1283; baseline 0.004 -24"><span class='ocrx_word' id='word_1_73' title='bbox 301 1202 426 1260; x_wconf 88' lang='lat' dir='ltr'><strong>tius</strong></span> <span class='ocrx_word' id='word_1_74' title='bbox 466 1202 687 1276; x_wconf 89' lang='lat' dir='ltr'><strong>aliquid</strong></span> <span class='ocrx_word' id='word_1_75' title='bbox 737 1206 999 1277; x_wconf 81' lang='lat' dir='ltr'><strong>inquirit,</strong></span> <span class='ocrx_word' id='word_1_76' title='bbox 1036 1214 1225 1280; x_wconf 87' lang='lat' dir='ltr'><strong>potest</strong></span> <span class='ocrx_word' id='word_1_77' title='bbox 1258 1209 1447 1265; x_wconf 85' lang='lat' dir='ltr'><strong>dicere</strong></span> <span class='ocrx_word' id='word_1_78' title='bbox 1481 1227 1492 1265; x_wconf 94' lang='lat'>:</span> <span class='ocrx_word' id='word_1_79' title='bbox 1528 1211 1666 1282; x_wconf 84' lang='lat' dir='ltr'><strong>quia</strong></span> <span class='ocrx_word' id='word_1_80' title='bbox 1715 1226 1954 1283; x_wconf 87' lang='lat' dir='ltr'><strong>genera-</strong></span> 
     </span>
    </p>
   </div>
   <div class='ocr_carea' id='block_1_12' title="bbox 303 1293 1951 1372">
    <p class='ocr_par' dir='ltr' id='par_1_12' title="bbox 303 1293 1951 1372">
     <span class='ocr_line' id='line_1_12' title="bbox 303 1293 1951 1372; baseline 0.005 -23"><span class='ocrx_word' id='word_1_81' title='bbox 303 1293 483 1350; x_wconf 81' lang='lat' dir='ltr'><strong>tionis</strong></span> <span class='ocrx_word' id='word_1_82' title='bbox 513 1295 655 1350; x_wconf 89' lang='lat' dir='ltr'><strong>ordo</strong></span> <span class='ocrx_word' id='word_1_83' title='bbox 686 1312 718 1350; x_wconf 90' lang='lat' dir='ltr'><strong>a</strong></span> <span class='ocrx_word' id='word_1_84' title='bbox 749 1296 927 1352; x_wconf 84' lang='lat' dir='ltr'><strong>David</strong></span> <span class='ocrx_word' id='word_1_85' title='bbox 962 1315 1145 1370; x_wconf 88' lang='lat' dir='ltr'><strong>usque</strong></span> <span class='ocrx_word' id='word_1_86' title='bbox 1189 1300 1260 1355; x_wconf 83' lang='lat' dir='ltr'><strong>ad</strong></span> <span class='ocrx_word' id='word_1_87' title='bbox 1311 1300 1526 1372; x_wconf 88' lang='lat' dir='ltr'><strong>Joseph</strong></span> <span class='ocrx_word' id='word_1_88' title='bbox 1562 1301 1951 1366; x_wconf 74' lang='lat' dir='ltr'><strong>deducitur“,</strong></span> 
     </span>
    </p>
   </div>
   <div class='ocr_carea' id='block_1_13' title="bbox 302 1383 1956 1463">
    <p class='ocr_par' dir='ltr' id='par_1_13' title="bbox 302 1383 1956 1463">
     <span class='ocr_line' id='line_1_13' title="bbox 302 1383 1956 1463; baseline 0.003 -22"><span class='ocrx_word' id='word_1_89' title='bbox 302 1388 363 1441; x_wconf 85' lang='lat' dir='ltr'><strong>et</strong></span> <span class='ocrx_word' id='word_1_90' title='bbox 391 1401 463 1440; x_wconf 93' lang='lat' dir='ltr'><strong>ne</strong></span> <span class='ocrx_word' id='word_1_91' title='bbox 491 1383 786 1441; x_wconf 87' lang='lat' dir='ltr'><strong>videretur</strong></span> <span class='ocrx_word' id='word_1_92' title='bbox 815 1386 1034 1443; x_wconf 85' lang='lat' dir='ltr'><strong>frustra</strong></span> <span class='ocrx_word' id='word_1_93' title='bbox 1060 1389 1276 1461; x_wconf 87' lang='lat' dir='ltr'><strong>Joseph</strong></span> <span class='ocrx_word' id='word_1_94' title='bbox 1320 1391 1633 1460; x_wconf 88' lang='lat' dir='ltr'><strong>nominari,</strong></span> <span class='ocrx_word' id='word_1_95' title='bbox 1659 1392 1757 1463; x_wconf 90' lang='lat' dir='ltr'><strong>qui</strong></span> <span class='ocrx_word' id='word_1_96' title='bbox 1792 1395 1956 1463; x_wconf 75' lang='lat' dir='ltr'><strong>pater</strong></span> 
     </span>
    </p>
   </div>
   <div class='ocr_carea' id='block_1_14' title="bbox 303 1473 1956 1550">
    <p class='ocr_par' dir='ltr' id='par_1_14' title="bbox 303 1473 1956 1550">
     <span class='ocr_line' id='line_1_14' title="bbox 303 1473 1956 1550; baseline 0.004 -21"><span class='ocrx_word' id='word_1_97' title='bbox 303 1489 421 1530; x_wconf 87' lang='lat' dir='ltr'><strong>non</strong></span> <span class='ocrx_word' id='word_1_98' title='bbox 451 1473 639 1529; x_wconf 81' lang='lat' dir='ltr'><strong>fuerat</strong></span> <span class='ocrx_word' id='word_1_99' title='bbox 667 1474 1003 1544; x_wconf 88' lang='lat' dir='ltr'><strong>Salvatoris,</strong></span> <span class='ocrx_word' id='word_1_100' title='bbox 1029 1483 1092 1533; x_wconf 90' lang='lat' dir='ltr'><strong>ut</strong></span> <span class='ocrx_word' id='word_1_101' title='bbox 1116 1480 1512 1550; x_wconf 82' lang='lat' dir='ltr'><strong>generationis</strong></span> <span class='ocrx_word' id='word_1_102' title='bbox 1545 1481 1685 1536; x_wconf 91' lang='lat' dir='ltr'><strong>ordo</strong></span> <span class='ocrx_word' id='word_1_103' title='bbox 1715 1480 1956 1536; x_wconf 88' lang='lat' dir='ltr'><strong>haberet</strong></span> 
     </span>
    </p>
   </div>
   <div class='ocr_carea' id='block_1_15' title="bbox 301 1560 1958 1638">
    <p class='ocr_par' dir='ltr' id='par_1_15' title="bbox 301 1560 1958 1638">
     <span class='ocr_line' id='line_1_15' title="bbox 301 1560 1958 1638; baseline 0.003 -20"><span class='ocrx_word' id='word_1_104' title='bbox 301 1560 498 1619; x_wconf 88' lang='lat' dir='ltr'><strong>locum</strong></span> <span class='ocrx_word' id='word_1_105' title='bbox 524 1581 536 1619; x_wconf 91' lang='lat'><strong>:</strong></span> <span class='ocrx_word' id='word_1_106' title='bbox 563 1569 729 1636; x_wconf 87' lang='lat' dir='ltr'><strong>pater</strong></span> <span class='ocrx_word' id='word_1_107' title='bbox 753 1566 1082 1638; x_wconf 86' lang='lat' dir='ltr'><strong>appellatus</strong></span> <span class='ocrx_word' id='word_1_108' title='bbox 1114 1573 1203 1623; x_wconf 89' lang='lat' dir='ltr'><strong>est</strong></span> <span class='ocrx_word' id='word_1_109' title='bbox 1225 1569 1475 1624; x_wconf 91' lang='lat' dir='ltr'><strong>Domini.</strong></span> <span class='ocrx_word' id='word_1_110' title='bbox 1499 1569 1958 1625; x_wconf 89' lang='lat' dir='ltr'><strong>Admirabantur</strong></span> 
     </span>
    </p>
   </div>
   <div class='ocr_carea' id='block_1_16' title="bbox 301 1651 1955 1731">
    <p class='ocr_par' dir='ltr' id='par_1_16' title="bbox 301 1651 1955 1731">
     <span class='ocr_line' id='line_1_16' title="bbox 301 1651 1955 1731; baseline 0.005 -24"><span class='ocrx_word' id='word_1_111' title='bbox 301 1651 487 1726; x_wconf 82' lang='lat' dir='ltr'><strong>igitur</strong></span> <span class='ocrx_word' id='word_1_112' title='bbox 536 1658 699 1725; x_wconf 87' lang='lat' dir='ltr'><strong>pater</strong></span> <span class='ocrx_word' id='word_1_113' title='bbox 746 1654 904 1711; x_wconf 92' lang='lat' dir='ltr'><strong>illius</strong></span> <span class='ocrx_word' id='word_1_114' title='bbox 935 1665 982 1712; x_wconf 84' lang='lat' dir='ltr'><strong>et</strong></span> <span class='ocrx_word' id='word_1_115' title='bbox 1021 1662 1206 1714; x_wconf 89' lang='lat' dir='ltr'><strong>mater</strong></span> <span class='ocrx_word' id='word_1_116' title='bbox 1253 1676 1431 1731; x_wconf 89' lang='lat' dir='ltr'><strong>super</strong></span> <span class='ocrx_word' id='word_1_117' title='bbox 1478 1658 1569 1715; x_wconf 88' lang='lat' dir='ltr'><strong>his</strong></span> <span class='ocrx_word' id='word_1_118' title='bbox 1618 1677 1744 1731; x_wconf 77' lang='lat' dir='ltr'><strong>quae</strong></span> <span class='ocrx_word' id='word_1_119' title='bbox 1794 1659 1955 1715; x_wconf 90' lang='lat' dir='ltr'><strong>dice-</strong></span> 
     </span>
    </p>
   </div>
   <div class='ocr_carea' id='block_1_17' title="bbox 301 1741 1954 1820">
    <p class='ocr_par' dir='ltr' id='par_1_17' title="bbox 301 1741 1954 1820">
     <span class='ocr_line' id='line_1_17' title="bbox 301 1741 1954 1820; baseline 0.005 -23"><span class='ocrx_word' id='word_1_120' title='bbox 301 1741 522 1798; x_wconf 85' lang='lat' dir='ltr'><strong>bantur</strong></span> <span class='ocrx_word' id='word_1_121' title='bbox 548 1742 619 1797; x_wconf 91' lang='lat' dir='ltr'><strong>de</strong></span> <span class='ocrx_word' id='word_1_122' title='bbox 651 1759 737 1809; x_wconf 87' lang='lat' dir='ltr'><strong>eo,</strong></span> <span class='ocrx_word' id='word_1_123' title='bbox 774 1749 891 1799; x_wconf 89' lang='lat' dir='ltr'><strong>tam</strong></span> <span class='ocrx_word' id='word_1_124' title='bbox 925 1747 996 1801; x_wconf 89' lang='lat' dir='ltr'><strong>ab</strong></span> <span class='ocrx_word' id='word_1_125' title='bbox 1043 1747 1268 1819; x_wconf 85' lang='lat' dir='ltr'><strong>angelo,</strong></span> <span class='ocrx_word' id='word_1_126' title='bbox 1302 1765 1479 1820; x_wconf 91' lang='lat' dir='ltr'><strong>quam</strong></span> <span class='ocrx_word' id='word_1_127' title='bbox 1513 1767 1545 1804; x_wconf 90' lang='lat' dir='ltr'><strong>a</strong></span> <span class='ocrx_word' id='word_1_128' title='bbox 1575 1748 1954 1805; x_wconf 88' lang='lat' dir='ltr'><strong>multitudine</strong></span> 
     </span>
    </p>
   </div>
   <div class='ocr_carea' id='block_1_18' title="bbox 302 1830 1955 1910">
    <p class='ocr_par' dir='ltr' id='par_1_18' title="bbox 302 1830 1955 1910">
     <span class='ocr_line' id='line_1_18' title="bbox 302 1830 1955 1910; baseline 0.004 -22"><span class='ocrx_word' id='word_1_129' title='bbox 302 1830 555 1888; x_wconf 63' lang='lat' dir='ltr'><strong>caelestis</strong></span> <span class='ocrx_word' id='word_1_130' title='bbox 610 1834 921 1899; x_wconf 82' lang='lat' dir='ltr'><strong>exercitus,</strong></span> <span class='ocrx_word' id='word_1_131' title='bbox 982 1853 1203 1892; x_wconf 89' lang='lat' dir='ltr'><strong>necnon</strong></span> <span class='ocrx_word' id='word_1_132' title='bbox 1254 1856 1287 1893; x_wconf 90' lang='lat' dir='ltr'><strong>a</strong></span> <span class='ocrx_word' id='word_1_133' title='bbox 1335 1840 1690 1910; x_wconf 86' lang='lat' dir='ltr'><strong>pastoribus.</strong></span> <span class='ocrx_word' id='word_1_134' title='bbox 1744 1838 1955 1895; x_wconf 87' lang='lat' dir='ltr'><strong>Omnia</strong></span> 
     </span>
    </p>
   </div>
   <div class='ocr_carea' id='block_1_19' title="bbox 302 1918 1948 1995">
    <p class='ocr_par' dir='ltr' id='par_1_19' title="bbox 302 1918 1948 1995">
     <span class='ocr_line' id='line_1_19' title="bbox 302 1918 1948 1995; baseline 0.004 -19"><span class='ocrx_word' id='word_1_135' title='bbox 302 1918 522 1995; x_wconf 89' lang='lat' dir='ltr'><strong>quippe</strong></span> <span class='ocrx_word' id='word_1_136' title='bbox 545 1922 664 1977; x_wconf 65' lang='lat' dir='ltr'><strong>haec</strong></span> <span class='ocrx_word' id='word_1_137' title='bbox 688 1924 1013 1993; x_wconf 84' lang='lat' dir='ltr'><strong>audientes,</strong></span> <span class='ocrx_word' id='word_1_138' title='bbox 1032 1925 1540 1984; x_wconf 87' lang='lat' dir='ltr'><strong>vehementissime</strong></span> <span class='ocrx_word' id='word_1_139' title='bbox 1563 1929 1948 1984; x_wconf 86' lang='lat' dir='ltr'><strong>mirabantur.</strong></span> 
     </span>
    </p>
   </div>
   <div class='ocr_carea' id='block_1_20' title="bbox 306 2010 1956 2087">
    <p class='ocr_par' dir='ltr' id='par_1_20' title="bbox 306 2010 1956 2087">
     <span class='ocr_line' id='line_1_20' title="bbox 306 2010 1956 2087; baseline 0.004 -21"><span class='ocrx_word' id='word_1_140' title='bbox 306 2010 524 2066; x_wconf 88' lang='lat' dir='ltr'><strong>Dehinc</strong></span> <span class='ocrx_word' id='word_1_141' title='bbox 554 2014 852 2085; x_wconf 85' lang='lat' dir='ltr'><strong>Scriptura</strong></span> <span class='ocrx_word' id='word_1_142' title='bbox 882 2014 961 2072; x_wconf 88' lang='lat' dir='ltr'><strong>ait</strong></span> <span class='ocrx_word' id='word_1_143' title='bbox 986 2033 998 2069; x_wconf 86' lang='lat'><strong>:</strong></span> <span class='ocrx_word' id='word_1_144' title='bbox 1023 2017 1312 2073; x_wconf 74' lang='lat' dir='ltr'><strong>Benedixit</strong></span> <span class='ocrx_word' id='word_1_145' title='bbox 1360 2020 1413 2073; x_wconf 89' lang='lat' dir='ltr'><strong>ei</strong></span> <span class='ocrx_word' id='word_1_146' title='bbox 1460 2018 1696 2087; x_wconf 87' lang='lat' dir='ltr'><strong>Simeon,</strong></span> <span class='ocrx_word' id='word_1_147' title='bbox 1730 2027 1783 2074; x_wconf 89' lang='lat' dir='ltr'><strong>et</strong></span> <span class='ocrx_word' id='word_1_148' title='bbox 1810 2019 1956 2075; x_wconf 62' lang='lat' dir='ltr'><strong>dixit</strong></span> 
     </span>
    </p>
   </div>
   <div class='ocr_carea' id='block_1_21' title="bbox 300 2100 1956 2180">
    <p class='ocr_par' dir='ltr' id='par_1_21' title="bbox 300 2100 1956 2180">
     <span class='ocr_line' id='line_1_21' title="bbox 300 2100 1956 2180; baseline 0.005 -25"><span class='ocrx_word' id='word_1_149' title='bbox 300 2100 375 2156; x_wconf 75' lang='lat' dir='ltr'><strong>ad</strong></span> <span class='ocrx_word' id='word_1_150' title='bbox 417 2100 650 2157; x_wconf 78' lang='lat' dir='ltr'><strong>Mariam</strong></span> <span class='ocrx_word' id='word_1_151' title='bbox 696 2109 932 2159; x_wconf 83' lang='lat' dir='ltr'><strong>matrem</strong></span> <span class='ocrx_word' id='word_1_152' title='bbox 976 2107 1094 2177; x_wconf 90' lang='lat' dir='ltr'><strong>ejus</strong></span> <span class='ocrx_word' id='word_1_153' title='bbox 1125 2124 1143 2161; x_wconf 88' lang='lat'><strong><em>:</em></strong></span> <span class='ocrx_word' id='word_1_154' title='bbox 1186 2109 1314 2163; x_wconf 83' lang='lat' dir='ltr'><strong>Ecce</strong></span> <span class='ocrx_word' id='word_1_155' title='bbox 1360 2111 1464 2163; x_wconf 83' lang='lat' dir='ltr'><strong>iste</strong></span> <span class='ocrx_word' id='word_1_156' title='bbox 1508 2111 1711 2180; x_wconf 87' lang='lat' dir='ltr'><strong>positus</strong></span> <span class='ocrx_word' id='word_1_157' title='bbox 1762 2113 1839 2163; x_wconf 88' lang='lat' dir='ltr'><strong>est</strong></span> <span class='ocrx_word' id='word_1_158' title='bbox 1896 2110 1956 2163; x_wconf 78' lang='lat' dir='ltr'><strong>in.</strong></span> 
     </span>
    </p>
   </div>
   <div class='ocr_carea' id='block_1_22' title="bbox 299 2191 1956 2265">
    <p class='ocr_par' dir='ltr' id='par_1_22' title="bbox 299 2191 1956 2265">
     <span class='ocr_line' id='line_1_22' title="bbox 299 2191 1956 2265; baseline 0.005 -20"><span class='ocrx_word' id='word_1_159' title='bbox 299 2191 527 2246; x_wconf 80' lang='lat' dir='ltr'><strong>ruinam</strong></span> <span class='ocrx_word' id='word_1_160' title='bbox 551 2195 601 2247; x_wconf 90' lang='lat' dir='ltr'><strong>et</strong></span> <span class='ocrx_word' id='word_1_161' title='bbox 631 2194 689 2246; x_wconf 87' lang='lat' dir='ltr'><strong>in</strong></span> <span class='ocrx_word' id='word_1_162' title='bbox 731 2198 1179 2250; x_wconf 65' lang='lat' dir='ltr'><strong>resurrectionem</strong></span> <span class='ocrx_word' id='word_1_163' title='bbox 1227 2199 1526 2253; x_wconf 82' lang='lat' dir='ltr'><strong>multorum</strong></span> <span class='ocrx_word' id='word_1_164' title='bbox 1568 2200 1632 2254; x_wconf 85' lang='lat' dir='ltr'><strong>in</strong></span> <span class='ocrx_word' id='word_1_165' title='bbox 1680 2199 1879 2265; x_wconf 85' lang='lat' dir='ltr'><strong>Israel,</strong></span> <span class='ocrx_word' id='word_1_166' title='bbox 1904 2202 1956 2254; x_wconf 86' lang='lat' dir='ltr'><strong>et</strong></span> 
     </span>
    </p>
   </div>
   <div class='ocr_carea' id='block_1_23' title="bbox 301 2281 1955 2360">
    <p class='ocr_par' dir='ltr' id='par_1_23' title="bbox 301 2281 1955 2360">
     <span class='ocr_line' id='line_1_23' title="bbox 301 2281 1955 2360; baseline 0.004 -24"><span class='ocrx_word' id='word_1_167' title='bbox 301 2281 367 2336; x_wconf 85' lang='lat' dir='ltr'><strong>in</strong></span> <span class='ocrx_word' id='word_1_168' title='bbox 393 2281 615 2349; x_wconf 81' lang='lat' dir='ltr'><strong>signum</strong></span> <span class='ocrx_word' id='word_1_169' title='bbox 644 2284 737 2337; x_wconf 87' lang='lat' dir='ltr'><strong>cui</strong></span> <span class='ocrx_word' id='word_1_170' title='bbox 763 2285 1183 2341; x_wconf 84' lang='lat' dir='ltr'><strong>contradicetur.</strong></span> <span class='ocrx_word' id='word_1_171' title='bbox 1220 2289 1282 2342; x_wconf 86' lang='lat' dir='ltr'><strong>Et</strong></span> <span class='ocrx_word' id='word_1_172' title='bbox 1316 2292 1469 2343; x_wconf 87' lang='lat' dir='ltr'><strong>tuam</strong></span> <span class='ocrx_word' id='word_1_173' title='bbox 1502 2289 1678 2360; x_wconf 86' lang='lat' dir='ltr'><strong>ipsius</strong></span> <span class='ocrx_word' id='word_1_174' title='bbox 1709 2290 1955 2344; x_wconf 84' lang='lat' dir='ltr'><strong>animam</strong></span> 
     </span>
    </p>
   </div>
   <div class='ocr_carea' id='block_1_24' title="bbox 297 2371 1955 2444">
    <p class='ocr_par' dir='ltr' id='par_1_24' title="bbox 297 2371 1955 2444">
     <span class='ocr_line' id='line_1_24' title="bbox 297 2371 1955 2444; baseline 0.005 -19"><span class='ocrx_word' id='word_1_175' title='bbox 297 2371 660 2442; x_wconf 83' lang='lat' dir='ltr'><strong>pertransibit</strong></span> <span class='ocrx_word' id='word_1_176' title='bbox 689 2373 931 2444; x_wconf 77' lang='lat' dir='ltr'><strong>gladius,</strong></span> <span class='ocrx_word' id='word_1_177' title='bbox 973 2382 1034 2429; x_wconf 87' lang='lat' dir='ltr'><strong>ut</strong></span> <span class='ocrx_word' id='word_1_178' title='bbox 1076 2377 1387 2431; x_wconf 70' lang='lat' dir='ltr'><strong>reirelentur</strong></span> <span class='ocrx_word' id='word_1_179' title='bbox 1427 2395 1496 2433; x_wconf 77' lang='lat' dir='ltr'><strong>ea:</strong></span> <span class='ocrx_word' id='word_1_180' title='bbox 1534 2378 1725 2434; x_wconf 87' lang='lat' dir='ltr'><strong>multis</strong></span> <span class='ocrx_word' id='word_1_181' title='bbox 1771 2378 1955 2433; x_wconf 82' lang='lat' dir='ltr'><strong>cordi-</strong></span> 
     </span>
    </p>
   </div>
   <div class='ocr_carea' id='block_1_25' title="bbox 304 2460 1951 2531">
    <p class='ocr_par' dir='ltr' id='par_1_25' title="bbox 304 2460 1951 2531">
     <span class='ocr_line' id='line_1_25' title="bbox 304 2460 1951 2531; baseline 0.004 -16"><span class='ocrx_word' id='word_1_182' title='bbox 304 2460 406 2515; x_wconf 83' lang='lat' dir='ltr'><strong>bus</strong></span> <span class='ocrx_word' id='word_1_183' title='bbox 433 2461 807 2531; x_wconf 83' lang='lat' dir='ltr'><strong>cogitationes.</strong></span> <span class='ocrx_word' id='word_1_184' title='bbox 833 2465 1132 2529; x_wconf 87' lang='lat' dir='ltr'><strong>Quomodo</strong></span> <span class='ocrx_word' id='word_1_185' title='bbox 1164 2465 1426 2523; x_wconf 85' lang='lat' dir='ltr'><strong>Salvator</strong></span> <span class='ocrx_word' id='word_1_186' title='bbox 1452 2467 1509 2522; x_wconf 91' lang='lat' dir='ltr'><strong>in</strong></span> <span class='ocrx_word' id='word_1_187' title='bbox 1543 2467 1776 2523; x_wconf 89' lang='lat' dir='ltr'><strong>ruinam</strong></span> <span class='ocrx_word' id='word_1_188' title='bbox 1809 2472 1865 2523; x_wconf 90' lang='lat' dir='ltr'><strong>et</strong></span> <span class='ocrx_word' id='word_1_189' title='bbox 1895 2468 1951 2522; x_wconf 91' lang='lat' dir='ltr'><strong>in</strong></span> 
     </span>
    </p>
   </div>
   <div class='ocr_carea' id='block_1_26' title="bbox 302 2551 1952 2625">
    <p class='ocr_par' dir='ltr' id='par_1_26' title="bbox 302 2551 1952 2625">
     <span class='ocr_line' id='line_1_26' title="bbox 302 2551 1952 2625; baseline 0.004 -19"><span class='ocrx_word' id='word_1_190' title='bbox 302 2551 793 2608; x_wconf 81' lang='lat' dir='ltr'><strong>resurrectionem</strong></span> <span class='ocrx_word' id='word_1_191' title='bbox 856 2553 1175 2610; x_wconf 89' lang='lat' dir='ltr'><strong>multorum</strong></span> <span class='ocrx_word' id='word_1_192' title='bbox 1241 2557 1487 2625; x_wconf 83' lang='lat' dir='ltr'><strong>venerit,</strong></span> <span class='ocrx_word' id='word_1_193' title='bbox 1549 2561 1637 2613; x_wconf 89' lang='lat' dir='ltr'><strong>est</strong></span> <span class='ocrx_word' id='word_1_194' title='bbox 1694 2561 1952 2614; x_wconf 88' lang='lat' dir='ltr'><strong>contem-</strong></span> 
     </span>
    </p>
   </div>
   <div class='ocr_carea' id='block_1_27' title="bbox 300 2638 610 2712">
    <p class='ocr_par' dir='ltr' id='par_1_27' title="bbox 300 2638 610 2712">
     <span class='ocr_line' id='line_1_27' title="bbox 300 2638 610 2712; baseline 0.003 -17"><span class='ocrx_word' id='word_1_195' title='bbox 300 2638 610 2712; x_wconf 86' lang='lat' dir='ltr'><strong>plandum.</strong></span> 
     </span>
    </p>
   </div>
   <div class='ocr_carea' id='block_1_28' title="bbox 378 2729 1952 2809">
    <p class='ocr_par' dir='ltr' id='par_1_28' title="bbox 378 2729 1952 2809">
     <span class='ocr_line' id='line_1_28' title="bbox 378 2729 1952 2809; baseline 0.005 -26"><span class='ocrx_word' id='word_1_196' title='bbox 378 2729 486 2795; x_wconf 87' lang='lat' dir='ltr'><strong>Qui</strong></span> <span class='ocrx_word' id='word_1_197' title='bbox 518 2730 617 2802; x_wconf 76' lang='grc' dir='ltr'><strong>[αἱ.</strong></span> <span class='ocrx_word' id='word_1_198' title='bbox 650 2731 820 2803; x_wconf 83' lang='lat' dir='ltr'><strong>Quid]</strong></span> <span class='ocrx_word' id='word_1_199' title='bbox 853 2732 1199 2806; x_wconf 83' lang='lat' dir='ltr'><strong>simpliciter</strong></span> <span class='ocrx_word' id='word_1_200' title='bbox 1228 2736 1484 2808; x_wconf 86' lang='lat' dir='ltr'><strong>exponit,</strong></span> <span class='ocrx_word' id='word_1_201' title='bbox 1520 2741 1711 2809; x_wconf 80' lang='lat' dir='ltr'><strong>potest</strong></span> <span class='ocrx_word' id='word_1_202' title='bbox 1741 2736 1952 2802; x_wconf 88' lang='lat' dir='ltr'><strong>dicere,</strong></span> 
     </span>
    </p>
   </div>
   <div class='ocr_carea' id='block_1_29' title="bbox 302 2817 1957 2895">
    <p class='ocr_par' dir='ltr' id='par_1_29' title="bbox 302 2817 1957 2895">
     <span class='ocr_line' id='line_1_29' title="bbox 302 2817 1957 2895; baseline 0.004 -21"><span class='ocrx_word' id='word_1_203' title='bbox 302 2817 367 2875; x_wconf 86' lang='lat' dir='ltr'><strong>in</strong></span> <span class='ocrx_word' id='word_1_204' title='bbox 398 2819 630 2875; x_wconf 79' lang='lat' dir='ltr'><strong>ruinam</strong></span> <span class='ocrx_word' id='word_1_205' title='bbox 663 2837 799 2877; x_wconf 91' lang='lat' dir='ltr'><strong>eum</strong></span> <span class='ocrx_word' id='word_1_206' title='bbox 837 2824 1068 2880; x_wconf 87' lang='lat' dir='ltr'><strong>venisse</strong></span> <span class='ocrx_word' id='word_1_207' title='bbox 1105 2825 1453 2895; x_wconf 83' lang='lat' dir='ltr'><strong>inﬁdelium,</strong></span> <span class='ocrx_word' id='word_1_208' title='bbox 1485 2832 1542 2882; x_wconf 89' lang='lat' dir='ltr'><strong>et</strong></span> <span class='ocrx_word' id='word_1_209' title='bbox 1570 2826 1629 2881; x_wconf 90' lang='lat' dir='ltr'><strong>in</strong></span> <span class='ocrx_word' id='word_1_210' title='bbox 1663 2842 1957 2881; x_wconf 87' lang='lat' dir='ltr'><strong>resurrec-</strong></span> 
     </span>
    </p>
   </div>
   <div class='ocr_carea' id='block_1_30' title="bbox 304 2910 1952 2987">
    <p class='ocr_par' dir='ltr' id='par_1_30' title="bbox 304 2910 1952 2987">
     <span class='ocr_line' id='line_1_30' title="bbox 304 2910 1952 2987; baseline 0.004 -23"><span class='ocrx_word' id='word_1_211' title='bbox 304 2924 443 2965; x_wconf 89' lang='lat' dir='ltr'><strong>nem</strong></span> <span class='ocrx_word' id='word_1_212' title='bbox 475 2910 855 2967; x_wconf 90' lang='lat' dir='ltr'><strong>credentium.</strong></span> <span class='ocrx_word' id='word_1_213' title='bbox 881 2913 990 2978; x_wconf 85' lang='lat' dir='ltr'><strong>Qui</strong></span> <span class='ocrx_word' id='word_1_214' title='bbox 1031 2931 1161 2970; x_wconf 92' lang='lat' dir='ltr'><strong>vero</strong></span> <span class='ocrx_word' id='word_1_215' title='bbox 1210 2916 1478 2971; x_wconf 84' lang='lat' dir='ltr'><strong>curiosus</strong></span> <span class='ocrx_word' id='word_1_216' title='bbox 1528 2916 1815 2987; x_wconf 87' lang='lat' dir='ltr'><strong>interpres</strong></span> <span class='ocrx_word' id='word_1_217' title='bbox 1845 2919 1952 2987; x_wconf 90' lang='lat' dir='ltr'><strong>est,</strong></span> 
     </span>
    </p>
   </div>
   <div class='ocr_carea' id='block_1_31' title="bbox 306 2997 1953 3077">
    <p class='ocr_par' dir='ltr' id='par_1_31' title="bbox 306 2997 1953 3077">
     <span class='ocr_line' id='line_1_31' title="bbox 306 2997 1953 3077; baseline 0.004 -23"><span class='ocrx_word' id='word_1_218' title='bbox 306 2997 473 3065; x_wconf 81' lang='lat' dir='ltr'><strong>dicit,</strong></span> <span class='ocrx_word' id='word_1_219' title='bbox 493 3015 864 3073; x_wconf 85' lang='lat' dir='ltr'><strong>nequaquam</strong></span> <span class='ocrx_word' id='word_1_220' title='bbox 888 3019 1021 3058; x_wconf 91' lang='lat' dir='ltr'><strong>eum</strong></span> <span class='ocrx_word' id='word_1_221' title='bbox 1047 3004 1251 3059; x_wconf 88' lang='lat' dir='ltr'><strong>cadere</strong></span> <span class='ocrx_word' id='word_1_222' title='bbox 1283 3005 1381 3077; x_wconf 89' lang='lat' dir='ltr'><strong>qui</strong></span> <span class='ocrx_word' id='word_1_223' title='bbox 1406 3008 1540 3060; x_wconf 89' lang='lat' dir='ltr'><strong>ante</strong></span> <span class='ocrx_word' id='word_1_224' title='bbox 1563 3022 1676 3060; x_wconf 90' lang='lat' dir='ltr'><strong>non</strong></span> <span class='ocrx_word' id='word_1_225' title='bbox 1710 3005 1953 3061; x_wconf 82' lang='lat' dir='ltr'><strong>steterit.</strong></span> 
     </span>
    </p>
   </div>
   <div class='ocr_carea' id='block_1_32' title="bbox 305 3086 1955 3167">
    <p class='ocr_par' dir='ltr' id='par_1_32' title="bbox 305 3086 1955 3167">
     <span class='ocr_line' id='line_1_32' title="bbox 305 3086 1955 3167; baseline 0.004 -24"><span class='ocrx_word' id='word_1_226' title='bbox 305 3086 395 3144; x_wconf 85' lang='lat' dir='ltr'><strong>Da</strong></span> <span class='ocrx_word' id='word_1_227' title='bbox 426 3086 569 3143; x_wconf 86' lang='lat' dir='ltr'><strong>mihi</strong></span> <span class='ocrx_word' id='word_1_228' title='bbox 600 3089 796 3162; x_wconf 84' lang='lat' dir='ltr'><strong>igitur,</strong></span> <span class='ocrx_word' id='word_1_229' title='bbox 823 3092 921 3164; x_wconf 89' lang='lat' dir='ltr'><strong>qui</strong></span> <span class='ocrx_word' id='word_1_230' title='bbox 948 3092 1122 3151; x_wconf 84' lang='lat' dir='ltr'><strong>fuerit</strong></span> <span class='ocrx_word' id='word_1_231' title='bbox 1151 3093 1249 3150; x_wconf 91' lang='lat' dir='ltr'><strong>ille</strong></span> <span class='ocrx_word' id='word_1_232' title='bbox 1281 3095 1380 3167; x_wconf 92' lang='lat' dir='ltr'><strong>qui</strong></span> <span class='ocrx_word' id='word_1_233' title='bbox 1412 3095 1655 3165; x_wconf 89' lang='lat' dir='ltr'><strong>steterit,</strong></span> <span class='ocrx_word' id='word_1_234' title='bbox 1681 3099 1737 3150; x_wconf 91' lang='lat' dir='ltr'><strong>et</strong></span> <span class='ocrx_word' id='word_1_235' title='bbox 1767 3095 1824 3148; x_wconf 92' lang='lat' dir='ltr'><strong>in</strong></span> <span class='ocrx_word' id='word_1_236' title='bbox 1858 3111 1955 3150; x_wconf 89' lang='lat' dir='ltr'><strong>cu-</strong></span> 
     </span>
    </p>
   </div>
   <div class='ocr_carea' id='block_1_33' title="bbox 298 3176 1956 3255">
    <p class='ocr_par' dir='ltr' id='par_1_33' title="bbox 298 3176 1956 3255">
     <span class='ocr_line' id='line_1_33' title="bbox 298 3176 1956 3255; baseline 0.004 -23"><span class='ocrx_word' id='word_1_237' title='bbox 298 3176 408 3249; x_wconf 86' lang='lat' dir='ltr'><strong>jus</strong></span> <span class='ocrx_word' id='word_1_238' title='bbox 440 3177 668 3235; x_wconf 89' lang='lat' dir='ltr'><strong>ruinam</strong></span> <span class='ocrx_word' id='word_1_239' title='bbox 699 3180 960 3237; x_wconf 84' lang='lat' dir='ltr'><strong>Salvator</strong></span> <span class='ocrx_word' id='word_1_240' title='bbox 989 3183 1306 3251; x_wconf 84' lang='lat' dir='ltr'><strong>advenerit,</strong></span> <span class='ocrx_word' id='word_1_241' title='bbox 1341 3200 1563 3240; x_wconf 89' lang='lat' dir='ltr'><strong>necnon</strong></span> <span class='ocrx_word' id='word_1_242' title='bbox 1598 3188 1653 3239; x_wconf 83' lang='lat' dir='ltr'><strong>et</strong></span> <span class='ocrx_word' id='word_1_243' title='bbox 1691 3199 1823 3239; x_wconf 91' lang='lat' dir='ltr'><strong>eum</strong></span> <span class='ocrx_word' id='word_1_244' title='bbox 1858 3184 1956 3255; x_wconf 94' lang='lat' dir='ltr'><strong>qui</strong></span> 
     </span>
    </p>
   </div>
   <div class='ocr_carea' id='block_1_34' title="bbox 307 3270 1959 3346">
    <p class='ocr_par' dir='ltr' id='par_1_34' title="bbox 307 3270 1959 3346">
     <span class='ocr_line' id='line_1_34' title="bbox 307 3270 1959 3346; baseline 0.004 -24"><span class='ocrx_word' id='word_1_245' title='bbox 307 3272 645 3345; x_wconf 75' lang='lat' dir='ltr'><strong>consurgat.</strong></span> <span class='ocrx_word' id='word_1_246' title='bbox 693 3270 834 3325; x_wconf 89' lang='lat' dir='ltr'><strong>Nam</strong></span> <span class='ocrx_word' id='word_1_247' title='bbox 890 3271 1090 3343; x_wconf 88' lang='lat' dir='ltr'><strong>utique</strong></span> <span class='ocrx_word' id='word_1_248' title='bbox 1138 3272 1234 3328; x_wconf 90' lang='lat' dir='ltr'><strong>ille</strong></span> <span class='ocrx_word' id='word_1_249' title='bbox 1282 3274 1605 3346; x_wconf 83' lang='lat' dir='ltr'><strong>consurgit,</strong></span> <span class='ocrx_word' id='word_1_250' title='bbox 1640 3274 1739 3345; x_wconf 89' lang='lat' dir='ltr'><strong>qui</strong></span> <span class='ocrx_word' id='word_1_251' title='bbox 1789 3279 1959 3328; x_wconf 83' lang='lat' dir='ltr'><strong>antea</strong></span> 
     </span>
    </p>
   </div>
   <div class='ocr_carea' id='block_1_35' title="bbox 307 3359 1641 3435">
    <p class='ocr_par' dir='ltr' id='par_1_35' title="bbox 307 3359 1641 3435">
     <span class='ocr_line' id='line_1_35' title="bbox 307 3359 1641 3435; baseline 0.004 -23"><span class='ocrx_word' id='word_1_252' title='bbox 307 3361 628 3413; x_wconf 84' lang='lat' dir='ltr'><strong>corruerat.</strong></span> <span class='ocrx_word' id='word_1_253' title='bbox 669 3359 998 3417; x_wconf 86' lang='lat' dir='ltr'><strong>Videndum</strong></span> <span class='ocrx_word' id='word_1_254' title='bbox 1050 3366 1138 3417; x_wconf 90' lang='lat' dir='ltr'><strong>est</strong></span> <span class='ocrx_word' id='word_1_255' title='bbox 1186 3363 1409 3435; x_wconf 89' lang='lat' dir='ltr'><strong>utique,</strong></span> <span class='ocrx_word' id='word_1_256' title='bbox 1583 3367 1641 3419; x_wconf 90' lang='lat' dir='ltr'><strong>et</strong></span> 
     </span>
    </p>
   </div>
   <div class='ocr_carea' id='block_1_36' title="bbox 308 3443 1967 3523">
    <p class='ocr_par' dir='ltr' id='par_1_36' title="bbox 308 3443 1967 3523">
     <span class='ocr_line' id='line_1_36' title="bbox 308 3443 1967 3523; baseline 0.004 -22"><span class='ocrx_word' id='word_1_257' title='bbox 308 3443 578 3502; x_wconf 87' lang='lat' dir='ltr'><strong>Salvator</strong></span> <span class='ocrx_word' id='word_1_258' title='bbox 608 3465 721 3504; x_wconf 89' lang='lat' dir='ltr'><strong>non</strong></span> <span class='ocrx_word' id='word_1_259' title='bbox 756 3448 885 3505; x_wconf 91' lang='lat' dir='ltr'><strong>aliis</strong></span> <span class='ocrx_word' id='word_1_260' title='bbox 915 3456 1093 3523; x_wconf 90' lang='lat' dir='ltr'><strong>atque</strong></span> <span class='ocrx_word' id='word_1_261' title='bbox 1125 3451 1254 3508; x_wconf 90' lang='lat' dir='ltr'><strong>aliis</strong></span> <span class='ocrx_word' id='word_1_262' title='bbox 1292 3452 1351 3507; x_wconf 88' lang='lat' dir='ltr'><strong>in</strong></span> <span class='ocrx_word' id='word_1_263' title='bbox 1397 3452 1628 3508; x_wconf 90' lang='lat' dir='ltr'><strong>ruinam</strong></span> <span class='ocrx_word' id='word_1_264' title='bbox 1659 3452 1881 3508; x_wconf 86' lang='lat' dir='ltr'><strong>venerit</strong></span> <span class='ocrx_word' id='word_1_265' title='bbox 1909 3456 1967 3509; x_wconf 90' lang='lat' dir='ltr'><strong>et</strong></span> 
     </span>
    </p>
   </div>
   <div class='ocr_carea' id='block_1_37' title="bbox 306 3536 1965 3611">
    <p class='ocr_par' dir='ltr' id='par_1_37' title="bbox 306 3536 1965 3611">
     <span class='ocr_line' id='line_1_37' title="bbox 306 3536 1965 3611; baseline 0.004 -20"><span class='ocrx_word' id='word_1_266' title='bbox 306 3536 801 3593; x_wconf 81' lang='lat' dir='ltr'><strong>resurrectionem</strong></span> <span class='ocrx_word' id='word_1_267' title='bbox 850 3539 1192 3611; x_wconf 87' lang='lat' dir='ltr'><strong>multorum,</strong></span> <span class='ocrx_word' id='word_1_268' title='bbox 1228 3542 1329 3598; x_wconf 91' lang='lat' dir='ltr'><strong>sed</strong></span> <span class='ocrx_word' id='word_1_269' title='bbox 1374 3541 1582 3597; x_wconf 85' lang='lat' dir='ltr'><strong>iisdem</strong></span> <span class='ocrx_word' id='word_1_270' title='bbox 1632 3547 1688 3597; x_wconf 85' lang='lat' dir='ltr'><strong>et</strong></span> <span class='ocrx_word' id='word_1_271' title='bbox 1736 3542 1794 3596; x_wconf 90' lang='lat' dir='ltr'><strong>in</strong></span> <span class='ocrx_word' id='word_1_272' title='bbox 1846 3542 1965 3597; x_wconf 89' lang='lat' dir='ltr'><strong>rui-</strong></span> 
     </span>
    </p>
   </div>
   <div class='ocr_carea' id='block_1_38' title="bbox 308 3626 1963 3705">
    <p class='ocr_par' dir='ltr' id='par_1_38' title="bbox 308 3626 1963 3705">
     <span class='ocr_line' id='line_1_38' title="bbox 308 3626 1963 3705; baseline 0.004 -26"><span class='ocrx_word' id='word_1_273' title='bbox 308 3640 452 3680; x_wconf 86' lang='lat' dir='ltr'><strong>nam</strong></span> <span class='ocrx_word' id='word_1_274' title='bbox 482 3626 622 3681; x_wconf 88' lang='lat' dir='ltr'><strong>etin</strong></span> <span class='ocrx_word' id='word_1_275' title='bbox 655 3629 1144 3686; x_wconf 87' lang='lat' dir='ltr'><strong>resurrectionem</strong></span> <span class='ocrx_word' id='word_1_276' title='bbox 1177 3632 1417 3687; x_wconf 89' lang='lat' dir='ltr'><strong>venerit.</strong></span> <span class='ocrx_word' id='word_1_277' title='bbox 1452 3632 1829 3705; x_wconf 85' lang='lat' dir='ltr'><strong>Injudicium,</strong></span> <span class='ocrx_word' id='word_1_278' title='bbox 1863 3631 1963 3699; x_wconf 87' lang='lat' dir='ltr'><strong>ait,</strong></span> 
     </span>
    </p>
   </div>
   <div class='ocr_carea' id='block_1_39' title="bbox 305 3716 1966 3793">
    <p class='ocr_par' dir='ltr' id='par_1_39' title="bbox 305 3716 1966 3793">
     <span class='ocr_line' id='line_1_39' title="bbox 305 3716 1966 3793; baseline 0.004 -23"><span class='ocrx_word' id='word_1_279' title='bbox 305 3729 409 3783; x_wconf 80' lang='lat' dir='ltr'><strong>ego</strong></span> <span class='ocrx_word' id='word_1_280' title='bbox 442 3716 582 3787; x_wconf 83' lang='lat' dir='ltr'><strong>veni,</strong></span> <span class='ocrx_word' id='word_1_281' title='bbox 614 3725 674 3772; x_wconf 89' lang='lat' dir='ltr'><strong>ut</strong></span> <span class='ocrx_word' id='word_1_282' title='bbox 705 3720 802 3790; x_wconf 85' lang='lat' dir='ltr'><strong>qui</strong></span> <span class='ocrx_word' id='word_1_283' title='bbox 846 3736 953 3774; x_wconf 88' lang='lat' dir='ltr'><strong>non</strong></span> <span class='ocrx_word' id='word_1_284' title='bbox 1003 3720 1257 3776; x_wconf 83' lang='lat' dir='ltr'><strong>videbant</strong></span> <span class='ocrx_word' id='word_1_285' title='bbox 1304 3720 1546 3791; x_wconf 76' lang='lat' dir='ltr'><strong>videant,</strong></span> <span class='ocrx_word' id='word_1_286' title='bbox 1578 3729 1631 3776; x_wconf 86' lang='lat' dir='ltr'><strong>et</strong></span> <span class='ocrx_word' id='word_1_287' title='bbox 1678 3723 1775 3793; x_wconf 88' lang='lat' dir='ltr'><strong>qui</strong></span> <span class='ocrx_word' id='word_1_288' title='bbox 1817 3721 1966 3776; x_wconf 83' lang='lat' dir='ltr'><strong>vide-</strong></span> 
     </span>
    </p>
   </div>
   <div class='ocr_carea' id='block_1_40' title="bbox 308 3803 1969 3882">
    <p class='ocr_par' dir='ltr' id='par_1_40' title="bbox 308 3803 1969 3882">
     <span class='ocr_line' id='line_1_40' title="bbox 308 3803 1969 3882; baseline 0.003 -23"><span class='ocrx_word' id='word_1_289' title='bbox 308 3803 447 3859; x_wconf 82' lang='lat' dir='ltr'><strong>bant</strong></span> <span class='ocrx_word' id='word_1_290' title='bbox 471 3807 605 3862; x_wconf 75' lang='lat' dir='ltr'><strong>caeci</strong></span> <span class='ocrx_word' id='word_1_291' title='bbox 633 3808 770 3877; x_wconf 83' lang='lat' dir='ltr'><strong>ﬁant</strong></span> <span class='ocrx_word' id='word_1_292' title='bbox 795 3807 859 3862; x_wconf 73' lang='grc'><strong>⁸⁸.</strong></span> <span class='ocrx_word' id='word_1_293' title='bbox 898 3810 1000 3864; x_wconf 86' lang='lat' dir='ltr'><strong>Est</strong></span> <span class='ocrx_word' id='word_1_294' title='bbox 1039 3810 1197 3865; x_wconf 87' lang='lat' dir='ltr'><strong>enim</strong></span> <span class='ocrx_word' id='word_1_295' title='bbox 1238 3810 1297 3865; x_wconf 90' lang='lat' dir='ltr'><strong>in</strong></span> <span class='ocrx_word' id='word_1_296' title='bbox 1346 3810 1514 3865; x_wconf 89' lang='lat' dir='ltr'><strong>nobis</strong></span> <span class='ocrx_word' id='word_1_297' title='bbox 1548 3811 1701 3882; x_wconf 87' lang='lat' dir='ltr'><strong>quod</strong></span> <span class='ocrx_word' id='word_1_298' title='bbox 1735 3809 1969 3866; x_wconf 85' lang='lat' dir='ltr'><strong>videbat</strong></span> 
     </span>
    </p>
   </div>
   <div class='ocr_carea' id='block_1_41' title="bbox 310 3893 1967 3972">
    <p class='ocr_par' dir='ltr' id='par_1_41' title="bbox 310 3893 1967 3972">
     <span class='ocr_line' id='line_1_41' title="bbox 310 3893 1967 3972; baseline 0.003 -24"><span class='ocrx_word' id='word_1_299' title='bbox 310 3893 503 3966; x_wconf 89' lang='lat' dir='ltr'><strong>prius,</strong></span> <span class='ocrx_word' id='word_1_300' title='bbox 537 3898 592 3949; x_wconf 89' lang='lat' dir='ltr'><strong>et</strong></span> <span class='ocrx_word' id='word_1_301' title='bbox 622 3901 825 3968; x_wconf 89' lang='lat' dir='ltr'><strong>postea</strong></span> <span class='ocrx_word' id='word_1_302' title='bbox 855 3898 1050 3953; x_wconf 91' lang='lat' dir='ltr'><strong>videre</strong></span> <span class='ocrx_word' id='word_1_303' title='bbox 1094 3900 1303 3954; x_wconf 84' lang='lat' dir='ltr'><strong>desivit</strong></span> <span class='ocrx_word' id='word_1_304' title='bbox 1336 3916 1349 3955; x_wconf 90' lang='lat'><strong>:</strong></span> <span class='ocrx_word' id='word_1_305' title='bbox 1386 3905 1439 3955; x_wconf 88' lang='lat' dir='ltr'><strong>et</strong></span> <span class='ocrx_word' id='word_1_306' title='bbox 1472 3900 1625 3955; x_wconf 86' lang='lat' dir='ltr'><strong>aliud</strong></span> <span class='ocrx_word' id='word_1_307' title='bbox 1665 3900 1819 3972; x_wconf 89' lang='lat' dir='ltr'><strong>quod</strong></span> <span class='ocrx_word' id='word_1_308' title='bbox 1854 3916 1967 3955; x_wconf 90' lang='lat' dir='ltr'><strong>non</strong></span> 
     </span>
    </p>
   </div>
   <div class='ocr_carea' id='block_1_42' title="bbox 307 3983 1968 4063">
    <p class='ocr_par' dir='ltr' id='par_1_42' title="bbox 307 3983 1968 4063">
     <span class='ocr_line' id='line_1_42' title="bbox 307 3983 1968 4063; baseline 0.004 -26"><span class='ocrx_word' id='word_1_309' title='bbox 307 3983 569 4052; x_wconf 81' lang='lat' dir='ltr'><strong>videbat,</strong></span> <span class='ocrx_word' id='word_1_310' title='bbox 627 3990 683 4041; x_wconf 90' lang='lat' dir='ltr'><strong>et</strong></span> <span class='ocrx_word' id='word_1_311' title='bbox 743 3993 942 4058; x_wconf 88' lang='lat' dir='ltr'><strong>postea</strong></span> <span class='ocrx_word' id='word_1_312' title='bbox 999 3989 1173 4061; x_wconf 76' lang='lat' dir='ltr'><strong>cmpit</strong></span> <span class='ocrx_word' id='word_1_313' title='bbox 1224 3989 1436 4045; x_wconf 90' lang='lat' dir='ltr'><strong>videre.</strong></span> <span class='ocrx_word' id='word_1_314' title='bbox 1486 3990 1659 4045; x_wconf 88' lang='lat' dir='ltr'><strong>Verbi</strong></span> <span class='ocrx_word' id='word_1_315' title='bbox 1723 3989 1911 4063; x_wconf 89' lang='lat' dir='ltr'><strong>gratia</strong></span> <span class='ocrx_word' id='word_1_316' title='bbox 1950 4008 1968 4043; x_wconf 91' lang='lat'><strong><em>:</em></strong></span> 
     </span>
    </p>
   </div>
   <div class='ocr_carea' id='block_1_43' title="bbox 316 4071 1970 4150">
    <p class='ocr_par' dir='ltr' id='par_1_43' title="bbox 316 4071 1970 4150">
     <span class='ocr_line' id='line_1_43' title="bbox 316 4071 1970 4150; baseline 0.004 -23"><span class='ocrx_word' id='word_1_317' title='bbox 316 4071 466 4128; x_wconf 84' lang='lat' dir='ltr'><strong>Volo</strong></span> <span class='ocrx_word' id='word_1_318' title='bbox 518 4073 675 4131; x_wconf 89' lang='lat' dir='ltr'><strong>idere</strong></span> <span class='ocrx_word' id='word_1_319' title='bbox 730 4076 847 4132; x_wconf 89' lang='lat' dir='ltr'><strong>illis</strong></span> <span class='ocrx_word' id='word_1_320' title='bbox 913 4078 1120 4145; x_wconf 90' lang='lat' dir='ltr'><strong>oculis,</strong></span> <span class='ocrx_word' id='word_1_321' title='bbox 1177 4079 1392 4150; x_wconf 86' lang='lat' dir='ltr'><strong>quibus</strong></span> <span class='ocrx_word' id='word_1_322' title='bbox 1422 4084 1592 4135; x_wconf 87' lang='lat' dir='ltr'><strong>antea</strong></span> <span class='ocrx_word' id='word_1_323' title='bbox 1648 4097 1761 4134; x_wconf 90' lang='lat' dir='ltr'><strong>non</strong></span> <span class='ocrx_word' id='word_1_324' title='bbox 1812 4078 1970 4134; x_wconf 86' lang='lat' dir='ltr'><strong>vide-</strong></span> 
     </span>
    </p>
   </div>
   <div class='ocr_carea' id='block_1_44' title="bbox 311 4161 1970 4240">
    <p class='ocr_par' dir='ltr' id='par_1_44' title="bbox 311 4161 1970 4240">
     <span class='ocr_line' id='line_1_44' title="bbox 311 4161 1970 4240; baseline 0.003 -23"><span class='ocrx_word' id='word_1_325' title='bbox 311 4161 478 4229; x_wconf 86' lang='lat' dir='ltr'><strong>bam,</strong></span> <span class='ocrx_word' id='word_1_326' title='bbox 511 4167 570 4219; x_wconf 85' lang='lat' dir='ltr'><strong>et</strong></span> <span class='ocrx_word' id='word_1_327' title='bbox 598 4165 697 4236; x_wconf 91' lang='lat' dir='ltr'><strong>qui</strong></span> <span class='ocrx_word' id='word_1_328' title='bbox 749 4166 892 4220; x_wconf 87' lang='lat' dir='ltr'><strong>mihi</strong></span> <span class='ocrx_word' id='word_1_329' title='bbox 942 4170 1144 4238; x_wconf 87' lang='lat' dir='ltr'><strong>postea</strong></span> <span class='ocrx_word' id='word_1_330' title='bbox 1191 4168 1433 4223; x_wconf 86' lang='lat' dir='ltr'><strong>reserati</strong></span> <span class='ocrx_word' id='word_1_331' title='bbox 1484 4174 1642 4237; x_wconf 88' lang='lat' dir='ltr'><strong>sunt,</strong></span> <span class='ocrx_word' id='word_1_332' title='bbox 1692 4167 1970 4240; x_wconf 91' lang='lat' dir='ltr'><strong>quoniam</strong></span> 
     </span>
    </p>
   </div>
   <div class='ocr_carea' id='block_1_45' title="bbox 314 4252 1974 4325">
    <p class='ocr_par' dir='ltr' id='par_1_45' title="bbox 314 4252 1974 4325">
     <span class='ocr_line' id='line_1_45' title="bbox 314 4252 1974 4325; baseline 0.002 -18"><span class='ocrx_word' id='word_1_333' title='bbox 314 4256 452 4325; x_wconf 87' lang='lat' dir='ltr'><strong>post</strong></span> <span class='ocrx_word' id='word_1_334' title='bbox 508 4252 967 4311; x_wconf 90' lang='lat' dir='ltr'><strong>inobedientiam</strong></span> <span class='ocrx_word' id='word_1_335' title='bbox 1017 4262 1071 4311; x_wconf 88' lang='lat' dir='ltr'><strong>et</strong></span> <span class='ocrx_word' id='word_1_336' title='bbox 1119 4257 1305 4312; x_wconf 77' lang='lat' dir='ltr'><strong>Adam</strong></span> <span class='ocrx_word' id='word_1_337' title='bbox 1347 4263 1400 4313; x_wconf 90' lang='lat' dir='ltr'><strong>et</strong></span> <span class='ocrx_word' id='word_1_338' title='bbox 1446 4260 1568 4313; x_wconf 75' lang='lat' dir='ltr'><strong>Evze</strong></span> <span class='ocrx_word' id='word_1_339' title='bbox 1621 4258 1774 4314; x_wconf 92' lang='lat' dir='ltr'><strong>oculi</strong></span> <span class='ocrx_word' id='word_1_340' title='bbox 1834 4261 1974 4313; x_wconf 91' lang='lat' dir='ltr'><strong>sunt</strong></span> 
     </span>
    </p>
   </div>
   <div class='ocr_carea' id='block_1_46' title="bbox 321 4342 1970 4417">
    <p class='ocr_par' dir='ltr' id='par_1_46' title="bbox 321 4342 1970 4417">
     <span class='ocr_line' id='line_1_46' title="bbox 321 4342 1970 4417; baseline 0.002 -20"><span class='ocrx_word' id='word_1_341' title='bbox 321 4342 532 4414; x_wconf 86' lang='lat' dir='ltr'><strong>aperti,</strong></span> <span class='ocrx_word' id='word_1_342' title='bbox 562 4344 631 4399; x_wconf 87' lang='lat' dir='ltr'><strong>de</strong></span> <span class='ocrx_word' id='word_1_343' title='bbox 661 4345 877 4416; x_wconf 90' lang='lat' dir='ltr'><strong>quibus</strong></span> <span class='ocrx_word' id='word_1_344' title='bbox 922 4345 1205 4417; x_wconf 89' lang='lat' dir='ltr'><strong>superiori</strong></span> <span class='ocrx_word' id='word_1_345' title='bbox 1255 4363 1524 4404; x_wconf 88' lang='lat' dir='ltr'><strong>sermone</strong></span> <span class='ocrx_word' id='word_1_346' title='bbox 1573 4348 1970 4403; x_wconf 88' lang='lat' dir='ltr'><strong>tractavimus.</strong></span> 
     </span>
    </p>
   </div>
   <div class='ocr_carea' id='block_1_47' title="bbox 2068 672 3724 748">
    <p class='ocr_par' dir='ltr' id='par_1_47' title="bbox 2068 672 3724 748">
     <span class='ocr_line' id='line_1_47' title="bbox 2068 672 3724 748; baseline -0.002 -17"><span class='ocrx_word' id='word_1_347' title='bbox 2068 675 2223 748; x_wconf 90' lang='lat' dir='ltr'><strong>quod</strong></span> <span class='ocrx_word' id='word_1_348' title='bbox 2253 672 2335 730; x_wconf 88' lang='lat' dir='ltr'><strong>ait</strong></span> <span class='ocrx_word' id='word_1_349' title='bbox 2367 690 2379 730; x_wconf 92' lang='lat'><strong>:</strong></span> <span class='ocrx_word' id='word_1_350' title='bbox 2413 675 2546 730; x_wconf 86' lang='lat' dir='ltr'><strong>Ecce</strong></span> <span class='ocrx_word' id='word_1_351' title='bbox 2576 673 2665 730; x_wconf 85' lang='lat' dir='ltr'><strong>hic</strong></span> <span class='ocrx_word' id='word_1_352' title='bbox 2697 676 2905 747; x_wconf 85' lang='lat' dir='ltr'><strong>positus</strong></span> <span class='ocrx_word' id='word_1_353' title='bbox 2951 675 3028 731; x_wconf 87' lang='lat' dir='ltr'><strong>est</strong></span> <span class='ocrx_word' id='word_1_354' title='bbox 3076 674 3137 730; x_wconf 81' lang='lat' dir='ltr'><strong>in</strong></span> <span class='ocrx_word' id='word_1_355' title='bbox 3184 673 3430 739; x_wconf 87' lang='lat' dir='ltr'><strong>ruinam,</strong></span> <span class='ocrx_word' id='word_1_356' title='bbox 3460 680 3513 730; x_wconf 88' lang='lat' dir='ltr'><strong>et</strong></span> <span class='ocrx_word' id='word_1_357' title='bbox 3539 672 3602 728; x_wconf 86' lang='lat' dir='ltr'><strong>in</strong></span> <span class='ocrx_word' id='word_1_358' title='bbox 3633 687 3724 727; x_wconf 82' lang='lat' dir='ltr'><strong>re-</strong></span> 
     </span>
    </p>
   </div>
   <div class='ocr_carea' id='block_1_48' title="bbox 2064 758 3724 835">
    <p class='ocr_par' dir='ltr' id='par_1_48' title="bbox 2064 758 3724 835">
     <span class='ocr_line' id='line_1_48' title="bbox 2064 758 3724 835; baseline -0.002 -14"><span class='ocrx_word' id='word_1_359' title='bbox 2064 766 2458 822; x_wconf 86' lang='lat' dir='ltr'><strong>surrectionem</strong></span> <span class='ocrx_word' id='word_1_360' title='bbox 2502 765 2803 821; x_wconf 86' lang='lat' dir='ltr'><strong>multorum</strong></span> <span class='ocrx_word' id='word_1_361' title='bbox 2853 765 2915 820; x_wconf 78' lang='lat' dir='ltr'><strong>in.</strong></span> <span class='ocrx_word' id='word_1_362' title='bbox 2956 762 3153 822; x_wconf 83' lang='lat' dir='ltr'><strong>Israel.</strong></span> <span class='ocrx_word' id='word_1_363' title='bbox 3188 763 3279 819; x_wconf 91' lang='lat' dir='ltr'><strong>Me</strong></span> <span class='ocrx_word' id='word_1_364' title='bbox 3327 765 3553 835; x_wconf 86' lang='lat' dir='ltr'><strong>oportet</strong></span> <span class='ocrx_word' id='word_1_365' title='bbox 3598 758 3724 834; x_wconf 85' lang='lat' dir='ltr'><strong>pri-</strong></span> 
     </span>
    </p>
   </div>
   <div class='ocr_carea' id='block_1_49' title="bbox 2068 853 3720 926">
    <p class='ocr_par' dir='ltr' id='par_1_49' title="bbox 2068 853 3720 926">
     <span class='ocr_line' id='line_1_49' title="bbox 2068 853 3720 926; baseline -0.004 -14"><span class='ocrx_word' id='word_1_366' title='bbox 2068 872 2232 912; x_wconf 91' lang='lat' dir='ltr'><strong>mum</strong></span> <span class='ocrx_word' id='word_1_367' title='bbox 2267 857 2493 923; x_wconf 87' lang='lat' dir='ltr'><strong>cadere,</strong></span> <span class='ocrx_word' id='word_1_368' title='bbox 2528 859 2586 910; x_wconf 90' lang='lat' dir='ltr'><strong>et</strong></span> <span class='ocrx_word' id='word_1_369' title='bbox 2617 871 2750 910; x_wconf 90' lang='lat' dir='ltr'><strong>cum</strong></span> <span class='ocrx_word' id='word_1_370' title='bbox 2784 853 3068 920; x_wconf 87' lang='lat' dir='ltr'><strong>cecidero,</strong></span> <span class='ocrx_word' id='word_1_371' title='bbox 3102 857 3305 926; x_wconf 88' lang='lat' dir='ltr'><strong>postea</strong></span> <span class='ocrx_word' id='word_1_372' title='bbox 3332 853 3482 909; x_wconf 90' lang='lat' dir='ltr'><strong>bene</strong></span> <span class='ocrx_word' id='word_1_373' title='bbox 3525 866 3720 907; x_wconf 82' lang='lat' dir='ltr'><strong>resur-</strong></span> 
     </span>
    </p>
   </div>
   <div class='ocr_carea' id='block_1_50' title="bbox 2066 940 3720 1020">
    <p class='ocr_par' dir='ltr' id='par_1_50' title="bbox 2066 940 3720 1020">
     <span class='ocr_line' id='line_1_50' title="bbox 2066 940 3720 1020; baseline -0.002 -19"><span class='ocrx_word' id='word_1_374' title='bbox 2066 962 2219 1020; x_wconf 86' lang='lat' dir='ltr'><strong>gere,</strong></span> <span class='ocrx_word' id='word_1_375' title='bbox 2254 962 2326 1001; x_wconf 90' lang='lat' dir='ltr'><strong>ne</strong></span> <span class='ocrx_word' id='word_1_376' title='bbox 2376 944 2640 1001; x_wconf 86' lang='lat' dir='ltr'><strong>Salvator</strong></span> <span class='ocrx_word' id='word_1_377' title='bbox 2685 960 2862 1000; x_wconf 89' lang='lat' dir='ltr'><strong>causa</strong></span> <span class='ocrx_word' id='word_1_378' title='bbox 2913 942 3089 999; x_wconf 90' lang='lat' dir='ltr'><strong>fuerit</strong></span> <span class='ocrx_word' id='word_1_379' title='bbox 3145 942 3311 999; x_wconf 64' lang='lat' dir='ltr'><strong>malae</strong></span> <span class='ocrx_word' id='word_1_380' title='bbox 3371 941 3585 1009; x_wconf 68' lang='lat' dir='ltr'><strong>ruinae;</strong></span> <span class='ocrx_word' id='word_1_381' title='bbox 3617 940 3720 997; x_wconf 89' lang='lat' dir='ltr'><strong>sed</strong></span> 
     </span>
    </p>
   </div>
   <div class='ocr_carea' id='block_1_51' title="bbox 2066 1029 3719 1108">
    <p class='ocr_par' dir='ltr' id='par_1_51' title="bbox 2066 1029 3719 1108">
     <span class='ocr_line' id='line_1_51' title="bbox 2066 1029 3719 1108; baseline -0.002 -17"><span class='ocrx_word' id='word_1_382' title='bbox 2066 1040 2372 1108; x_wconf 84' lang='lat' dir='ltr'><strong>propterea</strong></span> <span class='ocrx_word' id='word_1_383' title='bbox 2404 1034 2608 1091; x_wconf 89' lang='lat' dir='ltr'><strong>cadere</strong></span> <span class='ocrx_word' id='word_1_384' title='bbox 2640 1050 2733 1090; x_wconf 90' lang='lat' dir='ltr'><strong>me</strong></span> <span class='ocrx_word' id='word_1_385' title='bbox 2766 1032 2915 1099; x_wconf 79' lang='lat' dir='ltr'><strong>iecit,</strong></span> <span class='ocrx_word' id='word_1_386' title='bbox 2948 1036 3013 1090; x_wconf 89' lang='lat' dir='ltr'><strong>ut</strong></span> <span class='ocrx_word' id='word_1_387' title='bbox 3044 1048 3419 1107; x_wconf 88' lang='lat' dir='ltr'><strong>eonsurgam,</strong></span> <span class='ocrx_word' id='word_1_388' title='bbox 3444 1030 3503 1089; x_wconf 91' lang='lat' dir='ltr'><strong>et</strong></span> <span class='ocrx_word' id='word_1_389' title='bbox 3533 1029 3719 1088; x_wconf 87' lang='lat' dir='ltr'><strong>multo</strong></span> 
     </span>
    </p>
   </div>
   <div class='ocr_carea' id='block_1_52' title="bbox 2068 1120 3719 1197">
    <p class='ocr_par' dir='ltr' id='par_1_52' title="bbox 2068 1120 3719 1197">
     <span class='ocr_line' id='line_1_52' title="bbox 2068 1120 3719 1197; baseline -0.002 -17"><span class='ocrx_word' id='word_1_390' title='bbox 2068 1125 2210 1180; x_wconf 89' lang='lat' dir='ltr'><strong>mihi</strong></span> <span class='ocrx_word' id='word_1_391' title='bbox 2243 1124 2414 1180; x_wconf 88' lang='lat' dir='ltr'><strong>ruina</strong></span> <span class='ocrx_word' id='word_1_392' title='bbox 2450 1123 2651 1180; x_wconf 91' lang='lat' dir='ltr'><strong>utilior</strong></span> <span class='ocrx_word' id='word_1_393' title='bbox 2693 1122 2887 1197; x_wconf 79' lang='lat' dir='ltr'><strong>fuerit,</strong></span> <span class='ocrx_word' id='word_1_394' title='bbox 2916 1140 3094 1196; x_wconf 89' lang='lat' dir='ltr'><strong>quam</strong></span> <span class='ocrx_word' id='word_1_395' title='bbox 3125 1120 3271 1179; x_wconf 90' lang='lat' dir='ltr'><strong>illud</strong></span> <span class='ocrx_word' id='word_1_396' title='bbox 3321 1126 3560 1195; x_wconf 88' lang='lat' dir='ltr'><strong>tempus</strong></span> <span class='ocrx_word' id='word_1_397' title='bbox 3602 1137 3719 1194; x_wconf 92' lang='lat' dir='ltr'><strong>quo</strong></span> 
     </span>
    </p>
   </div>
   <div class='ocr_carea' id='block_1_53' title="bbox 2065 1212 3719 1286">
    <p class='ocr_par' dir='ltr' id='par_1_53' title="bbox 2065 1212 3719 1286">
     <span class='ocr_line' id='line_1_53' title="bbox 2065 1212 3719 1286; baseline -0.002 -15"><span class='ocrx_word' id='word_1_398' title='bbox 2065 1214 2304 1271; x_wconf 90' lang='lat' dir='ltr'><strong>videbar</strong></span> <span class='ocrx_word' id='word_1_399' title='bbox 2334 1219 2508 1271; x_wconf 89' lang='lat' dir='ltr'><strong>stare.</strong></span> <span class='ocrx_word' id='word_1_400' title='bbox 2533 1213 2772 1271; x_wconf 90' lang='lat' dir='ltr'><strong>Stabam</strong></span> <span class='ocrx_word' id='word_1_401' title='bbox 2795 1212 2951 1269; x_wconf 91' lang='lat' dir='ltr'><strong>enim</strong></span> <span class='ocrx_word' id='word_1_402' title='bbox 2981 1212 3041 1269; x_wconf 89' lang='lat' dir='ltr'><strong>in</strong></span> <span class='ocrx_word' id='word_1_403' title='bbox 3066 1214 3303 1286; x_wconf 89' lang='lat' dir='ltr'><strong>peccato</strong></span> <span class='ocrx_word' id='word_1_404' title='bbox 3335 1228 3403 1269; x_wconf 91' lang='lat' dir='ltr'><strong>eo</strong></span> <span class='ocrx_word' id='word_1_405' title='bbox 3432 1215 3719 1284; x_wconf 87' lang='lat' dir='ltr'><strong>tempore,</strong></span> 
     </span>
    </p>
   </div>
   <div class='ocr_carea' id='block_1_54' title="bbox 2067 1299 3719 1379">
    <p class='ocr_par' dir='ltr' id='par_1_54' title="bbox 2067 1299 3719 1379">
     <span class='ocr_line' id='line_1_54' title="bbox 2067 1299 3719 1379; baseline -0.003 -18"><span class='ocrx_word' id='word_1_406' title='bbox 2067 1321 2179 1377; x_wconf 85' lang='lat' dir='ltr'><strong>quo</strong></span> <span class='ocrx_word' id='word_1_407' title='bbox 2231 1309 2466 1379; x_wconf 86' lang='lat' dir='ltr'><strong>peccato</strong></span> <span class='ocrx_word' id='word_1_408' title='bbox 2523 1304 2787 1361; x_wconf 87' lang='lat' dir='ltr'><strong>vivebam</strong></span> <span class='ocrx_word' id='word_1_409' title='bbox 2824 1321 2837 1360; x_wconf 90' lang='lat'>:</span> <span class='ocrx_word' id='word_1_410' title='bbox 2870 1307 2928 1359; x_wconf 91' lang='lat' dir='ltr'><strong>et</strong></span> <span class='ocrx_word' id='word_1_411' title='bbox 2973 1302 3113 1376; x_wconf 88' lang='lat' dir='ltr'><strong>quia</strong></span> <span class='ocrx_word' id='word_1_412' title='bbox 3170 1305 3408 1376; x_wconf 88' lang='lat' dir='ltr'><strong>peccato</strong></span> <span class='ocrx_word' id='word_1_413' title='bbox 3464 1299 3719 1373; x_wconf 82' lang='lat' dir='ltr'><strong>stabam,</strong></span> 
     </span>
    </p>
   </div>
   <div class='ocr_carea' id='block_1_55' title="bbox 2068 1393 3720 1468">
    <p class='ocr_par' dir='ltr' id='par_1_55' title="bbox 2068 1393 3720 1468">
     <span class='ocr_line' id='line_1_55' title="bbox 2068 1393 3720 1468; baseline -0.002 -17"><span class='ocrx_word' id='word_1_414' title='bbox 2068 1395 2256 1468; x_wconf 88' lang='lat' dir='ltr'><strong>prima</strong></span> <span class='ocrx_word' id='word_1_415' title='bbox 2305 1394 2450 1450; x_wconf 85' lang='lat' dir='ltr'><strong>mihi</strong></span> <span class='ocrx_word' id='word_1_416' title='bbox 2501 1393 2726 1451; x_wconf 89' lang='lat' dir='ltr'><strong>utilitas</strong></span> <span class='ocrx_word' id='word_1_417' title='bbox 2769 1393 2881 1449; x_wconf 81' lang='lat' dir='ltr'><strong>fuit</strong></span> <span class='ocrx_word' id='word_1_418' title='bbox 2930 1396 2995 1449; x_wconf 94' lang='lat' dir='ltr'><strong>ut</strong></span> <span class='ocrx_word' id='word_1_419' title='bbox 3045 1393 3336 1458; x_wconf 88' lang='lat' dir='ltr'><strong>caderem,</strong></span> <span class='ocrx_word' id='word_1_420' title='bbox 3377 1395 3433 1448; x_wconf 90' lang='lat' dir='ltr'><strong>et</strong></span> <span class='ocrx_word' id='word_1_421' title='bbox 3481 1393 3720 1464; x_wconf 87' lang='lat' dir='ltr'><strong>peccato</strong></span> 
     </span>
    </p>
   </div>
   <div class='ocr_carea' id='block_1_56' title="bbox 2067 1480 3718 1555">
    <p class='ocr_par' dir='ltr' id='par_1_56' title="bbox 2067 1480 3718 1555">
     <span class='ocr_line' id='line_1_56' title="bbox 2067 1480 3718 1555; baseline -0.002 -15"><span class='ocrx_word' id='word_1_422' title='bbox 2067 1500 2343 1540; x_wconf 89' lang='lat' dir='ltr'><strong>morerer.</strong></span> <span class='ocrx_word' id='word_1_423' title='bbox 2380 1483 2636 1555; x_wconf 88' lang='lat' dir='ltr'><strong>Denique</strong></span> <span class='ocrx_word' id='word_1_424' title='bbox 2665 1486 2722 1539; x_wconf 90' lang='lat' dir='ltr'><strong>et</strong></span> <span class='ocrx_word' id='word_1_425' title='bbox 2765 1482 2955 1539; x_wconf 88' lang='lat' dir='ltr'><strong>sancti</strong></span> <span class='ocrx_word' id='word_1_426' title='bbox 2998 1481 3314 1555; x_wconf 66' lang='lat' dir='ltr'><strong>prophetae,</strong></span> <span class='ocrx_word' id='word_1_427' title='bbox 3346 1480 3584 1554; x_wconf 87' lang='lat' dir='ltr'><strong>quando</strong></span> <span class='ocrx_word' id='word_1_428' title='bbox 3613 1495 3718 1537; x_wconf 87' lang='lat' dir='ltr'><strong>au-</strong></span> 
     </span>
    </p>
   </div>
   <div class='ocr_carea' id='block_1_57' title="bbox 2066 1558 3719 1646">
    <p class='ocr_par' dir='ltr' id='par_1_57' title="bbox 2066 1558 3719 1646">
     <span class='ocr_line' id='line_1_57' title="bbox 2066 1558 3719 1646; baseline -0.003 -16"><span class='ocrx_word' id='word_1_429' title='bbox 2066 1572 2297 1646; x_wconf 85' lang='lat' dir='ltr'><strong>gustius</strong></span> <span class='ocrx_word' id='word_1_430' title='bbox 2326 1571 2545 1646; x_wconf 84' lang='lat' dir='ltr'><strong>aliquid</strong></span> <span class='ocrx_word' id='word_1_431' title='bbox 2598 1570 3170 1644; x_wconf 89' lang='lat' dir='ltr'><strong>eontemplabantur,</strong></span> <span class='ocrx_word' id='word_1_432' title='bbox 3199 1569 3487 1626; x_wconf 88' lang='lat' dir='ltr'><strong>cadebant</strong></span> <span class='ocrx_word' id='word_1_433' title='bbox 3521 1567 3582 1625; x_wconf 89' lang='lat' dir='ltr'><strong>in</strong></span> <span class='ocrx_word' id='word_1_434' title='bbox 3629 1558 3719 1625; x_wconf 52' lang='lat' dir='ltr'><strong>ta;</strong></span> 
     </span>
    </p>
   </div>
   <div class='ocr_carea' id='block_1_58' title="bbox 2067 1659 3720 1736">
    <p class='ocr_par' dir='ltr' id='par_1_58' title="bbox 2067 1659 3720 1736">
     <span class='ocr_line' id='line_1_58' title="bbox 2067 1659 3720 1736; baseline -0.003 -17"><span class='ocrx_word' id='word_1_435' title='bbox 2067 1663 2215 1719; x_wconf 87' lang='lat' dir='ltr'><strong>ciem</strong></span> <span class='ocrx_word' id='word_1_436' title='bbox 2247 1679 2435 1736; x_wconf 82' lang='lat' dir='ltr'><strong>suam.</strong></span> <span class='ocrx_word' id='word_1_437' title='bbox 2467 1662 2779 1733; x_wconf 86' lang='lat' dir='ltr'><strong>Prcpterea</strong></span> <span class='ocrx_word' id='word_1_438' title='bbox 2818 1664 3015 1716; x_wconf 87' lang='lat' dir='ltr'><strong>autem</strong></span> <span class='ocrx_word' id='word_1_439' title='bbox 3055 1659 3361 1729; x_wconf 89' lang='lat' dir='ltr'><strong>cadebant,</strong></span> <span class='ocrx_word' id='word_1_440' title='bbox 3385 1661 3449 1714; x_wconf 90' lang='lat' dir='ltr'><strong>ut</strong></span> <span class='ocrx_word' id='word_1_441' title='bbox 3482 1660 3720 1731; x_wconf 86' lang='lat' dir='ltr'><strong>peccata</strong></span> 
     </span>
    </p>
   </div>
   <div class='ocr_carea' id='block_1_59' title="bbox 2068 1745 3719 1825">
    <p class='ocr_par' dir='ltr' id='par_1_59' title="bbox 2068 1745 3719 1825">
     <span class='ocr_line' id='line_1_59' title="bbox 2068 1745 3719 1825; baseline -0.003 -16"><span class='ocrx_word' id='word_1_442' title='bbox 2068 1770 2167 1825; x_wconf 90' lang='lat' dir='ltr'><strong>per</strong></span> <span class='ocrx_word' id='word_1_443' title='bbox 2197 1752 2432 1808; x_wconf 90' lang='lat' dir='ltr'><strong>ruinam</strong></span> <span class='ocrx_word' id='word_1_444' title='bbox 2459 1750 2691 1823; x_wconf 90' lang='lat' dir='ltr'><strong>plenius</strong></span> <span class='ocrx_word' id='word_1_445' title='bbox 2724 1752 3133 1823; x_wconf 85' lang='lat' dir='ltr'><strong>purgarentur.</strong></span> <span class='ocrx_word' id='word_1_446' title='bbox 3157 1748 3275 1804; x_wconf 88' lang='lat' dir='ltr'><strong>Hoc</strong></span> <span class='ocrx_word' id='word_1_447' title='bbox 3294 1747 3491 1820; x_wconf 88' lang='lat' dir='ltr'><strong>ipsum</strong></span> <span class='ocrx_word' id='word_1_448' title='bbox 3521 1751 3579 1803; x_wconf 89' lang='lat' dir='ltr'><strong>et</strong></span> <span class='ocrx_word' id='word_1_449' title='bbox 3598 1745 3719 1804; x_wconf 85' lang='lat' dir='ltr'><strong>Sal-</strong></span> 
     </span>
    </p>
   </div>
   <div class='ocr_carea' id='block_1_60' title="bbox 2062 1835 3717 1915">
    <p class='ocr_par' dir='ltr' id='par_1_60' title="bbox 2062 1835 3717 1915">
     <span class='ocr_line' id='line_1_60' title="bbox 2062 1835 3717 1915; baseline -0.002 -17"><span class='ocrx_word' id='word_1_450' title='bbox 2062 1847 2226 1899; x_wconf 89' lang='lat' dir='ltr'><strong>vator</strong></span> <span class='ocrx_word' id='word_1_451' title='bbox 2253 1842 2359 1898; x_wconf 90' lang='lat' dir='ltr'><strong>tibi</strong></span> <span class='ocrx_word' id='word_1_452' title='bbox 2393 1842 2651 1915; x_wconf 91' lang='lat' dir='ltr'><strong>primum</strong></span> <span class='ocrx_word' id='word_1_453' title='bbox 2704 1839 2992 1910; x_wconf 87' lang='lat' dir='ltr'><strong>concedit,</strong></span> <span class='ocrx_word' id='word_1_454' title='bbox 3025 1842 3092 1894; x_wconf 91' lang='lat' dir='ltr'><strong>ut</strong></span> <span class='ocrx_word' id='word_1_455' title='bbox 3140 1854 3400 1895; x_wconf 90' lang='lat' dir='ltr'><strong>corruas.</strong></span> <span class='ocrx_word' id='word_1_456' title='bbox 3433 1835 3717 1895; x_wconf 79' lang='lat' dir='ltr'><strong>Ethnicus</strong></span> 
     </span>
    </p>
   </div>
   <div class='ocr_carea' id='block_1_61' title="bbox 1986 1924 3713 2027">
    <p class='ocr_par' dir='ltr' id='par_1_61' title="bbox 1986 1924 3713 2027">
     <span class='ocr_line' id='line_1_61' title="bbox 1986 1924 3713 2027; baseline -0.005 -38"><span class='ocrx_word' id='word_1_457' title='bbox 1986 1960 2031 2027; x_wconf 78' lang='grc' dir='ltr'>Β</span> <span class='ocrx_word' id='word_1_458' title='bbox 2065 1949 2213 2004; x_wconf 91' lang='lat' dir='ltr'><strong>eras,</strong></span> <span class='ocrx_word' id='word_1_459' title='bbox 2247 1932 2419 2027; x_wconf 79' lang='lat' dir='ltr'><strong>cadat</strong></span> <span class='ocrx_word' id='word_1_460' title='bbox 2446 1931 2507 1986; x_wconf 89' lang='lat' dir='ltr'><strong>in</strong></span> <span class='ocrx_word' id='word_1_461' title='bbox 2537 1934 2592 1987; x_wconf 89' lang='lat' dir='ltr'><strong>te</strong></span> <span class='ocrx_word' id='word_1_462' title='bbox 2623 1930 2895 2027; x_wconf 78' lang='lat' dir='ltr'><strong>ethnicus</strong></span> <span class='ocrx_word' id='word_1_463' title='bbox 2930 1945 2944 1985; x_wconf 89' lang='lat'><strong>:</strong></span> <span class='ocrx_word' id='word_1_464' title='bbox 2977 1926 3267 2001; x_wconf 87' lang='lat' dir='ltr'><strong>diligebas</strong></span> <span class='ocrx_word' id='word_1_465' title='bbox 3296 1930 3581 1995; x_wconf 89' lang='lat' dir='ltr'><strong>scortum,</strong></span> <span class='ocrx_word' id='word_1_466' title='bbox 3602 1924 3713 2027; x_wconf 60' lang='lat' dir='ltr'><strong>pri-</strong></span> 
     </span>
    </p>
   </div>
   <div class='ocr_carea' id='block_1_62' title="bbox 2068 2014 3719 2090">
    <p class='ocr_par' dir='ltr' id='par_1_62' title="bbox 2068 2014 3719 2090">
     <span class='ocr_line' id='line_1_62' title="bbox 2068 2014 3719 2090; baseline -0.005 -11"><span class='ocrx_word' id='word_1_467' title='bbox 2068 2038 2232 2079; x_wconf 90' lang='lat' dir='ltr'><strong>mum</strong></span> <span class='ocrx_word' id='word_1_468' title='bbox 2263 2022 2322 2077; x_wconf 90' lang='lat' dir='ltr'><strong>in</strong></span> <span class='ocrx_word' id='word_1_469' title='bbox 2354 2024 2410 2077; x_wconf 90' lang='lat' dir='ltr'><strong>te</strong></span> <span class='ocrx_word' id='word_1_470' title='bbox 2441 2024 2703 2076; x_wconf 88' lang='lat' dir='ltr'><strong>scortum</strong></span> <span class='ocrx_word' id='word_1_471' title='bbox 2742 2018 2991 2076; x_wconf 86' lang='lat' dir='ltr'><strong>intereat</strong></span> <span class='ocrx_word' id='word_1_472' title='bbox 3024 2035 3049 2079; x_wconf 83' lang='lat'><strong>:,</strong></span> <span class='ocrx_word' id='word_1_473' title='bbox 3072 2020 3345 2090; x_wconf 89' lang='lat' dir='ltr'><strong>peccator</strong></span> <span class='ocrx_word' id='word_1_474' title='bbox 3372 2026 3523 2086; x_wconf 85' lang='lat' dir='ltr'><strong>eras,</strong></span> <span class='ocrx_word' id='word_1_475' title='bbox 3546 2014 3719 2072; x_wconf 87' lang='lat' dir='ltr'><strong>cadat</strong></span> 
     </span>
    </p>
   </div>
   <div class='ocr_carea' id='block_1_63' title="bbox 2067 2102 3716 2184">
    <p class='ocr_par' dir='ltr' id='par_1_63' title="bbox 2067 2102 3716 2184">
     <span class='ocr_line' id='line_1_63' title="bbox 2067 2102 3716 2184; baseline -0.004 -17"><span class='ocrx_word' id='word_1_476' title='bbox 2067 2113 2215 2169; x_wconf 90' lang='lat' dir='ltr'><strong>inte</strong></span> <span class='ocrx_word' id='word_1_477' title='bbox 2249 2114 2535 2184; x_wconf 89' lang='lat' dir='ltr'><strong>peccator,</strong></span> <span class='ocrx_word' id='word_1_478' title='bbox 2570 2113 2637 2165; x_wconf 90' lang='lat' dir='ltr'><strong>ut</strong></span> <span class='ocrx_word' id='word_1_479' title='bbox 2672 2108 2864 2181; x_wconf 87' lang='lat' dir='ltr'><strong>possis</strong></span> <span class='ocrx_word' id='word_1_480' title='bbox 2908 2106 3119 2164; x_wconf 89' lang='lat' dir='ltr'><strong>dehinc</strong></span> <span class='ocrx_word' id='word_1_481' title='bbox 3166 2121 3470 2177; x_wconf 85' lang='lat' dir='ltr'><strong>resurgere</strong></span> <span class='ocrx_word' id='word_1_482' title='bbox 3520 2107 3579 2161; x_wconf 90' lang='lat' dir='ltr'><strong>et</strong></span> <span class='ocrx_word' id='word_1_483' title='bbox 3625 2102 3716 2161; x_wconf 85' lang='lat' dir='ltr'><strong>di-</strong></span> 
     </span>
    </p>
   </div>
   <div class='ocr_carea' id='block_1_64' title="bbox 2066 2195 3722 2264">
    <p class='ocr_par' dir='ltr' id='par_1_64' title="bbox 2066 2195 3722 2264">
     <span class='ocr_line' id='line_1_64' title="bbox 2066 2195 3722 2264; baseline -0.004 -7"><span class='ocrx_word' id='word_1_484' title='bbox 2066 2218 2241 2258; x_wconf 88' lang='lat' dir='ltr'><strong>cere:</strong></span> <span class='ocrx_word' id='word_1_485' title='bbox 2290 2202 2350 2257; x_wconf 89' lang='lat' dir='ltr'><strong>Si</strong></span> <span class='ocrx_word' id='word_1_486' title='bbox 2386 2200 2714 2257; x_wconf 84' lang='lat' dir='ltr'><strong>commortui</strong></span> <span class='ocrx_word' id='word_1_487' title='bbox 2768 2214 2982 2264; x_wconf 89' lang='lat' dir='ltr'><strong>sumus,</strong></span> <span class='ocrx_word' id='word_1_488' title='bbox 3012 2203 3065 2253; x_wconf 89' lang='lat' dir='ltr'><strong>et</strong></span> <span class='ocrx_word' id='word_1_489' title='bbox 3116 2196 3469 2251; x_wconf 83' lang='lat' dir='ltr'><strong>convivemus</strong></span> <span class='ocrx_word' id='word_1_490' title='bbox 3494 2212 3515 2250; x_wconf 88' lang='lat'><strong><em>:</em></strong></span> <span class='ocrx_word' id='word_1_491' title='bbox 3566 2199 3622 2251; x_wconf 89' lang='lat' dir='ltr'><strong>et</strong></span> <span class='ocrx_word' id='word_1_492' title='bbox 3667 2195 3722 2250; x_wconf 89' lang='lat' dir='ltr'><strong>si</strong></span> 
     </span>
    </p>
   </div>
   <div class='ocr_carea' id='block_1_65' title="bbox 2064 2284 3716 2363">
    <p class='ocr_par' dir='ltr' id='par_1_65' title="bbox 2064 2284 3716 2363">
     <span class='ocr_line' id='line_1_65' title="bbox 2064 2284 3716 2363; baseline -0.004 -16"><span class='ocrx_word' id='word_1_493' title='bbox 2064 2293 2255 2347; x_wconf 85' lang='lat' dir='ltr'><strong>mortis</strong></span> <span class='ocrx_word' id='word_1_494' title='bbox 2302 2291 2635 2363; x_wconf 86' lang='lat' dir='ltr'><strong>conformes,</strong></span> <span class='ocrx_word' id='word_1_495' title='bbox 2666 2288 2836 2344; x_wconf 84' lang='lat' dir='ltr'><strong>simul</strong></span> <span class='ocrx_word' id='word_1_496' title='bbox 2864 2295 2917 2345; x_wconf 86' lang='lat' dir='ltr'><strong>et</strong></span> <span class='ocrx_word' id='word_1_497' title='bbox 2957 2286 3377 2343; x_wconf 79' lang='lat' dir='ltr'><strong>resurrectionis</strong></span> <span class='ocrx_word' id='word_1_498' title='bbox 3422 2285 3630 2341; x_wconf 84' lang='lat' dir='ltr'><strong>erimus</strong></span> <span class='ocrx_word' id='word_1_499' title='bbox 3651 2284 3716 2340; x_wconf 73' lang='grc'><strong>⁵⁷.</strong></span> 
     </span>
    </p>
   </div>
   <div class='ocr_carea' id='block_1_66' title="bbox 2068 2373 3719 2452">
    <p class='ocr_par' dir='ltr' id='par_1_66' title="bbox 2068 2373 3719 2452">
     <span class='ocr_line' id='line_1_66' title="bbox 2068 2373 3719 2452; baseline -0.005 -14"><span class='ocrx_word' id='word_1_500' title='bbox 2068 2383 2180 2438; x_wconf 90' lang='lat' dir='ltr'><strong>Iste</strong></span> <span class='ocrx_word' id='word_1_501' title='bbox 2212 2381 2556 2438; x_wconf 73' lang='lat'><strong>299-300</strong></span> <span class='ocrx_word' id='word_1_502' title='bbox 2584 2378 2765 2452; x_wconf 88' lang='lat' dir='ltr'><strong>igitur</strong></span> <span class='ocrx_word' id='word_1_503' title='bbox 2796 2377 2854 2433; x_wconf 88' lang='lat' dir='ltr'><strong>in</strong></span> <span class='ocrx_word' id='word_1_504' title='bbox 2888 2375 3121 2433; x_wconf 90' lang='lat' dir='ltr'><strong>ruinam</strong></span> <span class='ocrx_word' id='word_1_505' title='bbox 3162 2379 3219 2431; x_wconf 90' lang='lat' dir='ltr'><strong>et</strong></span> <span class='ocrx_word' id='word_1_506' title='bbox 3247 2374 3307 2431; x_wconf 89' lang='lat' dir='ltr'><strong>in</strong></span> <span class='ocrx_word' id='word_1_507' title='bbox 3341 2373 3719 2431; x_wconf 87' lang='lat' dir='ltr'><strong>resurrectio-</strong></span> 
     </span>
    </p>
   </div>
   <div class='ocr_carea' id='block_1_67' title="bbox 2067 2462 3720 2554">
    <p class='ocr_par' dir='ltr' id='par_1_67' title="bbox 2067 2462 3720 2554">
     <span class='ocr_line' id='line_1_67' title="bbox 2067 2462 3720 2554; baseline -0.004 -25"><span class='ocrx_word' id='word_1_508' title='bbox 2067 2488 2201 2529; x_wconf 89' lang='lat' dir='ltr'><strong>nem</strong></span> <span class='ocrx_word' id='word_1_509' title='bbox 2234 2470 2554 2554; x_wconf 47' lang='lat' dir='ltr'><strong>multorium</strong></span> <span class='ocrx_word' id='word_1_510' title='bbox 2592 2467 2817 2541; x_wconf 89' lang='lat' dir='ltr'><strong>positus</strong></span> <span class='ocrx_word' id='word_1_511' title='bbox 2842 2470 2932 2524; x_wconf 88' lang='lat' dir='ltr'><strong>est</strong></span> <span class='ocrx_word' id='word_1_512' title='bbox 2959 2466 3018 2522; x_wconf 92' lang='lat' dir='ltr'><strong>in</strong></span> <span class='ocrx_word' id='word_1_513' title='bbox 3047 2464 3248 2532; x_wconf 88' lang='lat' dir='ltr'><strong>Israel,</strong></span> <span class='ocrx_word' id='word_1_514' title='bbox 3271 2464 3384 2521; x_wconf 90' lang='lat' dir='ltr'><strong>hoc</strong></span> <span class='ocrx_word' id='word_1_515' title='bbox 3403 2466 3512 2533; x_wconf 89' lang='lat' dir='ltr'><strong>est,</strong></span> <span class='ocrx_word' id='word_1_516' title='bbox 3534 2463 3595 2520; x_wconf 90' lang='lat' dir='ltr'><strong>in</strong></span> <span class='ocrx_word' id='word_1_517' title='bbox 3624 2462 3720 2522; x_wconf 85' lang='lat' dir='ltr'><strong>his</strong></span> 
     </span>
    </p>
   </div>
   <div class='ocr_carea' id='block_1_68' title="bbox 2066 2552 3721 2634">
    <p class='ocr_par' dir='ltr' id='par_1_68' title="bbox 2066 2552 3721 2634">
     <span class='ocr_line' id='line_1_68' title="bbox 2066 2552 3721 2634; baseline -0.005 -17"><span class='ocrx_word' id='word_1_518' title='bbox 2066 2561 2167 2634; x_wconf 91' lang='lat' dir='ltr'><strong>qui</strong></span> <span class='ocrx_word' id='word_1_519' title='bbox 2199 2560 2369 2634; x_wconf 89' lang='lat' dir='ltr'><strong>plena</strong></span> <span class='ocrx_word' id='word_1_520' title='bbox 2400 2552 2647 2633; x_wconf 84' lang='lat' dir='ltr'><strong>possunt</strong></span> <span class='ocrx_word' id='word_1_521' title='bbox 2678 2556 2801 2614; x_wconf 89' lang='lat' dir='ltr'><strong>acie</strong></span> <span class='ocrx_word' id='word_1_522' title='bbox 2832 2560 2890 2612; x_wconf 90' lang='lat' dir='ltr'><strong>et</strong></span> <span class='ocrx_word' id='word_1_523' title='bbox 2928 2555 3153 2612; x_wconf 86' lang='lat' dir='ltr'><strong>ratione</strong></span> <span class='ocrx_word' id='word_1_524' title='bbox 3183 2552 3540 2627; x_wconf 88' lang='lat' dir='ltr'><strong>conspicere.</strong></span> <span class='ocrx_word' id='word_1_525' title='bbox 3564 2554 3630 2610; x_wconf 79' lang='lat' dir='ltr'><strong>Et</strong></span> <span class='ocrx_word' id='word_1_526' title='bbox 3660 2554 3721 2609; x_wconf 87' lang='lat' dir='ltr'><strong>in</strong></span> 
     </span>
    </p>
   </div>
   <div class='ocr_carea' id='block_1_69' title="bbox 2063 2640 3721 2723">
    <p class='ocr_par' dir='ltr' id='par_1_69' title="bbox 2063 2640 3721 2723">
     <span class='ocr_line' id='line_1_69' title="bbox 2063 2640 3721 2723; baseline -0.004 -17"><span class='ocrx_word' id='word_1_527' title='bbox 2063 2653 2285 2723; x_wconf 87' lang='lat' dir='ltr'><strong>signum</strong></span> <span class='ocrx_word' id='word_1_528' title='bbox 2306 2651 2398 2705; x_wconf 87' lang='lat' dir='ltr'><strong>cui</strong></span> <span class='ocrx_word' id='word_1_529' title='bbox 2422 2646 2843 2705; x_wconf 82' lang='lat' dir='ltr'><strong>contradicetur.</strong></span> <span class='ocrx_word' id='word_1_530' title='bbox 2864 2644 3151 2701; x_wconf 90' lang='lat' dir='ltr'><strong>Omnibus</strong></span> <span class='ocrx_word' id='word_1_531' title='bbox 3172 2660 3298 2717; x_wconf 77' lang='lat' dir='ltr'><strong>quas</strong></span> <span class='ocrx_word' id='word_1_532' title='bbox 3322 2645 3521 2699; x_wconf 84' lang='lat' dir='ltr'><strong>narrat</strong></span> <span class='ocrx_word' id='word_1_533' title='bbox 3539 2640 3721 2699; x_wconf 88' lang='lat' dir='ltr'><strong>histo-</strong></span> 
     </span>
    </p>
   </div>
   <div class='ocr_carea' id='block_1_70' title="bbox 2066 2730 3717 2805">
    <p class='ocr_par' dir='ltr' id='par_1_70' title="bbox 2066 2730 3717 2805">
     <span class='ocr_line' id='line_1_70' title="bbox 2066 2730 3717 2805; baseline -0.005 -10"><span class='ocrx_word' id='word_1_534' title='bbox 2066 2739 2150 2795; x_wconf 87' lang='lat' dir='ltr'><strong>ria</strong></span> <span class='ocrx_word' id='word_1_535' title='bbox 2180 2740 2250 2794; x_wconf 91' lang='lat' dir='ltr'><strong>de</strong></span> <span class='ocrx_word' id='word_1_536' title='bbox 2281 2738 2593 2803; x_wconf 87' lang='lat' dir='ltr'><strong>Salvatore,</strong></span> <span class='ocrx_word' id='word_1_537' title='bbox 2618 2734 3061 2792; x_wconf 89' lang='lat' dir='ltr'><strong>contradicitur.</strong></span> <span class='ocrx_word' id='word_1_538' title='bbox 3078 2732 3257 2805; x_wconf 86' lang='lat' dir='ltr'><strong>Virgo</strong></span> <span class='ocrx_word' id='word_1_539' title='bbox 3280 2736 3467 2788; x_wconf 89' lang='lat' dir='ltr'><strong>mater</strong></span> <span class='ocrx_word' id='word_1_540' title='bbox 3489 2734 3598 2803; x_wconf 90' lang='lat' dir='ltr'><strong>est,</strong></span> <span class='ocrx_word' id='word_1_541' title='bbox 3621 2730 3717 2787; x_wconf 88' lang='lat' dir='ltr'><strong>cui</strong></span> 
     </span>
    </p>
   </div>
   <div class='ocr_carea' id='block_1_71' title="bbox 2066 2819 3713 2893">
    <p class='ocr_par' dir='ltr' id='par_1_71' title="bbox 2066 2819 3713 2893">
     <span class='ocr_line' id='line_1_71' title="bbox 2066 2819 3713 2893; baseline -0.005 -8"><span class='ocrx_word' id='word_1_542' title='bbox 2066 2828 2502 2885; x_wconf 85' lang='lat' dir='ltr'><strong>contradicitur.</strong></span> <span class='ocrx_word' id='word_1_543' title='bbox 2539 2823 2890 2883; x_wconf 54' lang='lat' dir='ltr'><strong>Marcionita;</strong></span> <span class='ocrx_word' id='word_1_544' title='bbox 2919 2822 3329 2879; x_wconf 90' lang='lat' dir='ltr'><strong>contradicunt</strong></span> <span class='ocrx_word' id='word_1_545' title='bbox 3356 2820 3494 2877; x_wconf 89' lang='lat' dir='ltr'><strong>huic</strong></span> <span class='ocrx_word' id='word_1_546' title='bbox 3523 2819 3713 2893; x_wconf 86' lang='lat' dir='ltr'><strong>signo,</strong></span> 
     </span>
    </p>
   </div>
   <div class='ocr_carea' id='block_1_72' title="bbox 2066 2910 3716 2988">
    <p class='ocr_par' dir='ltr' id='par_1_72' title="bbox 2066 2910 3716 2988">
     <span class='ocr_line' id='line_1_72' title="bbox 2066 2910 3716 2988; baseline -0.005 -14"><span class='ocrx_word' id='word_1_547' title='bbox 2066 2922 2123 2974; x_wconf 89' lang='lat' dir='ltr'><strong>et</strong></span> <span class='ocrx_word' id='word_1_548' title='bbox 2155 2917 2339 2983; x_wconf 89' lang='lat' dir='ltr'><strong>aiunt,</strong></span> <span class='ocrx_word' id='word_1_549' title='bbox 2365 2915 2599 2988; x_wconf 89' lang='lat' dir='ltr'><strong>penitus</strong></span> <span class='ocrx_word' id='word_1_550' title='bbox 2628 2929 2761 2970; x_wconf 91' lang='lat' dir='ltr'><strong>eum</strong></span> <span class='ocrx_word' id='word_1_551' title='bbox 2795 2913 2866 2969; x_wconf 91' lang='lat' dir='ltr'><strong>de</strong></span> <span class='ocrx_word' id='word_1_552' title='bbox 2897 2910 3141 2968; x_wconf 91' lang='lat' dir='ltr'><strong>muliere</strong></span> <span class='ocrx_word' id='word_1_553' title='bbox 3172 2927 3287 2967; x_wconf 90' lang='lat' dir='ltr'><strong>non</strong></span> <span class='ocrx_word' id='word_1_554' title='bbox 3314 2926 3443 2967; x_wconf 89' lang='lat' dir='ltr'><strong>esse</strong></span> <span class='ocrx_word' id='word_1_555' title='bbox 3472 2925 3716 2984; x_wconf 84' lang='lat' dir='ltr'><strong>genera-</strong></span> 
     </span>
    </p>
   </div>
   <div class='ocr_carea' id='block_1_73' title="bbox 2066 2998 3715 3075">
    <p class='ocr_par' dir='ltr' id='par_1_73' title="bbox 2066 2998 3715 3075">
     <span class='ocr_line' id='line_1_73' title="bbox 2066 2998 3715 3075; baseline -0.005 -13"><span class='ocrx_word' id='word_1_556' title='bbox 2066 3011 2213 3063; x_wconf 89' lang='lat' dir='ltr'><strong>tum.</strong></span> <span class='ocrx_word' id='word_1_557' title='bbox 2239 3004 2520 3061; x_wconf 80' lang='lat' dir='ltr'><strong>Ebionitae</strong></span> <span class='ocrx_word' id='word_1_558' title='bbox 2552 3003 2960 3060; x_wconf 88' lang='lat' dir='ltr'><strong>contradicunt</strong></span> <span class='ocrx_word' id='word_1_559' title='bbox 3000 3000 3190 3075; x_wconf 88' lang='lat' dir='ltr'><strong>signo,</strong></span> <span class='ocrx_word' id='word_1_560' title='bbox 3213 3000 3474 3057; x_wconf 87' lang='lat' dir='ltr'><strong>dicentes</strong></span> <span class='ocrx_word' id='word_1_561' title='bbox 3495 3016 3565 3056; x_wconf 85' lang='lat' dir='ltr'><strong>ex</strong></span> <span class='ocrx_word' id='word_1_562' title='bbox 3590 2998 3715 3055; x_wconf 91' lang='lat' dir='ltr'><strong>viro</strong></span> 
     </span>
    </p>
   </div>
   <div class='ocr_carea' id='block_1_74' title="bbox 2068 3089 3717 3164">
    <p class='ocr_par' dir='ltr' id='par_1_74' title="bbox 2068 3089 3717 3164">
     <span class='ocr_line' id='line_1_74' title="bbox 2068 3089 3717 3164; baseline -0.002 -13"><span class='ocrx_word' id='word_1_563' title='bbox 2068 3100 2125 3151; x_wconf 89' lang='lat' dir='ltr'><strong>et</strong></span> <span class='ocrx_word' id='word_1_564' title='bbox 2148 3094 2393 3151; x_wconf 91' lang='lat' dir='ltr'><strong>muliere</strong></span> <span class='ocrx_word' id='word_1_565' title='bbox 2420 3094 2500 3151; x_wconf 87' lang='lat' dir='ltr'><strong>ita</strong></span> <span class='ocrx_word' id='word_1_566' title='bbox 2521 3096 2724 3150; x_wconf 84' lang='lat' dir='ltr'><strong>natum</strong></span> <span class='ocrx_word' id='word_1_567' title='bbox 2747 3109 2895 3161; x_wconf 89' lang='lat' dir='ltr'><strong>esse,</strong></span> <span class='ocrx_word' id='word_1_568' title='bbox 2922 3095 2986 3148; x_wconf 91' lang='lat' dir='ltr'><strong>ut</strong></span> <span class='ocrx_word' id='word_1_569' title='bbox 3006 3107 3112 3148; x_wconf 90' lang='lat' dir='ltr'><strong>nos</strong></span> <span class='ocrx_word' id='word_1_570' title='bbox 3139 3104 3375 3164; x_wconf 86' lang='lat' dir='ltr'><strong>quoque</strong></span> <span class='ocrx_word' id='word_1_571' title='bbox 3396 3089 3717 3147; x_wconf 87' lang='lat' dir='ltr'><strong>nascimur.</strong></span> 
     </span>
    </p>
   </div>
   <div class='ocr_carea' id='block_1_75' title="bbox 2068 3176 3719 3257">
    <p class='ocr_par' dir='ltr' id='par_1_75' title="bbox 2068 3176 3719 3257">
     <span class='ocr_line' id='line_1_75' title="bbox 2068 3176 3719 3257; baseline -0.004 -16"><span class='ocrx_word' id='word_1_572' title='bbox 2068 3185 2284 3241; x_wconf 89' lang='lat' dir='ltr'><strong>Habuit</strong></span> <span class='ocrx_word' id='word_1_573' title='bbox 2331 3201 2544 3257; x_wconf 90' lang='lat' dir='ltr'><strong>corpus</strong></span> <span class='ocrx_word' id='word_1_574' title='bbox 2590 3183 2942 3249; x_wconf 89' lang='lat' dir='ltr'><strong>humanum,</strong></span> <span class='ocrx_word' id='word_1_575' title='bbox 2976 3185 3033 3238; x_wconf 89' lang='lat' dir='ltr'><strong>et</strong></span> <span class='ocrx_word' id='word_1_576' title='bbox 3060 3179 3172 3237; x_wconf 89' lang='lat' dir='ltr'><strong>hoc</strong></span> <span class='ocrx_word' id='word_1_577' title='bbox 3202 3178 3437 3253; x_wconf 89' lang='lat' dir='ltr'><strong>signum</strong></span> <span class='ocrx_word' id='word_1_578' title='bbox 3487 3182 3577 3236; x_wconf 91' lang='lat' dir='ltr'><strong>est</strong></span> <span class='ocrx_word' id='word_1_579' title='bbox 3624 3176 3719 3235; x_wconf 89' lang='lat' dir='ltr'><strong>cui</strong></span> 
     </span>
    </p>
   </div>
   <div class='ocr_carea' id='block_1_76' title="bbox 2068 3266 3719 3338">
    <p class='ocr_par' dir='ltr' id='par_1_76' title="bbox 2068 3266 3719 3338">
     <span class='ocr_line' id='line_1_76' title="bbox 2068 3266 3719 3338; baseline -0.004 -9"><span class='ocrx_word' id='word_1_580' title='bbox 2068 3274 2508 3330; x_wconf 86' lang='lat' dir='ltr'><strong>contradicitur.</strong></span> <span class='ocrx_word' id='word_1_581' title='bbox 2541 3271 2650 3328; x_wconf 91' lang='lat' dir='ltr'><strong>Alii</strong></span> <span class='ocrx_word' id='word_1_582' title='bbox 2705 3271 2862 3329; x_wconf 89' lang='lat' dir='ltr'><strong>enim</strong></span> <span class='ocrx_word' id='word_1_583' title='bbox 2913 3270 3137 3338; x_wconf 88' lang='lat' dir='ltr'><strong>dicunt,</strong></span> <span class='ocrx_word' id='word_1_584' title='bbox 3188 3285 3324 3326; x_wconf 92' lang='lat' dir='ltr'><strong>eum</strong></span> <span class='ocrx_word' id='word_1_585' title='bbox 3370 3267 3601 3326; x_wconf 88' lang='lat' dir='ltr'><strong>venisse</strong></span> <span class='ocrx_word' id='word_1_586' title='bbox 3647 3266 3719 3323; x_wconf 88' lang='lat' dir='ltr'><strong>de</strong></span> 
     </span>
    </p>
   </div>
   <div class='ocr_carea' id='block_1_77' title="bbox 1814 3347 3724 3435">
    <p class='ocr_par' dir='ltr' id='par_1_77' title="bbox 1814 3347 3724 3435">
     <span class='ocr_line' id='line_1_77' title="bbox 1814 3347 3724 3435; baseline -0.003 -17"><span class='ocrx_word' id='word_1_587' title='bbox 1814 3364 1963 3419; x_wconf 86' lang='lat' dir='ltr'><strong>forte</strong></span> <span class='ocrx_word' id='word_1_588' title='bbox 1993 3347 2035 3414; x_wconf 84' lang='lat' dir='ltr'><strong>C</strong></span> <span class='ocrx_word' id='word_1_589' title='bbox 2075 3362 2233 3418; x_wconf 76' lang='lat' dir='ltr'><strong>ccelis</strong></span> <span class='ocrx_word' id='word_1_590' title='bbox 2260 3364 2373 3435; x_wconf 81' lang='grc'><strong>(46)</strong></span> <span class='ocrx_word' id='word_1_591' title='bbox 2404 3379 2416 3417; x_wconf 89' lang='lat'><strong>:</strong></span> <span class='ocrx_word' id='word_1_592' title='bbox 2450 3361 2573 3428; x_wconf 88' lang='lat' dir='ltr'><strong>alii,</strong></span> <span class='ocrx_word' id='word_1_593' title='bbox 2604 3361 2720 3418; x_wconf 89' lang='lat' dir='ltr'><strong>tale</strong></span> <span class='ocrx_word' id='word_1_594' title='bbox 2751 3359 2923 3434; x_wconf 89' lang='lat' dir='ltr'><strong>quale</strong></span> <span class='ocrx_word' id='word_1_595' title='bbox 2952 3376 3059 3416; x_wconf 90' lang='lat' dir='ltr'><strong>nos</strong></span> <span class='ocrx_word' id='word_1_596' title='bbox 3089 3375 3302 3431; x_wconf 86' lang='lat' dir='ltr'><strong>corpus</strong></span> <span class='ocrx_word' id='word_1_597' title='bbox 3333 3357 3633 3429; x_wconf 88' lang='lat' dir='ltr'><strong>habuisse,</strong></span> <span class='ocrx_word' id='word_1_598' title='bbox 3658 3359 3724 3412; x_wconf 92' lang='lat' dir='ltr'><strong>ut</strong></span> 
     </span>
    </p>
   </div>
   <div class='ocr_carea' id='block_1_78' title="bbox 2074 3446 3727 3526">
    <p class='ocr_par' dir='ltr' id='par_1_78' title="bbox 2074 3446 3727 3526">
     <span class='ocr_line' id='line_1_78' title="bbox 2074 3446 3727 3526; baseline -0.004 -19"><span class='ocrx_word' id='word_1_599' title='bbox 2074 3469 2177 3526; x_wconf 90' lang='lat' dir='ltr'><strong>per</strong></span> <span class='ocrx_word' id='word_1_600' title='bbox 2205 3451 2649 3508; x_wconf 90' lang='lat' dir='ltr'><strong>similitudinem</strong></span> <span class='ocrx_word' id='word_1_601' title='bbox 2698 3447 2959 3521; x_wconf 87' lang='lat' dir='ltr'><strong>corporis</strong></span> <span class='ocrx_word' id='word_1_602' title='bbox 3006 3446 3182 3502; x_wconf 91' lang='lat' dir='ltr'><strong>etiam</strong></span> <span class='ocrx_word' id='word_1_603' title='bbox 3232 3450 3435 3510; x_wconf 81' lang='lat' dir='ltr'><strong>nostra</strong></span> <span class='ocrx_word' id='word_1_604' title='bbox 3480 3460 3727 3517; x_wconf 87' lang='lat' dir='ltr'><strong>corpora</strong></span> 
     </span>
    </p>
   </div>
   <div class='ocr_carea' id='block_1_79' title="bbox 2077 3533 3725 3611">
    <p class='ocr_par' dir='ltr' id='par_1_79' title="bbox 2077 3533 3725 3611">
     <span class='ocr_line' id='line_1_79' title="bbox 2077 3533 3725 3611; baseline -0.005 -15"><span class='ocrx_word' id='word_1_605' title='bbox 2077 3541 2389 3597; x_wconf 88' lang='lat' dir='ltr'><strong>redimeret</strong></span> <span class='ocrx_word' id='word_1_606' title='bbox 2424 3556 2456 3595; x_wconf 88' lang='lat' dir='ltr'><strong>a</strong></span> <span class='ocrx_word' id='word_1_607' title='bbox 2484 3538 2834 3611; x_wconf 88' lang='lat' dir='ltr'><strong>peccatis,et</strong></span> <span class='ocrx_word' id='word_1_608' title='bbox 2871 3537 3036 3592; x_wconf 90' lang='lat' dir='ltr'><strong>daret</strong></span> <span class='ocrx_word' id='word_1_609' title='bbox 3065 3533 3236 3591; x_wconf 83' lang='lat' dir='ltr'><strong>nobis</strong></span> <span class='ocrx_word' id='word_1_610' title='bbox 3262 3550 3425 3607; x_wconf 90' lang='lat' dir='ltr'><strong>spem</strong></span> <span class='ocrx_word' id='word_1_611' title='bbox 3458 3549 3725 3589; x_wconf 88' lang='lat' dir='ltr'><strong>resurre-</strong></span> 
     </span>
    </p>
   </div>
   <div class='ocr_carea' id='block_1_80' title="bbox 2077 3621 3730 3696">
    <p class='ocr_par' dir='ltr' id='par_1_80' title="bbox 2077 3621 3730 3696">
     <span class='ocr_line' id='line_1_80' title="bbox 2077 3621 3730 3696; baseline -0.005 -9"><span class='ocrx_word' id='word_1_612' title='bbox 2077 3629 2312 3687; x_wconf 90' lang='lat' dir='ltr'><strong>ctionis.</strong></span> <span class='ocrx_word' id='word_1_613' title='bbox 2354 3627 2691 3685; x_wconf 82' lang='lat' dir='ltr'><strong>Resurrexit</strong></span> <span class='ocrx_word' id='word_1_614' title='bbox 2722 3644 2756 3683; x_wconf 88' lang='lat' dir='ltr'><strong>a</strong></span> <span class='ocrx_word' id='word_1_615' title='bbox 2785 3625 3034 3682; x_wconf 89' lang='lat' dir='ltr'><strong>mortuis</strong></span> <span class='ocrx_word' id='word_1_616' title='bbox 3064 3640 3077 3679; x_wconf 88' lang='lat'><strong>:</strong></span> <span class='ocrx_word' id='word_1_617' title='bbox 3110 3627 3168 3680; x_wconf 92' lang='lat' dir='ltr'><strong>et</strong></span> <span class='ocrx_word' id='word_1_618' title='bbox 3196 3622 3305 3680; x_wconf 87' lang='lat' dir='ltr'><strong>hoc</strong></span> <span class='ocrx_word' id='word_1_619' title='bbox 3353 3621 3593 3696; x_wconf 89' lang='lat' dir='ltr'><strong>signum</strong></span> <span class='ocrx_word' id='word_1_620' title='bbox 3638 3623 3730 3679; x_wconf 89' lang='lat' dir='ltr'><strong>est</strong></span> 
     </span>
    </p>
   </div>
   <div class='ocr_carea' id='block_1_81' title="bbox 2079 3711 3727 3788">
    <p class='ocr_par' dir='ltr' id='par_1_81' title="bbox 2079 3711 3727 3788">
     <span class='ocr_line' id='line_1_81' title="bbox 2079 3711 3727 3788; baseline -0.005 -12"><span class='ocrx_word' id='word_1_621' title='bbox 2079 3719 2170 3777; x_wconf 90' lang='lat' dir='ltr'><strong>cui</strong></span> <span class='ocrx_word' id='word_1_622' title='bbox 2221 3716 2663 3783; x_wconf 85' lang='lat' dir='ltr'><strong>contradicitur,</strong></span> <span class='ocrx_word' id='word_1_623' title='bbox 2709 3714 3002 3788; x_wconf 89' lang='lat' dir='ltr'><strong>quomodo</strong></span> <span class='ocrx_word' id='word_1_624' title='bbox 3049 3711 3390 3779; x_wconf 87' lang='lat' dir='ltr'><strong>resurrexit,</strong></span> <span class='ocrx_word' id='word_1_625' title='bbox 3421 3715 3479 3767; x_wconf 87' lang='lat' dir='ltr'><strong>et</strong></span> <span class='ocrx_word' id='word_1_626' title='bbox 3526 3714 3727 3768; x_wconf 89' lang='lat' dir='ltr'><strong>utrum</strong></span> 
     </span>
    </p>
   </div>
   <div class='ocr_carea' id='block_1_82' title="bbox 2079 3799 3729 3883">
    <p class='ocr_par' dir='ltr' id='par_1_82' title="bbox 2079 3799 3729 3883">
     <span class='ocr_line' id='line_1_82' title="bbox 2079 3799 3729 3883; baseline -0.004 -17"><span class='ocrx_word' id='word_1_627' title='bbox 2079 3811 2223 3883; x_wconf 83' lang='lat' dir='ltr'><strong>ipse,</strong></span> <span class='ocrx_word' id='word_1_628' title='bbox 2241 3814 2297 3865; x_wconf 90' lang='lat' dir='ltr'><strong>et</strong></span> <span class='ocrx_word' id='word_1_629' title='bbox 2325 3807 2459 3865; x_wconf 83' lang='lat' dir='ltr'><strong>talis</strong></span> <span class='ocrx_word' id='word_1_630' title='bbox 2503 3806 2697 3880; x_wconf 81' lang='lat' dir='ltr'><strong>qualis</strong></span> <span class='ocrx_word' id='word_1_631' title='bbox 2726 3810 2952 3862; x_wconf 90' lang='lat' dir='ltr'><strong>mortus</strong></span> <span class='ocrx_word' id='word_1_632' title='bbox 2982 3806 3093 3872; x_wconf 89' lang='lat' dir='ltr'><strong>est,</strong></span> <span class='ocrx_word' id='word_1_633' title='bbox 3114 3820 3188 3859; x_wconf 87' lang='lat' dir='ltr'><strong>an</strong></span> <span class='ocrx_word' id='word_1_634' title='bbox 3230 3806 3386 3859; x_wconf 90' lang='lat' dir='ltr'><strong>certe</strong></span> <span class='ocrx_word' id='word_1_635' title='bbox 3414 3800 3475 3858; x_wconf 91' lang='lat' dir='ltr'><strong>in</strong></span> <span class='ocrx_word' id='word_1_636' title='bbox 3525 3799 3729 3859; x_wconf 87' lang='lat' dir='ltr'><strong>melio-</strong></span> 
     </span>
    </p>
   </div>
   <div class='ocr_carea' id='block_1_83' title="bbox 2080 3891 3735 3970">
    <p class='ocr_par' dir='ltr' id='par_1_83' title="bbox 2080 3891 3735 3970">
     <span class='ocr_line' id='line_1_83' title="bbox 2080 3891 3735 3970; baseline -0.003 -17"><span class='ocrx_word' id='word_1_637' title='bbox 2080 3899 2161 3954; x_wconf 91' lang='lat' dir='ltr'><strong>ris</strong></span> <span class='ocrx_word' id='word_1_638' title='bbox 2191 3898 2537 3956; x_wconf 70' lang='lat' dir='ltr'><strong>substantia:</strong></span> <span class='ocrx_word' id='word_1_639' title='bbox 2581 3912 2794 3970; x_wconf 89' lang='lat' dir='ltr'><strong>corpus</strong></span> <span class='ocrx_word' id='word_1_640' title='bbox 2823 3892 3223 3952; x_wconf 84' lang='lat' dir='ltr'><strong>resurrexerit.</strong></span> <span class='ocrx_word' id='word_1_641' title='bbox 3253 3893 3323 3949; x_wconf 89' lang='lat' dir='ltr'><strong>Et</strong></span> <span class='ocrx_word' id='word_1_642' title='bbox 3367 3898 3457 3948; x_wconf 90' lang='lat' dir='ltr'><strong>est</strong></span> <span class='ocrx_word' id='word_1_643' title='bbox 3502 3891 3735 3948; x_wconf 79' lang='lat' dir='ltr'><strong>infinita</strong></span> 
     </span>
    </p>
   </div>
   <div class='ocr_carea' id='block_1_84' title="bbox 2081 3979 3735 4053">
    <p class='ocr_par' dir='ltr' id='par_1_84' title="bbox 2081 3979 3735 4053">
     <span class='ocr_line' id='line_1_84' title="bbox 2081 3979 3735 4053; baseline -0.004 -9"><span class='ocrx_word' id='word_1_644' title='bbox 2081 3988 2373 4045; x_wconf 83' lang='lat' dir='ltr'><strong>contentio</strong></span> <span class='ocrx_word' id='word_1_645' title='bbox 2399 4005 2411 4044; x_wconf 93' lang='lat'><strong>:</strong></span> <span class='ocrx_word' id='word_1_646' title='bbox 2446 3986 2577 4043; x_wconf 89' lang='lat' dir='ltr'><strong>aliis</strong></span> <span class='ocrx_word' id='word_1_647' title='bbox 2606 3984 2956 4053; x_wconf 78' lang='lat' dir='ltr'><strong>dicentibus,</strong></span> <span class='ocrx_word' id='word_1_648' title='bbox 2980 3984 3227 4039; x_wconf 82' lang='lat' dir='ltr'><strong>ﬁxuram</strong></span> <span class='ocrx_word' id='word_1_649' title='bbox 3257 3981 3552 4038; x_wconf 87' lang='lat' dir='ltr'><strong>clavorum</strong></span> <span class='ocrx_word' id='word_1_650' title='bbox 3584 3979 3735 4038; x_wconf 85' lang='lat' dir='ltr'><strong>Tho-</strong></span> 
     </span>
    </p>
   </div>
   <div class='ocr_carea' id='block_1_85' title="bbox 2083 4068 3734 4143">
    <p class='ocr_par' dir='ltr' id='par_1_85' title="bbox 2083 4068 3734 4143">
     <span class='ocr_line' id='line_1_85' title="bbox 2083 4068 3734 4143; baseline -0.004 -11"><span class='ocrx_word' id='word_1_651' title='bbox 2083 4095 2188 4133; x_wconf 67' lang='lat' dir='ltr'><strong>mas</strong></span> <span class='ocrx_word' id='word_1_652' title='bbox 2231 4075 2487 4132; x_wconf 88' lang='lat' dir='ltr'><strong>ostendit</strong></span> <span class='ocrx_word' id='word_1_653' title='bbox 2532 4076 2590 4130; x_wconf 91' lang='lat' dir='ltr'><strong>in</strong></span> <span class='ocrx_word' id='word_1_654' title='bbox 2643 4074 2918 4130; x_wconf 88' lang='lat' dir='ltr'><strong>manibus</strong></span> <span class='ocrx_word' id='word_1_655' title='bbox 2967 4071 3156 4128; x_wconf 67' lang='lat' dir='ltr'><strong>suis‘8</strong></span> <span class='ocrx_word' id='word_1_656' title='bbox 3190 4086 3202 4127; x_wconf 92' lang='lat'>:</span> <span class='ocrx_word' id='word_1_657' title='bbox 3238 4068 3370 4126; x_wconf 89' lang='lat' dir='ltr'><strong>aliis</strong></span> <span class='ocrx_word' id='word_1_658' title='bbox 3418 4086 3449 4125; x_wconf 92' lang='lat' dir='ltr'><strong>e</strong></span> <span class='ocrx_word' id='word_1_659' title='bbox 3496 4069 3734 4143; x_wconf 85' lang='lat' dir='ltr'><strong>regione</strong></span> 
     </span>
    </p>
   </div>
   <div class='ocr_carea' id='block_1_86' title="bbox 2082 4157 3731 4234">
    <p class='ocr_par' dir='ltr' id='par_1_86' title="bbox 2082 4157 3731 4234">
     <span class='ocr_line' id='line_1_86' title="bbox 2082 4157 3731 4234; baseline -0.004 -12"><span class='ocrx_word' id='word_1_660' title='bbox 2082 4166 2490 4232; x_wconf 87' lang='lat' dir='ltr'><strong>tractantibus,</strong></span> <span class='ocrx_word' id='word_1_661' title='bbox 2512 4164 2558 4221; x_wconf 88' lang='lat' dir='ltr'><strong>si</strong></span> <span class='ocrx_word' id='word_1_662' title='bbox 2592 4162 2747 4218; x_wconf 91' lang='lat' dir='ltr'><strong>idem</strong></span> <span class='ocrx_word' id='word_1_663' title='bbox 2772 4177 2984 4234; x_wconf 90' lang='lat' dir='ltr'><strong>corpus</strong></span> <span class='ocrx_word' id='word_1_664' title='bbox 3008 4158 3234 4226; x_wconf 87' lang='lat' dir='ltr'><strong>habuit,</strong></span> <span class='ocrx_word' id='word_1_665' title='bbox 3257 4157 3551 4231; x_wconf 87' lang='lat' dir='ltr'><strong>quomodo</strong></span> <span class='ocrx_word' id='word_1_666' title='bbox 3572 4157 3731 4215; x_wconf 86' lang='lat' dir='ltr'><strong>clau-</strong></span> 
     </span>
    </p>
   </div>
   <div class='ocr_carea' id='block_1_87' title="bbox 2084 4245 3735 4327">
    <p class='ocr_par' dir='ltr' id='par_1_87' title="bbox 2084 4245 3735 4327">
     <span class='ocr_line' id='line_1_87' title="bbox 2084 4245 3735 4327; baseline -0.006 -16"><span class='ocrx_word' id='word_1_667' title='bbox 2084 4255 2164 4312; x_wconf 90' lang='lat' dir='ltr'><strong>sis</strong></span> <span class='ocrx_word' id='word_1_668' title='bbox 2190 4256 2494 4327; x_wconf 88' lang='lat' dir='ltr'><strong>ingressus</strong></span> <span class='ocrx_word' id='word_1_669' title='bbox 2516 4256 2604 4308; x_wconf 89' lang='lat' dir='ltr'><strong>est</strong></span> <span class='ocrx_word' id='word_1_670' title='bbox 2625 4250 2810 4318; x_wconf 87' lang='lat' dir='ltr'><strong>ostiis,</strong></span> <span class='ocrx_word' id='word_1_671' title='bbox 2830 4253 2887 4305; x_wconf 89' lang='lat' dir='ltr'><strong>et</strong></span> <span class='ocrx_word' id='word_1_672' title='bbox 2917 4246 3111 4305; x_wconf 84' lang='lat' dir='ltr'><strong>stetit?</strong></span> <span class='ocrx_word' id='word_1_673' title='bbox 3131 4246 3304 4303; x_wconf 90' lang='lat' dir='ltr'><strong>Vides</strong></span> <span class='ocrx_word' id='word_1_674' title='bbox 3328 4245 3511 4320; x_wconf 85' lang='lat' dir='ltr'><strong>igitur</strong></span> <span class='ocrx_word' id='word_1_675' title='bbox 3532 4260 3735 4318; x_wconf 87' lang='lat' dir='ltr'><strong>quem-</strong></span> 
     </span>
    </p>
   </div>
   <div class='ocr_carea' id='block_1_88' title="bbox 2085 4331 3732 4415">
    <p class='ocr_par' dir='ltr' id='par_1_88' title="bbox 2085 4331 3732 4415">
     <span class='ocr_line' id='line_1_88' title="bbox 2085 4331 3732 4415; baseline -0.007 -13"><span class='ocrx_word' id='word_1_676' title='bbox 2085 4344 2407 4402; x_wconf 86' lang='lat' dir='ltr'><strong>admodum</strong></span> <span class='ocrx_word' id='word_1_677' title='bbox 2455 4337 2819 4415; x_wconf 84' lang='lat' dir='ltr'><strong>argumentis</strong></span> <span class='ocrx_word' id='word_1_678' title='bbox 2854 4336 3034 4397; x_wconf 87' lang='lat' dir='ltr'><strong>variis</strong></span> <span class='ocrx_word' id='word_1_679' title='bbox 3086 4335 3261 4393; x_wconf 89' lang='lat' dir='ltr'><strong>etiam</strong></span> <span class='ocrx_word' id='word_1_680' title='bbox 3284 4331 3732 4391; x_wconf 82' lang='lat' dir='ltr'><strong>resurrectionis</strong></span> 
     </span>
    </p>
   </div>
   <div class='ocr_carea' id='block_1_89' title="bbox 387 4462 1965 4555">
    <p class='ocr_par' dir='ltr' id='par_1_89' title="bbox 387 4468 1963 4555">
     <span class='ocr_line' id='line_1_89' title="bbox 387 4468 1963 4555; baseline 0.001 -30"><span class='ocrx_word' id='word_1_681' title='bbox 387 4468 432 4502; x_wconf 81' lang='grc'><strong>⁴⁶</strong></span> <span class='ocrx_word' id='word_1_682' title='bbox 459 4470 661 4526; x_wconf 81' lang='lat' dir='ltr'><strong>Matth.</strong></span> <span class='ocrx_word' id='word_1_683' title='bbox 696 4489 732 4535; x_wconf 85' lang='lat'><strong>1,</strong></span> <span class='ocrx_word' id='word_1_684' title='bbox 765 4473 919 4527; x_wconf 85' lang='grc'>6-16.</span> <span class='ocrx_word' id='word_1_685' title='bbox 996 4473 1040 4507; x_wconf 60' lang='grc' dir='ltr'><strong>ιδ</strong></span> <span class='ocrx_word' id='word_1_686' title='bbox 1067 4472 1237 4555; x_wconf 85' lang='lat' dir='ltr'><strong>Joan,</strong></span> <span class='ocrx_word' id='word_1_687' title='bbox 1271 4490 1346 4542; x_wconf 83' lang='lat' dir='ltr'><strong>1x,</strong></span> <span class='ocrx_word' id='word_1_688' title='bbox 1380 4473 1467 4528; x_wconf 82' lang='lat'><strong>39.</strong></span> <span class='ocrx_word' id='word_1_689' title='bbox 1544 4475 1586 4507; x_wconf 72' lang='lat'><strong>‘7</strong></span> <span class='ocrx_word' id='word_1_690' title='bbox 1621 4475 1788 4530; x_wconf 81' lang='lat' dir='ltr'><strong>Rom.</strong></span> <span class='ocrx_word' id='word_1_691' title='bbox 1818 4491 1897 4545; x_wconf 82' lang='lat' dir='ltr'><strong>v1,</strong></span> <span class='ocrx_word' id='word_1_692' title='bbox 1930 4474 1963 4527; x_wconf 93' lang='lat'>8</span> 
     </span>
    </p>
   </div>
   <div class='ocr_carea' id='block_1_90' title="bbox 2072 4462 2637 4555">
    <p class='ocr_par' dir='ltr' id='par_1_90' title="bbox 2145 4462 2637 4537">
     <span class='ocr_line' id='line_1_90' title="bbox 2145 4462 2637 4537; baseline -0.004 -12"><span class='ocrx_word' id='word_1_693' title='bbox 2145 4471 2188 4506; x_wconf 69' lang='lat'><strong>‘3</strong></span> <span class='ocrx_word' id='word_1_694' title='bbox 2217 4462 2388 4525; x_wconf 84' lang='lat' dir='ltr'><strong>Joan.</strong></span> <span class='ocrx_word' id='word_1_695' title='bbox 2421 4485 2515 4537; x_wconf 83' lang='lat' dir='ltr'><strong>xx,</strong></span> <span class='ocrx_word' id='word_1_696' title='bbox 2545 4467 2637 4523; x_wconf 88' lang='lat'><strong>27.</strong></span> 
     </span>
    </p>
   </div>
   <div class='ocr_carea' id='block_1_91' title="bbox 368 4594 1971 4685">
    <p class='ocr_par' dir='ltr' id='par_1_91' title="bbox 368 4594 1971 4685">
     <span class='ocr_line' id='line_1_91' title="bbox 368 4594 1971 4685; baseline -0.001 -35"><span class='ocrx_word' id='word_1_697' title='bbox 368 4595 513 4685; x_wconf 38' lang='lat'><strong>.‘(452</strong></span> <span class='ocrx_word' id='word_1_698' title='bbox 552 4596 789 4685; x_wconf 42' lang='lat' dir='ltr'><strong>S‘c&#39;heda‘s</strong></span> <span class='ocrx_word' id='word_1_699' title='bbox 816 4597 1017 4685; x_wconf 37' lang='grc' dir='ltr'><strong>’βινεξρίὶ</strong></span> <span class='ocrx_word' id='word_1_700' title='bbox 1042 4601 1122 4685; x_wconf 57' lang='grc' dir='ltr'><strong>ἐξ</strong></span> <span class='ocrx_word' id='word_1_701' title='bbox 1163 4598 1493 4683; x_wconf 65' lang='lat' dir='ltr'><strong>Combetisii</strong></span> <span class='ocrx_word' id='word_1_702' title='bbox 1528 4616 1540 4652; x_wconf 88' lang='lat'>:</span> <span class='ocrx_word' id='word_1_703' title='bbox 1575 4594 1971 4685; x_wconf 50' lang='grc' dir='ltr'><strong>’ᾼτξξωῦρτερογ</strong></span> 
     </span>
    </p>
   </div>
   <div class='ocr_carea' id='block_1_92' title="bbox 321 4664 1972 4741">
    <p class='ocr_par' dir='ltr' id='par_1_92' title="bbox 321 4664 1972 4741">
     <span class='ocr_line' id='line_1_92' title="bbox 321 4664 1972 4741; baseline 0.002 -23"><span class='ocrx_word' id='word_1_704' title='bbox 321 4664 419 4741; x_wconf 53' lang='grc' dir='ltr'><strong>μὲν</strong></span> <span class='ocrx_word' id='word_1_705' title='bbox 452 4664 542 4720; x_wconf 77' lang='grc' dir='ltr'><strong>οὗν</strong></span> <span class='ocrx_word' id='word_1_706' title='bbox 577 4665 781 4741; x_wconf 70' lang='grc' dir='ltr'><strong>λέγοιτ’</strong></span> <span class='ocrx_word' id='word_1_707' title='bbox 814 4666 871 4721; x_wconf 76' lang='grc' dir='ltr'>ἂν</span> <span class='ocrx_word' id='word_1_708' title='bbox 900 4667 1006 4741; x_wconf 62' lang='lat' dir='ltr'><strong>tu</strong></span> <span class='ocrx_word' id='word_1_709' title='bbox 1040 4667 1313 4741; x_wconf 45' lang='lat' dir='ltr'><strong>stin-nasi</strong></span> <span class='ocrx_word' id='word_1_710' title='bbox 1346 4669 1502 4722; x_wconf 72' lang='grc' dir='ltr'>αὐτὸν</span> <span class='ocrx_word' id='word_1_711' title='bbox 1545 4669 1613 4741; x_wconf 60' lang='grc' dir='ltr'><strong>Δτὸ</strong></span> <span class='ocrx_word' id='word_1_712' title='bbox 1662 4664 1887 4741; x_wconf 61' lang='grc' dir='ltr'>Ηνεῦμοέ</span> <span class='ocrx_word' id='word_1_713' title='bbox 1910 4668 1972 4721; x_wconf 86' lang='grc' dir='ltr'><strong>τὸ</strong></span> 
     </span>
    </p>
   </div>
   <div class='ocr_carea' id='block_1_93' title="bbox 318 4736 1973 4815">
    <p class='ocr_par' dir='ltr' id='par_1_93' title="bbox 318 4736 1973 4815">
     <span class='ocr_line' id='line_1_93' title="bbox 318 4736 1973 4815; baseline 0.001 -25"><span class='ocrx_word' id='word_1_714' title='bbox 318 4736 483 4815; x_wconf 12' lang='grc' dir='ltr'>ᾇγιονγ</span> <span class='ocrx_word' id='word_1_715' title='bbox 508 4742 576 4813; x_wconf 77' lang='grc' dir='ltr'><strong>τῇ</strong></span> <span class='ocrx_word' id='word_1_716' title='bbox 599 4736 721 4815; x_wconf 62' lang='grc' dir='ltr'><strong>Δἰεὶῷ</strong></span> <span class='ocrx_word' id='word_1_717' title='bbox 751 4739 954 4815; x_wconf 61' lang='grc' dir='ltr'><strong>πατρὸς</strong></span> <span class='ocrx_word' id='word_1_718' title='bbox 1003 4736 1387 4815; x_wconf 31' lang='grc' dir='ltr'><strong>προᾴνηγορίᾳλ</strong></span> <span class='ocrx_word' id='word_1_719' title='bbox 1420 4737 1604 4815; x_wconf 55' lang='lat' dir='ltr'><strong>insidi)</strong></span> <span class='ocrx_word' id='word_1_720' title='bbox 1656 4741 1716 4815; x_wconf 60' lang='grc' dir='ltr'><strong>τὸ</strong></span> <span class='ocrx_word' id='word_1_721' title='bbox 1758 4736 1973 4815; x_wconf 47' lang='grc' dir='ltr'><strong>πάεδέον</strong></span> 
     </span>
    </p>
   </div>
   <div class='ocr_carea' id='block_1_94' title="bbox 319 4808 1975 4886">
    <p class='ocr_par' dir='ltr' id='par_1_94' title="bbox 319 4808 1975 4886">
     <span class='ocr_line' id='line_1_94' title="bbox 319 4808 1975 4886; baseline -0.004 -16"><span class='ocrx_word' id='word_1_722' title='bbox 319 4808 530 4886; x_wconf 66' lang='grc' dir='ltr'><strong>Ἱῄσοῦγ</strong></span> <span class='ocrx_word' id='word_1_723' title='bbox 553 4808 561 4813; x_wconf 57' lang='grc'><em>’</em></span> <span class='ocrx_word' id='word_1_724' title='bbox 588 4808 961 4886; x_wconf 40' lang='grc' dir='ltr'><strong>ᾇνεθρέψαὲρη</strong></span> <span class='ocrx_word' id='word_1_725' title='bbox 992 4808 1292 4886; x_wconf 23' lang='grc' dir='ltr'><strong>Αὰοῦτᾷερᾇν</strong></span> <span class='ocrx_word' id='word_1_726' title='bbox 1333 4808 1426 4877; x_wconf 53' lang='grc' dir='ltr'><strong>ἐξ,</strong></span> <span class='ocrx_word' id='word_1_727' title='bbox 1488 4811 1600 4866; x_wconf 77' lang='grc' dir='ltr'>ἐπεὶ</span> <span class='ocrx_word' id='word_1_728' title='bbox 1656 4813 1688 4881; x_wconf 76' lang='grc' dir='ltr'>ἡ</span> <span class='ocrx_word' id='word_1_729' title='bbox 1722 4808 1975 4884; x_wconf 56' lang='lat' dir='ltr'><strong>“(evelle-</strong></span> 
     </span>
    </p>
   </div>
   <div class='ocr_carea' id='block_1_95' title="bbox 320 4881 1971 5010">
    <p class='ocr_par' dir='ltr' id='par_1_95' title="bbox 320 4881 1971 5010">
     <span class='ocr_line' id='line_1_95' title="bbox 320 4881 1971 5010; baseline 0.001 -74"><span class='ocrx_word' id='word_1_730' title='bbox 320 4881 422 5010; x_wconf 62' lang='grc' dir='ltr'>ἔία</span> <span class='ocrx_word' id='word_1_731' title='bbox 466 4882 556 4936; x_wconf 79' lang='grc' dir='ltr'><strong>τὸν</strong></span> <span class='ocrx_word' id='word_1_732' title='bbox 613 4881 812 4959; x_wconf 61' lang='grc' dir='ltr'><strong>Ἰωόνὴφ</strong></span> <span class='ocrx_word' id='word_1_733' title='bbox 870 4884 975 4937; x_wconf 82' lang='grc' dir='ltr'><strong>ἀπὸ</strong></span> <span class='ocrx_word' id='word_1_734' title='bbox 1028 4881 1208 4937; x_wconf 62' lang='grc' dir='ltr'><strong>Δαυῖδ</strong></span> <span class='ocrx_word' id='word_1_735' title='bbox 1243 4882 1683 4958; x_wconf 71' lang='grc' dir='ltr'><strong>ἐγενεαλόγησεν·</strong></span> <span class='ocrx_word' id='word_1_736' title='bbox 1736 4881 1835 4937; x_wconf 53' lang='lat' dir='ltr'><strong>&quot;ivx</strong></span> <span class='ocrx_word' id='word_1_737' title='bbox 1938 4884 1971 4951; x_wconf 77' lang='grc' dir='ltr'>ἡ</span> 
     </span>
     <span class='ocr_line' id='line_1_96' title="bbox 356 4904 1971 5010; baseline 0 -2"><span class='ocrx_word' id='word_1_738' title='bbox 356 4953 452 5010; x_wconf 59' lang='lat' dir='ltr'><strong>(Sin</strong></span> <span class='ocrx_word' id='word_1_739' title='bbox 479 4957 703 5010; x_wconf 70' lang='grc' dir='ltr'><strong>περιττῆ</strong></span> <span class='ocrx_word' id='word_1_740' title='bbox 740 4954 824 5008; x_wconf 79' lang='grc' dir='ltr'>ἐπὶ</span> <span class='ocrx_word' id='word_1_741' title='bbox 855 4956 946 5009; x_wconf 80' lang='grc' dir='ltr'><strong>τὸν</strong></span> <span class='ocrx_word' id='word_1_742' title='bbox 995 4957 1068 5010; x_wconf 66' lang='grc' dir='ltr'><strong>μὴ</strong></span> <span class='ocrx_word' id='word_1_743' title='bbox 1121 4959 1445 5010; x_wconf 62' lang='grc' dir='ltr'>γεννήσαντα</span> <span class='ocrx_word' id='word_1_744' title='bbox 1489 4957 1580 5010; x_wconf 70' lang='grc' dir='ltr'><strong>τόν</strong></span> <span class='ocrx_word' id='word_1_745' title='bbox 1634 4962 1867 5010; x_wconf 66' lang='grc' dir='ltr'><strong>Σωτῆρα</strong></span> <span class='ocrx_word' id='word_1_746' title='bbox 1896 4904 1971 5009; x_wconf 51' lang='grc' dir='ltr'><strong>ἕο-</strong></span> 
     </span>
    </p>
   </div>
   <div class='ocr_carea' id='block_1_96' title="bbox 356 4904 1977 5030">
    <p class='ocr_par' dir='ltr' id='par_1_96' title="bbox 356 4904 1977 5030">
     <span class='ocr_line' id='line_1_97' title="bbox 367 4904 1971 4959; baseline 0.001 -23"><span class='ocrx_word' id='word_1_747' title='bbox 367 4904 422 4936; x_wconf 81' lang='grc' dir='ltr'>ια</span> <span class='ocrx_word' id='word_1_748' title='bbox 466 4904 556 4936; x_wconf 80' lang='grc' dir='ltr'><strong>τον</strong></span> <span class='ocrx_word' id='word_1_749' title='bbox 632 4904 812 4959; x_wconf 38' lang='lat' dir='ltr'><strong>tum“?</strong></span> <span class='ocrx_word' id='word_1_750' title='bbox 870 4904 975 4937; x_wconf 85' lang='grc' dir='ltr'>απο</span> <span class='ocrx_word' id='word_1_751' title='bbox 1028 4904 1190 4937; x_wconf 65' lang='lat' dir='ltr'><strong>nauta</strong></span> <span class='ocrx_word' id='word_1_752' title='bbox 1243 4904 1683 4958; x_wconf 71' lang='grc' dir='ltr'>εγενεαΛογησεν·</span> <span class='ocrx_word' id='word_1_753' title='bbox 1755 4905 1835 4937; x_wconf 70' lang='grc' dir='ltr'><strong>ινα</strong></span> <span class='ocrx_word' id='word_1_754' title='bbox 1938 4905 1971 4951; x_wconf 86' lang='grc' dir='ltr'>η</span> 
     </span>
     <span class='ocr_line' id='line_1_98' title="bbox 356 4904 1977 5030; baseline 0 -23"><span class='ocrx_word' id='word_1_755' title='bbox 356 4953 824 5030; x_wconf 17' lang='grc' dir='ltr'><strong>όξῃ-περιῖςτῂνὲ-ῖτὶ</strong></span> <span class='ocrx_word' id='word_1_756' title='bbox 855 4956 948 5030; x_wconf 48' lang='lat' dir='ltr'><strong>nov</strong></span> <span class='ocrx_word' id='word_1_757' title='bbox 994 4957 1068 5028; x_wconf 74' lang='grc' dir='ltr'><strong>μὴ</strong></span> <span class='ocrx_word' id='word_1_758' title='bbox 1112 4959 1445 5030; x_wconf 63' lang='grc' dir='ltr'><strong>Δγεννήςιόιντςκ</strong></span> <span class='ocrx_word' id='word_1_759' title='bbox 1489 4957 1580 5030; x_wconf 56' lang='grc' dir='ltr'><strong>ίτὸν</strong></span> <span class='ocrx_word' id='word_1_760' title='bbox 1634 4962 1867 5027; x_wconf 65' lang='grc' dir='ltr'><strong>Σωτῆρα</strong></span> <span class='ocrx_word' id='word_1_761' title='bbox 1896 4904 1977 5030; x_wconf 51' lang='lat' dir='ltr'><strong>go-</strong></span> 
     </span>
    </p>
   </div>
   <div class='ocr_carea' id='block_1_97' title="bbox 320 5022 1973 5113">
    <p class='ocr_par' dir='ltr' id='par_1_97' title="bbox 320 5022 1973 5113">
     <span class='ocr_line' id='line_1_99' title="bbox 320 5022 1973 5113; baseline 0.001 -33"><span class='ocrx_word' id='word_1_762' title='bbox 320 5022 723 5113; x_wconf 47' lang='lat' dir='ltr'><strong>xouévn,&#39;é).)t’</strong></span> <span class='ocrx_word' id='word_1_763' title='bbox 757 5022 865 5113; x_wconf 34' lang='lat'><strong>511‘}.</strong></span> <span class='ocrx_word' id='word_1_764' title='bbox 887 5022 1067 5113; x_wconf 49' lang='lat' dir='ltr'><strong>MXva</strong></span> <span class='ocrx_word' id='word_1_765' title='bbox 1094 5022 1436 5113; x_wconf 59' lang='grc' dir='ltr'><strong>Γξέτιτήδειον,</strong></span> <span class='ocrx_word' id='word_1_766' title='bbox 1486 5026 1573 5081; x_wconf 71' lang='grc' dir='ltr'><strong>διὰ</strong></span> <span class='ocrx_word' id='word_1_767' title='bbox 1600 5022 1973 5099; x_wconf 37' lang='grc' dir='ltr'><strong>τοῦτο-ᾒατήρ</strong></span> 
     </span>
    </p>
   </div>
   <div class='ocr_carea' id='block_1_98' title="bbox 321 5084 1976 5173">
    <p class='ocr_par' dir='ltr' id='par_1_98' title="bbox 321 5084 1976 5173">
     <span class='ocr_line' id='line_1_100' title="bbox 321 5084 1976 5173; baseline 0.001 -19"><span class='ocrx_word' id='word_1_768' title='bbox 321 5084 667 5173; x_wconf 62' lang='grc' dir='ltr'><strong>ἓνὴγορἐύθη</strong></span> <span class='ocrx_word' id='word_1_769' title='bbox 700 5084 1050 5171; x_wconf 39' lang='lat' dir='ltr'><strong>militum.</strong></span> <span class='ocrx_word' id='word_1_770' title='bbox 1086 5084 1341 5171; x_wconf 74' lang='lat' dir='ltr'><strong>Simplici</strong></span> <span class='ocrx_word' id='word_1_771' title='bbox 1378 5084 1715 5161; x_wconf 50' lang='lat' dir='ltr'><strong>annositione</strong></span> <span class='ocrx_word' id='word_1_772' title='bbox 1743 5101 1857 5157; x_wconf 85' lang='lat' dir='ltr'><strong>dici</strong></span> <span class='ocrx_word' id='word_1_773' title='bbox 1881 5084 1976 5171; x_wconf 72' lang='lat' dir='ltr'><strong>po-</strong></span> 
     </span>
    </p>
   </div>
   <div class='ocr_carea' id='block_1_99' title="bbox 321 5172 1980 5245">
    <p class='ocr_par' dir='ltr' id='par_1_99' title="bbox 321 5172 1980 5245">
     <span class='ocr_line' id='line_1_101' title="bbox 321 5172 1980 5245; baseline -0.003 -16"><span class='ocrx_word' id='word_1_774' title='bbox 321 5172 795 5245; x_wconf 32' lang='lat' dir='ltr'><strong>test&#39;honoratum</strong></span> <span class='ocrx_word' id='word_1_775' title='bbox 841 5189 968 5228; x_wconf 85' lang='lat' dir='ltr'><strong>eum</strong></span> <span class='ocrx_word' id='word_1_776' title='bbox 1012 5175 1183 5243; x_wconf 80' lang='lat' dir='ltr'><strong>fuisse</strong></span> <span class='ocrx_word' id='word_1_777' title='bbox 1230 5190 1263 5227; x_wconf 81' lang='grc' dir='ltr'><strong>ιι</strong></span> <span class='ocrx_word' id='word_1_778' title='bbox 1306 5174 1517 5244; x_wconf 88' lang='lat' dir='ltr'><strong>Spiritu</strong></span> <span class='ocrx_word' id='word_1_779' title='bbox 1572 5182 1756 5228; x_wconf 88' lang='lat' dir='ltr'><strong>sancto</strong></span> <span class='ocrx_word' id='word_1_780' title='bbox 1799 5174 1980 5245; x_wconf 78' lang='lat' dir='ltr'><strong>patris</strong></span> 
     </span>
    </p>
   </div>
   <div class='ocr_carea' id='block_1_100' title="bbox 322 5244 1979 5315">
    <p class='ocr_par' dir='ltr' id='par_1_100' title="bbox 322 5244 1979 5315">
     <span class='ocr_line' id='line_1_102' title="bbox 322 5244 1979 5315; baseline -0.002 -15"><span class='ocrx_word' id='word_1_781' title='bbox 322 5244 606 5311; x_wconf 82' lang='lat' dir='ltr'><strong>vocabulo,</strong></span> <span class='ocrx_word' id='word_1_782' title='bbox 642 5246 774 5315; x_wconf 83' lang='lat' dir='ltr'><strong>quia</strong></span> <span class='ocrx_word' id='word_1_783' title='bbox 824 5261 1054 5313; x_wconf 86' lang='lat' dir='ltr'><strong>puerum</strong></span> <span class='ocrx_word' id='word_1_784' title='bbox 1108 5247 1290 5301; x_wconf 78' lang='lat' dir='ltr'><strong>Iesum</strong></span> <span class='ocrx_word' id='word_1_785' title='bbox 1345 5247 1644 5299; x_wconf 74' lang='lat' dir='ltr'><strong>nutrierat.</strong></span> <span class='ocrx_word' id='word_1_786' title='bbox 1696 5246 1760 5299; x_wconf 79' lang='lat' dir='ltr'><strong>At</strong></span> <span class='ocrx_word' id='word_1_787' title='bbox 1802 5244 1979 5315; x_wconf 62' lang='lat' dir='ltr'><strong>juxta</strong></span> 
     </span>
    </p>
   </div>
   <div class='ocr_carea' id='block_1_101' title="bbox 322 5315 1981 5386">
    <p class='ocr_par' dir='ltr' id='par_1_101' title="bbox 322 5315 1981 5386">
     <span class='ocr_line' id='line_1_103' title="bbox 322 5315 1981 5386; baseline -0.003 -14"><span class='ocrx_word' id='word_1_788' title='bbox 322 5317 582 5372; x_wconf 81' lang='lat' dir='ltr'><strong>altiorem</strong></span> <span class='ocrx_word' id='word_1_789' title='bbox 612 5318 965 5381; x_wconf 81' lang='lat' dir='ltr'><strong>intellectum,</strong></span> <span class='ocrx_word' id='word_1_790' title='bbox 999 5318 1133 5386; x_wconf 79' lang='lat' dir='ltr'><strong>quia</strong></span> <span class='ocrx_word' id='word_1_791' title='bbox 1180 5318 1547 5382; x_wconf 79' lang='lat' dir='ltr'><strong>generationis</strong></span> <span class='ocrx_word' id='word_1_792' title='bbox 1577 5318 1743 5370; x_wconf 75' lang='lat' dir='ltr'><strong>series</strong></span> <span class='ocrx_word' id='word_1_793' title='bbox 1788 5315 1981 5380; x_wconf 69' lang='lat' dir='ltr'><strong>Ioseph</strong></span> 
     </span>
    </p>
   </div>
   <div class='ocr_carea' id='block_1_102' title="bbox 323 5386 1978 5458">
    <p class='ocr_par' dir='ltr' id='par_1_102' title="bbox 323 5386 1978 5458">
     <span class='ocr_line' id='line_1_104' title="bbox 323 5386 1978 5458; baseline -0.002 -14"><span class='ocrx_word' id='word_1_794' title='bbox 323 5405 358 5444; x_wconf 90' lang='lat' dir='ltr'><strong>a</strong></span> <span class='ocrx_word' id='word_1_795' title='bbox 389 5388 571 5445; x_wconf 87' lang='lat' dir='ltr'><strong>David</strong></span> <span class='ocrx_word' id='word_1_796' title='bbox 600 5386 836 5456; x_wconf 83' lang='lat' dir='ltr'><strong>deducit,</strong></span> <span class='ocrx_word' id='word_1_797' title='bbox 870 5405 943 5443; x_wconf 88' lang='lat' dir='ltr'><strong>ne</strong></span> <span class='ocrx_word' id='word_1_798' title='bbox 987 5394 1196 5457; x_wconf 77' lang='lat' dir='ltr'><strong>frustra</strong></span> <span class='ocrx_word' id='word_1_799' title='bbox 1226 5389 1478 5444; x_wconf 75' lang='lat' dir='ltr'><strong>uideatur</strong></span> <span class='ocrx_word' id='word_1_800' title='bbox 1507 5391 1585 5443; x_wconf 82' lang='lat' dir='ltr'><strong>ad</strong></span> <span class='ocrx_word' id='word_1_801' title='bbox 1612 5389 1808 5458; x_wconf 80' lang='lat' dir='ltr'><strong>Josep/i</strong></span> <span class='ocrx_word' id='word_1_802' title='bbox 1857 5388 1978 5442; x_wconf 88' lang='lat' dir='ltr'><strong>des-</strong></span> 
     </span>
    </p>
   </div>
   <div class='ocr_carea' id='block_1_103' title="bbox 321 5458 1983 5531">
    <p class='ocr_par' dir='ltr' id='par_1_103' title="bbox 321 5458 1983 5531">
     <span class='ocr_line' id='line_1_105' title="bbox 321 5458 1983 5531; baseline -0.002 -14"><span class='ocrx_word' id='word_1_803' title='bbox 321 5458 553 5517; x_wconf 78' lang='lat' dir='ltr'><strong>cendere</strong></span> <span class='ocrx_word' id='word_1_804' title='bbox 580 5462 679 5531; x_wconf 84' lang='lat' dir='ltr'><strong>qui</strong></span> <span class='ocrx_word' id='word_1_805' title='bbox 705 5477 815 5515; x_wconf 87' lang='lat' dir='ltr'><strong>non</strong></span> <span class='ocrx_word' id='word_1_806' title='bbox 861 5465 1128 5530; x_wconf 84' lang='lat' dir='ltr'><strong>genuerat</strong></span> <span class='ocrx_word' id='word_1_807' title='bbox 1171 5460 1541 5529; x_wconf 85' lang='lat' dir='ltr'><strong>Salvatorem,</strong></span> <span class='ocrx_word' id='word_1_808' title='bbox 1572 5460 1663 5515; x_wconf 77' lang='lat' dir='ltr'><strong>sed</strong></span> <span class='ocrx_word' id='word_1_809' title='bbox 1714 5461 1983 5515; x_wconf 81' lang='lat' dir='ltr'><strong>rationem</strong></span> 
     </span>
    </p>
   </div>
   <div class='ocr_carea' id='block_1_104' title="bbox 324 5531 1983 5605">
    <p class='ocr_par' dir='ltr' id='par_1_104' title="bbox 324 5531 1983 5605">
     <span class='ocr_line' id='line_1_106' title="bbox 324 5531 1983 5605; baseline -0.002 -16"><span class='ocrx_word' id='word_1_810' title='bbox 324 5532 839 5605; x_wconf 65' lang='lat' dir='ltr'><strong>habeatjdoneam,</strong></span> <span class='ocrx_word' id='word_1_811' title='bbox 878 5536 1164 5604; x_wconf 84' lang='lat' dir='ltr'><strong>prepterea</strong></span> <span class='ocrx_word' id='word_1_812' title='bbox 1197 5540 1359 5604; x_wconf 86' lang='lat' dir='ltr'><strong>pater</strong></span> <span class='ocrx_word' id='word_1_813' title='bbox 1406 5534 1714 5605; x_wconf 85' lang='lat' dir='ltr'><strong>appellatus</strong></span> <span class='ocrx_word' id='word_1_814' title='bbox 1761 5535 1836 5586; x_wconf 88' lang='lat' dir='ltr'><strong>est</strong></span> <span class='ocrx_word' id='word_1_815' title='bbox 1884 5531 1983 5585; x_wconf 89' lang='lat' dir='ltr'><strong>Do-</strong></span> 
     </span>
    </p>
   </div>
   <div class='ocr_carea' id='block_1_105' title="bbox 325 5602 765 5661">
    <p class='ocr_par' dir='ltr' id='par_1_105' title="bbox 325 5602 765 5661">
     <span class='ocr_line' id='line_1_107' title="bbox 325 5602 765 5661; baseline -0.007 0"><span class='ocrx_word' id='word_1_816' title='bbox 325 5605 495 5661; x_wconf 81' lang='lat' dir='ltr'><strong>mini.</strong></span> <span class='ocrx_word' id='word_1_817' title='bbox 531 5602 765 5660; x_wconf 60' lang='lat' dir='ltr'><strong>Romus.</strong></span> 
     </span>
    </p>
   </div>
   <div class='ocr_carea' id='block_1_106' title="bbox 360 5672 2059 5760">
    <p class='ocr_par' dir='ltr' id='par_1_106' title="bbox 360 5672 2059 5760">
     <span class='ocr_line' id='line_1_108' title="bbox 360 5672 2059 5760; baseline -0.001 -30"><span class='ocrx_word' id='word_1_818' title='bbox 360 5746 375 5760; x_wconf 46' lang='lat'><strong><em>.</em></strong></span> <span class='ocrx_word' id='word_1_819' title='bbox 401 5675 517 5748; x_wconf 86' lang='grc'><strong>(46)</strong></span> <span class='ocrx_word' id='word_1_820' title='bbox 548 5676 1049 5760; x_wconf 37' lang='grc' dir='ltr'><strong>Οὺιεξφιεναιυωιθερ</strong></span> <span class='ocrx_word' id='word_1_821' title='bbox 1080 5691 1258 5748; x_wconf 90' lang='lat' dir='ltr'><strong>supra</strong></span> <span class='ocrx_word' id='word_1_822' title='bbox 1288 5677 1359 5760; x_wconf 30' lang='lat' dir='ltr'><strong>ald</strong></span> <span class='ocrx_word' id='word_1_823' title='bbox 1391 5675 1696 5760; x_wconf 79' lang='lat' dir='ltr'><strong>homiliam</strong></span> <span class='ocrx_word' id='word_1_824' title='bbox 1725 5675 1787 5760; x_wconf 52' lang='lat' dir='ltr'><strong>lli</strong></span> <span class='ocrx_word' id='word_1_825' title='bbox 1810 5672 1984 5729; x_wconf 85' lang='lat' dir='ltr'><strong>veris-</strong></span> <span class='ocrx_word' id='word_1_826' title='bbox 2045 5725 2059 5741; x_wconf 79' lang='grc'><em>,</em></span> 
     </span>
    </p>
   </div>
   <div class='ocr_carea' id='block_1_107' title="bbox 328 5746 1982 5820">
    <p class='ocr_par' dir='ltr' id='par_1_107' title="bbox 328 5746 1982 5820">
     <span class='ocr_line' id='line_1_109' title="bbox 328 5746 1982 5820; baseline -0.004 -15"><span class='ocrx_word' id='word_1_827' title='bbox 328 5746 804 5805; x_wconf 62' lang='grc' dir='ltr'><strong>εἰωεωεῶῐυω</strong></span> <span class='ocrx_word' id='word_1_828' title='bbox 837 5746 1264 5820; x_wconf 79' lang='lat' dir='ltr'><strong>probatumque</strong></span> <span class='ocrx_word' id='word_1_829' title='bbox 1310 5748 1561 5815; x_wconf 69' lang='lat' dir='ltr'><strong>Origcni,</strong></span> <span class='ocrx_word' id='word_1_830' title='bbox 1595 5764 1725 5802; x_wconf 88' lang='lat' dir='ltr'><strong>vere</strong></span> <span class='ocrx_word' id='word_1_831' title='bbox 1773 5746 1982 5801; x_wconf 87' lang='lat' dir='ltr'><strong>huma-</strong></span> 
     </span>
    </p>
   </div>
   <div class='ocr_carea' id='block_1_108' title="bbox 329 5820 1980 5893">
    <p class='ocr_par' dir='ltr' id='par_1_108' title="bbox 329 5820 1980 5893">
     <span class='ocr_line' id='line_1_110' title="bbox 329 5820 1980 5893; baseline -0.004 -14"><span class='ocrx_word' id='word_1_832' title='bbox 329 5836 480 5879; x_wconf 88' lang='lat' dir='ltr'><strong>num</strong></span> <span class='ocrx_word' id='word_1_833' title='bbox 510 5837 744 5893; x_wconf 90' lang='lat' dir='ltr'><strong>corpus,</strong></span> <span class='ocrx_word' id='word_1_834' title='bbox 767 5824 825 5877; x_wconf 90' lang='lat' dir='ltr'><strong>et</strong></span> <span class='ocrx_word' id='word_1_835' title='bbox 854 5835 968 5876; x_wconf 89' lang='lat' dir='ltr'><strong>non</strong></span> <span class='ocrx_word' id='word_1_836' title='bbox 996 5820 1341 5877; x_wconf 89' lang='lat' dir='ltr'><strong>ementitum</strong></span> <span class='ocrx_word' id='word_1_837' title='bbox 1371 5820 1666 5877; x_wconf 89' lang='lat' dir='ltr'><strong>Christum</strong></span> <span class='ocrx_word' id='word_1_838' title='bbox 1698 5822 1980 5891; x_wconf 85' lang='lat' dir='ltr'><strong>gestasse.</strong></span> 
     </span>
    </p>
   </div>
   <div class='ocr_carea' id='block_1_109' title="bbox 2082 4583 3733 4665">
    <p class='ocr_par' dir='ltr' id='par_1_109' title="bbox 2082 4583 3733 4665">
     <span class='ocr_line' id='line_1_111' title="bbox 2082 4583 3733 4665; baseline -0.007 -13"><span class='ocrx_word' id='word_1_839' title='bbox 2082 4594 2252 4652; x_wconf 86' lang='lat' dir='ltr'><strong>Nunc</strong></span> <span class='ocrx_word' id='word_1_840' title='bbox 2282 4609 2419 4665; x_wconf 85' lang='lat' dir='ltr'><strong>ergo</strong></span> <span class='ocrx_word' id='word_1_841' title='bbox 2450 4590 2685 4665; x_wconf 87' lang='lat' dir='ltr'><strong>quando</strong></span> <span class='ocrx_word' id='word_1_842' title='bbox 2729 4587 3030 4645; x_wconf 66' lang='lat' dir='ltr'><strong>haereticos</strong></span> <span class='ocrx_word' id='word_1_843' title='bbox 3059 4584 3425 4665; x_wconf 80' lang='lat' dir='ltr'><strong>pronuntiat,</strong></span> <span class='ocrx_word' id='word_1_844' title='bbox 3454 4583 3556 4659; x_wconf 90' lang='lat' dir='ltr'><strong>qui</strong></span> <span class='ocrx_word' id='word_1_845' title='bbox 3597 4599 3733 4665; x_wconf 85' lang='lat' dir='ltr'><strong>eum</strong></span> 
     </span>
    </p>
   </div>
   <div class='ocr_carea' id='block_1_110' title="bbox 2084 4659 3734 4749">
    <p class='ocr_par' dir='ltr' id='par_1_110' title="bbox 2084 4659 3734 4749">
     <span class='ocr_line' id='line_1_112' title="bbox 2084 4659 3734 4749; baseline -0.005 -28"><span class='ocrx_word' id='word_1_846' title='bbox 2084 4671 2313 4749; x_wconf 63' lang='lat' dir='ltr'><strong>putant,</strong></span> <span class='ocrx_word' id='word_1_847' title='bbox 2347 4659 2646 4749; x_wconf 44' lang='lat' dir='ltr'><strong>tale-quate</strong></span> <span class='ocrx_word' id='word_1_848' title='bbox 2666 4676 2787 4749; x_wconf 39' lang='lat' dir='ltr'><strong>‘nos</strong></span> <span class='ocrx_word' id='word_1_849' title='bbox 2830 4677 3037 4749; x_wconf 38' lang='lat' dir='ltr'><strong>corpus.</strong></span> <span class='ocrx_word' id='word_1_850' title='bbox 3061 4659 3349 4749; x_wconf 56' lang='lat' dir='ltr'><strong>imbuisse,</strong></span> <span class='ocrx_word' id='word_1_851' title='bbox 3379 4661 3434 4715; x_wconf 90' lang='lat' dir='ltr'><strong>et</strong></span> <span class='ocrx_word' id='word_1_852' title='bbox 3458 4659 3734 4749; x_wconf 45' lang='lat' dir='ltr'><strong>alsemet:</strong></span> 
     </span>
    </p>
   </div>
   <div class='ocr_carea' id='block_1_111' title="bbox 2006 4723 3737 4820">
    <p class='ocr_par' dir='ltr' id='par_1_111' title="bbox 2006 4723 3737 4820">
     <span class='ocr_line' id='line_1_113' title="bbox 2006 4723 3737 4820; baseline -0.002 -31"><span class='ocrx_word' id='word_1_853' title='bbox 2006 4723 2051 4789; x_wconf 90' lang='lat' dir='ltr'><strong>D</strong></span> <span class='ocrx_word' id='word_1_854' title='bbox 2083 4723 2210 4820; x_wconf 77' lang='lat' dir='ltr'><strong>ipso</strong></span> <span class='ocrx_word' id='word_1_855' title='bbox 2260 4723 2598 4820; x_wconf 64' lang='lat' dir='ltr'><strong>dissentire,</strong></span> <span class='ocrx_word' id='word_1_856' title='bbox 2624 4737 2800 4820; x_wconf 75' lang='lat' dir='ltr'><strong>atque</strong></span> <span class='ocrx_word' id='word_1_857' title='bbox 2828 4723 3138 4820; x_wconf 48' lang='lat' dir='ltr'><strong>a‘y&#39;eritate</strong></span> <span class='ocrx_word' id='word_1_858' title='bbox 3187 4729 3420 4820; x_wconf 74' lang='lat' dir='ltr'><strong>longius</strong></span> <span class='ocrx_word' id='word_1_859' title='bbox 3465 4730 3737 4820; x_wconf 48' lang='lat' dir='ltr'><strong>aberrare</strong></span> 
     </span>
    </p>
   </div>
   <div class='ocr_carea' id='block_1_112' title="bbox 2091 4800 3737 4880">
    <p class='ocr_par' dir='ltr' id='par_1_112' title="bbox 2091 4800 3737 4880">
     <span class='ocr_line' id='line_1_114' title="bbox 2091 4800 3737 4880; baseline -0.004 -17"><span class='ocrx_word' id='word_1_860' title='bbox 2091 4800 2272 4880; x_wconf 70' lang='lat' dir='ltr'><strong>prima</strong></span> <span class='ocrx_word' id='word_1_861' title='bbox 2315 4808 2503 4880; x_wconf 77' lang='lat' dir='ltr'><strong>fronte</strong></span> <span class='ocrx_word' id='word_1_862' title='bbox 2550 4800 2836 4880; x_wconf 80' lang='lat' dir='ltr'><strong>videatur.</strong></span> <span class='ocrx_word' id='word_1_863' title='bbox 2866 4802 3228 4880; x_wconf 79' lang='lat' dir='ltr'><strong>Verum_res</strong></span> <span class='ocrx_word' id='word_1_864' title='bbox 3267 4800 3436 4880; x_wconf 76' lang='lat' dir='ltr'><strong>aliter</strong></span> <span class='ocrx_word' id='word_1_865' title='bbox 3474 4800 3737 4880; x_wconf 76' lang='lat' dir='ltr'><strong>putanda</strong></span> 
     </span>
    </p>
   </div>
   <div class='ocr_carea' id='block_1_113' title="bbox 2087 4871 3732 4948">
    <p class='ocr_par' dir='ltr' id='par_1_113' title="bbox 2087 4871 3732 4948">
     <span class='ocr_line' id='line_1_115' title="bbox 2087 4871 3732 4948; baseline -0.005 -12"><span class='ocrx_word' id='word_1_866' title='bbox 2087 4871 2196 4945; x_wconf 77' lang='lat' dir='ltr'><strong>est,</strong></span> <span class='ocrx_word' id='word_1_867' title='bbox 2224 4879 2523 4935; x_wconf 86' lang='lat' dir='ltr'><strong>Ebicnitas</strong></span> <span class='ocrx_word' id='word_1_868' title='bbox 2571 4876 2866 4948; x_wconf 86' lang='lat' dir='ltr'><strong>siquidem</strong></span> <span class='ocrx_word' id='word_1_869' title='bbox 2900 4873 3259 4948; x_wconf 82' lang='lat' dir='ltr'><strong>perstringit,</strong></span> <span class='ocrx_word' id='word_1_870' title='bbox 3283 4873 3385 4946; x_wconf 91' lang='lat' dir='ltr'><strong>qui</strong></span> <span class='ocrx_word' id='word_1_871' title='bbox 3432 4871 3732 4931; x_wconf 79' lang='lat' dir='ltr'><strong>communi</strong></span> 
     </span>
    </p>
   </div>
   <div class='ocr_carea' id='block_1_114' title="bbox 2088 4945 3735 5024">
    <p class='ocr_par' dir='ltr' id='par_1_114' title="bbox 2088 4945 3735 5024">
     <span class='ocr_line' id='line_1_116' title="bbox 2088 4945 3735 5024; baseline -0.005 -16"><span class='ocrx_word' id='word_1_872' title='bbox 2088 4953 2212 5024; x_wconf 78' lang='lat' dir='ltr'><strong>lege</strong></span> <span class='ocrx_word' id='word_1_873' title='bbox 2240 4956 2463 5006; x_wconf 64' lang='lat' dir='ltr'><strong>natura!</strong></span> <span class='ocrx_word' id='word_1_874' title='bbox 2500 4967 2571 5024; x_wconf 58' lang='lat' dir='ltr'><strong>ea</strong></span> <span class='ocrx_word' id='word_1_875' title='bbox 2603 4945 2740 5024; x_wconf 65' lang='lat' dir='ltr'><strong>viro</strong></span> <span class='ocrx_word' id='word_1_876' title='bbox 2762 4952 2827 5024; x_wconf 80' lang='lat' dir='ltr'><strong>et</strong></span> <span class='ocrx_word' id='word_1_877' title='bbox 2855 4945 3106 5024; x_wconf 80' lang='lat' dir='ltr'><strong>muliere</strong></span> <span class='ocrx_word' id='word_1_878' title='bbox 3129 4945 3473 5024; x_wconf 68' lang='lat' dir='ltr'><strong>generatum</strong></span> <span class='ocrx_word' id='word_1_879' title='bbox 3507 4959 3735 5024; x_wconf 75' lang='lat' dir='ltr'><strong>corpus</strong></span> 
     </span>
    </p>
   </div>
   <div class='ocr_carea' id='block_1_115' title="bbox 2089 5016 3736 5093">
    <p class='ocr_par' dir='ltr' id='par_1_115' title="bbox 2089 5016 3736 5093">
     <span class='ocr_line' id='line_1_117' title="bbox 2089 5016 3736 5093; baseline -0.006 -13"><span class='ocrx_word' id='word_1_880' title='bbox 2089 5016 2486 5093; x_wconf 78' lang='lat' dir='ltr'><strong>assumpsisse</strong></span> <span class='ocrx_word' id='word_1_881' title='bbox 2506 5020 2619 5076; x_wconf 88' lang='lat' dir='ltr'><strong>sibi</strong></span> <span class='ocrx_word' id='word_1_882' title='bbox 2639 5020 2938 5093; x_wconf 82' lang='lat' dir='ltr'><strong>Christum</strong></span> <span class='ocrx_word' id='word_1_883' title='bbox 2968 5016 3542 5093; x_wconf 53' lang='lat' dir='ltr'><strong>im_pie&#39;deiiniebant.</strong></span> <span class='ocrx_word' id='word_1_884' title='bbox 3571 5016 3736 5093; x_wconf 67' lang='lat' dir='ltr'><strong>[linc-</strong></span> 
     </span>
    </p>
   </div>
   <div class='ocr_carea' id='block_1_116' title="bbox 2088 5087 3734 5167">
    <p class='ocr_par' dir='ltr' id='par_1_116' title="bbox 2088 5087 3734 5167">
     <span class='ocr_line' id='line_1_118' title="bbox 2088 5087 3734 5167; baseline -0.007 -15"><span class='ocrx_word' id='word_1_885' title='bbox 2088 5114 2203 5167; x_wconf 89' lang='lat' dir='ltr'><strong>que</strong></span> <span class='ocrx_word' id='word_1_886' title='bbox 2233 5087 2376 5151; x_wconf 81' lang='lat' dir='ltr'><strong>adeo</strong></span> <span class='ocrx_word' id='word_1_887' title='bbox 2401 5097 2470 5149; x_wconf 92' lang='lat' dir='ltr'><strong>de</strong></span> <span class='ocrx_word' id='word_1_888' title='bbox 2496 5093 2594 5148; x_wconf 87' lang='lat' dir='ltr'><strong>illa</strong></span> <span class='ocrx_word' id='word_1_889' title='bbox 2616 5087 3201 5167; x_wconf 71' lang='lat' dir='ltr'><strong>putandusestlbqui</strong></span> <span class='ocrx_word' id='word_1_890' title='bbox 3225 5087 3734 5167; x_wconf 67' lang='lat' dir='ltr'><strong>dissimilitudine,</strong></span> 
     </span>
    </p>
   </div>
   <div class='ocr_carea' id='block_1_117' title="bbox 2090 5157 3735 5240">
    <p class='ocr_par' dir='ltr' id='par_1_117' title="bbox 2090 5157 3735 5240">
     <span class='ocr_line' id='line_1_119' title="bbox 2090 5157 3735 5240; baseline -0.006 -17"><span class='ocrx_word' id='word_1_891' title='bbox 2090 5157 2265 5240; x_wconf 78' lang='lat' dir='ltr'><strong>quam</strong></span> <span class='ocrx_word' id='word_1_892' title='bbox 2299 5167 2549 5240; x_wconf 85' lang='lat' dir='ltr'><strong>ipsemet</strong></span> <span class='ocrx_word' id='word_1_893' title='bbox 2597 5157 2661 5240; x_wconf 75' lang='lat' dir='ltr'><strong>in</strong></span> <span class='ocrx_word' id='word_1_894' title='bbox 2699 5163 2981 5240; x_wconf 51' lang='lat' dir='ltr'><strong>promerito</strong></span> <span class='ocrx_word' id='word_1_895' title='bbox 3006 5157 3291 5240; x_wconf 63' lang='lat' dir='ltr'><strong>librorum</strong></span> <span class='ocrx_word' id='word_1_896' title='bbox 3322 5163 3399 5217; x_wconf 90' lang='lat' dir='ltr'><strong>De</strong></span> <span class='ocrx_word' id='word_1_897' title='bbox 3438 5157 3735 5240; x_wconf 71' lang='lat' dir='ltr'><strong>principiis</strong></span> 
     </span>
    </p>
   </div>
   <div class='ocr_carea' id='block_1_118' title="bbox 2090 5232 3734 5305">
    <p class='ocr_par' dir='ltr' id='par_1_118' title="bbox 2090 5232 3734 5305">
     <span class='ocr_line' id='line_1_120' title="bbox 2090 5232 3734 5305; baseline -0.008 -9"><span class='ocrx_word' id='word_1_898' title='bbox 2090 5232 2497 5296; x_wconf 51' lang='lat' dir='ltr'><strong>astruit-inter</strong></span> <span class='ocrx_word' id='word_1_899' title='bbox 2539 5232 2805 5291; x_wconf 72' lang='lat' dir='ltr'><strong>nostrum</strong></span> <span class='ocrx_word' id='word_1_900' title='bbox 2838 5238 2894 5290; x_wconf 91' lang='lat' dir='ltr'><strong>et</strong></span> <span class='ocrx_word' id='word_1_901' title='bbox 2922 5233 3136 5291; x_wconf 90' lang='lat' dir='ltr'><strong>Christi</strong></span> <span class='ocrx_word' id='word_1_902' title='bbox 3187 5249 3402 5305; x_wconf 88' lang='lat' dir='ltr'><strong>corpus</strong></span> <span class='ocrx_word' id='word_1_903' title='bbox 3432 5232 3449 5286; x_wconf 76' lang='grc' dir='ltr'><strong><em>ἑ</em></strong></span> <span class='ocrx_word' id='word_1_904' title='bbox 3473 5232 3734 5305; x_wconf 69' lang='lat' dir='ltr'><strong>Incurua-</strong></span> 
     </span>
    </p>
   </div>
   <div class='ocr_carea' id='block_1_119' title="bbox 2091 5300 3736 5382">
    <p class='ocr_par' dir='ltr' id='par_1_119' title="bbox 2091 5300 3736 5382">
     <span class='ocr_line' id='line_1_121' title="bbox 2091 5300 3736 5382; baseline -0.007 -14"><span class='ocrx_word' id='word_1_905' title='bbox 2091 5320 2194 5373; x_wconf 84' lang='lat' dir='ltr'><strong>tus,</strong></span> <span class='ocrx_word' id='word_1_906' title='bbox 2229 5310 2440 5382; x_wconf 84' lang='lat' dir='ltr'><strong>inquit,</strong></span> <span class='ocrx_word' id='word_1_907' title='bbox 2472 5310 2547 5363; x_wconf 84' lang='lat' dir='ltr'><strong>est</strong></span> <span class='ocrx_word' id='word_1_908' title='bbox 2571 5306 2890 5382; x_wconf 61' lang='lat' dir='ltr'><strong>(Christus)</strong></span> <span class='ocrx_word' id='word_1_909' title='bbox 2934 5323 3057 5363; x_wconf 84' lang='lat' dir='ltr'><strong>cum</strong></span> <span class='ocrx_word' id='word_1_910' title='bbox 3102 5312 3247 5362; x_wconf 83' lang='lat' dir='ltr'><strong>Deus</strong></span> <span class='ocrx_word' id='word_1_911' title='bbox 3290 5300 3532 5382; x_wconf 72' lang='lat' dir='ltr'><strong>esset,_et</strong></span> <span class='ocrx_word' id='word_1_912' title='bbox 3579 5300 3736 5382; x_wconf 71' lang='lat' dir='ltr'><strong>homo</strong></span> 
     </span>
    </p>
   </div>
   <div class='ocr_carea' id='block_1_120' title="bbox 2089 5375 3738 5453">
    <p class='ocr_par' dir='ltr' id='par_1_120' title="bbox 2089 5375 3738 5453">
     <span class='ocr_line' id='line_1_122' title="bbox 2089 5375 3738 5453; baseline -0.005 -14"><span class='ocrx_word' id='word_1_913' title='bbox 2089 5375 2328 5449; x_wconf 59' lang='lat' dir='ltr'><strong>mansit;</strong></span> <span class='ocrx_word' id='word_1_914' title='bbox 2367 5382 2507 5453; x_wconf 81' lang='lat' dir='ltr'><strong>quod.</strong></span> <span class='ocrx_word' id='word_1_915' title='bbox 2560 5375 2704 5434; x_wconf 87' lang='lat' dir='ltr'><strong>Deus</strong></span> <span class='ocrx_word' id='word_1_916' title='bbox 2740 5383 2875 5453; x_wconf 75' lang='lat' dir='ltr'><strong>erat</strong></span> <span class='ocrx_word' id='word_1_917' title='bbox 2893 5423 2935 5453; x_wconf 45' lang='lat' dir='ltr'>L</span> <span class='ocrx_word' id='word_1_918' title='bbox 2953 5394 3150 5451; x_wconf 85' lang='lat' dir='ltr'><strong>corpus</strong></span> <span class='ocrx_word' id='word_1_919' title='bbox 3203 5375 3500 5453; x_wconf 73' lang='lat' dir='ltr'><strong>assumpsit</strong></span> <span class='ocrx_word' id='word_1_920' title='bbox 3553 5376 3738 5453; x_wconf 57' lang='lat' dir='ltr'><strong>nostra</strong></span> 
     </span>
    </p>
   </div>
   <div class='ocr_carea' id='block_1_121' title="bbox 2089 5444 3738 5526">
    <p class='ocr_par' dir='ltr' id='par_1_121' title="bbox 2089 5444 3738 5526">
     <span class='ocr_line' id='line_1_123' title="bbox 2089 5444 3738 5526; baseline -0.008 -14"><span class='ocrx_word' id='word_1_921' title='bbox 2089 5444 2313 5526; x_wconf 85' lang='lat' dir='ltr'><strong>corpori</strong></span> <span class='ocrx_word' id='word_1_922' title='bbox 2336 5444 2544 5517; x_wconf 79' lang='lat' dir='ltr'><strong>simile,</strong></span> <span class='ocrx_word' id='word_1_923' title='bbox 2568 5468 2631 5507; x_wconf 84' lang='lat' dir='ltr'><strong>eo</strong></span> <span class='ocrx_word' id='word_1_924' title='bbox 2671 5450 2785 5507; x_wconf 88' lang='lat' dir='ltr'><strong>solo</strong></span> <span class='ocrx_word' id='word_1_925' title='bbox 2814 5444 3104 5526; x_wconf 57' lang='lat' dir='ltr'><strong>differ-eris,</strong></span> <span class='ocrx_word' id='word_1_926' title='bbox 3125 5446 3265 5520; x_wconf 87' lang='lat' dir='ltr'><strong>quod</strong></span> <span class='ocrx_word' id='word_1_927' title='bbox 3285 5444 3738 5526; x_wconf 61' lang='lat' dir='ltr'><strong>natanacxj’ir-</strong></span> 
     </span>
    </p>
   </div>
   <div class='ocr_carea' id='block_1_122' title="bbox 2091 5515 3742 5597">
    <p class='ocr_par' dir='ltr' id='par_1_122' title="bbox 2091 5515 3742 5597">
     <span class='ocr_line' id='line_1_124' title="bbox 2091 5515 3742 5597; baseline -0.005 -16"><span class='ocrx_word' id='word_1_928' title='bbox 2091 5515 2222 5595; x_wconf 65' lang='lat' dir='ltr'><strong>gin&#39;e</strong></span> <span class='ocrx_word' id='word_1_929' title='bbox 2266 5526 2330 5582; x_wconf 90' lang='lat' dir='ltr'><strong>de</strong></span> <span class='ocrx_word' id='word_1_930' title='bbox 2376 5515 2588 5597; x_wconf 84' lang='lat' dir='ltr'><strong>Spiritu</strong></span> <span class='ocrx_word' id='word_1_931' title='bbox 2645 5526 2831 5579; x_wconf 85' lang='lat' dir='ltr'><strong>sancto</strong></span> <span class='ocrx_word' id='word_1_932' title='bbox 2876 5515 2984 5578; x_wconf 72' lang='lat' dir='ltr'><strong>&quot;est.</strong></span> <span class='ocrx_word' id='word_1_933' title='bbox 3018 5515 3098 5597; x_wconf 75' lang='lat' dir='ltr'><strong>Et</strong></span> <span class='ocrx_word' id='word_1_934' title='bbox 3126 5515 3389 5597; x_wconf 79' lang='lat' dir='ltr'><strong>quoniam</strong></span> <span class='ocrx_word' id='word_1_935' title='bbox 3431 5516 3536 5597; x_wconf 83' lang='lat' dir='ltr'><strong>_hie</strong></span> <span class='ocrx_word' id='word_1_936' title='bbox 3589 5515 3742 5573; x_wconf 76' lang='lat' dir='ltr'><strong>Iesus</strong></span> 
     </span>
    </p>
   </div>
   <div class='ocr_carea' id='block_1_123' title="bbox 2095 5590 3744 5667">
    <p class='ocr_par' dir='ltr' id='par_1_123' title="bbox 2095 5590 3744 5667">
     <span class='ocr_line' id='line_1_125' title="bbox 2095 5590 3744 5667; baseline -0.004 -15"><span class='ocrx_word' id='word_1_937' title='bbox 2095 5590 2340 5653; x_wconf 68' lang='lat' dir='ltr'><strong>Christus</strong></span> <span class='ocrx_word' id='word_1_938' title='bbox 2375 5590 2539 5652; x_wconf 75' lang='lat' dir='ltr'><strong>natus</strong></span> <span class='ocrx_word' id='word_1_939' title='bbox 2590 5602 2645 5651; x_wconf 88' lang='lat' dir='ltr'><strong>et</strong></span> <span class='ocrx_word' id='word_1_940' title='bbox 2690 5610 2883 5667; x_wconf 87' lang='lat' dir='ltr'><strong>passus</strong></span> <span class='ocrx_word' id='word_1_941' title='bbox 2913 5596 3082 5649; x_wconf 81' lang='lat' dir='ltr'><strong>estin</strong></span> <span class='ocrx_word' id='word_1_942' title='bbox 3111 5590 3360 5667; x_wconf 76' lang='lat' dir='ltr'><strong>veritate,</strong></span> <span class='ocrx_word' id='word_1_943' title='bbox 3391 5592 3445 5645; x_wconf 86' lang='lat' dir='ltr'><strong>et</strong></span> <span class='ocrx_word' id='word_1_944' title='bbox 3488 5602 3600 5645; x_wconf 75' lang='lat' dir='ltr'><strong>non</strong></span> <span class='ocrx_word' id='word_1_945' title='bbox 3642 5603 3744 5663; x_wconf 82' lang='lat' dir='ltr'><strong>per</strong></span> 
     </span>
    </p>
   </div>
   <div class='ocr_carea' id='block_1_124' title="bbox 2094 5664 3748 5741">
    <p class='ocr_par' dir='ltr' id='par_1_124' title="bbox 2094 5664 3748 5741">
     <span class='ocr_line' id='line_1_126' title="bbox 2094 5664 3748 5741; baseline -0.004 -16"><span class='ocrx_word' id='word_1_946' title='bbox 2094 5671 2412 5741; x_wconf 87' lang='lat' dir='ltr'><strong>imaginem,</strong></span> <span class='ocrx_word' id='word_1_947' title='bbox 2440 5664 2721 5725; x_wconf 80' lang='lat' dir='ltr'><strong>communi</strong></span> <span class='ocrx_word' id='word_1_948' title='bbox 2748 5667 2850 5721; x_wconf 82' lang='lat' dir='ltr'><strong>hac</strong></span> <span class='ocrx_word' id='word_1_949' title='bbox 2871 5671 3047 5741; x_wconf 81' lang='lat' dir='ltr'><strong>morte</strong></span> <span class='ocrx_word' id='word_1_950' title='bbox 3071 5677 3195 5719; x_wconf 84' lang='lat' dir='ltr'><strong>vere</strong></span> <span class='ocrx_word' id='word_1_951' title='bbox 3224 5664 3473 5719; x_wconf 80' lang='lat' dir='ltr'><strong>mortuus</strong></span> <span class='ocrx_word' id='word_1_952' title='bbox 3492 5668 3586 5731; x_wconf 81' lang='lat' dir='ltr'><strong>est,</strong></span> <span class='ocrx_word' id='word_1_953' title='bbox 3618 5674 3748 5719; x_wconf 68' lang='lat' dir='ltr'><strong>vero</strong></span> 
     </span>
    </p>
   </div>
   <div class='ocr_carea' id='block_1_125' title="bbox 2092 5737 2919 5798">
    <p class='ocr_par' dir='ltr' id='par_1_125' title="bbox 2092 5737 2919 5798">
     <span class='ocr_line' id='line_1_127' title="bbox 2092 5737 2919 5798; baseline -0.01 0"><span class='ocrx_word' id='word_1_954' title='bbox 2092 5737 2239 5798; x_wconf 78' lang='lat' dir='ltr'><strong>enim</strong></span> <span class='ocrx_word' id='word_1_955' title='bbox 2268 5759 2303 5797; x_wconf 87' lang='lat' dir='ltr'><strong>a</strong></span> <span class='ocrx_word' id='word_1_956' title='bbox 2329 5737 2565 5797; x_wconf 86' lang='lat' dir='ltr'><strong>mortuis</strong></span> <span class='ocrx_word' id='word_1_957' title='bbox 2597 5737 2919 5796; x_wconf 73' lang='lat' dir='ltr'><strong>resurreeit.</strong></span> 
     </span>
    </p>
   </div>
  </div>
