4304 6640
355 415 477 481 ῒῖτ

754 416 1255 481 TRANSLATIO
1301 414 1808 482 HOMILIARUM
1852 418 2224 483 ORIGENIS
2269 422 2347 483 ΙΝ
2394 423 2688 486 LUCAM.
2722 454 2800 471 -—
2828 424 3100 489 HOMIL.
3148 423 3367 490 XVIII.

3655 426 3777 490 378

356 550 556 611 solum
602 549 924 622 fornicatio,
958 551 1056 607 sed
1098 555 1153 609 at
1200 552 1417 625 nuptiae
1466 552 1771 624 repellunt,
1823 571 2009 627 neque
2038 550 2092 620 Α
2122 572 2324 629 puero,
2366 554 2466 627 qui
2517 556 2765 614 necdum
2824 557 3132 617 duodecim
3181 574 3367 617 annos
3416 534 3782 635 impleverat,

358 642 519 700 enim
550 642 879 715 episcopus,
914 657 1020 698 nec
1066 643 1387 716 presbyter,
1419 661 1523 699 nec
1573 643 1875 717 diaconus,
1909 662 2014 702 nec

357 733 538 789 vidua
567 736 814 804 possunt
832 748 959 787 esse
989 732 1205 803 digami
1244 750 1257 789 :
1291 733 1374 788 sic
1402 733 1644 790 forsitan
1674 740 1732 791 et
1761 736 1832 791 de
1864 739 2012 791 cmtu

360 822 795 898 primitivorum
854 822 1487 896 immaculatorumque
1539 824 1826 892 Ecclesiae,
1885 843 2013 898 quae

358 928 478 970 non
507 911 687 967 habet
716 910 1030 983 maculam,
1068 929 1256 983 neque
1288 930 1516 985 rugam,
1552 914 1820 985 ejicietur
1849 916 2011 987 diga-

361 1018 544 1060 mus:
580 1018 695 1058 non
744 1018 859 1075 quo
908 1002 965 1059 in
1000 1006 1281 1058 aeternum
1335 1003 1606 1060 mittatur
1651 1006 2012 1075 incendium,

360 1092 460 1151 sed
490 1109 606 1164 quo
637 1097 861 1163 partem
896 1108 1009 1147 non
1042 1092 1255 1148 habeat
1297 1093 1355 1148 in
1387 1110 1563 1165 regno
1596 1094 1718 1151 Dei.
1754 1094 2010 1164 Memini,

360 1199 499 1241 cum
526 1181 945 1254 interpretarer
1000 1181 1169 1247 illud,
1208 1184 1363 1255 quod
1396 1184 1469 1239 ad
1509 1184 1842 1241 Corinthios
1874 1186 2013 1241 scri-

359 1271 524 1329 bitur
555 1289 568 1327 :
605 1272 853 1329 Ecclesia:
884 1273 1003 1337 Dei,
1038 1289 1156 1344 quae
1193 1281 1276 1329 est
1300 1274 1572 1341 Corinthi,
1605 1292 1729 1330 cum
1759 1277 2013 1331 omnibus

359 1364 458 1436 qui
487 1363 744 1419 invocant
768 1379 891 1418 eum
923 1364 986 1433 ⁵³,
1023 1363 1239 1419 dixisse
1272 1381 1364 1419 me
1396 1365 1791 1422 diversitatem
1819 1365 2012 1421 Eccle-

359 1452 482 1518 siae,
515 1457 573 1508 et
614 1468 817 1508 eorum
865 1451 963 1524 qui
1014 1453 1287 1509 invocant
1334 1470 1548 1509 nomen
1589 1455 1833 1510 Domini.
1870 1455 2012 1512 Puto

358 1542 519 1600 enim
550 1558 991 1613 monogamum,
1018 1546 1076 1599 et
1104 1543 1410 1616 virginem,
1436 1548 1492 1598 et
1521 1560 1654 1599 cum
1686 1544 1788 1616 qui
1822 1544 1880 1600 in
1914 1560 2011 1599 ca-

361 1631 642 1690 stimonia
694 1637 1043 1704 perseverat,
1077 1650 1204 1688 esse
1256 1634 1327 1689 de
1382 1634 1638 1689 Ecclesia
1685 1633 1786 1690 Dei
1829 1649 2009 1689 :cum

359 1738 497 1779 vero
526 1722 625 1794 qui
657 1721 735 1777 sit
784 1722 1075 1793 digamus,
1111 1722 1243 1777 licet
1267 1723 1488 1779 bonam
1533 1722 1746 1780 habeat
1775 1740 2011 1779 conver-

363 1811 675 1877 sationem,
706 1815 763 1867 et
794 1811 1014 1867 caeteris
1056 1811 1371 1868 virtutibus
1403 1812 1632 1885 polleat,
1664 1816 1863 1869 tamen
1894 1828 2011 1868 non

362 1916 491 1958 esse
522 1901 594 1956 de
624 1900 882 1956 Ecclesia
920 1906 976 2001 et
1005 1901 1074 1955 de
1103 1918 1169 1957 eo
1201 1919 1466 1972 numero,
1498 1903 1600 1974 qui
1649 1919 1764 1958 non
1795 1902 2012 1963 habent
2042 1935 2090 2001 Β

363 2007 569 2063 rugam
604 1994 705 2046 aut
747 1990 1061 2062 maculam,
1098 1995 1199 2045 aut
1228 1991 1449 2063 aliquid
1497 1992 1832 2048 istiusmodi
1862 2010 1876 2062 ;
1908 1992 2010 2048 sed

361 2096 492 2138 esse
540 2081 612 2135 de
659 2081 916 2136 secundo
967 2081 1173 2153 gradu,
1224 2085 1281 2136 et
1329 2082 1399 2137 de
1448 2081 1540 2137 his
1591 2082 1692 2155 qui
1742 2083 2013 2139 invocant

360 2186 574 2227 nomen
606 2170 857 2241 Domini,
882 2175 939 2225 et
969 2171 1069 2242 qui
1103 2171 1403 2227 salvantur
1424 2172 1742 2244 quidemin
1775 2174 2012 2230 nomine

357 2259 501 2317 Jesu
531 2259 768 2326 Christi,
802 2276 1172 2332 nequaquam
1204 2265 1399 2319 tamen
1432 2267 1789 2318 coronantur
1817 2263 1888 2319 ab
1922 2280 2007 2319 eo.

359 2348 464 2405 Cui
495 2354 585 2405 est
612 2349 795 2423 gloria
842 2355 899 2405 et
924 2349 1237 2421 imperium
1286 2355 1347 2406 in
1378 2351 1592 2407 saecula
1643 2352 2009 2409 saeculorum.

358 2440 571 2497 Amen.

784 2548 1015 2604 θυι-4
1055 2548 1355 2604 HOMILIA
1393 2548 1589 2604 XVIII.

360 2639 443 2697 De
469 2653 529 2696 eo
564 2637 710 2709 quod
737 2640 1004 2710 scriptum
1032 2642 1112 2694 est
1142 2657 1161 2693 :
1194 2661 1221 2689 «
1257 2640 1402 2694 Puer
1439 2647 1621 2694 autem
1666 2639 1933 2694 crescebat
1960 2647 2014 2695 et

435 2711 872 2781 canfortabatur,
907 2733 934 2761 ››
986 2728 1157 2782 usque
1200 2712 1271 2766 ad
1318 2727 1444 2767 eum
1496 2712 1700 2781 locum,
1733 2712 1829 2767 ubi
1879 2712 1963 2765 ait
1991 2729 2010 2765 :

441 2804 470 2832 ι(
499 2782 583 2839 An
611 2799 685 2838 ne
713 2782 962 2839 sciebatis
996 2784 1129 2855 quia
1161 2783 1217 2838 in
1265 2784 1349 2838 his
1378 2798 1498 2857 quae
1528 2786 1719 2839 Patris
1748 2785 1859 2839 mei
1886 2786 2016 2838 sunt

433 2860 644 2927 oportet
667 2872 755 2911 me
783 2870 896 2911 esse
919 2858 944 2908 .9
975 2877 1004 2904 »
1033 2860 1167 2928 Cap.
1202 2872 1265 2910 ιι.

435 2979 619 3036 Natus
648 2983 739 3036 est
774 2979 1057 3037 Dominus
1104 2997 1271 3037 meus
1298 2980 1494 3047 Jesus,
1526 2984 1583 3036 et
1625 2982 2015 3036 ascenderunt

360 3073 638 3143 parentes
683 3070 812 3141 ejus
859 3070 917 3124 in
963 3069 1410 3144 Jerosoly-mam,
1445 3074 1511 3126 ut
1558 3070 1917 3142 complerent
1946 3086 2015 3127 ea

363 3176 495 3233 quae
525 3158 756 3215 fuerant
798 3158 858 3215 in
911 3158 1033 3230 lege
1064 3165 1371 3232 praecepta,
1404 3165 1461 3215 et
1507 3160 1783 3216 offerrent
1812 3176 1915 3232 pro
1947 3176 2013 3215 eo

360 3263 472 3322 par
497 3251 818 3315 turturum,
851 3253 908 3304 et
938 3249 1085 3305 duos
1117 3248 1308 3321 pullos
1339 3249 1767 3306 columbarum.
1801 3249 2013 3306 Tenuit

2125 645 2283 702 dicta
2312 649 2470 701 sunt.
2504 647 2647 703 Cum
2680 651 2875 703 autem
2930 647 3247 706 duodecim
3281 653 3437 707 esset
3465 666 3780 722 annorum,

2123 740 2386 792 remanet
2432 735 2493 791 in
2533 736 2885 793 Jerusalem.
2926 737 3201 796 Parentes
3246 738 3376 811 ejus
3421 738 3778 813 ignorantes,

2124 831 2395 898 quaerunt
2426 842 2559 881 eum
2595 826 2860 898 sollicite,
2890 831 2947 883 et
2995 844 3108 884 non
3140 828 3466 885 inveniunt.
3500 829 3782 894 Quaerunt

2124 914 2276 972 inter
2304 916 2534 984 afﬁnes,
2566 920 2837 989 quaerunt
2880 916 2939 973 in
2989 916 3294 990 comitatu,
3328 920 3600 991 quaerunt
3627 916 3783 974 inter

2123 1009 2312 1076 notos,
2345 1011 2402 1061 et
2431 1005 2491 1061 in
2532 1004 2627 1061 his
2658 1005 2937 1062 omnibus
2994 1022 3109 1063 non
3141 1006 3457 1080 reperiunt.
3491 1004 3783 1074 Quaeritur

2123 1110 2260 1167 ergo
2289 1095 2463 1152 Jesus
2495 1112 2529 1151 a
2560 1095 2903 1167 parentibus
2924 1095 3050 1152 suis
3081 1111 3217 1154 cum
3250 1100 3435 1169 patre,
3461 1095 3564 1169 qui
3594 1094 3783 1152 nutri-

2124 1184 2241 1241 tius
2271 1189 2327 1241 et
2357 1201 2551 1240 comes
2579 1184 2768 1240 fuerat
2786 1185 3097 1257 ,‘Egyptum
3128 1184 3540 1242 descendentis
3571 1201 3588 1243 :
3614 1188 3673 1242 et
3690 1188 3781 1240 ta-

2122 1290 2257 1331 men
2289 1291 2407 1330 non
2438 1273 2637 1330 statim
2690 1278 2754 1329 ut
2784 1274 3085 1346 quaeritur,
3118 1274 3431 1331 invenitur.
3463 1274 3592 1333 Non
3617 1273 3780 1332 enim

2121 1364 2273 1421 inter
2292 1367 2569 1435 cognatos
2593 1368 2649 1420 et
2665 1363 2859 1420 carnis
2881 1363 3245 1437 propinquos
3266 1363 3563 1421 invenitur
3578 1364 3777 1431 Jesus,

2122 1470 2238 1509 non
2269 1453 2329 1509 in
2361 1453 2453 1508 his
2485 1450 2584 1524 qui
2616 1452 2991 1525 corporaliter
3115 1452 3168 1510 ei
3296 1451 3493 1525 juncti
3521 1457 3682 1510 sunt.
3709 1457 3777 1511 In

2121 1543 2442 1599 multorum
2467 1541 2749 1598 comitatu
2776 1543 2945 1599 Jesus
2969 1558 3134 1599 meus
3157 1559 3273 1600 non
3292 1546 3482 1615 potest
3502 1540 3774 1599 inveniri.

2121 1634 2290 1691 Disce
2320 1632 2420 1688 ubi
2453 1647 2586 1687 eum
2624 1636 2954 1704 quaerentes
2982 1632 3294 1705 reperiant,
3329 1636 3395 1688 ut
3423 1636 3482 1689 et
3510 1637 3575 1689 tu
3606 1647 3775 1705 que-

2119 1740 2255 1780 rens
2283 1739 2418 1778 cum
2461 1720 2679 1794 Joseph
2709 1720 3004 1793 Mariaque
3035 1721 3315 1793 reperias.
3349 1726 3417 1779 Et
3444 1728 3774 1794 quaeritas,

2119 1812 2333 1886 inquit,
2368 1815 2699 1868 inveneruut
2727 1812 2891 1868 illum
2927 1812 2990 1868 in
3022 1812 3241 1885 templo.
3275 1811 3401 1868 Non
3434 1810 3774 1885 ubicunque

2120 1902 2180 1959 in
2213 1902 2324 1959 alio
2355 1901 2502 1973 loco,
2534 1902 2637 1957 sed
2666 1900 2725 1958 in
2775 1900 3014 1973 templo.
3047 1901 3246 1974 Neque
3274 1902 3335 1957 in
3364 1899 3584 1974 templo
3629 1899 3773 1958 sim-

2120 1991 2370 2065 pliciter,
2404 1992 2506 2048 sed
2545 1990 2606 2045 in
2638 1991 2831 2048 medio
2870 1991 3195 2059 doctorum,
3229 1989 3566 2047 audientem
3597 1993 3656 2046 et
3682 1987 3773 2045 in-

2119 2084 2515 2154 terrogantem
2547 2096 2667 2137 eos.
2702 2083 2768 2136 Et
2796 2084 2857 2136 tu
2890 2095 3027 2153 ergo
3072 2096 3266 2153 quare
3295 2080 3501 2137 Jesum
3530 2077 3591 2134 in
3622 2084 3771 2136 tem-

2120 2171 2217 2246 plo
2249 2171 2371 2239 Dei,
2403 2186 2597 2243 quaere
2640 2169 2700 2225 in
2731 2168 2987 2227 Ecclesia
3019 2188 3033 2227 :
3066 2183 3261 2242 quaere
3291 2186 3425 2225 eum
3458 2167 3613 2242 apud
3646 2182 3771 2223 ma-

2121 2261 2356 2335 gistros,
2388 2260 2490 2333 qui
2520 2259 2579 2315 in
2613 2258 2830 2331 templo
2856 2266 3015 2330 sunt,
3046 2263 3104 2315 et
3147 2276 3265 2315 non
3294 2256 3678 2332 egrediuntur
3700 2272 3776 2313 ex

2121 2368 2208 2409 eo.
2242 2352 2301 2406 Si
2329 2349 2487 2406 enim
2535 2350 2619 2405 ita
2668 2349 2989 2422 quaesieris,
3023 2348 3284 2406 invenies
3328 2364 3484 2404 eum.
3515 2345 3691 2403 Porro
3721 2345 3773 2402 si

2123 2440 2417 2514 quispiam
2447 2439 2590 2495 dicit
2634 2456 2697 2496 se
2744 2438 3096 2513 magistrum
3139 2454 3290 2509 esse,
3323 2441 3381 2495 et
3424 2436 3625 2494 Jesum
3657 2450 3774 2492 non

2120 2530 2318 2601 habet,
2350 2529 2463 2586 iste
2509 2528 2751 2585 nomine
2799 2533 3029 2585 tantum
3081 2526 3363 2600 magister
3407 2529 3518 2598 est,
3547 2528 3607 2583 et
3642 2523 3776 2583 ideo

2122 2621 2278 2693 apud
2309 2636 2442 2676 eum
2474 2635 2589 2674 non
2612 2622 2804 2690 potest
2828 2617 3074 2674 inveniri
3102 2617 3275 2673 Jesus
3306 2616 3563 2672 Verbum
3585 2614 3690 2671 Dei
3718 2616 3777 2670 et

2122 2709 2429 2781 sapientia.
2463 2710 2716 2764 Iuventus
2762 2715 2864 2775 est,
2893 2706 3107 2780 inquit,
3137 2707 3198 2761 in
3243 2705 3425 2761 medio
3472 2704 3773 2762 doctarum.

2121 2798 2422 2864 Quomodo
2451 2796 2511 2853 in
2534 2795 2647 2853 alio
2674 2796 2799 2853 loco
2827 2797 2898 2852 de
2929 2795 3229 2868 prophetis
3249 2793 3537 2866 scriptum
3557 2796 3667 2861 est,
3689 2791 3777 2849 sic

2121 2893 2179 2946 et
2203 2904 2360 2943 nunc
2392 2885 2648 2959 intellige
2679 2886 2739 2942 in
2773 2884 2964 2941 medio
3012 2885 3342 2941 doctorum.
3373 2882 3453 2954 Si,
3485 2880 3680 2953 inquit
3702 2880 3773 2952 ⁸⁵,

2122 2978 2291 3035 alteri
2320 2977 2618 3033 revelatum
2636 2976 2809 3047 fuerit
2835 2975 3074 3046 sedenti,
3102 2975 3322 3046 primus
3350 2980 3540 3030 taceat.
3566 2974 3632 3028 In
3658 2978 3776 3026 me-

2123 3067 2219 3124 dio
2250 3068 2556 3123 doctorum
2579 3066 2881 3122 sedentem
2912 3064 3221 3121 inveniunt
3248 3078 3422 3120 eum:
3450 3064 3510 3119 et
3539 3070 3655 3117 non
3686 3076 3777 3117 so-

2122 3156 2247 3214 lum
2267 3157 2587 3226 sedentem,
2606 3156 2706 3211 sed
2730 3159 2788 3211 et
2814 3153 3211 3211 sciscitantem
3232 3156 3290 3210 et
3302 3151 3638 3210 audientem
3654 3165 3775 3206 eos.

2123 3249 2192 3302 Et
2220 3262 2377 3301 nunc
2408 3261 2661 3318 praesens
2693 3248 2784 3299 est
2807 3243 3002 3312 Jesus,
3024 3241 3348 3314 interrogat
3375 3256 3505 3312 nos,
3529 3241 3588 3296 et
3616 3236 3780 3294 audit

359 3315 498 3396 eum
528 3338 785 3395 brachiis
806 3338 932 3395 suis
960 3315 1213 3409 Simeon,
1238 3342 1302 3396 ut
1332 3340 1557 3396 dudum
1582 3339 1799 3396 lectum
1832 3343 1939 3409 est,
1960 3342 2016 3396 et
2045 3315 2087 3381 (ἶ
2124 3315 2451 3407 loquentes.
2486 3336 2548 3389 Et
2574 3332 2946 3401 mirabantur,
2969 3330 3186 3404 inquit,
3206 3340 3410 3386 omnes.
3442 3328 3635 3401 Super
3663 3342 3778 3399 quo

366 3426 740 3502 prophetavit
788 3429 859 3485 de
915 3407 982 3484 e6
1015 3446 1139 3500 quae
1190 3434 1393 3485 narrat
1428 3429 1678 3487 historia
1711 3446 1723 3485 :
1756 3434 1818 3485 et
1856 3407 2017 3502 post-

366 3531 548 3590 quam
577 3517 775 3574 omnia
819 3518 877 3572 in
911 3534 1072 3574 more
1121 3518 1408 3589 completa
1456 3522 1616 3589 sunt,
1651 3521 2022 3573 revertuntur

366 3611 644 3680 parentes
696 3624 811 3681 quo
854 3607 1026 3664 Jesus
1075 3611 1215 3663 tunc
1264 3608 1376 3680 (49)
1432 3608 1641 3679 agebat
1673 3623 1685 3661 :
1720 3612 1776 3661 et
1822 3612 2019 3663 tamen

367 3697 639 3753 crescebat
679 3703 733 3753 et
779 3700 1197 3767 confortabatur
1235 3699 1508 3768 sapientia
1556 3704 1606 3752 et
1649 3698 1848 3767 gratia.
1883 3696 2023 3753 Nec-

371 3785 518 3842 dum
549 3787 939 3859 quadraginta
969 3788 1094 3844 dies
1117 3788 1483 3861 purgationis
1514 3786 1871 3859 impleverat,
1895 3801 2026 3841 nec-

371 3874 515 3931 dum
554 3876 833 3933 Nazareth
883 3881 1138 3943 venerat,
1170 3882 1227 3933 et
1267 3878 1393 3948 jam
1443 3881 1625 3933 totam
1677 3875 2025 3948 sapientiam

302 3960 319 3972 ’
372 3965 743 4038 respiciebat.
790 3966 984 4023 Potuit
1029 3967 1331 4039 Scriptura
1378 3966 1592 4032 dicere,
1627 3966 1923 4021 crescebat
1970 3967 2028 4019 et

371 4054 829 4124 confortabatur,
854 4060 910 4111 et
939 4056 1259 4129 accipiebat
1290 4056 1563 4129 spiritum
1595 4074 1610 4123 ;
1645 4056 1743 4110 sed
1768 4054 1870 4127 qui
1900 4066 2033 4111 eva'

373 4149 646 4202 sueverat
694 4162 757 4201 se
798 4146 1046 4201 formam
1093 4147 1246 4203 servi
1296 4146 1587 4217 accipiens
1619 4147 1682 4215 ω,
1716 4145 1916 4201 statim
1962 4147 2029 4201 ut

374 4248 481 4308 pro
512 4235 897 4292 mundatione
928 4236 1043 4308 (50)
1073 4237 1201 4307 ejus
1234 4236 1589 4292 sacrificium
1622 4235 1886 4292 oblatum
1917 4237 2026 4301 est,

373 4322 433 4380 id
457 4324 614 4397 quod
634 4324 1051 4390 vacuefecerat,
1075 4324 1417 4397 adimplevit
1442 4341 1455 4381 :
1487 4342 1600 4382 non
1634 4325 1789 4398 quod
1816 4340 2029 4395 corpus

375 4413 506 4484 ejus
533 4412 691 4471 illico
722 4415 916 4486 majus
947 4414 1123 4470 fuerit
1171 4415 1477 4483 eil'ectum;
1512 4416 1613 4471 sed
1646 4415 1804 4487 quod
1836 4430 2027 4470 sacra-

374 4501 497 4560 tius
529 4503 829 4577 quippiam
864 4505 1321 4573 demonstratur,
1371 4503 1671 4576 Scriptura
1700 4504 1981 4560 referente
2010 4520 2026 4559 :

374 4596 526 4649 Puer
554 4601 739 4650 autem
784 4595 1053 4651 crescebat
1084 4606 1137 4650 et
1162 4594 1593 4665 confortabatur,
1624 4602 1675 4649 et
1718 4593 2031 4662 replebatur

2128 3422 2541 3481 mirabantur?
2562 3422 2685 3477 Non
2710 3437 2887 3493 super
2904 3418 3462 3493 interrogationibus
3483 3417 3632 3487 ejus,
3647 3415 3782 3472 licet

2130 3518 2187 3569 et
2213 3513 2353 3584 ipsae
2387 3510 2684 3568 mirabiles
2714 3515 2901 3579 erant,
2934 3511 3035 3566 sed
3091 3524 3269 3582 super
3298 3504 3781 3580 responsionibus

2131 3604 2277 3674 ejus.
2300 3600 2472 3658 Aliud
2502 3604 2592 3657 est
2619 3588 2775 3656 e'nim
2808 3599 3186 3671 interrogare,
3213 3596 3374 3653 aliud
3405 3594 3779 3667 respondere.

2131 3691 2535 3763 Interrogabat
2560 3690 2894 3763 magistros,
2917 3692 2975 3745 et
3004 3687 3101 3761 qui
3110 3704 3143 3744 a
3161 3686 3515 3760 respondere
3544 3698 3661 3740 non
3684 3698 3783 3755 po-

2132 3785 2343 3847 terant,
2375 3781 2500 3854 ipse
2531 3779 2646 3846 his,
2678 3779 2749 3835 de
2778 3777 2995 3852 quibus
3024 3777 3501 3851 interrogaverat,
3534 3786 3783 3845 respon-

2133 3871 2326 3929 debat.
2358 3870 2523 3935 Quod
2572 3872 2768 3925 autem
2811 3866 3115 3941 responsio
3145 3882 3262 3923 non
3309 3862 3795 3941 vicissitudinem

2134 3960 2588 4027 sermocinandi,
2619 3959 2722 4016 sed
2754 3957 3083 4015 doctrinam
3120 3956 3181 4012 in
3213 3953 3533 4028 Scripturis
3562 3950 3784 4010 sanctis

2135 4054 2323 4119 sonet,
2375 4050 2469 4105 lex
2509 4048 2707 4104 divina
2758 4052 2815 4103 te
2860 4047 3083 4103 doceat.
3134 4045 3364 4118 Moyses
3410 4043 3784 4116 loquebatur,

2135 4144 2287 4197 Deus
2317 4142 2515 4195 autem
2537 4136 2928 4209 respondebat
2957 4135 3009 4191 ei
3037 4149 3195 4191 voce.
3216 4131 3537 4206 Responsio
3566 4129 3669 4187 illa
3694 4142 3787 4187 eo-

2137 4246 2268 4285 rum
2300 4231 2444 4298 erat,
2477 4242 2655 4299 super
2684 4224 2901 4297 quibus
2928 4222 3299 4297 ignorantem
3323 4225 3556 4294 Moysen
3585 4219 3784 4276 Domi-

2136 4335 2250 4376 nus
2279 4316 2628 4374 instruebat.
2662 4312 2964 4371 Interdum
3010 4312 3330 4385 interrogat
3370 4309 3572 4376 Jesus,
3601 4306 3786 4365 intar-

2137 4410 2280 4466 dum
2329 4406 2662 4479 respondet,
2693 4402 2846 4460 sicut
2887 4418 3070 4476 supra
3116 4400 3395 4457 diximus.
3430 4399 3788 4469 Quanquam
3874 4464 3879 4477 Ι

2138 4495 2429 4555 mirabilis
2458 4495 2588 4567 ejus
2617 4491 3000 4565 interrogatio
3030 4490 3131 4558 sit,
3162 4493 3361 4545 tamen
3390 4485 3579 4544 multo
3606 4484 3789 4542 mira-

2136 4586 2311 4643 bilior
2334 4588 2425 4641 est
2441 4583 2765 4656 responsio.
2781 4581 2856 4639 Ut
2874 4580 3057 4653 igitur
3076 4583 3135 4636 et
3163 4587 3271 4635 nos
3295 4578 3610 4647 audiamus
3625 4591 3787 4643 eum,

372 4663 1717 4755 sapienttaﬂuaeramussicubialibideparvulo
1743 4682 2028 4754 scriptum
2061 4694 2108 4760 ι)
2137 4680 2195 4733 et
2225 4676 2512 4748 proponat
2538 4672 2710 4728 nobis
2739 4670 3116 4760 quaestiones,
3146 4683 3296 4741 quas
3318 4668 3454 4760 ipse
3483 4663 3788 4760 dissolvat,

375 4771 479 4840 sit,
508 4775 778 4829 crescebat
805 4777 859 4830 et
886 4774 1336 4845 confortabatur,
1361 4777 1424 4828 ut
1455 4788 1523 4827 ex
1552 4771 1857 4827 collatione
1888 4769 2033 4825 mul-

380 4863 577 4917 torum
602 4860 741 4933 quid
758 4862 892 4935 plus
906 4863 965 4917 in
980 4862 1228 4918 Domino
1243 4864 1440 4918 nostro
1453 4860 1720 4925 dicatur,i
1733 4857 2033 4931 ntelligere

379 4948 704 5007 valeamus.
724 4956 803 5008 De
821 4953 1076 5009 Joanne:
1100 4952 1247 5008 Puer
1266 4955 1447 5007 autem
1465 4950 1732 5006 crescebat
1754 4956 1803 5004 et
1819 4951 2033 5020 confor-

381 5038 637 5096 tabatur:
651 5044 707 5097 et
726 5045 924 5098 tamen
947 5058 1062 5097 non
1086 5039 1718 5111 additur,etreptebatur
1732 5040 2031 5111 sapientia,

382 5128 488 5186 sed
535 5130 946 5202 coufortabatur
987 5132 1210 5203 spiritu.
1261 5130 1367 5187 Hic
1421 5145 1554 5185 vero
1603 5128 1675 5184 de
1726 5127 1967 5184 Domino
2016 5143 2031 5183 :

378 5220 685 5288 Crescebat,
720 5219 931 5292 inquit,
970 5226 1023 5276 et
1052 5219 1493 5291 con/artabatur,
1523 5226 1576 5274 et
1604 5217 1921 5289 replebatur
1948 5231 2035 5271 sa-

376 5309 623 5382 pientia.
656 5313 709 5365 et
735 5310 919 5382 gratia
945 5311 1044 5366 Dei
1072 5316 1189 5365 erat
1206 5324 1369 5380 super
1394 5323 1543 5365 eum.
1576 5311 1707 5363 Haec
1738 5304 1937 5363 omnia
1966 5305 2037 5362 de

455 5442 502 5479 ⁸³
529 5442 553 5501 I
584 5448 709 5502 Cor.
745 5462 790 5513 I,
818 5445 873 5500 2.
930 5445 977 5480 ⁸⁸
1005 5442 1258 5517 Philipp.
1292 5459 1353 5512 ιι,
1383 5444 1440 5499 7.
1498 5442 1542 5478 ⁸⁵
1569 5442 1591 5498 Ι
1620 5443 1747 5498 Cor.
1796 5455 1916 5510 ιιν,
1946 5438 2034 5494 30.

456 5575 573 5649 (49)
600 5575 1231 5652 Rescripsimustuuc,
1266 5594 1369 5652 pro
1418 5594 1533 5650 quo
1563 5593 1711 5652 nunc
1737 5573 2041 5652 legebatur

382 5648 580 5723 antea,
596 5649 771 5722 idque
796 5648 984 5723 genus
1014 5648 1451 5723 aliainterdum'
1477 5648 1636 5723 taciti
1657 5648 2036 5723 castigamus.

385 5720 506 5794 Ret:
535 5717 998 5794 vero—contextus
1020 5720 1193 5794 paulo
1214 5721 1417 5794 adhuc
1447 5722 1675 5794 videtur
1697 5717 2035 5794 impeditus.

458 5792 576 5868 (50)
609 5792 817 5854 Recole
865 5811 992 5866 quae
1020 5788 1301 5867 superius
1355 5794 1427 5851 ad
1474 5791 1678 5851 bomil.
1716 5788 1920 5845 l‘tbac
1970 5788 2041 5843 de

2138 4767 2514 4823 obsecramus
2561 4760 2750 4828 illum,
2778 4763 2837 4815 et
2881 4776 3015 4816 cum
3044 4757 3243 4815 labore
3271 4755 3454 4814 nimio
3505 4759 3565 4812 et
3584 4752 3791 4812 dolore

2141 4869 2499 4928 quaeramus,
2512 4854 2568 4907 et
2583 4854 2723 4907 tunc
2753 4849 3078 4922 poterimus
3099 4847 3360 4904 invenire
3380 4861 3560 4919 quem
3577 4841 3790 4917 queri-

2143 4961 2298 5002 mus.
2329 4943 2456 4999 Non
2486 4940 2645 4998 enim
2685 4940 2904 4996 frustra
2932 4937 3219 5012 scriptum
3248 4940 3341 4993 est
3370 4953 3385 4993 :
3418 4936 3528 5007 Ego
3553 4937 3605 4991 et
3630 4936 3793 5007 pater

2144 5039 2265 5090 tuus
2294 5034 2533 5091 dolentes
2562 5029 2942 5103 qua’rebamus
2970 5035 3053 5085 te:
3074 5030 3301 5101 oportet
3325 5025 3483 5084 enim
3513 5022 3612 5096 qui
3634 5037 3793 5095 quai-
3820 5022 3827 5028 '

2145 5124 2223 5181 rit
2238 5123 2268 5180 J
2275 5138 2465 5193 esum,
2484 5136 2599 5177 non
2621 5118 3003 5193 negligenter,
3021 5133 3139 5175 non
3152 5115 3455 5180 dissolute.
3469 5128 3586 5169 non
3604 5113 3794 5169 trans-

2144 5213 2315 5271 itorie
2363 5222 2645 5285 quaerere,
2689 5209 2842 5266 sicut
2886 5210 3158 5281 quaerunt
3210 5202 3496 5273 nonnulli,
3550 5203 3608 5256 et
3662 5198 3795 5257 ideo

2146 5301 2408 5359 invenire
2437 5316 2556 5358 non
2585 5300 2854 5373 possunt.
2884 5296 3004 5355 Nos
3041 5300 3237 5354 autem
3266 5292 3535 5350 dicamus
3558 5305 3574 5346 :
3594 5287 3796 5347 Dolen-

2149 5570 2498 5645 purgatione
2526 5582 2595 5625 ex
2625 5565 2893 5640 Origenis
2924 5578 3099 5645 sensu
3140 5557 3399 5617 diximus
3452 5555 3693 5631 quibus,
3718 5556 3798 5615 ad

2150 5642 2469 5698 tollendam
2482 5639 2864 5698 blasphemia:
2876 5601 3800 5698 suspicionem,addepreckrm

2150 5643 2469 5702 tollendam
2482 5643 2864 5722 blasphemia:
2876 5643 3797 5715 suspicionem,aaaepreclaram

2152 5732 2221 5771 ex
2251 5714 2634 5787 subsequenti
2664 5702 3200 5787 ejusdemhomilia
3228 5705 3625 5787 sententiam:
3663 5701 3797 5760 Δηι-

2151 5804 2243 5844 ma
2272 5790 2399 5844 Iesu
2426 5775 2713 5857 nunquam
2735 5778 2945 5855 peccati
2969 5776 3129 5835 sorde
3152 5775 3432 5835 maculata
3453 5783 3558 5836 eet.
