4304 6664
351 550 467 619 281

807 547 1306 623 TRANSLATIO
1352 561 1858 626 HUMILIAHUM
1903 561 2265 627 ORIUENIS
2312 565 2385 625 lN
2433 562 2724 627 LUCAM.
2756 594 2835 611 α·-
2877 563 3148 633 HOMIL,
3194 559 3323 625 XX.

3650 558 3768 623 982

355 689 591 765 quando
622 694 679 748 et
706 694 767 748 tu
800 692 1101 765 qumsieris
1132 693 1344 751 Filium
1375 696 1493 765 Dei,
1519 712 1710 771 qurere
1741 695 2000 770 primum
2034 699 2086 767 Α
2112 701 2186 755 tet
2215 714 2300 754 me
2328 713 2460 754 esse.
2491 696 2849 754 Erubescant
2891 713 3096 754 omnes
3139 693 3417 765 haeretici,
3449 694 3548 769 qui
3582 699 3765 752 Evan-

354 779 417 838 in
449 779 689 854 templo,
724 780 861 838 illuc
896 799 1160 856 propera,
1195 782 1274 839 ibi
1321 782 1639 854 Christum,
1672 803 2001 843 sermonem

354 874 531 944 atque
562 871 932 944 sapientiam.
957 872 1011 928 id
1046 878 1153 938 est,
1180 873 1387 930 Filium
1417 876 1534 944 Dei,
1560 876 1833 950 reperies.
1859 876 2006 941 Quo-

352 959 514 1017 niam
548 976 681 1017 vero
729 960 1009 1032 parvulus
1041 968 1185 1032 erat,
1217 963 1513 1020 invenitur
1541 965 1597 1020 in
1633 965 1824 1022 medio
1856 984 2000 1040 pra:-

353 1053 682 1122 ceptorum,
716 1049 1090 1108 sanctiﬁcans
1130 1057 1189 1108 et
1233 1054 1509 1111 erudiens
1540 1070 1657 1111 eos.
1692 1055 1837 1121 Quia
1868 1073 1999 1129 par-

352 1138 529 1196 vulus
553 1144 698 1204 erat,
721 1140 1015 1196 invenitur
1042 1141 1101 1196 in
1137 1142 1347 1211 medio,
1372 1160 1485 1199 non
1515 1161 1613 1200 eos
1636 1145 1872 1217 docens,
1898 1146 1998 1203 sed

352 1227 746 1303 interrogans,
780 1234 835 1285 et
865 1229 975 1286 hoc
1007 1248 1110 1305 pro
1141 1234 1327 1288 {etatis
1359 1233 1570 1301 ofﬁcio,
1604 1238 1669 1290 ut
1700 1252 1803 1291 nos
1836 1236 2001 1292 doce-

348 1322 440 1375 ret
469 1318 610 1391 quid
640 1317 857 1391 pueris,
891 1320 1162 1392 quamvis
1192 1322 1488 1394 sapientes
1526 1329 1584 1378 et
1614 1324 1825 1380 eruditi
1859 1324 1997 1387 sint.

348 1407 702 1476 conveniret,
738 1413 799 1463 ut
827 1408 1069 1466 audiant
1100 1411 1295 1483 potius
1327 1412 1661 1485 magistros,
1697 1430 1870 1486 quam
1904 1415 1999 1470 do-

348 1515 480 1555 cere
499 1496 853 1564 desiderent,
876 1503 933 1553 et
954 1516 1014 1555 se
1037 1516 1185 1555 vana
1205 1501 1594 1557 ostentatione
1619 1520 1731 1558 non
1751 1504 1997 1575 jactent.

346 1587 773 1661 Interrogabat,
807 1588 1071 1661 inquam,
1106 1590 1441 1663 magistros,
1485 1608 1599 1647 non
1657 1597 1721 1647 ut
1776 1592 1997 1664 aliquid

348 1677 619 1743 disceret,
643 1677 741 1732 sed
766 1681 830 1732 ut
851 1676 1216 1751 interrogans
1236 1679 1513 1736 erudiret.
1541 1681 1621 1736 Ex
1645 1698 1762 1737 uno
1784 1681 1999 1754 quippe

347 1765 624 1822 doctrinae
656 1766 813 1821 fonte
846 1772 1047 1821 manat
1076 1772 1136 1823 et
1173 1768 1532 1842 interrogare
1562 1774 1619 1826 ct
1652 1771 2000 1844 respondere

345 1854 688 1928 sapienter:
741 1860 798 1910 et
826 1856 1093 1927 ejusdem
1128 1857 1383 1914 scientia:
1415 1866 1521 1931 est,
1557 1859 1704 1916 scire
1737 1860 1874 1932 quid
1911 1861 1996 1915 in-

345 1947 632 2018 terrogee,
654 1944 866 2017 quidve
895 1947 1270 2019 respondeas.
1297 1947 1564 2021 Oportuit
1596 1950 1851 2023 primum
1876 1950 1998 2005 Sal-

343 2039 607 2091 vatorem
630 2034 871 2091 eruditae
895 2035 1366 2109 interrogationis
1395 2039 1740 2113 magistrum
1766 2039 1909 2106 fieri,
1936 2043 2000 2095 ut

344 2128 551 2197 postea
564 2124 1123 2198 interrogationibus
1140 2128 1515 2199 responderet
1524 2129 1695 2200 juxta
1710 2130 1992 2184 rationem

344 2214 469 2284 Dei,
503 2220 677 2288 atque
707 2232 1062 2272 sermonem.
1094 2217 1199 2275 Cui
1230 2222 1318 2274 est
1348 2218 1533 2291 gloria
1576 2222 1633 2274 et
1681 2219 1992 2292 imperium

344 2303 409 2361 in
442 2303 654 2362 saecula
686 2305 1055 2363 saeculorum.
1085 2310 1291 2364 Amen.

778 2414 1068 2471 309-10
1109 2414 1410 2471 HOMILIA
1450 2415 1567 2471 XX.

340 2501 423 2558 De
453 2517 513 2559 eo
537 2500 689 2578 quod
717 2505 981 2578 scriptum
1014 2509 1130 2578 est:
1171 2523 1192 2553 ι
1227 2504 1367 2573 Quid
1397 2508 1473 2560 est
1503 2505 1643 2577 quod
1673 2507 1998 2578 quaerebalis

414 2577 550 2630 me?
573 2595 601 2627 ιι
636 2592 809 2647 usque
836 2577 908 2632 ad
938 2593 1063 2631 eum
1092 2577 1269 2632 locum
1300 2578 1395 2631 ubi
1422 2578 1543 2632 ait:
1576 2601 1603 2626 ‹‹
1637 2577 2000 2634 COnservubat

416 2647 603 2702 Maria
631 2649 818 2703 omnia
848 2649 1009 2704 verba
1039 2649 1156 2705 haec
1188 2650 1247 2703 in
1276 2651 1441 2705 corde
1466 2665 1585 2705 suo.
1619 2672 1640 2698 ι
1678 2651 1815 2722 Cap.
1846 2667 1925 2705 in.

414 2753 759 2818 Quazrebant
790 2755 971 2811 Maria
1015 2760 1073 2810 et
1102 2755 1319 2828 Joseph
1354 2756 1506 2812 inter
1536 2756 1742 2811 afﬁnes
1771 2757 1997 2825 Jesum,

338 2846 399 2899 et
431 2860 546 2899 non
577 2843 951 2901 inveniebant
984 2862 996 2900 :
1050 2845 1109 2900 in
1166 2845 1475 2917 comitatu,
1511 2851 1567 2901 et
1596 2846 1853 2903 invenire
1887 2864 2001 2903 non

335 2937 628 3005 poterant.
663 2934 1030 2999 Quaesierunt
1059 2934 1120 2989 in
1152 2934 1416 3007 templo;
1473 2936 1572 2990 sed
1609 2937 1762 3008 apud
1816 2936 2002 3009 magi-

338 3026 518 3093 stros,
543 3026 600 3079 et
620 3023 678 3079 in
705 3023 894 3079 medio
925 3028 1345 3096 praceptorum
1378 3025 1681 3081 inveniunt
1702 3043 1858 3082 eum.
1880 3026 2010 3082 Ubi-

334 3127 573 3184 cunque
603 3112 869 3185 magistri
900 3113 1137 3177 fuerint,
1172 3113 1230 3167 in
1271 3112 1464 3168 medio
1486 3113 1901 3186 magistrorum
1925 3114 2009 3170 in-

336 3200 575 3257 venitur
601 3201 773 3258 Jesus
798 3218 809 3257 :
836 3202 887 3257 si
919 3205 1114 3258 tamen
1139 3203 1421 3276 magister
1451 3205 1652 3259 sedeat
1673 3204 1732 3259 in
1768 3204 2009 3278 templo,

339 3294 402 3347 et
429 3307 749 3364 nunquam.
770 3291 1108 3365 egrediatur
1138 3309 1206 3348 ex
1237 3309 1324 3348 eo.
1360 3293 1588 3348 Profuit
1612 3293 1789 3350 Jesus
1822 3294 2012 3367 magi-

2114 788 2334 861 gelium
2368 787 2655 861 recipiunt
2694 787 3018 844 secundum
3074 788 3307 852 Lucam,
3340 789 3397 842 et
3444 800 3575 857 quae
3605 783 3663 840 in
3696 800 3762 841 eo

2113 883 2253 934 sunt
2281 879 2502 951 scripta
2554 882 2962 935 contemnunt.
3000 879 3146 945 liene,
3180 880 3245 933 ut
3272 875 3411 942 dixi,
3444 874 3563 930 sint
3590 874 3763 930 intel-

2110 966 2261 1024 lecta
2293 968 2641 1041 simplicius.
2675 967 2962 1032 Quoniam
2993 984 3125 1024 vero
3154 966 3404 1023 infertur
3438 983 3451 1021 :
3659 964 3767 1035 Ipsi

2112 1065 2293 1113 autem
2320 1073 2430 1113 non
2458 1057 2846 1113 intellexerunt
2873 1072 3197 1123 sermonem,
3223 1071 3461 1111 sensum
3499 1052 3764 1127 Scriptu-

2112 1163 2185 1201 ra:
2217 1146 2557 1220 diligentius
2577 1146 2945 1213 ventilemus,
2960 1146 3008 1203 si
3028 1150 3193 1203 erant
3214 1143 3378 1202 stulti
3400 1149 3457 1200 et
3483 1142 3762 1216 insipien-

2108 1239 2220 1303 tes,
2246 1240 2310 1291 ut
2340 1236 2630 1293 nescirent
2661 1236 2796 1309 quid
2832 1237 3067 1304 diceret,
3093 1236 3231 1308 quia
3250 1234 3362 1291 hoc
3381 1234 3535 1308 quod
3560 1232 3674 1288 ait:
3701 1232 3763 1287 In

2110 1324 2193 1380 his
2224 1341 2349 1398 quae
2377 1329 2506 1382 sunt
2537 1327 2719 1381 Patris
2746 1327 2876 1390 mei,
2898 1342 2984 1381 me
3011 1340 3128 1381 esse
3156 1331 3383 1392 oportet,
3410 1322 3766 1392 signiﬁcaret

2109 1413 2165 1469 in
2200 1414 2417 1487 templo
2451 1433 2464 1483 ;
2512 1433 2582 1470 an
2615 1414 2772 1471 aliud
2823 1415 3101 1487 quiddam
3134 1413 3312 1471 altius
3362 1412 3671 1485 signiﬁcet,
3705 1414 3764 1466 et

2111 1504 2265 1575 quod
2280 1503 2467 1575 magis
2479 1505 2722 1559 aadificet
2734 1502 3481 1575 audientes.Unusquisque
3497 1506 3763 1556 nostrum

2111 1591 2159 1647 si
2192 1592 2381 1648 bonus
2405 1594 2578 1647 fuerit
2599 1598 2775 1665 atque
2796 1593 3109 1666 perfectus,
3132 1591 3424 1665 possessio
3458 1590 3550 1646 Dei
3579 1590 3764 1645 Patris

2110 1686 2218 1746 est,
2242 1686 2297 1736 et
2327 1681 2502 1737 habet
2524 1681 2582 1737 in
2618 1682 2809 1739 medio
2830 1683 2921 1737 sui
2952 1686 3173 1737 Jesum.
3201 1681 3520 1736 Credamus
3542 1676 3789 1752 quippe‘

2111 1770 2370 1827 dicenti:
2408 1772 2679 1840 Quoniam
2728 1774 2786 1826 in
2830 1773 2913 1827 his
2958 1786 3083 1844 quae
3111 1778 3239 1826 sunt
3283 1772 3467 1826 Patris
3519 1769 3646 1833 mei,
3677 1783 3767 1824 me

2110 1868 2316 1932 oportet
2344 1877 2476 1917 esse.
2508 1861 2693 1933 Magis
2735 1860 3079 1917 rationabile
3126 1864 3301 1932 atque
3331 1857 3545 1926 vivens,
3580 1861 3639 1913 et
3670 1872 3763 1911 ve-

2110 1967 2240 2005 rum
2293 1950 2577 2023 templum
2609 1950 2710 2007 Dei
2756 1950 2863 2007 hoc
2894 1966 3024 2006 esse
3072 1949 3355 2021 suspicor,
3389 1964 3568 2022 quam
3616 1945 3760 2002 illud

2110 2040 2267 2111 quod
2298 2040 2487 2113 typioe
2533 2044 2762 2097 terreno
2807 2057 2978 2113 opere
3029 2042 3429 2095 constructum
3459 2041 3565 2093 est.
3600 2036 3764 2092 Unde

2107 2128 2204 2185 illo
2233 2129 2292 2204 in
2324 2128 2563 2202 templo,
2597 2136 2661 2184 ut
2696 2130 2886 2203 typice
2916 2129 3049 2194 fuit,
3085 2129 3166 2185 ita
3197 2128 3436 2185 recessit
3464 2132 3520 2182 et
3549 2125 3757 2198 typice.

2107 2219 2389 2292 Egressus
2419 2224 2507 2275 est
2528 2219 2683 2275 enim
2711 2221 2780 2275 de
2801 2218 3019 2292 templo
3055 2223 3286 2274 terreno
3308 2217 3507 2274 dicens
3528 2216 3600 2270 5°:
3631 2219 3763 2272 Ecce

2106 2310 2446 2382 relinquetur
2474 2308 2621 2364 vobis
2650 2308 2843 2364 domus
2874 2316 3047 2363 vestra
3067 2307 3302 2377 deserta,
3335 2310 3390 2362 et
3422 2304 3760 2382 relinquens

2107 2380 2348 2453 domum
2379 2396 2540 2453 illam
2566 2398 2728 2453 venit
2751 2398 2819 2452 ad
2854 2397 3281 2468 possessionem
3317 2395 3410 2452 Dei
3437 2380 3657 2455 'Patris.
3688 2393 3760 2448 ad

2108 2487 2393 2543 Ecclesiae
2440 2487 2498 2542 in
2548 2492 2668 2543 toto
2715 2488 2853 2544 orbe
2903 2487 3220 2559 dispersas,
3252 2490 3309 2541 et
3354 2483 3543 2541 dicit:
3580 2487 3647 2541 In
3675 2482 3777 2539 his-

2108 2590 2235 2650 quae
2261 2584 2392 2632 sunt
2419 2578 2603 2633 Patris
2633 2578 2762 2648 mei,
2784 2594 2869 2633 me
2889 2584 3098 2650 oportet
3125 2592 3257 2632 esse.
3291 2576 3455 2632 Tunc
3486 2589 3623 2645 ergo
3646 2589 3761 2629 non

2109 2665 2525 2723 intellexerunt
2561 2668 2823 2733 verbum,
2860 2667 3011 2739 quod
3043 2665 3274 2723 locutus
3303 2669 3392 2721 est
3433 2664 3538 2720 eis.
3573 2662 3761 2719 Simul

2111 2760 2168 2812 et
2212 2754 2356 2810 illud
2407 2756 2710 2821 attendite,
2762 2756 2917 2827 quod
2966 2755 3225 2826 quandiu
3282 2754 3341 2809 in
3392 2750 3762 2826 possessione

2113 2844 2300 2900 Patris
2331 2843 2420 2899 sui
2456 2843 2565 2899 fuit
2583 2862 2817 2899 sursum
2839 2849 2980 2910 erat,
3000 2845 3143 2918 quia
3172 2844 3422 2899 necdum
3446 2841 3679 2915 plenam
3704 2840 3765 2896 fi-

2114 2935 2246 2990 dem
2263 2933 2472 3004 Joseph
2489 2933 2855 3005 et(51’i)Naria
2873 2934 3187 3001 habebant,
3210 2937 3513 3006 propterea
3523 2934 3779 2987 sursum‘

2117 3040 2249 3080 cum
2282 3039 2347 3079 eo
2381 3039 2614 3079 manere
2646 3040 2759 3079 non
2802 3027 3071 3095 poterant
3102 3038 3115 3078 :
3150 3023 3249 3080 sed
3282 3021 3496 3077 dicitur
3523 3020 3765 3095 descen-

2118 3114 2274 3170 disse
2304 3129 2439 3168 cum
2460 3113 2567 3169 eis.
2590 3114 2800 3169 Crebro
2828 3114 3002 3169 Jesus
3023 3113 3324 3169 descendit
3345 3128 3479 3167 cum
3513 3107 3770 3181 discipu-

2120 3202 2192 3258 lis
2215 3202 2361 3268 suis,
2397 3219 2498 3258 nec
2528 3220 2762 3276 semper
2782 3203 3127 3259 versaturin
3158 3206 3379 3269 monte,
3407 3217 3513 3257 nec
3545 3200 3770 3271 absque

2119 3292 2237 3348 ﬁne
2264 3291 2543 3348 sublimia
2587 3296 2763 3349 tenet.
2797 3293 2859 3348 In
2902 3296 3099 3350 monte
3127 3309 3259 3348 cum
3294 3295 3461 3348 Petro
3490 3294 3603 3358 est,
3632 3304 3769 3345 cum
3794 3302 3801 3305 ‘
3830 3326 3841 3337 ε

339 3380 485 3437 stris
506 3381 652 3448 suis,
680 3384 738 3437 et
766 3398 864 3437 eos
895 3399 1043 3454 quos
1064 3382 1425 3453 interrogare
1450 3381 1785 3453 videbatur,
1811 3375 2015 3440 docuit
2121 3381 2357 3453 Jacobo,
2391 3398 2525 3437 cum
2574 3384 2816 3449 Joanne,
2848 3388 2904 3437 et
2953 3398 3189 3438 rursum
3223 3383 3279 3438 in
3326 3380 3442 3441 alio
3473 3379 3599 3437 loco
3631 3394 3767 3434 cum

338 3470 626 3527 in‘medio
657 3486 858 3527 eorum
889 3470 1157 3544 loquens,
1191 3476 1249 3526 et
1280 3472 1723 3544 quodammodo
1756 3474 2007 3530 concita-
2038 3454 2081 3523 C
2120 3470 2341 3526 caeteris
2363 3469 2666 3541 discipulis
2694 3471 2758 3523 ⁵ο.
2787 3470 2959 3526 Porro
2991 3471 3130 3542 quia
3149 3488 3265 3526 non
3287 3467 3632 3525 valebanthi
3665 3465 3769 3540 qui

339 3561 446 3617 bat
474 3575 571 3616 eos
600 3560 671 3615 ad
720 3561 1053 3632 quaerenda,
1086 3578 1214 3632 quae
1270 3577 1460 3633 usque
1517 3562 1587 3616 ad
1623 3563 1677 3617 id
1731 3562 2012 3640 locorum,

339 3654 546 3705 utrum
580 3648 817 3715 scirent,
850 3667 921 3705 an
965 3650 1322 3723 ignorarent,
1356 3666 1533 3706 nosse
1566 3667 1682 3706 non
1724 3656 2009 3724 poterant.

338 3737 650 3796 Invenitur
677 3738 852 3796 Jesus
873 3737 931 3794 in
966 3737 1156 3795 medio
1180 3738 1625 3813 magistrorum,
1650 3743 1708 3795 et
1738 3739 2014 3797 inventus

340 3827 491 3884 dicit
537 3828 945 3900 quaesitoribus
989 3829 1110 3884 suis
1146 3844 1159 3884 :
1200 3829 1343 3898 Quid
1373 3837 1450 3883 est
1499 3830 1630 3901 quia
1679 3830 2014 3901 quaerebatis

341 3934 434 3973 me
452 3919 479 3971 .9
505 3918 829 3974 Nesciebatis
854 3919 984 3990 quia
998 3919 1061 3974 in
1088 3918 1178 3974 his
1207 3934 1333 3991 qua?
1361 3921 1486 3975 sunt
1512 3920 1695 3975 Patris
1716 3921 1827 3975 mei
1854 3935 2012 3991 opor-

344 4012 423 4065 tet
450 4023 536 4063 me
563 4024 683 4064 esse
701 4010 726 4062 .9
755 4008 871 4079 (53)
899 4008 1164 4064 Primum
1189 4008 1534 4081 simpliciter
1564 4009 1897 4065 sentientes
1928 4026 2013 4064 ar-

346 4113 584 4154 memur
611 4098 892 4164 adversus
923 4098 1137 4169 impios
1170 4098 1497 4164 haereticos,
1532 4098 1633 4171 qui
1665 4098 1873 4154 dicunt
1895 4115 2011 4154 non

347 4202 481 4244 esse
509 4186 879 4244 Conditorem
913 4186 1143 4243 Patrem
1174 4186 1390 4244 Christi
1420 4188 1585 4259 Jesu,
1621 4204 1809 4260 neque
1828 4187 2011 4245 Deum

348 4275 520 4350 legis,
552 4276 652 4332 sed
684 4292 788 4332 nec
820 4274 1269 4349 prophetarum.
1296 4277 1443 4332 Ecce
1478 4278 1661 4345 Pater,
1685 4278 1837 4333 Deus
1870 4281 2013 4332 tem-

348 4364 435 4439 pli
458 4366 759 4423 asseritur.
787 4365 1150 4422 Erubescant
1173 4365 1573 4423 Valentiniani
1598 4368 1900 4423 audientes
1921 4368 2011 4424 Je-

350 4471 487 4512 sum
518 4454 879 4528 inquientem
915 4472 927 4511 :
962 4457 1025 4511 In
1056 4455 1140 4510 his
1169 4469 1297 4528 quae
1323 4463 1452 4512 sunt
1479 4457 1671 4513 Patris
1712 4458 1824 4512 mei
1854 4473 2011 4530 opor-

423 4615 470 4651 ⁵⁹
511 4614 719 4672 Matth.
767 4629 932 4672 uni.
966 4615 1036 4671 38
1080 4614 1127 4651 ⁶⁰
1145 4614 1348 4671 Matth.
1396 4617 1641 4684 xvn,1;
1695 4633 1894 4686 xxvm,
1920 4617 2007 4674 16.

565 4776 793 4849 Easdem
826 4777 1055 4849 sebo-da;
1078 4792 1098 4849 7:
1133 4776 1392 4849 Ἐγταῦθᾳ
1422 4775 1474 4849 oi
1505 4774 2008 4849 ditogt’ialewivou

350 4844 640 4925 hodovtsc
666 4844 751 4925 δτι
787 4850 921 4925 ρεοῦ
945 4846 1019 4925 ᾗχί
1067 4848 1095 4901 ὁ
1124 4847 1270 4925 κίᾳὸς⁸
1299 4847 1388 4901 καὶ
1419 4847 1486 4916 ἦν
1536 4845 1589 4925 ἐγ
1626 4844 1784 4910 ἰδίοις
1818 4849 1846 4903 ὁ
1878 4854 2008 4925 Χρι-

349 4919 500 4996 ςτὸς,
535 4918 683 4996 ὁ-καὶ
734 4916 907 4996 πάλᾳι
940 4915 1030 4973 διὰ
1071 4922 1169 4972 τοῦ
1212 4917 1385 4996 νᾴμου
1415 4915 1780 4996 γραφρμβνρς,
1810 4915 2007 4996 καὶ

349 4988 404 5045 ἐν
458 4994 633 5067 σκιαῖς
679 4990 771 5067 κ.αᾴ
812 4989 1003 5067 simpl:
1056 4988 1478 5067 pepigi-oripsvog,
1515 4988 1869 5067 άῖδξείσθωσαγ
1915 4989 2006 5047 λέ-

350 5082 564 5137 γρῖςεες,
595 5060 813 5137 δτι-οὐχ
843 5063 870 5117 ὁ
904 5058 1429 5137 δημιὸυργὶξςέούᾅὲ
1459 5063 1487 5117 ὁ
1526 5063 1657 5137 Θεὸς
1686 5068 1781 5117 τοῦ
1811 5062 2004 5137 νόμου,

351 5130 480 5210 {ipse
538 5135 584 5210 ὁη
616 5130 898 5210 Osee-EOS
956 5130 1123 5210 veroid;
1161 5130 1335 5210 ρὖεεόςΔ
1384 5132 1520 5210 tortu
1587 5136 1610 5189 ὃ
1666 5130 2007 5210 [Iasio-:05

351 5206 611 5280 Χριστοῦ.
643 5206 906 5280 Ηοσγιοσο
963 5208 1337 5263 Valentiniani
1364 5208 1666 5280 audientes
1711 5209 1807 5264 Dei
1826 5206 2009 5280 fuisse

346 5278 633 5351 templum,
662 5285 714 5335 et
756 5279 818 5333 in
844 5281 1085 5351 propriis
1130 5282 1301 5348 [uisse
1344 5279 1621 5335 Christum
1666 5278 1841 5351 quem
1872 5282 2006 5337 olim

353 5350 1067 5424 lex’praedixerat,7quippe
1113 5354 1377 5424 tanquam
1408 5351 1467 5405 in
1516 5350 1727 5407 umbris
1756 5369 1821 5407 ac
1860 5356 2005 5424 typis

345 5422 886 5496 reprirsentabatur,‘
915 5422 1239 5479 erubescant
1282 5423 1485 5490 dicere,
1535 5440 1709 5496 neque
1753 5422 2002 5480 condito-

343 5510 483 5565 rem,
510 5495 888 5567 nequeDeum
935 5496 1092 5565 legis,
1123 5509 1302 5567 neque
1330 5496 1503 5550 Deum
1548 5497 1739 5567 templi
1785 5499 2006 5551 Patrem

342 5582 460 5624 esse
492 5565 721 5621 Christi.
756 5565 991 5623 Romus.

414 5638 533 5707 (54)
564 5640 781 5710 Verum
804 5642 906 5710 est
938 5637 1101 5710 adeo,
1133 5636 1192 5693 in
1222 5637 1281 5692 S.
1314 5636 1615 5710 Virginem
1648 5637 2001 5709 injuriosum

341 5725 477 5767 esse
503 5709 947 5781 Adamantium.
976 5708 1161 5773 Quam
1193 5708 1631 5781 dixerat'i-upra
1675 5708 1875 5765 homil.
1914 5712 2000 5776 14,

341 5781 697 5855 purgatione
729 5780 1073 5855 indiguisse,
1097 5786 1157 5836 et
1186 5786 1390 5855 postea
1419 5780 1625 5855 humi],
1650 5783 1735 5850 17,
1761 5782 2003 5855 scanda-

342 5852 490 5928 ium'
504 5858 740 5928 passam
761 5852 1307 5928 dubitationemque
1332 5854 1403 5910 de
1431 5854 1576 5910 Filio
1601 5871 1614 5909 :
1639 5871 1793 5928 nunc
1816 5852 2000 5928 multo

339 5923 632 5985 audacius
681 5923 1107 5984 incredulitatis
1157 5929 1397 5984 accusat
1423 5929 1528 5985 aut
1574 5925 1793 5999 exigue
1841 5925 1998 5984 ﬁdei.

2122 3560 2296 3615 variis
2327 3559 2802 3632 aegrotationibus
2842 3558 3209 3624 laborabant,
3241 3558 3301 3613 in
3347 3562 3606 3613 montem
3637 3562 3782 3611 σου-⁷

2123 3649 2418 3717 scendere,
2468 3648 2684 3704 idcirco
2728 3648 3050 3721 descendit,
3092 3654 3150 3705 et
3194 3647 3352 3704 venit
3402 3647 3473 3702 ad
3521 3662 3621 3701 eos
3666 3642 3768 3716 qui

2122 3738 2396 3794 deorsum
2446 3742 2629 3793 erant.
2662 3737 2828 3793 Nunc
2858 3755 3091 3810 quoque
3123 3737 3402 3794 scribitur
3432 3753 3444 3790 :
3480 3733 3772 3791 Descendit

2122 3844 2245 3884 cum
2273 3830 2376 3897 eis,
2407 3836 2461 3883 et
2490 3829 2638 3883 venit
2682 3828 2955 3884 Nazareth
2987 3824 3121 3900 (55),
3151 3835 3203 3884 et
3244 3825 3642 3899 subjiciebatur
3668 3825 3765 3880 eis.

2121 3917 2451 3984 Discamus,
2479 3916 2608 3983 filii,
2642 3917 2891 3989 subjecti
2940 3934 3070 3973 esse
3114 3916 3456 3989 parentibus
3505 3912 3719 3971 nostris
3752 3929 3766 3969 :

2124 4008 2311 4076 major
2339 4007 2546 4061 minori
2570 4007 2901 4077 subjicitur.
2916 4007 3063 4062 Nam
3082 4007 3223 4078 quia
3243 4007 3523 4078 majorem
3550 4001 3768 4076 Joseph

2119 4096 2354 4152 videbat
2388 4099 2576 4161 astate,
2609 4100 2913 4168 propterea
2960 4112 3093 4151 eum
3126 4095 3385 4167 parentis
3417 4095 3633 4149 honore
3682 4107 3773 4147 co-

2122 4183 2250 4251 luit,
2283 4183 2559 4239 omnibus
2602 4182 2740 4238 filiis
2785 4182 3117 4254 exemplum
3148 4183 3436 4250 tribuens,
3471 4187 3536 4237 ut
3584 4180 3781 4252 subjiw

2121 4274 2354 4330 ciantur
2376 4272 2740 4345 parentibus.
2772 4271 2933 4336 Quod
2965 4272 3015 4327 si
3050 4275 3241 4341 patres
3273 4271 3345 4326 iis
3379 4288 3492 4327 non
3534 4270 3767 4339 fuerint,

2121 4362 2512 4433 subjiciuntur
2542 4361 2632 4417 his
2663 4361 2763 4433 qui
2810 4364 3041 4433 patrum
3075 4363 3305 4415 aetatem
3350 4359 3588 4414 habent.
3618 4356 3767 4422 Quid

2120 4452 2330 4526 loquar
2357 4451 2430 4507 de
2460 4450 2801 4524 parentibus
2830 4454 2905 4507 .et
2932 4449 3069 4507 {iliis
3088 4448 3117 4505 ‘I
3148 4448 3208 4506 Si
3237 4448 3411 4505 Jesus
3457 4446 3637 4504 Filius
3667 4444 3769 4503 Dei

2118 4775 2324 4833 Recole
2372 4793 2498 4847 quae
2556 4773 2811 4847 laudatis
2870 4775 3033 4843 locis,
3096 4776 3166 4831 ad
3226 4775 3612 4847 retudendam
3669 4790 3771 4831 ca-

2042 4832 2088 4898 D
2121 4832 2408 4903 lumniani
2441 4864 2508 4903 ac
2536 4846 2959 4920 vindicandam,
2982 4832 3054 4904 ah
3077 4847 3236 4920 omni
3270 4847 3491 4920 peccati
3523 4846 3653 4903 labe
3676 4847 3773 4904 Dei

2120 4921 2389 4986 Matrem,
2413 4920 2690 4974 diximus.
2724 4918 2890 4974 Nunc
2917 4918 2963 4976 si
2988 4918 3137 4975 tanti
3156 4924 3244 4975 est
3265 4918 3335 4975 ad
3371 4920 3769 4975 excusandum

2120 4992 2449 5065 Origenem.
2474 4990 2621 5065 Sixti
2652 4990 2930 5047 Senensis
2950 4990 3051 5047 lib.
3084 5008 3119 5046 v
3146 4992 3515 5065 Bibliotheca:
3534 4991 3773 5046 adnota-

2118 5063 2339 5136 tionem
2388 5064 2491 5117 140
2539 5064 2978 5136 subnectamus.
3032 5069 3199 5136 Puto,
3237 5063 3454 5136 inquit,
3486 5064 3771 5131 Origenem

2118 5135 2376 5193 vocabulo
2401 5135 2582 5207 plenae
2612 5134 2761 5205 ﬁdei,
2788 5135 3121 5207 intellexisse
3144 5134 3375 5207 plenam
3402 5136 3770 5207 cognitionem

2116 5209 2365 5263 omnium
2394 5203 2786 5279 mysteriorum
2800 5206 3112 5263 divinitatis
3140 5203 3193 5263 et
3224 5203 3767 5279 humanitatis_0hri-

2113 5281 2206 5349 sti,
2240 5295 2405 5350 quam
2454 5275 2639 5336 Maria
2676 5280 2829 5349 Virgo
2860 5278 3101 5351 non/lum
3146 5295 3205 5335 eo
3225 5288 3465 5351 tempore
3508 5275 3766 5341 habebat,

2116 5352 2364 5423 quamvis
2391 5366 2460 5407 ea
2496 5352 2687 5406 omnia
2714 5365 2841 5423 quae
2888 5355 3005 5406 tum
3033 5350 3097 5407 de
3129 5350 3348 5408 Christo
3378 5355 3616 5418 noverat,
3648 5362 3766 5402 cer-

2113 5425 2325 5479 tissima
2350 5429 2401 5478 et
2428 5425 2749 5478 inconcussa
2776 5424 2892 5493 ﬁde
2920 5431 3148 5479 teneret.-

2186 5496 2299 5566 (55)
2349 5494 2577 5550 Eaedem
2656 5485 2894 5566 schedia,
2962 5512 2975 5550 :
3046 5493 3143 5566 Καξ
3216 5493 3250 5561 ἦ
3327 5485 3765 5566 ὑπ-οτᾳ-σσόμενρς

2114 5556 2320 5635 ᾳῦὲοῖέ.
2349 5566 2640 5635 ᾲΔέὰγτοῦτο
2673 5560 2730 5618 δὲ
2758 5567 2823 5634 ἦν
2877 5556 3311 5635 ὑποτασσόμεκίος
3348 5560 3559 5635 αὐτοῖς’,
3587 5556 3765 5635 ἧψά·

2114 5633 2313 5712 δειγμα
2343 5632 2526 5698 διδοὺς
2556 5641 2684 5712 qtae:
2726 5630 2842 5712 rch
2888 5638 3048 5705 υἱοῖς,
3093 5630 3184 5712 ’ίγὰ
3216 5636 3439 5712 figulum
3482 5630 3609 5712 toi):
3641 5630 3762 5712 ἔξιμ-

2110 5704 2444 5783 τῷὖ’γογεῖς,
2493 5708 2581 5762 καὶ
2634 5704 3042 5783 ὑποτάσσωνταιζ
3079 5704 3407 5783 εὐτοῖςίΑΕὶ
3452 5710 3592 5783 erat
3625 5706 3764 5783 sub-

2114 5778 2271 5854 ditus
2304 5778 2442 5837 illis.
2473 5786 2769 5854 Propterea
2809 5789 2926 5836 erat
2954 5778 3204 5854 subditus
3252 5779 3390 5846 illis,
3417 5779 3669 5854 omnibus
3698 5778 3764 5854 ﬂ:

2111 5853 2208 5908 liis
2235 5852 2373 5909 dans
2402 5850 2737 5925 exemplum,
2768 5856 2833 5907 ut
2875 5854 3129 5923 parentes
3160 5850 3365 5909 honore
3413 5851 3683 5924 afﬁciant,
3713 5852 3768 5910 et

2109 5925 2187 5985 eis
2214 5926 2607 5998 subjiciuntur.
2642 5925 2879 5984 Rugus.
