4304 6602
366 438 491 508 285

791 443 1287 507 TRANSLATI’)
1332 440 1837 504 llOMlLIARUM
1884 434 2255 501 ORlGENlS
2299 435 2380 498 IN
2425 438 2719 502 LUCAM.
2753 472 2831 486 --
2860 440 3134 503 HOMIL.
3178 439 3365 504 XXII.

3658 432 3789 502 ’286

369 590 551 653 quam
581 576 711 651 ejus
742 594 867 651 quae
898 577 1073 634 habet
1094 577 1282 633 virum
1303 578 1379 632 ‘5:
1414 578 1627 633 idcirco
1688 577 1901 632 factum
1927 581 2016 631 est
2047 573 2100 637 Α
2131 579 2314 645 Quam
2349 578 2501 633 viam
2538 577 2777 634 Domino
2809 577 3247 650 prasparemus?
3275 575 3553 649 Nunquid
3577 584 3783 650 co'rpo-

363 667 615 727 verbum
645 668 744 725 Dei
769 668 840 725 ad
861 670 1143 725 Joannem
1166 667 1353 725 filium
1376 668 1661 725 Zachariae
1682 667 1742 723 in
1766 668 2015 725 deserto.

368 756 678 832 Simulque
705 759 1013 815 considera
1042 759 1196 832 quod
1233 760 1418 831 magis
1449 759 1729 815 rationem
1762 758 1939 813 habet
1968 758 2017 814 si

368 848 615 922 mystice
646 847 1008 920 intelligatur
1060 849 1376 913 desertum.
1424 854 1480 905 et
1531 866 1645 904 non
1692 847 2017 905 secundum

368 937 702 1011 simplicem
733 937 1008 994 litteram.
1043 938 1147 1003 Qui
1180 939 1334 994 enim
1368 939 1426 994 in
1458 940 1689 994 deserto
1721 938 2016 1010 prmdicat,

372 1027 670 1101 superﬂue
699 1027 833 1084 facit
862 1027 943 1083 ibi
974 1028 1296 1094 vociferari,
1330 1029 1429 1084 ubi
1454 1046 1513 1083 se
1536 1028 1871 1100 loquentem
1896 1027 2020 1083 nul-

371 1116 470 1175 lus
497 1117 788 1175 exaudiat.
823 1122 1155 1174 Praacursor
1185 1134 1321 1190 ergo
1377 1118 1611 1189 Christi,
1671 1124 1728 1174 et
1764 1135 1874 1174 vox
1902 1118 2017 1173 cla-

376 1205 665 1265 mantisin
681 1207 934 1274 deserto,
960 1208 1238 1281 prasdicat
1272 1208 1331 1263 in
1367 1209 1593 1264 deserto
1626 1208 1856 1276 animae,
1891 1224 2017 1279 quas

371 1314 493 1354 non
524 1296 779 1354 habebat
812 1315 1033 1371 pacem.
1086 1299 1209 1353 Non
1260 1298 1453 1354 solum
1503 1303 1695 1354 autem
1727 1303 1888 1364 tunc,
1918 1298 2016 1354 sed

365 1389 424 1445 et
454 1386 515 1443 in
546 1388 816 1455 praesenti
865 1388 1123 1460 primum
1180 1388 1418 1444 lucerna
1472 1389 1685 1444 ardens
1715 1393 1773 1444 et
1820 1389 2021 1443 lucens

367 1476 544 1543 venit,
567 1480 623 1533 et
642 1477 998 1549 praedicabat
1024 1478 1321 1550 baptisma
1343 1478 1719 1551 poenitentiae,
1744 1477 1803 1533 in
1822 1476 2022 1533 remis-

369 1564 595 1623 sionem
627 1572 997 1638 peccatorum
1024 1586 1036 1625 :
1071 1568 1280 1625 deinde
1306 1568 1404 1624 lux
1433 1586 1568 1624 vera
1616 1566 2019 1638 subsequitur,

356 1656 611 1728 °quando
641 1655 879 1714 lucerna
908 1658 1038 1729 ipsa
1089 1657 1387 1729 loquitur:
1448 1659 1609 1715 Illum
1667 1660 1869 1728 oportet
1906 1672 2020 1711 cre-

369 1761 537 1818 scere,
561 1763 649 1804 me
666 1752 850 1803 autem
870 1749 1055 1804 minui
1068 1751 1111 1784 57
1134 1750 1245 1820 (58)
1272 1768 1289 1804 :
1308 1749 1398 1804 Fit
1417 1749 1661 1804 verbum
1689 1747 1747 1802 in
1771 1747 2020 1811 deserto,

372 1840 431 1893 et
459 1835 617 1892 venit
647 1838 717 1893 ad
750 1854 982 1893 omnem
1016 1837 1166 1893 circa
1200 1838 1491 1907 regionem
1550 1836 1843 1894 Jordanis.
1888 1837 2022 1901 Quae

371 1927 530 1984 enim
560 1926 675 1983 alia
704 1926 832 1983 loca
862 1928 1064 1984 debuit
1090 1930 1333 1985 circuire
1360 1930 1643 2001 Baptista,
1687 1928 1801 1984 nisi
1834 1926 2022 1982 vicina

370 2016 669 2085 Jordanis,
701 2022 766 2073 ut
795 2018 1132 2091 quicunque
1161 2019 1485 2075 voluissent
1529 2035 1697 2089 agere
1738 2018 2024 2089 poeniten-

363 2105 541 2170 tiam,
565 2112 781 2179 praesto
809 2112 1007 2164 essent
1032 2110 1105 2164 ad
1128 2108 1421 2165 lavacrum
1456 2126 1616 2181 aqum
1638 2108 1666 2163 ?
1694 2113 1867 2163 Porro
1898 2107 2026 2162 Joro

375 2197 1815 2271 danis(59)descendensinterpretati]r.Descendens
1830 2202 2023 2253 autem

374 2291 434 2343 et
460 2286 621 2359 largo
653 2288 878 2359 impetu
911 2305 1153 2345 currens
1186 2290 1400 2344 fluvius
1423 2289 1522 2344 Dei
1545 2287 1809 2343 Salvator
1830 2290 2028 2343 noster

373 2375 660 2435 Dominus
690 2382 799 2445 est,
859 2378 917 2433 in
976 2395 1089 2450 quo
1150 2379 1536 2451 baptizamur.
1596 2378 1781 2441 Quam
1826 2393 2024 2432 veram

354 2482 597 2538 'aquam
628 2466 966 2531 salutarem,
991 2469 1050 2523 in
1074 2468 1478 2525 remissionem
1512 2484 1746 2540 quoque
1765 2470 2025 2538 peccato-

375 2571 512 2612 rum
544 2557 603 2613 in
636 2556 929 2629 baptismo
962 2557 1271 2629 przedicat:
1328 2556 1538 2623 venite,
1600 2552 2025 2620 catechumeni,

377 2645 533 2717 agite
563 2647 991 2719 penitentiam,
1026 2652 1091 2702 ut
1119 2647 1179 2702 in
1212 2647 1621 2703 remissionem
1655 2651 2024 2719 peccatorum

372 2734 671 2809 baptisma
683 2737 1147 2809 consequamini.
1162 2739 1219 2792 in
1233 2738 1635 2793 remissionem
1653 2738 2024 2807 peccatorum

371 2824 475 2880 ille
506 2825 715 2897 accipit
744 2826 1057 2897 baptisma,
1092 2827 1189 2898 qui
1224 2844 1460 2898 peccare
1505 2826 1756 2881 desistit.
1800 2824 1859 2879 Si
1892 2824 2026 2893 quis

369 2915 531 2971 enim
563 2932 810 2988 peccans
862 2916 931 2972 ad
982 2916 1280 2973 lavacrum
1340 2916 1495 2971 venit
1552 2914 1654 2985 [αι.
1707 2915 1780 2985 ei]
1814 2932 1928 2970 non
1963 2914 2028 2969 fit

364 3006 642 3062 remissio
673 3009 1064 3079 peccatorum.
1126 3008 1438 3078 Propterea
1493 3006 1731 3061 obsecro
1786 3022 1908 3067 vos,
1956 3020 2027 3058 ne

371 3094 601 3168 absque
631 3095 859 3152 cautela
888 3100 943 3151 et
973 3095 1237 3168 diligenti
1270 3096 1789 3168 circumspectione
1820 3096 1886 3149 ad
1924 3094 2025 3150 ba-

369 3182 663 3257 ptismum
693 3184 958 3250 veniatis,
994 3186 1090 3240 sed
1143 3186 1467 3241 ostendatis
1518 3184 1773 3256 primum
1802 3184 2026 3238 fructus

372 3272 586 3345 dignos
610 3273 985 3345 pmnitentiss.
1006 3266 1211 3330 'Facite
1242 3275 1463 3346 aliquid
1489 3273 1770 3346 temporis
1800 3272 1860 3328 in
1893 3290 2037 3329 con-.

366 3362 701 3419 versatione
730 3363 903 3429 bona,
953 3364 1209 3419 mundos
1257 3381 1360 3419 vos
1409 3382 1442 3419 a
1491 3364 1719 3419 cunctis
1750 3363 2023 3418 sordibus
2055 3336 2098 3402 δ

368 3452 649 3525 vitiisque
679 3458 940 3509 servate:
976 3459 1033 3509 et
1061 3458 1202 3508 tunc
1231 3454 1396 3509 vobis
1448 3453 1715 3508 remissio
1763 3458 2029 3525 peccato-

364 3558 507 3598 rum
539 3543 658 3608 fiet,
689 3543 923 3615 quando
954 3542 1245 3614 coeperitis
1276 3548 1333 3598 et
1357 3542 1467 3614 ipsi
1520 3542 1755 3614 propria
1791 3546 2028 3612 peccata

370 3635 764 3689 contemnere.
792 3631 1074 3687 Dimittite
1105 3632 1317 3686 delicta
1344 3636 1555 3700 vestra,
1580 3634 1635 3685 et
1658 3629 2027 3685 dimittantur

354 3719 555 3777 ‘vobis.
585 3718 705 3777 Hoc
737 3725 934 3777 autem
967 3720 1160 3793 ipsum
1195 3722 1350 3793 quod
1384 3738 1539 3777 nunc
1569 3721 1641 3776 de
1688 3719 1879 3776 Veteri
1932 3719 2023 3775 ln-

350 3813 698 3866 ‘strumento
730 3810 984 3882 ponitur,
1020 3811 1080 3867 in
1114 3812 1265 3867 Isaia
1295 3810 1579 3883 propheta
1627 3810 1908 3881 scriptum
1941 3808 2023 3865 le-

368 3899 587 3973 gimus,
618 3898 700 3954 ibi
745 3900 901 3955 enim
934 3899 1150 3956 dicitur
1174 3917 1187 3956 :
1227 3902 1338 3957 Vox
1365 3902 1655 3956 clamantis
1684 3899 1745 3955 in
1774 3898 1982 3955 deserto
2003 3918 2022 3953 :

368 3986 570 4044 Parate
592 3990 741 4044 viam
793 3990 1033 4061 Domini,
1092 3994 1265 4047 rectas
1317 3992 1485 4064 facite
1540 3992 1762 4046 semitas
1808 3991 1927 4061 ejus
1954 3989 2017 4043 ⁸⁸.

356 4076 511 4133 ‘Vult
539 4078 823 4135 Dominus
854 4078 913 4134 in
943 4080 1110 4136 vobis
1140 4080 1396 4153 reperire
1424 4081 1601 4151 viam,
1636 4084 1702 4134 ut
1745 4078 1931 4151 possit
1961 4077 2020 4135 in

364 4169 596 4223 vestras
627 4166 858 4224 animas
878 4167 1129 4240 ingredi,
1152 4173 1209 4225 et
1227 4170 1337 4225 iter
1356 4186 1533 4225 suum
1556 4169 1759 4225 facere.
1795 4168 2019 4239 Praepa-

352 4260 493 4312 ’rate
520 4256 574 4313 ei
605 4257 900 4328 semitam,
932 4259 1005 4313 de
1035 4275 1153 4330 qua
1182 4259 1398 4314 dicitur
1426 4277 1439 4315 :
1476 4261 1658 4315 Rectas
1676 4258 1842 4330 facite
1862 4258 2020 4313 semi-

352 4348 455 4401 ‘tas
508 4346 657 4419 ejus:
721 4346 833 4403 Vox
887 4348 1179 4403 clamantis
1232 4349 1293 4403 in
1321 4348 1553 4404 deserto.
1612 4347 1735 4403 Vox
1782 4346 2016 4414 clamat,

356 4438 694 4508 ‘prmparate
718 4435 896 4492 viam.
925 4435 1120 4492 Primo
1150 4434 1306 4492 enim
1334 4454 1446 4492 vox
1503 4437 1575 4492 ad
1618 4453 1787 4492 aures
1817 4451 2018 4506 perve-

2129 685 2287 725 ream
2309 670 2337 725 ?
2368 673 2483 725 Aut
2513 673 2704 742 potest
2727 684 2919 725 sermo
2949 666 3052 726 Dei
3100 667 3203 725 tali
3251 667 3459 725 itinere
3488 684 3726 740 pergere
3750 665 3781 723 7

2130 764 2217 816 An
2251 760 2606 817 intrinsecus
2639 759 3019 833 praeparanda
3048 764 3138 816 est
3184 758 3452 824 Domino,
3504 757 3562 814 in
3605 759 3777 814 corde

2131 854 2332 906 nostro
2364 854 2521 906 recta
2548 854 2604 905 et
2634 849 2874 923 aequalis
2907 849 3119 906 semita
3165 848 3568 922 componenda
3587 847 3616 903 Ἰ
3644 851 3779 904 Hzec

2130 945 2219 997 est
2249 941 2341 997 via
2374 959 2475 1014 per
2504 958 2679 1013 quam
2731 941 3035 1013 ingressus
3086 944 3174 997 est
3205 956 3397 997 sermo
3434 937 3555 1004 Dei,
3588 938 3686 1012 qui
3718 939 3777 994 in

2130 1030 2375 1087 humani
2407 1032 2668 1105 corporis
2696 1031 3014 1102 capacitate
3044 1030 3332 1088 consistit.
3382 1030 3661 1101 Magnum
3694 1032 3783 1085 est

2130 1137 2230 1177 cor
2258 1121 2538 1186 hominis,
2563 1127 2619 1177 et
2640 1122 2989 1193 spatiosum,
3014 1125 3070 1177 et
3095 1138 3296 1193 capax,
3316 1119 3365 1175 si
3386 1123 3584 1175 tamen
3607 1135 3783 1174 mun-

2131 1211 2274 1267 dum
2305 1211 2500 1267 fuerit.
2519 1211 2622 1267 Vis
2644 1212 2771 1282 ejus
2795 1211 3261 1283 magnitudinem
3286 1208 3781 1280 latitudinemque

2131 1284 2479 1374 cognoscere
2494 1301 2523 1356 ?
2544 1301 2687 1357 Vide
2708 1305 2986 1372 quantam
3002 1301 3330 1357 divinorum
3346 1314 3629 1356 sensuum
3653 1314 3778 1353 ma-

2131 1392 2500 1463 gnitudinem
2523 1394 2614 1449 8|
2630 1393 2812 1448 8-14
2833 1390 3042 1463 capiat.
3066 1392 3218 1461 Ipse,
3234 1389 3333 1456 ait,
3349 1387 3508 1444 dedit
3532 1387 3675 1443 mihi
3690 1403 3781 1443 eo-

2132 1499 2285 1547 rum,
2304 1499 2431 1554 que:
2458 1487 2617 1547 sunt,
2642 1482 2933 1547 notitiam,
2958 1480 3245 1536 rationem
3296 1477 3500 1535 mundi
3526 1476 3695 1541 scire,
3730 1479 3788 1531 et

2132 1588 2305 1644 opera
2334 1572 2778 1641 elementorum,
2802 1570 3155 1643 principium
3187 1573 3245 1624 et
3273 1569 3448 1625 ﬁnem
3480 1570 3535 1623 et
3566 1564 3784 1622 medie-

2132 1665 2311 1717 tatem
2344 1661 2712 1729 saeculorum,
2746 1664 3079 1731 temporum
3107 1659 3435 1728 varietates,
3459 1661 3517 1713 et
3534 1654 3785 1711 transla-

2130 1751 2348 1807 tionem
2383 1750 2700 1815 mensium,
2736 1766 3024 1805 annorum
3082 1748 3351 1818 circulos,
3409 1750 3467 1803 et
3523 1745 3781 1800 siderum

2133 1842 2321 1910 sedes,
2354 1846 2597 1897 naturas
2641 1840 3007 1907 animalium,
3068 1842 3124 1893 et
3180 1838 3406 1893 furores
3434 1833 3782 1905 bestiarum,

2055 1954 2104 2022 Β
2135 1930 2451 2001 spirituum
2482 1929 2809 1999 violentias,
2842 1933 2899 1985 et
2928 1926 3310 2022 cogitationes
3338 1924 3671 2022 hominum,
3694 1922 3783 2022 di-

2136 2020 2441 2077 versitates
2510 2021 2808 2083 arborum,
2876 2022 2935 2074 et
2989 2018 3107 2073 vim
3165 2016 3431 2073 radicum
3472 2015 3538 2070 ‘9.
3605 2012 3784 2069 Vides

2139 2128 2254 2167 non
2289 2127 2533 2183 parvum
2589 2126 2719 2166 esse
2774 2125 2875 2165 cor
2928 2106 3211 2169 hominis,
3271 2106 3428 2178 quod
3484 2108 3653 2160 tanta
3693 2119 3787 2159 ca-

2137 2201 2279 2273 piat.
2330 2200 2530 2272 Neque
2577 2199 2637 2255 in
2686 2198 2946 2270 corporis
2994 2198 3341 2269 quantitate,
3392 2195 3491 2251 sed
3539 2194 3597 2249 in
3629 2192 3793 2249 forti—

2138 2290 2339 2347 tudine
2369 2292 2498 2361 ejus
2528 2288 2810 2361 intellige,
2843 2306 2969 2359 quae
3001 2291 3223 2343 tantam
3257 2285 3563 2342 scientiam
3595 2282 3792 2355 capiat

2135 2379 2412 2436 veritatis.
2443 2379 2512 2436 Ut
2534 2384 2731 2434 autem
2762 2382 2818 2433 et
2849 2376 3145 2450 simplices
3179 2390 3444 2448 quosque
3490 2369 3784 2444 quotidia-

2138 2470 2231 2526 nis
2257 2468 2540 2542 exemplis
2564 2468 2633 2525 ad
2660 2468 3018 2525 credendum
3044 2466 3356 2533 adducam,
3382 2463 3535 2537 quod
3561 2459 3783 2535 grande

2137 2560 2215 2616 sit
2230 2577 2331 2615 cor
2350 2559 2632 2624 hominis,
2655 2559 2982 2614 videamus.
3007 2554 3587 2627 Quascunqueurbes
3599 2556 3787 2607 trans-

2137 2649 2373 2716 ivimus,
2406 2648 2698 2703 habemus
2730 2647 2861 2703 illas
2888 2648 2945 2703 in
2992 2646 3209 2715 animo,
3257 2647 3314 2701 et
3361 2641 3697 2715 qualitates,
3733 2642 3790 2695 et

2136 2738 2289 2794 situs
2319 2737 2666 2809 platearum,
2697 2751 3142 2808 murorumque,
3192 2738 3252 2790 et
3300 2729 3677 2789 aedificiorum
3727 2726 3787 2783 in
3830 2802 3833 2805 δ

2137 2827 2308 2883 corde
2331 2831 2530 2883 nostro
2549 2830 2877 2882 versantur.
2898 2825 3066 2880 Viam
3091 2839 3268 2896 quam
3287 2818 3533 2895 ingressi
3558 2833 3788 2885 sumus,

2134 2917 2193 2973 in
2250 2916 2545 2972 memoriae
2593 2916 2821 2986 pictura
2871 2932 2936 2971 ac
2983 2911 3376 2985 descriptione
3424 2907 3784 2964 retinemus:

2136 3023 2295 3063 mare
2319 3007 2473 3078 quod
2492 3005 2897 3077 navigavimus
2922 3004 3099 3060 tacita
3110 3000 3461 3075 cogitatione
3483 2994 3786 3069 amplecti-

2136 3113 2290 3152 mur.
2324 3097 2450 3152 Non
2483 3100 2572 3152 est
2603 3112 2868 3169 parvum,
2901 3093 3137 3168 ut,dixi,
3170 3109 3269 3147 cor
3315 3086 3594 3155 hominis,
3628 3084 3783 3158 quod

2136 3190 2328 3259 potest
2358 3188 2522 3241 tanta
2545 3201 2770 3257 capere.
2805 3184 2862 3241 Si
2888 3188 3081 3240 autem
3107 3199 3222 3239 non
3242 3183 3330 3237 est
3349 3191 3596 3251 parvum
3621 3175 3786 3230 tanta

2137 3275 2393 3348 capiens,
2425 3279 2852 3347 consequenter
2881 3274 2938 3330 in
2972 3272 3072 3330 illo
3102 3272 3195 3327 via
3223 3268 3456 3327 Domini
3489 3279 3785 3339 praepara-

2136 3370 2251 3432 tur,
2295 3370 2352 3421 et
2381 3370 2539 3421 recta
2568 3365 2634 3419 ﬁt
2665 3365 2896 3429 semita,
2929 3368 2994 3419 ut
3045 3359 3307 3418 ambulet
3354 3358 3413 3415 in
3462 3355 3563 3411 illa
3592 3369 3787 3410 sermo

2138 3456 2235 3510 Dei
2269 3458 2442 3525 atque
2500 3454 2809 3525 sapientia.
2876 3453 3140 3524 Prespara
3175 3449 3326 3504 viam
3385 3444 3633 3503 Domino
3683 3456 3787 3515 per

2136 3544 2637 3600 conversationem
2667 3542 2907 3611 bonam,
2940 3545 2999 3597 et
3033 3538 3282 3611 egregiis
3331 3534 3607 3607 operibus
3654 3533 3787 3585 tene

2136 3633 2408 3689 semitam
2436 3649 2448 3687 :
2482 3632 2704 3703 absque
2734 3631 2955 3686 offensa
2986 3628 3105 3684 ulla
3135 3623 3471 3683 deambulet
3499 3622 3559 3676 in
3579 3622 3637 3675 te
3652 3617 3788 3672 Ver-

2133 3725 2276 3780 bum
2300 3722 2420 3794 Dei,
2444 3725 2501 3776 et
2523 3722 2696 3777 donet
2714 3720 2827 3777 tibi
2847 3719 3261 3793 mysteriorum
3294 3727 3538 3771 suorum
3571 3708 3786 3765 adven-

2133 3818 2345 3885 tusque
2375 3811 2667 3868 notitiam.
2700 3810 2804 3867 Cui
2835 3814 2927 3867 est
2956 3808 3140 3884 gloria
3168 3811 3225 3864 et
3256 3802 3571 3878 imperium
3603 3798 3665 3854 in
3687 3812 3791 3852 ste-

2133 3901 2267 3959 cula
2298 3900 2667 3959 saeculorum.
2701 3905 2908 3956 Amen.

2548 4008 2843 4066 865-10
2877 4004 3185 4063 HOMILlA
3214 4001 3382 4059 XXII.

2132 4097 2205 4154 De
2236 4114 2295 4153 eo
2325 4098 2469 4169 quod
2494 4099 2766 4169 scrip.’um
2796 4100 2909 4151 est:
2944 4116 2966 4143 ι
2990 4095 3179 4169 Omnis
3200 4093 3361 4169 vallis
3386 4087 3731 4169 implebituf,
3762 4101 3792 4132 »δ

2203 4157 2375 4241 usque
2430 4169 2503 4224 ad
2559 4157 2688 4223 eum
2738 4167 2917 4222 locum
2945 4167 3266 4241 ubi_a_i‘t:_«g
3316 4157 3515 4241 Putem
3546 4161 3624 4241 est
3654 4157 3794 4212 Deus

2120 4278 2123 4279 ν
2202 4234 2582 4313 ἅθἰαρίιιὶὺαδ
2606 4242 2726 4296 istis
2745 4241 3017 4294 suscitare
3039 4238 3181 4305 ﬁlios
3200 4234 3457 4291 Abrahae.
3486 4254 3508 4283 ι
3542 4234 3676 4301 Cap.
3702 4242 3786 4313 in.

2200 4309 2518 4404 Videamus
2550 4363 2677 4419 quae
2708 4346 2767 4402 in
2821 4344 3035 4401 Chrisli
3080 4340 3467 4416 praadicentur
3497 4309 3772 4398 adventu,

2128 4434 2283 4492 inter
2311 4452 2439 4509 qua:
2482 4435 2740 4509 primum
2792 4435 2863 4491 de
2906 4432 3135 4491 Joanne
3176 4429 3480 4487 scribitur:
3520 4427 3628 4482 Vas:
3655 4423 3771 4479 cla-

367 4521 495 4580 nit:
527 4523 737 4581 deinde
790 4529 924 4597 post
953 4538 1176 4593 vocem,
1211 4524 1329 4581 imo
1360 4542 1495 4581 cum
1552 4542 1709 4592 voce,
1750 4524 2015 4580 auditum
2122 4526 2334 4580 mantis
2356 4526 2416 4580 in
2444 4524 2687 4580 deserto:
2723 4526 2924 4580 Parate
2975 4524 3124 4579 viam
3176 4520 3415 4589 Domini,
3474 4523 3652 4572 rectas
3692 4514 3777 4585 fa-

346 4618 562 4668 ’sermo
591 4612 872 4685 pedetrat.
904 4611 1082 4668 Juxta
1110 4612 1269 4668 hunc
1298 4629 1538 4669 sensum
1569 4629 1602 4667 a
1647 4613 1870 4669 Joanne
1911 4630 2015 4669 an-

2126 4615 2232 4670 cito
2260 4615 2488 4670 semitas
2534 4616 2649 4685 ejus
2676 4613 2742 4669 7°.
2774 4612 2845 4669 Et
2899 4614 3053 4685 quod
3106 4610 3378 4684 sequitur
3426 4605 3657 4681 proprie
3704 4604 3777 4659 de

364 4701 675 4759 nuntiatus
705 4706 794 4759 est
812 4702 1100 4758 Christus.
1128 4702 1447 4759 Videamus
1474 4719 1609 4775 ergo
1634 4702 1772 4774 quid
1793 4719 1903 4758 vox
1928 4703 2022 4759 de-
2055 4703 2375 4781 D'Domino
2397 4703 2695 4759 Salvatore
2718 4707 2825 4759 est.
2846 4703 3045 4774 Neque
3075 4701 3231 4757 enim
3264 4717 3299 4756 a
3328 4699 3553 4755 Joanne
3583 4694 3776 4753 omnis

346 4791 537 4848 verbo
570 4792 900 4848 annuntiat.
934 4793 1278 4863 Praeparate,
1310 4791 1522 4864 inquit,
1582 4794 1727 4847 viam
1771 4792 2021 4850 Domino.

2136 4790 2303 4849 vallis
2325 4790 2569 4864 impleta
2584 4795 2689 4862 est,
2715 4791 2817 4846 sed
2841 4807 2875 4846 a
2891 4788 3140 4847 Domino
3156 4787 3472 4845 Salvatore.
3500 4785 3773 4859 Seipsum

435 4932 560 4992 Gal.
594 4951 671 5004 1v,
704 4935 814 4991 27:
849 4935 960 4991 Isa.
998 4953 1106 5003 LIV,
1142 4937 1192 4990 1.
1223 4936 1267 4971 ⁸⁸
1297 4935 1465 4991 Joan.
1502 4952 1586 5001 IIl,
1620 4936 1707 4991 30.
1741 4936 1786 4971 ⁵⁸
1827 4938 1937 4993 lea.
1969 4953 2023 4993 χι

2132 4978 2141 4990 .
2174 4937 2219 4973 ⁸9
2246 4939 2383 5007 Sep.
2412 4951 2512 5001 vu,
2546 4934 2737 4989 17-20.
2768 4934 2814 4969 "°
2842 4932 2955 4989 Isa.
2986 4950 3074 5002 aL,
3107 4933 3161 4989 3.

358 5096 660 5169 mysticam
695 5096 1204 5169 considerationem.
1222 5098 1365 5169 Nam
1388 5099 1647 5167 quoniam
1667 5098 1853 5169 futuri
1870 5100 2025 5153 erant

357 5166 529 5224 multi
558 5166 667 5238 ﬁlii
696 5167 945 5235 desertae,
979 5170 1079 5224 hoc
1107 5177 1205 5232 est,
1225 5166 1482 5224 Ecclesiae
1507 5184 1575 5222 ex
1602 5166 1870 5239 gentibus,
1901 5187 2025 5222 ma-

354 5240 446 5311 gis
475 5254 640 5313 quam
670 5240 790 5311 ejus
824 5254 949 5313 quae
981 5242 1154 5310 legem
1187 5250 1449 5310 tanquam
1478 5243 1662 5295 virum
1720 5240 1897 5312 habet,
1930 5244 2027 5297 hoc

344 5319 459 5380 rest,
480 5312 809 5369 Iudaeorum
830 5312 1165 5385 synagogas,
1197 5315 1489 5384 prapterea
1522 5313 1591 5367 ad
1634 5316 1905 5385 Joannem
1935 5315 2023 5383 fa-

353 5392 508 5442 ctum
534 5391 617 5441 est
646 5384 1002 5440 verbum’Dei
1033 5388 1091 5440 in
1122 5385 1348 5439 deserto.
1383 5385 1505 5440 Nisi
1554 5387 1703 5440 enim
1734 5384 1832 5440 hoc
1863 5386 1942 5439 ita
1971 5401 2026 5440 se

342 5456 850 5529 'haberet,Jrustra
878 5455 1229 5529 praedicasset
1260 5456 1577 5529 in‘deserto.
1611 5456 1852 5512 Ruxsus.

429 5526 542 5597 (58)
587 5523 829 5600 Ἐεεάβω
860 5523 1116 5600 Δἐϐἣθόίιδ
1179 5546 1191 5582 :
1256 5524 1459 5600 ’ῌλθεγΔ
1510 5526 1806 5600 εἷςὲπᾶσαν
1866 5523 2020 5600 περί-

351 5595 544 5677 χώρᾳν
593 5601 690 5677 τος)
740 5596 1061 5677 Ἰςζρδᾲνουκ
1094 5602 1206 5655 Ποῦ
1255 5598 1358 5672 γὰρ
1412 5595 1516 5653 ἔδει
1572 5598 1663 5677 ’τὸ-ν
1712 5595 2019 5677 Βκαπτισιέῂγ

347 5665 759 5748 ᾇὲξριὲρχξσθρμ,
879 5671 954 5734 εἲς
1003 5671 1104 5740 τὴν
1138 5665 1454 5748 περίχῴρον
1499 5673 1596 5748 τεοῦ
1628 5665 1922 5748 Ἰρρδάνορ,
1952 5666 2022 5722 ’ἕν’

352 5733 445 5801 ἔ,άῦ
475 5733 865 5817 τὶἴβρύλῇτῴ
897 5733 1432 5817 μεταῖῥεῖν,ἐᾷὒέὶυς
1483 5733 1758 5817 εὐπορῄὰῃ
1793 5733 2022 5794 ’ποῦ’πο-

346 5818 537 5890 ratio?)
568 5809 987 5891 ίέρμήνεύεὲαι
1040 5811 1098 5868 δὲ
1149 5812 1449 5887 Ἰορδάνης,
1499 5809 1863 5871 κατάϐαἱῖιων.
1914 5819 2021 5867 K1-

2133 5087 2401 5169 taealvmv
2433 5094 2559 5169 Δγάρ
2608 5091 2749 5169 ἐστιν
2785 5091 3022 5169 Δἀληθῶς
3053 5092 3359 5169 ὂμποταμρς
3403 5094 3499 5144 τοῦ
3517 5091 3687 5169 facii,
3717 5085 3780 5169 γὸ

2134 5162 2281 5242 ὕδωρ
2329 5167 2390 5221 τὸ
2422 5159 2701 5248 ἀλῖίθινὸν,
2738 5165 2807 5248 ἐπὸ
2850 5161 2997 5248 ξλδιιξρ
3056 5164 3118 5248 τί)
3168 5159 3458 5248 σωέήριονξ
3517 5159 3776 5248 Vlcnitgin

2134 5230 2370 5294 omnem
2398 5230 2697 5311 regionem
2729 5230 3022 5295 Jordani's.
3072 5239 3200 5311 Quae
3242 5230 3391 5311 enim
3421 5232 3640 5311 decebat
3669 5230 3776 5311 Da:

2129 5312 2354 5383 ptistam
2390 5302 2507 5385 loca
2532 5326 2858 5385 peragrare,
2886 5311 3006 5364 nisi
3057 5302 3289 5385 Jordaui
3330 5305 3596 5385 conﬁnia,
3733 5302 3783 5356 si

2169 5385 2261 5439 uis
2292 5384 2451 5439 vellet
2480 5373 2858 5455 ράιηιιὶηιίαηὶ
2886 5399 3071 5453 agere,
3099 5381 3351 5455 protinus
3373 5373 3536 5455 fluvii
3570 5373 3785 5455 copiam

2172 5456 2356 5511 uberet
2382 5456 2409 5511 ?
2455 5449 2708 5512 Iordanis
2728 5464 2910 5510 autem
2930 5449 3344 5523 interpretatur
3388 5449 3774 5502 descendens.

2137 5529 2420 5612 Descendit
2440 5530 2602 5583 enim
2626 5544 2748 5583 vere
2777 5528 2875 5582 Dei
2902 5528 3128 5597 ﬂuidus,
3163 5538 3307 5593 aqua
3333 5536 3482 5588 vera,
3522 5534 3667 5590 aqua
3693 5533 3784 5574 sa-

2133 5599 2580 5744 ιαῗῖξῖἐῗνθιυο
2611 5670 2670 5725 in
2703 5666 3035 5744 Origenian.
3100 5654 3672 5744 Lexieo‘aardﬁadtc,
3723 5658 3783 5715 id

2135 5733 2222 5816 est
2240 5733 2541 5816 descensio,
2575 5733 3016 5816 interpritatur,
3050 5751 3176 5813 quae
3209 5740 3265 5795 et
3300 5733 3532 5792 Philoni
3565 5738 3786 5815 etymo-

2131 5811 2289 5887 logia
2316 5814 2560 5897 placuit.
