  <div class='ocr_page' id='page_1' title='image "/cluster/home/n/w/nwhite01/storage/ocr_20150623/26/umn.31951002477320a/150.png"; bbox 0 0 4304 6656; ppageno 0'>
   <div class='ocr_carea' id='block_1_1' title="bbox 282 556 404 619">
    <p class='ocr_par' dir='ltr' id='par_1_1' title="bbox 282 556 404 619">
     <span class='ocr_line' id='line_1_1' title="bbox 282 556 404 619; baseline 0.016 -2"><span class='ocrx_word' id='word_1_1' title='bbox 282 556 404 619; x_wconf 74' lang='lat'>289</span> 
     </span>
    </p>
   </div>
   <div class='ocr_carea' id='block_1_2' title="bbox 687 555 3285 624">
    <p class='ocr_par' dir='ltr' id='par_1_2' title="bbox 687 555 3285 624">
     <span class='ocr_line' id='line_1_2' title="bbox 687 555 3285 624; baseline 0.002 -6"><span class='ocrx_word' id='word_1_2' title='bbox 687 555 1189 619; x_wconf 81' lang='lat' dir='ltr'>TRANSLATIO</span> <span class='ocrx_word' id='word_1_3' title='bbox 1237 555 1736 620; x_wconf 75' lang='lat' dir='ltr'>HOMILIARU‘M</span> <span class='ocrx_word' id='word_1_4' title='bbox 1785 555 2152 619; x_wconf 81' lang='lat' dir='ltr'>OIllGENIS</span> <span class='ocrx_word' id='word_1_5' title='bbox 2199 559 2276 618; x_wconf 90' lang='lat' dir='ltr'>IN</span> <span class='ocrx_word' id='word_1_6' title='bbox 2323 559 2612 621; x_wconf 81' lang='lat' dir='ltr'>LUCAM.</span> <span class='ocrx_word' id='word_1_7' title='bbox 2648 593 2720 606; x_wconf 89' lang='lat'>-—</span> <span class='ocrx_word' id='word_1_8' title='bbox 2754 563 3025 624; x_wconf 77' lang='lat' dir='ltr'>HOMIL.</span> <span class='ocrx_word' id='word_1_9' title='bbox 3070 558 3285 624; x_wconf 81' lang='lat' dir='ltr'>XXIII.</span> 
     </span>
    </p>
   </div>
   <div class='ocr_carea' id='block_1_3' title="bbox 3579 567 3701 629">
    <p class='ocr_par' dir='ltr' id='par_1_3' title="bbox 3579 567 3701 629">
     <span class='ocr_line' id='line_1_3' title="bbox 3579 567 3701 629; baseline -0.016 0"><span class='ocrx_word' id='word_1_10' title='bbox 3579 567 3701 629; x_wconf 70' lang='lat'>290</span> 
     </span>
    </p>
   </div>
   <div class='ocr_carea' id='block_1_4' title="bbox 277 688 3698 766">
    <p class='ocr_par' dir='ltr' id='par_1_4' title="bbox 277 688 3698 766">
     <span class='ocr_line' id='line_1_4' title="bbox 277 688 3698 766; baseline 0.002 -18"><span class='ocrx_word' id='word_1_11' title='bbox 277 692 355 748; x_wconf 86' lang='lat' dir='ltr'>De</span> <span class='ocrx_word' id='word_1_12' title='bbox 386 688 668 762; x_wconf 71' lang='lat' dir='ltr'>lapidibus</span> <span class='ocrx_word' id='word_1_13' title='bbox 688 690 805 745; x_wconf 83' lang='lat' dir='ltr'>istis</span> <span class='ocrx_word' id='word_1_14' title='bbox 834 689 1100 746; x_wconf 72' lang='lat' dir='ltr'>suscitare</span> <span class='ocrx_word' id='word_1_15' title='bbox 1129 689 1273 760; x_wconf 83' lang='lat' dir='ltr'>ﬁlios</span> <span class='ocrx_word' id='word_1_16' title='bbox 1301 689 1556 746; x_wconf 67' lang='lat' dir='ltr'>Abrahae.</span> <span class='ocrx_word' id='word_1_17' title='bbox 1592 690 1670 746; x_wconf 89' lang='lat' dir='ltr'>De</span> <span class='ocrx_word' id='word_1_18' title='bbox 1720 689 1938 764; x_wconf 85' lang='lat' dir='ltr'>quibus</span> <span class='ocrx_word' id='word_1_19' title='bbox 1967 693 2019 758; x_wconf 86' lang='grc' dir='ltr'><strong>Α</strong></span> <span class='ocrx_word' id='word_1_20' title='bbox 2051 691 2190 746; x_wconf 82' lang='lat' dir='ltr'>Cum</span> <span class='ocrx_word' id='word_1_21' title='bbox 2222 695 2415 746; x_wconf 86' lang='lat' dir='ltr'>autem</span> <span class='ocrx_word' id='word_1_22' title='bbox 2449 695 2610 747; x_wconf 88' lang='lat' dir='ltr'>tanta</span> <span class='ocrx_word' id='word_1_23' title='bbox 2640 699 2771 764; x_wconf 86' lang='lat' dir='ltr'>post</span> <span class='ocrx_word' id='word_1_24' title='bbox 2797 695 3010 750; x_wconf 74' lang='lat' dir='ltr'>saecula</span> <span class='ocrx_word' id='word_1_25' title='bbox 3042 695 3330 766; x_wconf 85' lang='lat' dir='ltr'>fluxerint,</span> <span class='ocrx_word' id='word_1_26' title='bbox 3365 701 3423 753; x_wconf 91' lang='lat' dir='ltr'>et</span> <span class='ocrx_word' id='word_1_27' title='bbox 3457 701 3576 754; x_wconf 86' lang='lat' dir='ltr'>tam</span> <span class='ocrx_word' id='word_1_28' title='bbox 3609 699 3698 755; x_wconf 91' lang='lat' dir='ltr'>in-</span> 
     </span>
    </p>
   </div>
   <div class='ocr_carea' id='block_1_5' title="bbox 272 778 1936 853">
    <p class='ocr_par' dir='ltr' id='par_1_5' title="bbox 272 778 1936 853">
     <span class='ocr_line' id='line_1_5' title="bbox 272 778 1936 853; baseline 0 -17"><span class='ocrx_word' id='word_1_29' title='bbox 272 779 576 853; x_wconf 90' lang='lat' dir='ltr'>lapidibus</span> <span class='ocrx_word' id='word_1_30' title='bbox 597 778 626 833; x_wconf 78' lang='lat' dir='ltr'>‘t</span> <span class='ocrx_word' id='word_1_31' title='bbox 657 778 770 850; x_wconf 83' lang='grc'>(61)</span> <span class='ocrx_word' id='word_1_32' title='bbox 802 779 927 835; x_wconf 83' lang='grc' dir='ltr'>Νοη</span> <span class='ocrx_word' id='word_1_33' title='bbox 960 779 1164 852; x_wconf 78' lang='lat' dir='ltr'>utique</span> <span class='ocrx_word' id='word_1_34' title='bbox 1213 778 1440 852; x_wconf 85' lang='lat' dir='ltr'>lapides</span> <span class='ocrx_word' id='word_1_35' title='bbox 1498 779 1936 836; x_wconf 79' lang='lat' dir='ltr'>irrationabiles</span> 
     </span>
    </p>
   </div>
   <div class='ocr_carea' id='block_1_6' title="bbox 274 868 1938 942">
    <p class='ocr_par' dir='ltr' id='par_1_6' title="bbox 274 868 1938 942">
     <span class='ocr_line' id='line_1_6' title="bbox 274 868 1938 942; baseline 0 -16"><span class='ocrx_word' id='word_1_36' title='bbox 274 885 705 942; x_wconf 87' lang='lat' dir='ltr'>corporeosque</span> <span class='ocrx_word' id='word_1_37' title='bbox 730 869 1118 937; x_wconf 83' lang='lat' dir='ltr'>monstrabat,</span> <span class='ocrx_word' id='word_1_38' title='bbox 1141 869 1241 926; x_wconf 90' lang='lat' dir='ltr'>sed</span> <span class='ocrx_word' id='word_1_39' title='bbox 1261 868 1532 926; x_wconf 82' lang='lat' dir='ltr'>homines</span> <span class='ocrx_word' id='word_1_40' title='bbox 1559 869 1938 926; x_wconf 81' lang='lat' dir='ltr'>insensibiles</span> 
     </span>
    </p>
   </div>
   <div class='ocr_carea' id='block_1_7' title="bbox 275 958 1938 1032">
    <p class='ocr_par' dir='ltr' id='par_1_7' title="bbox 275 958 1938 1032">
     <span class='ocr_line' id='line_1_7' title="bbox 275 958 1938 1032; baseline -0.001 -15"><span class='ocrx_word' id='word_1_41' title='bbox 275 964 333 1018; x_wconf 85' lang='lat' dir='ltr'>et</span> <span class='ocrx_word' id='word_1_42' title='bbox 363 958 661 1032; x_wconf 88' lang='lat' dir='ltr'>quondam</span> <span class='ocrx_word' id='word_1_43' title='bbox 695 959 895 1026; x_wconf 89' lang='lat' dir='ltr'>duros,</span> <span class='ocrx_word' id='word_1_44' title='bbox 931 959 1027 1031; x_wconf 90' lang='lat' dir='ltr'>qui</span> <span class='ocrx_word' id='word_1_45' title='bbox 1065 958 1207 1031; x_wconf 89' lang='lat' dir='ltr'>quia</span> <span class='ocrx_word' id='word_1_46' title='bbox 1237 959 1459 1032; x_wconf 87' lang='lat' dir='ltr'>lapides</span> <span class='ocrx_word' id='word_1_47' title='bbox 1491 963 1548 1016; x_wconf 89' lang='lat' dir='ltr'>et</span> <span class='ocrx_word' id='word_1_48' title='bbox 1579 958 1740 1032; x_wconf 88' lang='lat' dir='ltr'>ligna</span> <span class='ocrx_word' id='word_1_49' title='bbox 1798 961 1938 1016; x_wconf 88' lang='lat' dir='ltr'>ado-</span> 
     </span>
    </p>
   </div>
   <div class='ocr_carea' id='block_1_8' title="bbox 277 1046 1935 1122">
    <p class='ocr_par' dir='ltr' id='par_1_8' title="bbox 277 1046 1935 1122">
     <span class='ocr_line' id='line_1_8' title="bbox 277 1046 1935 1122; baseline -0.001 -16"><span class='ocrx_word' id='word_1_50' title='bbox 277 1049 508 1116; x_wconf 75' lang='lat' dir='ltr'>rabunt,</span> <span class='ocrx_word' id='word_1_51' title='bbox 533 1046 840 1122; x_wconf 80' lang='lat' dir='ltr'>impletum</span> <span class='ocrx_word' id='word_1_52' title='bbox 865 1052 954 1104; x_wconf 88' lang='lat' dir='ltr'>est</span> <span class='ocrx_word' id='word_1_53' title='bbox 977 1048 1123 1104; x_wconf 91' lang='lat' dir='ltr'>illud</span> <span class='ocrx_word' id='word_1_54' title='bbox 1149 1049 1302 1122; x_wconf 90' lang='lat' dir='ltr'>quod</span> <span class='ocrx_word' id='word_1_55' title='bbox 1331 1049 1388 1104; x_wconf 88' lang='lat' dir='ltr'>in</span> <span class='ocrx_word' id='word_1_56' title='bbox 1422 1049 1646 1122; x_wconf 80' lang='lat' dir='ltr'>psalmo</span> <span class='ocrx_word' id='word_1_57' title='bbox 1671 1051 1935 1106; x_wconf 84' lang='lat' dir='ltr'>cantaba-</span> 
     </span>
    </p>
   </div>
   <div class='ocr_carea' id='block_1_9' title="bbox 275 1137 1938 1212">
    <p class='ocr_par' dir='ltr' id='par_1_9' title="bbox 275 1137 1938 1212">
     <span class='ocr_line' id='line_1_9' title="bbox 275 1137 1938 1212; baseline 0 -16"><span class='ocrx_word' id='word_1_58' title='bbox 275 1143 411 1196; x_wconf 78' lang='lat' dir='ltr'>tur:</span> <span class='ocrx_word' id='word_1_59' title='bbox 445 1138 672 1194; x_wconf 87' lang='lat' dir='ltr'>Similes</span> <span class='ocrx_word' id='word_1_60' title='bbox 703 1139 819 1194; x_wconf 90' lang='lat' dir='ltr'>illis</span> <span class='ocrx_word' id='word_1_61' title='bbox 848 1139 987 1209; x_wconf 83' lang='lat' dir='ltr'>ﬁant</span> <span class='ocrx_word' id='word_1_62' title='bbox 1020 1137 1095 1212; x_wconf 87' lang='lat' dir='ltr'>[al</span> <span class='ocrx_word' id='word_1_63' title='bbox 1127 1139 1286 1211; x_wconf 83' lang='lat' dir='ltr'>ﬁunt]</span> <span class='ocrx_word' id='word_1_64' title='bbox 1318 1141 1414 1212; x_wconf 88' lang='lat' dir='ltr'>qui</span> <span class='ocrx_word' id='word_1_65' title='bbox 1468 1141 1684 1210; x_wconf 83' lang='lat' dir='ltr'>faciunt</span> <span class='ocrx_word' id='word_1_66' title='bbox 1741 1155 1824 1207; x_wconf 90' lang='lat' dir='ltr'>ea,</span> <span class='ocrx_word' id='word_1_67' title='bbox 1888 1147 1938 1196; x_wconf 84' lang='lat' dir='ltr'>et</span> 
     </span>
    </p>
   </div>
   <div class='ocr_carea' id='block_1_10' title="bbox 277 1227 1936 1300">
    <p class='ocr_par' dir='ltr' id='par_1_10' title="bbox 277 1227 1936 1300">
     <span class='ocr_line' id='line_1_10' title="bbox 277 1227 1936 1300; baseline -0.001 -14"><span class='ocrx_word' id='word_1_68' title='bbox 277 1244 464 1286; x_wconf 87' lang='lat' dir='ltr'>omnes</span> <span class='ocrx_word' id='word_1_69' title='bbox 493 1229 588 1299; x_wconf 87' lang='lat' dir='ltr'>qui</span> <span class='ocrx_word' id='word_1_70' title='bbox 616 1227 896 1296; x_wconf 83' lang='lat' dir='ltr'>conﬁdunt</span> <span class='ocrx_word' id='word_1_71' title='bbox 927 1230 1004 1283; x_wconf 90' lang='lat' dir='ltr'>eis</span> <span class='ocrx_word' id='word_1_72' title='bbox 1028 1228 1094 1282; x_wconf 78' lang='grc'>⁷⁸.</span> <span class='ocrx_word' id='word_1_73' title='bbox 1131 1227 1272 1284; x_wconf 86' lang='lat' dir='ltr'>Vere</span> <span class='ocrx_word' id='word_1_74' title='bbox 1330 1227 1430 1300; x_wconf 90' lang='lat' dir='ltr'>qui</span> <span class='ocrx_word' id='word_1_75' title='bbox 1488 1228 1708 1284; x_wconf 87' lang='lat' dir='ltr'>faciunt</span> <span class='ocrx_word' id='word_1_76' title='bbox 1763 1228 1936 1298; x_wconf 90' lang='lat' dir='ltr'>idola,</span> 
     </span>
    </p>
   </div>
   <div class='ocr_carea' id='block_1_11' title="bbox 281 1316 1942 1391">
    <p class='ocr_par' dir='ltr' id='par_1_11' title="bbox 281 1316 1942 1391">
     <span class='ocr_line' id='line_1_11' title="bbox 281 1316 1942 1391; baseline 0 -16"><span class='ocrx_word' id='word_1_77' title='bbox 281 1321 338 1376; x_wconf 88' lang='lat' dir='ltr'>et</span> <span class='ocrx_word' id='word_1_78' title='bbox 369 1317 673 1374; x_wconf 79' lang='lat' dir='ltr'>confidunt</span> <span class='ocrx_word' id='word_1_79' title='bbox 703 1317 763 1373; x_wconf 92' lang='lat' dir='ltr'>in</span> <span class='ocrx_word' id='word_1_80' title='bbox 794 1317 900 1389; x_wconf 85' lang='lat' dir='ltr'>eis,</span> <span class='ocrx_word' id='word_1_81' title='bbox 933 1316 1156 1374; x_wconf 86' lang='lat' dir='ltr'>similes</span> <span class='ocrx_word' id='word_1_82' title='bbox 1197 1321 1338 1374; x_wconf 89' lang='lat' dir='ltr'>sunt</span> <span class='ocrx_word' id='word_1_83' title='bbox 1369 1317 1480 1373; x_wconf 89' lang='lat' dir='ltr'>diis</span> <span class='ocrx_word' id='word_1_84' title='bbox 1512 1319 1658 1386; x_wconf 88' lang='lat' dir='ltr'>suis,</span> <span class='ocrx_word' id='word_1_85' title='bbox 1717 1319 1942 1391; x_wconf 83' lang='lat' dir='ltr'>absque</span> 
     </span>
    </p>
   </div>
   <div class='ocr_carea' id='block_1_12' title="bbox 280 1405 1945 1480">
    <p class='ocr_par' dir='ltr' id='par_1_12' title="bbox 280 1405 1945 1480">
     <span class='ocr_line' id='line_1_12' title="bbox 280 1405 1945 1480; baseline -0.001 -15"><span class='ocrx_word' id='word_1_86' title='bbox 280 1424 484 1475; x_wconf 84' lang='lat' dir='ltr'>sensu,</span> <span class='ocrx_word' id='word_1_87' title='bbox 517 1409 644 1463; x_wconf 88' lang='lat' dir='ltr'>sine</span> <span class='ocrx_word' id='word_1_88' title='bbox 675 1405 797 1462; x_wconf 88' lang='lat' dir='ltr'>ulla</span> <span class='ocrx_word' id='word_1_89' title='bbox 825 1407 1070 1475; x_wconf 82' lang='lat' dir='ltr'>ratione,</span> <span class='ocrx_word' id='word_1_90' title='bbox 1102 1406 1161 1462; x_wconf 90' lang='lat' dir='ltr'>in</span> <span class='ocrx_word' id='word_1_91' title='bbox 1210 1406 1434 1480; x_wconf 85' lang='lat' dir='ltr'>lapides</span> <span class='ocrx_word' id='word_1_92' title='bbox 1466 1406 1741 1480; x_wconf 88' lang='lat' dir='ltr'>lignaque</span> <span class='ocrx_word' id='word_1_93' title='bbox 1799 1424 1945 1463; x_wconf 86' lang='lat' dir='ltr'>con~</span> 
     </span>
    </p>
   </div>
   <div class='ocr_carea' id='block_1_13' title="bbox 279 1496 1945 1555">
    <p class='ocr_par' dir='ltr' id='par_1_13' title="bbox 279 1496 1945 1555">
     <span class='ocr_line' id='line_1_13' title="bbox 279 1496 1945 1555; baseline -0.001 -1"><span class='ocrx_word' id='word_1_94' title='bbox 279 1497 436 1555; x_wconf 85' lang='lat' dir='ltr'>versi</span> <span class='ocrx_word' id='word_1_95' title='bbox 467 1501 626 1554; x_wconf 88' lang='lat' dir='ltr'>sunt.</span> <span class='ocrx_word' id='word_1_96' title='bbox 659 1498 804 1554; x_wconf 86' lang='lat' dir='ltr'>Cum</span> <span class='ocrx_word' id='word_1_97' title='bbox 837 1496 994 1553; x_wconf 88' lang='lat' dir='ltr'>enim</span> <span class='ocrx_word' id='word_1_98' title='bbox 1028 1500 1258 1552; x_wconf 89' lang='lat' dir='ltr'>tantum</span> <span class='ocrx_word' id='word_1_99' title='bbox 1282 1497 1518 1552; x_wconf 80' lang='lat' dir='ltr'>videant</span> <span class='ocrx_word' id='word_1_100' title='bbox 1541 1502 1945 1553; x_wconf 78' lang='lat' dir='ltr'>creaturarum</span> 
     </span>
    </p>
   </div>
   <div class='ocr_carea' id='block_1_14' title="bbox 281 1582 1949 1656">
    <p class='ocr_par' dir='ltr' id='par_1_14' title="bbox 281 1582 1949 1656">
     <span class='ocr_line' id='line_1_14' title="bbox 281 1582 1949 1656; baseline -0.003 -13"><span class='ocrx_word' id='word_1_101' title='bbox 281 1588 573 1656; x_wconf 86' lang='lat' dir='ltr'>ordinem,</span> <span class='ocrx_word' id='word_1_102' title='bbox 591 1585 884 1653; x_wconf 86' lang='lat' dir='ltr'>decorem,</span> <span class='ocrx_word' id='word_1_103' title='bbox 909 1584 1193 1651; x_wconf 81' lang='lat' dir='ltr'>officium,</span> <span class='ocrx_word' id='word_1_104' title='bbox 1215 1587 1438 1640; x_wconf 79' lang='lat' dir='ltr'>tantam</span> <span class='ocrx_word' id='word_1_105' title='bbox 1465 1583 1670 1639; x_wconf 90' lang='lat' dir='ltr'>mundi</span> <span class='ocrx_word' id='word_1_106' title='bbox 1693 1582 1949 1656; x_wconf 91' lang='lat' dir='ltr'>pulchri-</span> 
     </span>
    </p>
   </div>
   <div class='ocr_carea' id='block_1_15' title="bbox 281 1673 1946 1746">
    <p class='ocr_par' dir='ltr' id='par_1_15' title="bbox 281 1673 1946 1746">
     <span class='ocr_line' id='line_1_15' title="bbox 281 1673 1946 1746; baseline -0.003 -13"><span class='ocrx_word' id='word_1_107' title='bbox 281 1677 576 1742; x_wconf 76' lang='lat' dir='ltr'>tudinem,</span> <span class='ocrx_word' id='word_1_108' title='bbox 600 1674 810 1731; x_wconf 90' lang='lat' dir='ltr'>nolunt</span> <span class='ocrx_word' id='word_1_109' title='bbox 831 1675 900 1730; x_wconf 87' lang='lat' dir='ltr'>de</span> <span class='ocrx_word' id='word_1_110' title='bbox 933 1673 1218 1731; x_wconf 84' lang='lat' dir='ltr'>creaturis</span> <span class='ocrx_word' id='word_1_111' title='bbox 1246 1673 1572 1746; x_wconf 85' lang='lat' dir='ltr'>intelligere</span> <span class='ocrx_word' id='word_1_112' title='bbox 1593 1677 1946 1740; x_wconf 85' lang='lat' dir='ltr'>Creatorem,</span> 
     </span>
    </p>
   </div>
   <div class='ocr_carea' id='block_1_16' title="bbox 282 1762 1949 1839">
    <p class='ocr_par' dir='ltr' id='par_1_16' title="bbox 282 1762 1949 1839">
     <span class='ocr_line' id='line_1_16' title="bbox 282 1762 1949 1839; baseline -0.004 -16"><span class='ocrx_word' id='word_1_113' title='bbox 282 1781 478 1839; x_wconf 88' lang='lat' dir='ltr'>neque</span> <span class='ocrx_word' id='word_1_114' title='bbox 509 1763 882 1822; x_wconf 84' lang='lat' dir='ltr'>considerant</span> <span class='ocrx_word' id='word_1_115' title='bbox 934 1768 1110 1820; x_wconf 66' lang='lat' dir='ltr'>tanta:</span> <span class='ocrx_word' id='word_1_116' title='bbox 1169 1763 1628 1836; x_wconf 84' lang='lat' dir='ltr'>dispensationis</span> <span class='ocrx_word' id='word_1_117' title='bbox 1687 1762 1949 1834; x_wconf 88' lang='lat' dir='ltr'>aliquam</span> 
     </span>
    </p>
   </div>
   <div class='ocr_carea' id='block_1_17' title="bbox 289 1853 1952 1930">
    <p class='ocr_par' dir='ltr' id='par_1_17' title="bbox 289 1853 1952 1930">
     <span class='ocr_line' id='line_1_17' title="bbox 289 1853 1952 1930; baseline -0.004 -17"><span class='ocrx_word' id='word_1_118' title='bbox 289 1854 744 1930; x_wconf 87' lang='lat' dir='ltr'>providentiam,</span> <span class='ocrx_word' id='word_1_119' title='bbox 805 1853 1062 1926; x_wconf 85' lang='lat' dir='ltr'>aliquem</span> <span class='ocrx_word' id='word_1_120' title='bbox 1121 1870 1249 1909; x_wconf 90' lang='lat' dir='ltr'>esse</span> <span class='ocrx_word' id='word_1_121' title='bbox 1281 1859 1588 1923; x_wconf 88' lang='lat' dir='ltr'>rectorem,</span> <span class='ocrx_word' id='word_1_122' title='bbox 1647 1853 1747 1909; x_wconf 90' lang='lat' dir='ltr'>sed</span> <span class='ocrx_word' id='word_1_123' title='bbox 1811 1855 1952 1908; x_wconf 88' lang='lat' dir='ltr'>sunt</span> 
     </span>
    </p>
   </div>
   <div class='ocr_carea' id='block_1_18' title="bbox 289 1936 1972 2014">
    <p class='ocr_par' dir='ltr' id='par_1_18' title="bbox 289 1936 1972 2014">
     <span class='ocr_line' id='line_1_18' title="bbox 289 1936 1972 2014; baseline -0.002 -12"><span class='ocrx_word' id='word_1_124' title='bbox 289 1944 450 2014; x_wconf 63' lang='lat' dir='ltr'>caici,</span> <span class='ocrx_word' id='word_1_125' title='bbox 483 1943 576 2000; x_wconf 90' lang='lat' dir='ltr'>his</span> <span class='ocrx_word' id='word_1_126' title='bbox 599 1947 829 1998; x_wconf 89' lang='lat' dir='ltr'>tantum</span> <span class='ocrx_word' id='word_1_127' title='bbox 854 1941 1041 1998; x_wconf 91' lang='lat' dir='ltr'>oculis</span> <span class='ocrx_word' id='word_1_128' title='bbox 1074 1942 1362 1998; x_wconf 88' lang='lat' dir='ltr'>mundum</span> <span class='ocrx_word' id='word_1_129' title='bbox 1393 1942 1674 2009; x_wconf 85' lang='lat' dir='ltr'>videntes,</span> <span class='ocrx_word' id='word_1_130' title='bbox 1735 1936 1972 2014; x_wconf 56' lang='lat' dir='ltr'>quibus‘</span> 
     </span>
    </p>
   </div>
   <div class='ocr_carea' id='block_1_19' title="bbox 290 2031 2034 2138">
    <p class='ocr_par' dir='ltr' id='par_1_19' title="bbox 290 2031 2034 2138">
     <span class='ocr_line' id='line_1_19' title="bbox 290 2031 2034 2138; baseline -0.002 -48"><span class='ocrx_word' id='word_1_131' title='bbox 290 2033 720 2092; x_wconf 84' lang='lat' dir='ltr'>irrationabilia</span> <span class='ocrx_word' id='word_1_132' title='bbox 743 2033 1015 2133; x_wconf 79' lang='lat' dir='ltr'>jumenta</span> <span class='ocrx_word' id='word_1_133' title='bbox 1045 2036 1100 2087; x_wconf 91' lang='lat' dir='ltr'>et</span> <span class='ocrx_word' id='word_1_134' title='bbox 1129 2032 1326 2088; x_wconf 71' lang='lat' dir='ltr'>bestiae</span> <span class='ocrx_word' id='word_1_135' title='bbox 1358 2031 1576 2086; x_wconf 86' lang='lat' dir='ltr'>vident.</span> <span class='ocrx_word' id='word_1_136' title='bbox 1619 2032 1743 2088; x_wconf 87' lang='lat' dir='ltr'>Non</span> <span class='ocrx_word' id='word_1_137' title='bbox 1773 2031 1950 2138; x_wconf 38' lang='lat' dir='ltr'>.eni‘m</span> <span class='ocrx_word' id='word_1_138' title='bbox 1986 2073 2034 2138; x_wconf 83' lang='lat' dir='ltr'><strong>B</strong></span> 
     </span>
    </p>
   </div>
   <div class='ocr_carea' id='block_1_20' title="bbox 294 2119 1957 2193">
    <p class='ocr_par' dir='ltr' id='par_1_20' title="bbox 294 2119 1957 2193">
     <span class='ocr_line' id='line_1_20' title="bbox 294 2119 1957 2193; baseline -0.005 -11"><span class='ocrx_word' id='word_1_139' title='bbox 294 2124 776 2183; x_wconf 83' lang='lat' dir='ltr'>animadvertunt</span> <span class='ocrx_word' id='word_1_140' title='bbox 807 2123 864 2178; x_wconf 91' lang='lat' dir='ltr'>in</span> <span class='ocrx_word' id='word_1_141' title='bbox 898 2121 990 2178; x_wconf 90' lang='lat' dir='ltr'>his</span> <span class='ocrx_word' id='word_1_142' title='bbox 1021 2139 1147 2193; x_wconf 73' lang='lat' dir='ltr'>quae</span> <span class='ocrx_word' id='word_1_143' title='bbox 1178 2121 1374 2176; x_wconf 88' lang='lat' dir='ltr'>vident</span> <span class='ocrx_word' id='word_1_144' title='bbox 1412 2121 1635 2176; x_wconf 84' lang='lat' dir='ltr'>ratione</span> <span class='ocrx_word' id='word_1_145' title='bbox 1667 2119 1809 2193; x_wconf 85' lang='lat' dir='ltr'>regi,</span> <span class='ocrx_word' id='word_1_146' title='bbox 1845 2119 1957 2174; x_wconf 85' lang='lat' dir='ltr'>ali-</span> 
     </span>
    </p>
   </div>
   <div class='ocr_carea' id='block_1_21' title="bbox 296 2209 1956 2289">
    <p class='ocr_par' dir='ltr' id='par_1_21' title="bbox 296 2209 1956 2289">
     <span class='ocr_line' id='line_1_21' title="bbox 296 2209 1956 2289; baseline -0.004 -18"><span class='ocrx_word' id='word_1_147' title='bbox 296 2231 481 2289; x_wconf 85' lang='lat' dir='ltr'>quam</span> <span class='ocrx_word' id='word_1_148' title='bbox 511 2214 706 2268; x_wconf 83' lang='lat' dir='ltr'>inesse</span> <span class='ocrx_word' id='word_1_149' title='bbox 738 2211 1044 2268; x_wconf 89' lang='lat' dir='ltr'>rationem.</span> <span class='ocrx_word' id='word_1_150' title='bbox 1078 2211 1208 2266; x_wconf 71' lang='lat' dir='ltr'>Hazc</span> <span class='ocrx_word' id='word_1_151' title='bbox 1240 2214 1563 2282; x_wconf 88' lang='lat' dir='ltr'>propterea,</span> <span class='ocrx_word' id='word_1_152' title='bbox 1617 2209 1756 2282; x_wconf 87' lang='lat' dir='ltr'>quia</span> <span class='ocrx_word' id='word_1_153' title='bbox 1784 2211 1956 2266; x_wconf 81' lang='lat' dir='ltr'>Joan-</span> 
     </span>
    </p>
   </div>
   <div class='ocr_carea' id='block_1_22' title="bbox 295 2298 1957 2372">
    <p class='ocr_par' dir='ltr' id='par_1_22' title="bbox 295 2298 1957 2372">
     <span class='ocr_line' id='line_1_22' title="bbox 295 2298 1957 2372; baseline -0.004 -10"><span class='ocrx_word' id='word_1_154' title='bbox 295 2321 404 2362; x_wconf 83' lang='lat' dir='ltr'>nes</span> <span class='ocrx_word' id='word_1_155' title='bbox 432 2304 690 2360; x_wconf 86' lang='lat' dir='ltr'>dixerat:</span> <span class='ocrx_word' id='word_1_156' title='bbox 727 2305 908 2358; x_wconf 79' lang='lat' dir='ltr'>Potest</span> <span class='ocrx_word' id='word_1_157' title='bbox 936 2302 1075 2358; x_wconf 82' lang='lat' dir='ltr'>Deus</span> <span class='ocrx_word' id='word_1_158' title='bbox 1103 2301 1178 2356; x_wconf 85' lang='lat' dir='ltr'>de</span> <span class='ocrx_word' id='word_1_159' title='bbox 1222 2298 1503 2372; x_wconf 79' lang='lat' dir='ltr'>lapidibus</span> <span class='ocrx_word' id='word_1_160' title='bbox 1533 2301 1656 2356; x_wconf 89' lang='lat' dir='ltr'>istis</span> <span class='ocrx_word' id='word_1_161' title='bbox 1683 2301 1957 2356; x_wconf 81' lang='lat' dir='ltr'>suscitare</span> 
     </span>
    </p>
   </div>
   <div class='ocr_carea' id='block_1_23' title="bbox 291 2389 1960 2468">
    <p class='ocr_par' dir='ltr' id='par_1_23' title="bbox 291 2389 1960 2468">
     <span class='ocr_line' id='line_1_23' title="bbox 291 2389 1960 2468; baseline -0.002 -18"><span class='ocrx_word' id='word_1_162' title='bbox 291 2393 451 2468; x_wconf 79' lang='lat' dir='ltr'>ﬁlios</span> <span class='ocrx_word' id='word_1_163' title='bbox 491 2392 744 2449; x_wconf 63' lang='lat' dir='ltr'>Abrahae.</span> <span class='ocrx_word' id='word_1_164' title='bbox 776 2392 846 2446; x_wconf 89' lang='lat' dir='ltr'>Et</span> <span class='ocrx_word' id='word_1_165' title='bbox 877 2409 982 2447; x_wconf 88' lang='lat' dir='ltr'>nos</span> <span class='ocrx_word' id='word_1_166' title='bbox 1012 2389 1196 2463; x_wconf 84' lang='lat' dir='ltr'>igitur</span> <span class='ocrx_word' id='word_1_167' title='bbox 1223 2390 1598 2446; x_wconf 87' lang='lat' dir='ltr'>Obsecremus</span> <span class='ocrx_word' id='word_1_168' title='bbox 1630 2389 1834 2459; x_wconf 89' lang='lat' dir='ltr'>Deum,</span> <span class='ocrx_word' id='word_1_169' title='bbox 1896 2393 1960 2446; x_wconf 91' lang='lat' dir='ltr'>ut</span> 
     </span>
    </p>
   </div>
   <div class='ocr_carea' id='block_1_24' title="bbox 294 2477 1960 2556">
    <p class='ocr_par' dir='ltr' id='par_1_24' title="bbox 294 2477 1960 2556">
     <span class='ocr_line' id='line_1_24' title="bbox 294 2477 1960 2556; baseline -0.004 -16"><span class='ocrx_word' id='word_1_170' title='bbox 294 2484 346 2541; x_wconf 86' lang='lat' dir='ltr'>si</span> <span class='ocrx_word' id='word_1_171' title='bbox 369 2482 612 2556; x_wconf 87' lang='lat' dir='ltr'>quando</span> <span class='ocrx_word' id='word_1_172' title='bbox 633 2481 853 2538; x_wconf 87' lang='lat' dir='ltr'>fuimus</span> <span class='ocrx_word' id='word_1_173' title='bbox 877 2479 1118 2552; x_wconf 87' lang='lat' dir='ltr'>lapides,</span> <span class='ocrx_word' id='word_1_174' title='bbox 1143 2483 1442 2535; x_wconf 88' lang='lat' dir='ltr'>vertamur</span> <span class='ocrx_word' id='word_1_175' title='bbox 1459 2477 1518 2534; x_wconf 91' lang='lat' dir='ltr'>in</span> <span class='ocrx_word' id='word_1_176' title='bbox 1541 2478 1694 2536; x_wconf 85' lang='lat' dir='ltr'>filios</span> <span class='ocrx_word' id='word_1_177' title='bbox 1719 2479 1960 2534; x_wconf 67' lang='lat' dir='ltr'>Abrahae</span> 
     </span>
    </p>
   </div>
   <div class='ocr_carea' id='block_1_25' title="bbox 293 2569 1961 2647">
    <p class='ocr_par' dir='ltr' id='par_1_25' title="bbox 293 2569 1961 2647">
     <span class='ocr_line' id='line_1_25' title="bbox 293 2569 1961 2647; baseline -0.002 -19"><span class='ocrx_word' id='word_1_178' title='bbox 293 2589 405 2647; x_wconf 89' lang='lat' dir='ltr'>pro</span> <span class='ocrx_word' id='word_1_179' title='bbox 426 2571 524 2628; x_wconf 90' lang='lat' dir='ltr'>his</span> <span class='ocrx_word' id='word_1_180' title='bbox 552 2571 685 2628; x_wconf 85' lang='lat' dir='ltr'>ﬁliis</span> <span class='ocrx_word' id='word_1_181' title='bbox 709 2571 808 2644; x_wconf 88' lang='lat' dir='ltr'>qui</span> <span class='ocrx_word' id='word_1_182' title='bbox 835 2569 1002 2642; x_wconf 86' lang='lat' dir='ltr'>ejecti</span> <span class='ocrx_word' id='word_1_183' title='bbox 1025 2574 1183 2637; x_wconf 86' lang='lat' dir='ltr'>sunt,</span> <span class='ocrx_word' id='word_1_184' title='bbox 1205 2574 1262 2624; x_wconf 88' lang='lat' dir='ltr'>et</span> <span class='ocrx_word' id='word_1_185' title='bbox 1282 2569 1798 2642; x_wconf 87' lang='lat' dir='ltr'>repromissionem</span> <span class='ocrx_word' id='word_1_186' title='bbox 1822 2570 1961 2626; x_wconf 87' lang='lat' dir='ltr'>ado-</span> 
     </span>
    </p>
   </div>
   <div class='ocr_carea' id='block_1_26' title="bbox 295 2658 1963 2737">
    <p class='ocr_par' dir='ltr' id='par_1_26' title="bbox 295 2658 1963 2737">
     <span class='ocr_line' id='line_1_26' title="bbox 295 2658 1963 2737; baseline -0.002 -19"><span class='ocrx_word' id='word_1_187' title='bbox 295 2663 685 2737; x_wconf 89' lang='lat' dir='ltr'>ptionemque</span> <span class='ocrx_word' id='word_1_188' title='bbox 708 2677 814 2718; x_wconf 89' lang='lat' dir='ltr'>suo</span> <span class='ocrx_word' id='word_1_189' title='bbox 843 2659 982 2716; x_wconf 88' lang='lat' dir='ltr'>vitio</span> <span class='ocrx_word' id='word_1_190' title='bbox 1011 2659 1389 2732; x_wconf 87' lang='lat' dir='ltr'>perdiderunt</span> <span class='ocrx_word' id='word_1_191' title='bbox 1411 2660 1546 2732; x_wconf 71' lang='lat'>(6‘3).</span> <span class='ocrx_word' id='word_1_192' title='bbox 1573 2659 1766 2716; x_wconf 90' lang='lat' dir='ltr'>Unum</span> <span class='ocrx_word' id='word_1_193' title='bbox 1799 2658 1963 2717; x_wconf 79' lang='lat' dir='ltr'>testi.-</span> 
     </span>
    </p>
   </div>
   <div class='ocr_carea' id='block_1_27' title="bbox 301 2747 1962 2822">
    <p class='ocr_par' dir='ltr' id='par_1_27' title="bbox 301 2747 1962 2822">
     <span class='ocr_line' id='line_1_27' title="bbox 301 2747 1962 2822; baseline -0.003 -14"><span class='ocrx_word' id='word_1_194' title='bbox 301 2751 577 2808; x_wconf 89' lang='lat' dir='ltr'>monium</span> <span class='ocrx_word' id='word_1_195' title='bbox 611 2751 802 2806; x_wconf 91' lang='lat' dir='ltr'>adhuc</span> <span class='ocrx_word' id='word_1_196' title='bbox 829 2750 898 2807; x_wconf 92' lang='lat' dir='ltr'>de</span> <span class='ocrx_word' id='word_1_197' title='bbox 926 2749 1219 2822; x_wconf 90' lang='lat' dir='ltr'>lapidibus</span> <span class='ocrx_word' id='word_1_198' title='bbox 1250 2765 1486 2822; x_wconf 88' lang='lat' dir='ltr'>ponam.</span> <span class='ocrx_word' id='word_1_199' title='bbox 1546 2749 1845 2820; x_wconf 86' lang='lat' dir='ltr'>Siquidem</span> <span class='ocrx_word' id='word_1_200' title='bbox 1903 2747 1962 2804; x_wconf 90' lang='lat' dir='ltr'>in</span> 
     </span>
    </p>
   </div>
   <div class='ocr_carea' id='block_1_28' title="bbox 304 2831 1964 2910">
    <p class='ocr_par' dir='ltr' id='par_1_28' title="bbox 304 2831 1964 2910">
     <span class='ocr_line' id='line_1_28' title="bbox 304 2831 1964 2910; baseline -0.006 -12"><span class='ocrx_word' id='word_1_201' title='bbox 304 2842 542 2898; x_wconf 87' lang='lat' dir='ltr'>cantico</span> <span class='ocrx_word' id='word_1_202' title='bbox 581 2839 759 2896; x_wconf 78' lang='lat' dir='ltr'>Exodi</span> <span class='ocrx_word' id='word_1_203' title='bbox 790 2838 1070 2896; x_wconf 88' lang='lat' dir='ltr'>scribitur</span> <span class='ocrx_word' id='word_1_204' title='bbox 1125 2839 1204 2894; x_wconf 70' lang='lat'>79:</span> <span class='ocrx_word' id='word_1_205' title='bbox 1273 2839 1564 2895; x_wconf 80' lang='lat' dir='ltr'>Vertantur</span> <span class='ocrx_word' id='word_1_206' title='bbox 1612 2839 1671 2894; x_wconf 85' lang='lat' dir='ltr'>in</span> <span class='ocrx_word' id='word_1_207' title='bbox 1729 2831 1964 2910; x_wconf 74' lang='lat' dir='ltr'>lapides,</span> 
     </span>
    </p>
   </div>
   <div class='ocr_carea' id='block_1_29' title="bbox 306 2929 1967 3002">
    <p class='ocr_par' dir='ltr' id='par_1_29' title="bbox 306 2929 1967 3002">
     <span class='ocr_line' id='line_1_29' title="bbox 306 2929 1967 3002; baseline -0.004 -15"><span class='ocrx_word' id='word_1_208' title='bbox 306 2931 486 2987; x_wconf 83' lang='lat' dir='ltr'>donec</span> <span class='ocrx_word' id='word_1_209' title='bbox 503 2932 852 3002; x_wconf 84' lang='lat' dir='ltr'>pertranseat</span> <span class='ocrx_word' id='word_1_210' title='bbox 867 2929 1099 3000; x_wconf 87' lang='lat' dir='ltr'>populus</span> <span class='ocrx_word' id='word_1_211' title='bbox 1123 2936 1264 2996; x_wconf 87' lang='lat' dir='ltr'>tuus,</span> <span class='ocrx_word' id='word_1_212' title='bbox 1299 2929 1543 2995; x_wconf 79' lang='lat' dir='ltr'>Domine,</span> <span class='ocrx_word' id='word_1_213' title='bbox 1574 2929 1740 2986; x_wconf 88' lang='lat' dir='ltr'>donec</span> <span class='ocrx_word' id='word_1_214' title='bbox 1789 2931 1967 2982; x_wconf 87' lang='lat' dir='ltr'>trans-</span> 
     </span>
    </p>
   </div>
   <div class='ocr_carea' id='block_1_30' title="bbox 307 3017 1968 3092">
    <p class='ocr_par' dir='ltr' id='par_1_30' title="bbox 307 3017 1968 3092">
     <span class='ocr_line' id='line_1_30' title="bbox 307 3017 1968 3092; baseline -0.004 -15"><span class='ocrx_word' id='word_1_215' title='bbox 307 3028 403 3077; x_wconf 87' lang='lat' dir='ltr'>eat</span> <span class='ocrx_word' id='word_1_216' title='bbox 426 3020 668 3092; x_wconf 84' lang='lat' dir='ltr'>populus</span> <span class='ocrx_word' id='word_1_217' title='bbox 691 3027 816 3074; x_wconf 90' lang='lat' dir='ltr'>tuus</span> <span class='ocrx_word' id='word_1_218' title='bbox 849 3021 947 3074; x_wconf 88' lang='lat' dir='ltr'>iste</span> <span class='ocrx_word' id='word_1_219' title='bbox 978 3034 1134 3091; x_wconf 84' lang='lat' dir='ltr'>quem</span> <span class='ocrx_word' id='word_1_220' title='bbox 1181 3018 1484 3090; x_wconf 85' lang='lat' dir='ltr'>possedisti.</span> <span class='ocrx_word' id='word_1_221' title='bbox 1545 3019 1806 3090; x_wconf 80' lang='lat' dir='ltr'>Rogatur</span> <span class='ocrx_word' id='word_1_222' title='bbox 1861 3017 1968 3072; x_wconf 89' lang='lat' dir='ltr'>ita-</span> 
     </span>
    </p>
   </div>
   <div class='ocr_carea' id='block_1_31' title="bbox 311 3107 1974 3182">
    <p class='ocr_par' dir='ltr' id='par_1_31' title="bbox 311 3107 1974 3182">
     <span class='ocr_line' id='line_1_31' title="bbox 311 3107 1974 3182; baseline -0.001 -18"><span class='ocrx_word' id='word_1_223' title='bbox 311 3125 433 3182; x_wconf 90' lang='lat' dir='ltr'>que</span> <span class='ocrx_word' id='word_1_224' title='bbox 454 3113 628 3176; x_wconf 84' lang='lat' dir='ltr'>Deus,</span> <span class='ocrx_word' id='word_1_225' title='bbox 653 3111 718 3164; x_wconf 90' lang='lat' dir='ltr'>ut</span> <span class='ocrx_word' id='word_1_226' title='bbox 752 3107 1048 3180; x_wconf 84' lang='lat' dir='ltr'>paulisper</span> <span class='ocrx_word' id='word_1_227' title='bbox 1068 3112 1478 3162; x_wconf 85' lang='lat' dir='ltr'>convertantur</span> <span class='ocrx_word' id='word_1_228' title='bbox 1499 3107 1555 3162; x_wconf 85' lang='lat' dir='ltr'>in</span> <span class='ocrx_word' id='word_1_229' title='bbox 1581 3107 1805 3180; x_wconf 87' lang='lat' dir='ltr'>lapides</span> <span class='ocrx_word' id='word_1_230' title='bbox 1829 3125 1844 3176; x_wconf 86' lang='lat'><strong>;</strong></span> <span class='ocrx_word' id='word_1_231' title='bbox 1865 3107 1974 3162; x_wconf 81' lang='lat' dir='ltr'>hoc</span> 
     </span>
    </p>
   </div>
   <div class='ocr_carea' id='block_1_32' title="bbox 311 3195 1975 3270">
    <p class='ocr_par' dir='ltr' id='par_1_32' title="bbox 311 3195 1975 3270">
     <span class='ocr_line' id='line_1_32' title="bbox 311 3195 1975 3270; baseline -0.002 -17"><span class='ocrx_word' id='word_1_232' title='bbox 311 3198 475 3254; x_wconf 88' lang='lat' dir='ltr'>enim</span> <span class='ocrx_word' id='word_1_233' title='bbox 510 3198 621 3270; x_wconf 86' lang='lat'>(63)</span> <span class='ocrx_word' id='word_1_234' title='bbox 654 3197 887 3253; x_wconf 86' lang='lat' dir='ltr'>Graecus</span> <span class='ocrx_word' id='word_1_235' title='bbox 917 3213 1109 3252; x_wconf 91' lang='lat' dir='ltr'>sermo</span> <span class='ocrx_word' id='word_1_236' title='bbox 1140 3195 1571 3268; x_wconf 79' lang='lat' dir='ltr'>signiﬁcantius</span> <span class='ocrx_word' id='word_1_237' title='bbox 1614 3201 1804 3263; x_wconf 90' lang='lat' dir='ltr'>sonat,</span> <span class='ocrx_word' id='word_1_238' title='bbox 1853 3195 1975 3250; x_wconf 87' lang='grc' dir='ltr'>ἀνα-</span> 
     </span>
    </p>
   </div>
   <div class='ocr_carea' id='block_1_33' title="bbox 313 3283 1974 3358">
    <p class='ocr_par' dir='ltr' id='par_1_33' title="bbox 313 3283 1974 3358">
     <span class='ocr_line' id='line_1_33' title="bbox 313 3283 1974 3358; baseline 0.002 -18"><span class='ocrx_word' id='word_1_239' title='bbox 313 3283 712 3358; x_wconf 70' lang='grc' dir='ltr'>λιθοῦσθωσαν,</span> <span class='ocrx_word' id='word_1_240' title='bbox 746 3287 928 3342; x_wconf 85' lang='lat' dir='ltr'>donec</span> <span class='ocrx_word' id='word_1_241' title='bbox 950 3290 1313 3358; x_wconf 87' lang='lat' dir='ltr'>pertranseat</span> <span class='ocrx_word' id='word_1_242' title='bbox 1341 3285 1594 3358; x_wconf 91' lang='lat' dir='ltr'>populus</span> <span class='ocrx_word' id='word_1_243' title='bbox 1614 3287 1974 3344; x_wconf 71' lang='lat' dir='ltr'>Judaeorum.</span> 
     </span>
    </p>
   </div>
   <div class='ocr_carea' id='block_1_34' title="bbox 314 3374 1974 3448">
    <p class='ocr_par' dir='ltr' id='par_1_34' title="bbox 314 3374 1974 3448">
     <span class='ocr_line' id='line_1_34' title="bbox 314 3374 1974 3448; baseline -0.002 -15"><span class='ocrx_word' id='word_1_244' title='bbox 314 3376 768 3444; x_wconf 78' lang='lat' dir='ltr'>Hauddubium</span> <span class='ocrx_word' id='word_1_245' title='bbox 800 3375 940 3448; x_wconf 89' lang='lat' dir='ltr'>quin</span> <span class='ocrx_word' id='word_1_246' title='bbox 974 3379 1287 3448; x_wconf 87' lang='lat' dir='ltr'>postquam</span> <span class='ocrx_word' id='word_1_247' title='bbox 1311 3374 1395 3430; x_wconf 81' lang='lat' dir='ltr'>illi</span> <span class='ocrx_word' id='word_1_248' title='bbox 1419 3375 1779 3444; x_wconf 88' lang='lat' dir='ltr'>transierint,</span> <span class='ocrx_word' id='word_1_249' title='bbox 1834 3393 1974 3448; x_wconf 85' lang='lat' dir='ltr'>gen-</span> 
     </span>
    </p>
   </div>
   <div class='ocr_carea' id='block_1_35' title="bbox 2048 780 3701 860">
    <p class='ocr_par' dir='ltr' id='par_1_35' title="bbox 2048 780 3701 860">
     <span class='ocr_line' id='line_1_35' title="bbox 2048 780 3701 860; baseline 0.004 -24"><span class='ocrx_word' id='word_1_250' title='bbox 2048 780 2446 837; x_wconf 88' lang='lat' dir='ltr'>numerabiles</span> <span class='ocrx_word' id='word_1_251' title='bbox 2475 781 2610 837; x_wconf 88' lang='lat' dir='ltr'>anni</span> <span class='ocrx_word' id='word_1_252' title='bbox 2647 781 2848 838; x_wconf 87' lang='lat' dir='ltr'>abillo</span> <span class='ocrx_word' id='word_1_253' title='bbox 2876 788 3138 856; x_wconf 89' lang='lat' dir='ltr'>tempore</span> <span class='ocrx_word' id='word_1_254' title='bbox 3183 802 3372 857; x_wconf 90' lang='lat' dir='ltr'>usque</span> <span class='ocrx_word' id='word_1_255' title='bbox 3431 787 3501 842; x_wconf 92' lang='lat' dir='ltr'>ad</span> <span class='ocrx_word' id='word_1_256' title='bbox 3562 804 3701 860; x_wconf 69' lang='lat' dir='ltr'>prae-</span> 
     </span>
    </p>
   </div>
   <div class='ocr_carea' id='block_1_36' title="bbox 2046 869 3702 946">
    <p class='ocr_par' dir='ltr' id='par_1_36' title="bbox 2046 869 3702 946">
     <span class='ocr_line' id='line_1_36' title="bbox 2046 869 3702 946; baseline 0.004 -20"><span class='ocrx_word' id='word_1_257' title='bbox 2046 875 2273 927; x_wconf 87' lang='lat' dir='ltr'>sentem</span> <span class='ocrx_word' id='word_1_258' title='bbox 2288 869 2440 925; x_wconf 88' lang='lat' dir='ltr'>diem</span> <span class='ocrx_word' id='word_1_259' title='bbox 2457 871 2551 926; x_wconf 74' lang='grc'>31</span> <span class='ocrx_word' id='word_1_260' title='bbox 2565 871 2744 928; x_wconf 75' lang='lat'><strong>0-20</strong></span> <span class='ocrx_word' id='word_1_261' title='bbox 2759 871 3118 939; x_wconf 83' lang='lat' dir='ltr'>transierint,</span> <span class='ocrx_word' id='word_1_262' title='bbox 3139 875 3431 946; x_wconf 90' lang='lat' dir='ltr'>quomodo</span> <span class='ocrx_word' id='word_1_263' title='bbox 3449 875 3702 946; x_wconf 86' lang='lat' dir='ltr'>Spiritus</span> 
     </span>
    </p>
   </div>
   <div class='ocr_carea' id='block_1_37' title="bbox 2048 960 3704 1033">
    <p class='ocr_par' dir='ltr' id='par_1_37' title="bbox 2048 960 3704 1033">
     <span class='ocr_line' id='line_1_37' title="bbox 2048 960 3704 1033; baseline 0.004 -17"><span class='ocrx_word' id='word_1_264' title='bbox 2048 965 2290 1017; x_wconf 88' lang='lat' dir='ltr'>sanctus</span> <span class='ocrx_word' id='word_1_265' title='bbox 2321 962 2381 1016; x_wconf 90' lang='lat' dir='ltr'>in</span> <span class='ocrx_word' id='word_1_266' title='bbox 2417 960 2698 1033; x_wconf 87' lang='lat' dir='ltr'>propheta</span> <span class='ocrx_word' id='word_1_267' title='bbox 2728 961 2884 1018; x_wconf 87' lang='lat' dir='ltr'>dicat</span> <span class='ocrx_word' id='word_1_268' title='bbox 2912 979 2924 1019; x_wconf 88' lang='lat'>:</span> <span class='ocrx_word' id='word_1_269' title='bbox 2957 963 3088 1020; x_wconf 83' lang='lat' dir='ltr'>Ecce</span> <span class='ocrx_word' id='word_1_270' title='bbox 3115 966 3322 1020; x_wconf 87' lang='lat' dir='ltr'>securis</span> <span class='ocrx_word' id='word_1_271' title='bbox 3359 965 3429 1020; x_wconf 86' lang='lat' dir='ltr'>ad</span> <span class='ocrx_word' id='word_1_272' title='bbox 3483 965 3704 1022; x_wconf 75' lang='lat' dir='ltr'>radices</span> 
     </span>
    </p>
   </div>
   <div class='ocr_carea' id='block_1_38' title="bbox 2051 1049 3704 1126">
    <p class='ocr_par' dir='ltr' id='par_1_38' title="bbox 2051 1049 3704 1126">
     <span class='ocr_line' id='line_1_38' title="bbox 2051 1049 3704 1126; baseline 0.004 -22"><span class='ocrx_word' id='word_1_273' title='bbox 2051 1049 2313 1105; x_wconf 87' lang='lat' dir='ltr'>arborum</span> <span class='ocrx_word' id='word_1_274' title='bbox 2343 1052 2516 1122; x_wconf 81' lang='lat' dir='ltr'>posita</span> <span class='ocrx_word' id='word_1_275' title='bbox 2549 1058 2642 1120; x_wconf 85' lang='lat' dir='ltr'>est,</span> <span class='ocrx_word' id='word_1_276' title='bbox 2675 1051 2956 1107; x_wconf 88' lang='lat' dir='ltr'>debemus</span> <span class='ocrx_word' id='word_1_277' title='bbox 3013 1051 3328 1125; x_wconf 86' lang='lat' dir='ltr'>inquirere.</span> <span class='ocrx_word' id='word_1_278' title='bbox 3392 1053 3505 1126; x_wconf 86' lang='lat' dir='ltr'>Ego</span> <span class='ocrx_word' id='word_1_279' title='bbox 3562 1059 3704 1126; x_wconf 89' lang='lat' dir='ltr'>puto</span> 
     </span>
    </p>
   </div>
   <div class='ocr_carea' id='block_1_39' title="bbox 2054 1139 3706 1214">
    <p class='ocr_par' dir='ltr' id='par_1_39' title="bbox 2054 1139 3706 1214">
     <span class='ocr_line' id='line_1_39' title="bbox 2054 1139 3706 1214; baseline 0.004 -21"><span class='ocrx_word' id='word_1_280' title='bbox 2054 1139 2366 1195; x_wconf 78' lang='lat' dir='ltr'>Israelitico</span> <span class='ocrx_word' id='word_1_281' title='bbox 2397 1139 2610 1212; x_wconf 83' lang='lat' dir='ltr'>populo</span> <span class='ocrx_word' id='word_1_282' title='bbox 2641 1139 2995 1212; x_wconf 88' lang='lat' dir='ltr'>prophetari,</span> <span class='ocrx_word' id='word_1_283' title='bbox 3037 1141 3193 1214; x_wconf 88' lang='lat' dir='ltr'>quod</span> <span class='ocrx_word' id='word_1_284' title='bbox 3257 1141 3520 1214; x_wconf 69' lang='lat' dir='ltr'>praecisio</span> <span class='ocrx_word' id='word_1_285' title='bbox 3577 1143 3706 1214; x_wconf 83' lang='lat' dir='ltr'>ejus</span> 
     </span>
    </p>
   </div>
   <div class='ocr_carea' id='block_1_40' title="bbox 2053 1227 3709 1302">
    <p class='ocr_par' dir='ltr' id='par_1_40' title="bbox 2053 1227 3709 1302">
     <span class='ocr_line' id='line_1_40' title="bbox 2053 1227 3709 1302; baseline 0.004 -21"><span class='ocrx_word' id='word_1_286' title='bbox 2053 1227 2244 1283; x_wconf 90' lang='lat' dir='ltr'>vicina</span> <span class='ocrx_word' id='word_1_287' title='bbox 2277 1227 2374 1284; x_wconf 88' lang='lat' dir='ltr'>sit.</span> <span class='ocrx_word' id='word_1_288' title='bbox 2408 1227 2506 1284; x_wconf 85' lang='lat' dir='ltr'>His</span> <span class='ocrx_word' id='word_1_289' title='bbox 2539 1227 2693 1283; x_wconf 90' lang='lat' dir='ltr'>enim</span> <span class='ocrx_word' id='word_1_290' title='bbox 2728 1229 2828 1300; x_wconf 86' lang='lat' dir='ltr'>qui</span> <span class='ocrx_word' id='word_1_291' title='bbox 2861 1231 3310 1302; x_wconf 84' lang='lat' dir='ltr'>egrediebantur</span> <span class='ocrx_word' id='word_1_292' title='bbox 3331 1231 3401 1287; x_wconf 88' lang='lat' dir='ltr'>ad</span> <span class='ocrx_word' id='word_1_293' title='bbox 3433 1247 3590 1298; x_wconf 88' lang='lat' dir='ltr'>eum,</span> <span class='ocrx_word' id='word_1_294' title='bbox 3644 1236 3709 1288; x_wconf 89' lang='lat' dir='ltr'>ut</span> 
     </span>
    </p>
   </div>
   <div class='ocr_carea' id='block_1_41' title="bbox 2055 1317 3708 1394">
    <p class='ocr_par' dir='ltr' id='par_1_41' title="bbox 2055 1317 3708 1394">
     <span class='ocr_line' id='line_1_41' title="bbox 2055 1317 3708 1394; baseline 0.004 -23"><span class='ocrx_word' id='word_1_295' title='bbox 2055 1317 2513 1389; x_wconf 86' lang='lat' dir='ltr'>baptizareutur,</span> <span class='ocrx_word' id='word_1_296' title='bbox 2548 1317 2698 1372; x_wconf 87' lang='lat' dir='ltr'>inter</span> <span class='ocrx_word' id='word_1_297' title='bbox 2727 1322 2934 1374; x_wconf 66' lang='lat' dir='ltr'>caetera</span> <span class='ocrx_word' id='word_1_298' title='bbox 2955 1317 3338 1390; x_wconf 83' lang='lat' dir='ltr'>loquebatur:</span> <span class='ocrx_word' id='word_1_299' title='bbox 3369 1323 3550 1378; x_wconf 83' lang='lat' dir='ltr'>Facile</span> <span class='ocrx_word' id='word_1_300' title='bbox 3582 1325 3708 1394; x_wconf 80' lang='lat' dir='ltr'>fru-</span> 
     </span>
    </p>
   </div>
   <div class='ocr_carea' id='block_1_42' title="bbox 2053 1407 3705 1481">
    <p class='ocr_par' dir='ltr' id='par_1_42' title="bbox 2053 1407 3705 1481">
     <span class='ocr_line' id='line_1_42' title="bbox 2053 1407 3705 1481; baseline 0.004 -21"><span class='ocrx_word' id='word_1_301' title='bbox 2053 1416 2172 1462; x_wconf 85' lang='lat' dir='ltr'>ctus</span> <span class='ocrx_word' id='word_1_302' title='bbox 2202 1407 2404 1480; x_wconf 83' lang='lat' dir='ltr'>dignos</span> <span class='ocrx_word' id='word_1_303' title='bbox 2433 1408 2798 1478; x_wconf 74' lang='lat' dir='ltr'>pwnitentiae;</span> <span class='ocrx_word' id='word_1_304' title='bbox 2831 1411 2888 1464; x_wconf 88' lang='lat' dir='ltr'>et</span> <span class='ocrx_word' id='word_1_305' title='bbox 2945 1407 3114 1481; x_wconf 86' lang='lat' dir='ltr'>quasi</span> <span class='ocrx_word' id='word_1_306' title='bbox 3169 1408 3386 1464; x_wconf 67' lang='lat' dir='ltr'>Iudaeis</span> <span class='ocrx_word' id='word_1_307' title='bbox 3441 1410 3705 1467; x_wconf 89' lang='lat' dir='ltr'>dicebat:</span> 
     </span>
    </p>
   </div>
   <div class='ocr_carea' id='block_1_43' title="bbox 2054 1495 3711 1570">
    <p class='ocr_par' dir='ltr' id='par_1_43' title="bbox 2054 1495 3711 1570">
     <span class='ocr_line' id='line_1_43' title="bbox 2054 1495 3711 1570; baseline 0.004 -20"><span class='ocrx_word' id='word_1_308' title='bbox 2054 1495 2131 1550; x_wconf 86' lang='lat' dir='ltr'>Ne</span> <span class='ocrx_word' id='word_1_309' title='bbox 2164 1497 2448 1566; x_wconf 79' lang='lat' dir='ltr'>incipiatis</span> <span class='ocrx_word' id='word_1_310' title='bbox 2480 1495 2660 1552; x_wconf 82' lang='lat' dir='ltr'>dicere</span> <span class='ocrx_word' id='word_1_311' title='bbox 2689 1497 2744 1550; x_wconf 89' lang='lat' dir='ltr'>in</span> <span class='ocrx_word' id='word_1_312' title='bbox 2777 1497 3197 1569; x_wconf 83' lang='lat' dir='ltr'>vobismetipsis,</span> <span class='ocrx_word' id='word_1_313' title='bbox 3218 1507 3429 1570; x_wconf 84' lang='lat' dir='ltr'>patrem</span> <span class='ocrx_word' id='word_1_314' title='bbox 3450 1498 3711 1557; x_wconf 77' lang='lat' dir='ltr'>habemus</span> 
     </span>
    </p>
   </div>
   <div class='ocr_carea' id='block_1_44' title="bbox 2055 1570 3710 1658">
    <p class='ocr_par' dir='ltr' id='par_1_44' title="bbox 2055 1570 3710 1658">
     <span class='ocr_line' id='line_1_44' title="bbox 2055 1570 3710 1658; baseline 0.004 -18"><span class='ocrx_word' id='word_1_315' title='bbox 2055 1585 2361 1640; x_wconf 79' lang='lat' dir='ltr'>Abraham.</span> <span class='ocrx_word' id='word_1_316' title='bbox 2401 1585 2523 1640; x_wconf 83' lang='lat' dir='ltr'>Dico</span> <span class='ocrx_word' id='word_1_317' title='bbox 2554 1587 2708 1640; x_wconf 82' lang='lat' dir='ltr'>enim</span> <span class='ocrx_word' id='word_1_318' title='bbox 2735 1585 2902 1655; x_wconf 83' lang='lat' dir='ltr'>vobis,</span> <span class='ocrx_word' id='word_1_319' title='bbox 2933 1588 3065 1656; x_wconf 86' lang='lat' dir='ltr'>quia</span> <span class='ocrx_word' id='word_1_320' title='bbox 3091 1591 3261 1658; x_wconf 86' lang='lat' dir='ltr'>potest</span> <span class='ocrx_word' id='word_1_321' title='bbox 3299 1593 3447 1644; x_wconf 85' lang='lat' dir='ltr'>Deus</span> <span class='ocrx_word' id='word_1_322' title='bbox 3499 1606 3572 1645; x_wconf 78' lang='lat' dir='ltr'>ex</span> <span class='ocrx_word' id='word_1_323' title='bbox 3629 1570 3710 1646; x_wconf 68' lang='grc' dir='ltr'>ιά-</span> 
     </span>
    </p>
   </div>
   <div class='ocr_carea' id='block_1_45' title="bbox 2053 1673 3711 1752">
    <p class='ocr_par' dir='ltr' id='par_1_45' title="bbox 2053 1673 3711 1752">
     <span class='ocr_line' id='line_1_45' title="bbox 2053 1673 3711 1752; baseline 0.004 -24"><span class='ocrx_word' id='word_1_324' title='bbox 2053 1673 2276 1746; x_wconf 83' lang='lat' dir='ltr'>pidibus</span> <span class='ocrx_word' id='word_1_325' title='bbox 2306 1675 2430 1730; x_wconf 85' lang='lat' dir='ltr'>istis</span> <span class='ocrx_word' id='word_1_326' title='bbox 2459 1675 2730 1730; x_wconf 83' lang='lat' dir='ltr'>suscitare</span> <span class='ocrx_word' id='word_1_327' title='bbox 2753 1673 2904 1745; x_wconf 79' lang='lat' dir='ltr'>ﬁlios</span> <span class='ocrx_word' id='word_1_328' title='bbox 2934 1675 3179 1731; x_wconf 76' lang='lat' dir='ltr'>Abralue.</span> <span class='ocrx_word' id='word_1_329' title='bbox 3211 1680 3330 1732; x_wconf 83' lang='lat' dir='ltr'>Hoc</span> <span class='ocrx_word' id='word_1_330' title='bbox 3388 1695 3524 1752; x_wconf 89' lang='lat' dir='ltr'>ergo</span> <span class='ocrx_word' id='word_1_331' title='bbox 3554 1679 3711 1751; x_wconf 89' lang='lat' dir='ltr'>quod</span> 
     </span>
    </p>
   </div>
   <div class='ocr_carea' id='block_1_46' title="bbox 2059 1763 3711 1836">
    <p class='ocr_par' dir='ltr' id='par_1_46' title="bbox 2059 1763 3711 1836">
     <span class='ocr_line' id='line_1_46' title="bbox 2059 1763 3711 1836; baseline 0.003 -17"><span class='ocrx_word' id='word_1_332' title='bbox 2059 1763 2142 1819; x_wconf 85' lang='lat' dir='ltr'>ait</span> <span class='ocrx_word' id='word_1_333' title='bbox 2170 1780 2182 1818; x_wconf 90' lang='lat'><strong>:</strong></span> <span class='ocrx_word' id='word_1_334' title='bbox 2213 1765 2344 1818; x_wconf 65' lang='lat' dir='ltr'>Ecce</span> <span class='ocrx_word' id='word_1_335' title='bbox 2373 1765 2582 1819; x_wconf 71' lang='lat' dir='ltr'>ser-uris</span> <span class='ocrx_word' id='word_1_336' title='bbox 2605 1763 2680 1818; x_wconf 85' lang='lat' dir='ltr'>ad</span> <span class='ocrx_word' id='word_1_337' title='bbox 2711 1763 2916 1820; x_wconf 87' lang='lat' dir='ltr'>radices</span> <span class='ocrx_word' id='word_1_338' title='bbox 2945 1765 3209 1820; x_wconf 87' lang='lat' dir='ltr'>arborum</span> <span class='ocrx_word' id='word_1_339' title='bbox 3244 1768 3427 1836; x_wconf 88' lang='lat' dir='ltr'>posita</span> <span class='ocrx_word' id='word_1_340' title='bbox 3455 1776 3551 1836; x_wconf 88' lang='lat' dir='ltr'>est,</span> <span class='ocrx_word' id='word_1_341' title='bbox 3607 1767 3711 1823; x_wconf 89' lang='lat' dir='ltr'>Ju-</span> 
     </span>
    </p>
   </div>
   <div class='ocr_carea' id='block_1_47' title="bbox 2060 1851 3719 1925">
    <p class='ocr_par' dir='ltr' id='par_1_47' title="bbox 2060 1851 3719 1925">
     <span class='ocr_line' id='line_1_47' title="bbox 2060 1851 3719 1925; baseline 0.004 -18"><span class='ocrx_word' id='word_1_342' title='bbox 2060 1853 2200 1908; x_wconf 70' lang='lat' dir='ltr'>dzsis</span> <span class='ocrx_word' id='word_1_343' title='bbox 2230 1851 2511 1924; x_wconf 87' lang='lat' dir='ltr'>loquitur.</span> <span class='ocrx_word' id='word_1_344' title='bbox 2546 1852 2647 1908; x_wconf 89' lang='lat' dir='ltr'>Cui</span> <span class='ocrx_word' id='word_1_345' title='bbox 2683 1853 2881 1908; x_wconf 87' lang='lat' dir='ltr'>sensui</span> <span class='ocrx_word' id='word_1_346' title='bbox 2915 1859 2973 1908; x_wconf 88' lang='lat' dir='ltr'>et</span> <span class='ocrx_word' id='word_1_347' title='bbox 3003 1853 3385 1925; x_wconf 87' lang='lat' dir='ltr'>apostolicum</span> <span class='ocrx_word' id='word_1_348' title='bbox 3411 1854 3551 1912; x_wconf 83' lang='lat' dir='ltr'>illud</span> <span class='ocrx_word' id='word_1_349' title='bbox 3585 1872 3719 1912; x_wconf 90' lang='lat' dir='ltr'>cou-</span> 
     </span>
    </p>
   </div>
   <div class='ocr_carea' id='block_1_48' title="bbox 2059 1941 3718 2015">
    <p class='ocr_par' dir='ltr' id='par_1_48' title="bbox 2059 1941 3718 2015">
     <span class='ocr_line' id='line_1_48' title="bbox 2059 1941 3718 2015; baseline 0.004 -19"><span class='ocrx_word' id='word_1_350' title='bbox 2059 1941 2240 2015; x_wconf 78' lang='lat' dir='ltr'>gruit,</span> <span class='ocrx_word' id='word_1_351' title='bbox 2271 1943 2484 1998; x_wconf 87' lang='lat' dir='ltr'>fractos</span> <span class='ocrx_word' id='word_1_352' title='bbox 2514 1959 2643 1998; x_wconf 85' lang='lat' dir='ltr'>esse</span> <span class='ocrx_word' id='word_1_353' title='bbox 2675 1943 2746 1997; x_wconf 90' lang='lat' dir='ltr'>ab</span> <span class='ocrx_word' id='word_1_354' title='bbox 2777 1942 2886 1998; x_wconf 90' lang='lat' dir='ltr'>hac</span> <span class='ocrx_word' id='word_1_355' title='bbox 2917 1943 3108 1998; x_wconf 86' lang='lat' dir='ltr'>securi</span> <span class='ocrx_word' id='word_1_356' title='bbox 3139 1943 3504 2002; x_wconf 80' lang='lat' dir='ltr'>infidelitatis</span> <span class='ocrx_word' id='word_1_357' title='bbox 3522 1963 3718 2002; x_wconf 89' lang='lat' dir='ltr'>ramos</span> 
     </span>
    </p>
   </div>
   <div class='ocr_carea' id='block_1_49' title="bbox 2064 2031 3716 2104">
    <p class='ocr_par' dir='ltr' id='par_1_49' title="bbox 2064 2031 3716 2104">
     <span class='ocr_line' id='line_1_49' title="bbox 2064 2031 3716 2104; baseline 0.002 -17"><span class='ocrx_word' id='word_1_358' title='bbox 2064 2037 2240 2104; x_wconf 88' lang='lat' dir='ltr'>atque</span> <span class='ocrx_word' id='word_1_359' title='bbox 2266 2031 2550 2098; x_wconf 88' lang='lat' dir='ltr'>succisos,</span> <span class='ocrx_word' id='word_1_360' title='bbox 2585 2036 2650 2086; x_wconf 90' lang='lat' dir='ltr'>ut</span> <span class='ocrx_word' id='word_1_361' title='bbox 2679 2035 3010 2104; x_wconf 85' lang='lat' dir='ltr'>amputaret</span> <span class='ocrx_word' id='word_1_362' title='bbox 3041 2048 3108 2088; x_wconf 84' lang='lat' dir='ltr'>ex</span> <span class='ocrx_word' id='word_1_363' title='bbox 3139 2033 3344 2089; x_wconf 89' lang='lat' dir='ltr'>arbore</span> <span class='ocrx_word' id='word_1_364' title='bbox 3403 2051 3518 2090; x_wconf 93' lang='lat' dir='ltr'>non</span> <span class='ocrx_word' id='word_1_365' title='bbox 3562 2035 3716 2091; x_wconf 85' lang='lat' dir='ltr'>radi-</span> 
     </span>
    </p>
   </div>
   <div class='ocr_carea' id='block_1_50' title="bbox 2065 2120 3721 2194">
    <p class='ocr_par' dir='ltr' id='par_1_50' title="bbox 2065 2120 3721 2194">
     <span class='ocr_line' id='line_1_50' title="bbox 2065 2120 3721 2194; baseline 0.003 -18"><span class='ocrx_word' id='word_1_366' title='bbox 2065 2137 2212 2189; x_wconf 91' lang='lat' dir='ltr'>cem,</span> <span class='ocrx_word' id='word_1_367' title='bbox 2249 2122 2348 2176; x_wconf 90' lang='lat' dir='ltr'>sed</span> <span class='ocrx_word' id='word_1_368' title='bbox 2371 2138 2438 2176; x_wconf 90' lang='lat' dir='ltr'>ea</span> <span class='ocrx_word' id='word_1_369' title='bbox 2465 2137 2592 2192; x_wconf 63' lang='lat' dir='ltr'>quae</span> <span class='ocrx_word' id='word_1_370' title='bbox 2619 2121 2691 2176; x_wconf 90' lang='lat' dir='ltr'>de</span> <span class='ocrx_word' id='word_1_371' title='bbox 2721 2122 2913 2176; x_wconf 86' lang='lat' dir='ltr'>radice</span> <span class='ocrx_word' id='word_1_372' title='bbox 2949 2120 3334 2194; x_wconf 88' lang='lat' dir='ltr'>pullularunt,</span> <span class='ocrx_word' id='word_1_373' title='bbox 3362 2123 3496 2178; x_wconf 87' lang='lat' dir='ltr'>utin</span> <span class='ocrx_word' id='word_1_374' title='bbox 3527 2125 3721 2181; x_wconf 87' lang='lat' dir='ltr'>radice</span> 
     </span>
    </p>
   </div>
   <div class='ocr_carea' id='block_1_51' title="bbox 2067 2210 3716 2282">
    <p class='ocr_par' dir='ltr' id='par_1_51' title="bbox 2067 2210 3716 2282">
     <span class='ocr_line' id='line_1_51' title="bbox 2067 2210 3716 2282; baseline 0.002 -17"><span class='ocrx_word' id='word_1_375' title='bbox 2067 2210 2329 2282; x_wconf 66' lang='lat' dir='ltr'>pristinas</span> <span class='ocrx_word' id='word_1_376' title='bbox 2386 2211 2634 2276; x_wconf 79' lang='lat' dir='ltr'>arboris,</span> <span class='ocrx_word' id='word_1_377' title='bbox 2667 2211 2814 2265; x_wconf 89' lang='lat' dir='ltr'>rami</span> <span class='ocrx_word' id='word_1_378' title='bbox 2865 2211 3094 2282; x_wconf 88' lang='lat' dir='ltr'>possint</span> <span class='ocrx_word' id='word_1_379' title='bbox 3151 2212 3384 2268; x_wconf 85' lang='lat' dir='ltr'>oleastri</span> <span class='ocrx_word' id='word_1_380' title='bbox 3442 2213 3622 2270; x_wconf 89' lang='lat' dir='ltr'>inseri</span> <span class='ocrx_word' id='word_1_381' title='bbox 3651 2215 3716 2269; x_wconf 66' lang='lat'>3°.</span> 
     </span>
    </p>
   </div>
   <div class='ocr_carea' id='block_1_52' title="bbox 2067 2299 3718 2374">
    <p class='ocr_par' dir='ltr' id='par_1_52' title="bbox 2067 2299 3718 2374">
     <span class='ocr_line' id='line_1_52' title="bbox 2067 2299 3718 2374; baseline 0.001 -16"><span class='ocrx_word' id='word_1_382' title='bbox 2067 2300 2272 2358; x_wconf 80' lang='lat' dir='ltr'>Omnis</span> <span class='ocrx_word' id='word_1_383' title='bbox 2301 2316 2437 2374; x_wconf 83' lang='lat' dir='ltr'>ergo</span> <span class='ocrx_word' id='word_1_384' title='bbox 2470 2301 2663 2367; x_wconf 89' lang='lat' dir='ltr'>arbor,</span> <span class='ocrx_word' id='word_1_385' title='bbox 2698 2317 2822 2372; x_wconf 81' lang='lat' dir='ltr'>quae</span> <span class='ocrx_word' id='word_1_386' title='bbox 2856 2317 2969 2355; x_wconf 90' lang='lat' dir='ltr'>non</span> <span class='ocrx_word' id='word_1_387' title='bbox 3005 2299 3142 2356; x_wconf 85' lang='lat' dir='ltr'>facit</span> <span class='ocrx_word' id='word_1_388' title='bbox 3187 2300 3441 2358; x_wconf 87' lang='lat' dir='ltr'>fructum</span> <span class='ocrx_word' id='word_1_389' title='bbox 3475 2303 3718 2371; x_wconf 89' lang='lat' dir='ltr'>bonum,</span> 
     </span>
    </p>
   </div>
   <div class='ocr_carea' id='block_1_53' title="bbox 2069 2389 3720 2462">
    <p class='ocr_par' dir='ltr' id='par_1_53' title="bbox 2069 2389 3720 2462">
     <span class='ocr_line' id='line_1_53' title="bbox 2069 2389 3720 2462; baseline 0.003 -18"><span class='ocrx_word' id='word_1_390' title='bbox 2069 2389 2415 2462; x_wconf 72' lang='lat' dir='ltr'>prazcidetur</span> <span class='ocrx_word' id='word_1_391' title='bbox 2444 2394 2501 2445; x_wconf 90' lang='lat' dir='ltr'>et</span> <span class='ocrx_word' id='word_1_392' title='bbox 2530 2391 2589 2445; x_wconf 92' lang='lat' dir='ltr'>in</span> <span class='ocrx_word' id='word_1_393' title='bbox 2622 2389 2817 2461; x_wconf 89' lang='lat' dir='ltr'>ignem</span> <span class='ocrx_word' id='word_1_394' title='bbox 2852 2391 3153 2446; x_wconf 88' lang='lat' dir='ltr'>mittetur:</span> <span class='ocrx_word' id='word_1_395' title='bbox 3181 2390 3333 2446; x_wconf 91' lang='lat' dir='ltr'>hunc</span> <span class='ocrx_word' id='word_1_396' title='bbox 3365 2392 3522 2448; x_wconf 89' lang='lat' dir='ltr'>enim</span> <span class='ocrx_word' id='word_1_397' title='bbox 3543 2393 3720 2450; x_wconf 80' lang='lat' dir='ltr'>tinem</span> 
     </span>
    </p>
   </div>
   <div class='ocr_carea' id='block_1_54' title="bbox 2070 2477 3723 2539">
    <p class='ocr_par' dir='ltr' id='par_1_54' title="bbox 2070 2477 3723 2539">
     <span class='ocr_line' id='line_1_54' title="bbox 2070 2477 3723 2539; baseline 0.003 -5"><span class='ocrx_word' id='word_1_398' title='bbox 2070 2479 2246 2534; x_wconf 87' lang='lat' dir='ltr'>habet</span> <span class='ocrx_word' id='word_1_399' title='bbox 2277 2483 2340 2534; x_wconf 91' lang='lat' dir='ltr'>ut</span> <span class='ocrx_word' id='word_1_400' title='bbox 2368 2477 2638 2534; x_wconf 86' lang='lat' dir='ltr'>incendio</span> <span class='ocrx_word' id='word_1_401' title='bbox 2669 2483 3090 2535; x_wconf 88' lang='lat' dir='ltr'>concremetur.</span> <span class='ocrx_word' id='word_1_402' title='bbox 3120 2479 3338 2537; x_wconf 87' lang='lat' dir='ltr'>Deinde</span> <span class='ocrx_word' id='word_1_403' title='bbox 3389 2485 3509 2538; x_wconf 87' lang='lat' dir='ltr'>tres</span> <span class='ocrx_word' id='word_1_404' title='bbox 3566 2484 3723 2539; x_wconf 88' lang='lat' dir='ltr'>ordi-</span> 
     </span>
    </p>
   </div>
   <div class='ocr_carea' id='block_1_55' title="bbox 2074 2567 3725 2644">
    <p class='ocr_par' dir='ltr' id='par_1_55' title="bbox 2074 2567 3725 2644">
     <span class='ocr_line' id='line_1_55' title="bbox 2074 2567 3725 2644; baseline 0.004 -20"><span class='ocrx_word' id='word_1_405' title='bbox 2074 2585 2176 2624; x_wconf 88' lang='lat' dir='ltr'>nes</span> <span class='ocrx_word' id='word_1_406' title='bbox 2199 2568 2560 2623; x_wconf 88' lang='lat' dir='ltr'>inducuntur</span> <span class='ocrx_word' id='word_1_407' title='bbox 2585 2567 3011 2624; x_wconf 87' lang='lat' dir='ltr'>sciscitantium</span> <span class='ocrx_word' id='word_1_408' title='bbox 3031 2569 3317 2626; x_wconf 86' lang='lat' dir='ltr'>Joannem</span> <span class='ocrx_word' id='word_1_409' title='bbox 3337 2588 3515 2644; x_wconf 90' lang='lat' dir='ltr'>super</span> <span class='ocrx_word' id='word_1_410' title='bbox 3534 2571 3725 2631; x_wconf 86' lang='lat' dir='ltr'>salute</span> 
     </span>
    </p>
   </div>
   <div class='ocr_carea' id='block_1_56' title="bbox 2073 2658 3722 2733">
    <p class='ocr_par' dir='ltr' id='par_1_56' title="bbox 2073 2658 3722 2733">
     <span class='ocr_line' id='line_1_56' title="bbox 2073 2658 3722 2733; baseline 0.003 -19"><span class='ocrx_word' id='word_1_411' title='bbox 2073 2675 2214 2714; x_wconf 88' lang='lat' dir='ltr'>sua:</span> <span class='ocrx_word' id='word_1_412' title='bbox 2249 2675 2404 2713; x_wconf 90' lang='lat' dir='ltr'>unus</span> <span class='ocrx_word' id='word_1_413' title='bbox 2437 2674 2610 2728; x_wconf 89' lang='lat' dir='ltr'>quem</span> <span class='ocrx_word' id='word_1_414' title='bbox 2647 2658 2947 2730; x_wconf 89' lang='lat' dir='ltr'>Scriptura</span> <span class='ocrx_word' id='word_1_415' title='bbox 2971 2658 3284 2732; x_wconf 88' lang='lat' dir='ltr'>appellavit</span> <span class='ocrx_word' id='word_1_416' title='bbox 3316 2661 3560 2733; x_wconf 88' lang='lat' dir='ltr'>populos</span> <span class='ocrx_word' id='word_1_417' title='bbox 3588 2679 3722 2719; x_wconf 82' lang='lat' dir='ltr'>exe-</span> 
     </span>
    </p>
   </div>
   <div class='ocr_carea' id='block_1_57' title="bbox 2075 2746 3728 2820">
    <p class='ocr_par' dir='ltr' id='par_1_57' title="bbox 2075 2746 3728 2820">
     <span class='ocr_line' id='line_1_57' title="bbox 2075 2746 3728 2820; baseline 0.004 -18"><span class='ocrx_word' id='word_1_418' title='bbox 2075 2751 2245 2802; x_wconf 89' lang='lat' dir='ltr'>untes</span> <span class='ocrx_word' id='word_1_419' title='bbox 2267 2748 2339 2802; x_wconf 91' lang='lat' dir='ltr'>ad</span> <span class='ocrx_word' id='word_1_420' title='bbox 2369 2747 2684 2818; x_wconf 88' lang='lat' dir='ltr'>baptisma,</span> <span class='ocrx_word' id='word_1_421' title='bbox 2717 2746 2867 2802; x_wconf 88' lang='lat' dir='ltr'>alius</span> <span class='ocrx_word' id='word_1_422' title='bbox 2900 2763 3074 2818; x_wconf 89' lang='lat' dir='ltr'>quem</span> <span class='ocrx_word' id='word_1_423' title='bbox 3097 2746 3440 2820; x_wconf 87' lang='lat' dir='ltr'>publicanos</span> <span class='ocrx_word' id='word_1_424' title='bbox 3462 2753 3728 2808; x_wconf 83' lang='lat' dir='ltr'>nominat</span> 
     </span>
    </p>
   </div>
   <div class='ocr_carea' id='block_1_58' title="bbox 2074 2835 3728 2909">
    <p class='ocr_par' dir='ltr' id='par_1_58' title="bbox 2074 2835 3728 2909">
     <span class='ocr_line' id='line_1_58' title="bbox 2074 2835 3728 2909; baseline 0.004 -18"><span class='ocrx_word' id='word_1_425' title='bbox 2074 2837 2283 2892; x_wconf 88' lang='lat' dir='ltr'>tertius</span> <span class='ocrx_word' id='word_1_426' title='bbox 2314 2835 2414 2909; x_wconf 92' lang='lat' dir='ltr'>qui</span> <span class='ocrx_word' id='word_1_427' title='bbox 2449 2835 2700 2892; x_wconf 90' lang='lat' dir='ltr'>militum</span> <span class='ocrx_word' id='word_1_428' title='bbox 2732 2835 3117 2908; x_wconf 88' lang='lat' dir='ltr'>appellatione</span> <span class='ocrx_word' id='word_1_429' title='bbox 3147 2843 3434 2894; x_wconf 89' lang='lat' dir='ltr'>censetur.</span> <span class='ocrx_word' id='word_1_430' title='bbox 3483 2841 3728 2897; x_wconf 82' lang='lat' dir='ltr'>Interro-</span> 
     </span>
    </p>
   </div>
   <div class='ocr_carea' id='block_1_59' title="bbox 2075 2925 3729 3000">
    <p class='ocr_par' dir='ltr' id='par_1_59' title="bbox 2075 2925 3729 3000">
     <span class='ocr_line' id='line_1_59' title="bbox 2075 2925 3729 3000; baseline 0.004 -21"><span class='ocrx_word' id='word_1_431' title='bbox 2075 2926 2278 2998; x_wconf 78' lang='lat' dir='ltr'>gabant</span> <span class='ocrx_word' id='word_1_432' title='bbox 2307 2941 2430 2981; x_wconf 86' lang='lat' dir='ltr'>eum</span> <span class='ocrx_word' id='word_1_433' title='bbox 2474 2925 2670 2994; x_wconf 69' lang='lat' dir='ltr'>turbae,</span> <span class='ocrx_word' id='word_1_434' title='bbox 2729 2925 3005 2982; x_wconf 85' lang='lat' dir='ltr'>dicentes:</span> <span class='ocrx_word' id='word_1_435' title='bbox 3059 2925 3200 2996; x_wconf 83' lang='lat' dir='ltr'>Quid</span> <span class='ocrx_word' id='word_1_436' title='bbox 3251 2928 3572 2998; x_wconf 83' lang='lat' dir='ltr'>faciemus?</span> <span class='ocrx_word' id='word_1_437' title='bbox 3621 2931 3729 3000; x_wconf 84' lang='lat' dir='ltr'>Qui</span> 
     </span>
    </p>
   </div>
   <div class='ocr_carea' id='block_1_60' title="bbox 2079 3015 3732 3092">
    <p class='ocr_par' dir='ltr' id='par_1_60' title="bbox 2079 3015 3732 3092">
     <span class='ocr_line' id='line_1_60' title="bbox 2079 3015 3732 3092; baseline 0.003 -21"><span class='ocrx_word' id='word_1_438' title='bbox 2079 3015 2406 3087; x_wconf 78' lang='lat' dir='ltr'>respondens</span> <span class='ocrx_word' id='word_1_439' title='bbox 2431 3016 2544 3070; x_wconf 86' lang='lat' dir='ltr'>eis:</span> <span class='ocrx_word' id='word_1_440' title='bbox 2583 3016 2698 3086; x_wconf 81' lang='lat' dir='ltr'>Qui</span> <span class='ocrx_word' id='word_1_441' title='bbox 2725 3015 2888 3070; x_wconf 87' lang='lat' dir='ltr'>habet</span> <span class='ocrx_word' id='word_1_442' title='bbox 2915 3015 3052 3070; x_wconf 84' lang='lat' dir='ltr'>duas</span> <span class='ocrx_word' id='word_1_443' title='bbox 3093 3017 3328 3084; x_wconf 84' lang='lat' dir='ltr'>tunicas,</span> <span class='ocrx_word' id='word_1_444' title='bbox 3383 3016 3472 3074; x_wconf 86' lang='lat' dir='ltr'>det</span> <span class='ocrx_word' id='word_1_445' title='bbox 3525 3021 3581 3074; x_wconf 87' lang='lat' dir='ltr'>ei</span> <span class='ocrx_word' id='word_1_446' title='bbox 3632 3020 3732 3092; x_wconf 83' lang='lat' dir='ltr'>qui</span> 
     </span>
    </p>
   </div>
   <div class='ocr_carea' id='block_1_61' title="bbox 2080 3105 3728 3179">
    <p class='ocr_par' dir='ltr' id='par_1_61' title="bbox 2080 3105 3728 3179">
     <span class='ocr_line' id='line_1_61' title="bbox 2080 3105 3728 3179; baseline 0.004 -19"><span class='ocrx_word' id='word_1_447' title='bbox 2080 3124 2194 3160; x_wconf 76' lang='lat' dir='ltr'>non</span> <span class='ocrx_word' id='word_1_448' title='bbox 2224 3107 2386 3160; x_wconf 59' lang='lat' dir='ltr'>hab&#39;t</span> <span class='ocrx_word' id='word_1_449' title='bbox 2411 3122 2429 3158; x_wconf 85' lang='lat'><strong><em>:</em></strong></span> <span class='ocrx_word' id='word_1_450' title='bbox 2459 3113 2510 3160; x_wconf 87' lang='lat' dir='ltr'>et</span> <span class='ocrx_word' id='word_1_451' title='bbox 2541 3107 2634 3176; x_wconf 84' lang='lat' dir='ltr'>qui</span> <span class='ocrx_word' id='word_1_452' title='bbox 2663 3105 2820 3160; x_wconf 86' lang='lat' dir='ltr'>habet</span> <span class='ocrx_word' id='word_1_453' title='bbox 2847 3105 3016 3172; x_wconf 85' lang='lat' dir='ltr'>cibos,</span> <span class='ocrx_word' id='word_1_454' title='bbox 3047 3106 3302 3162; x_wconf 88' lang='lat' dir='ltr'>similiter</span> <span class='ocrx_word' id='word_1_455' title='bbox 3346 3109 3534 3179; x_wconf 82' lang='lat' dir='ltr'>faciat.</span> <span class='ocrx_word' id='word_1_456' title='bbox 3565 3108 3728 3174; x_wconf 87' lang='lat' dir='ltr'>Quod</span> 
     </span>
    </p>
   </div>
   <div class='ocr_carea' id='block_1_62' title="bbox 2083 3193 3731 3272">
    <p class='ocr_par' dir='ltr' id='par_1_62' title="bbox 2083 3193 3731 3272">
     <span class='ocr_line' id='line_1_62' title="bbox 2083 3193 3731 3272; baseline 0.004 -22"><span class='ocrx_word' id='word_1_457' title='bbox 2083 3195 2345 3266; x_wconf 88' lang='lat' dir='ltr'>quidem,</span> <span class='ocrx_word' id='word_1_458' title='bbox 2379 3193 2574 3249; x_wconf 89' lang='lat' dir='ltr'>nescio</span> <span class='ocrx_word' id='word_1_459' title='bbox 2605 3193 2653 3249; x_wconf 89' lang='lat' dir='ltr'>si</span> <span class='ocrx_word' id='word_1_460' title='bbox 2685 3194 2866 3250; x_wconf 84' lang='lat' dir='ltr'>turbae</span> <span class='ocrx_word' id='word_1_461' title='bbox 2897 3194 3203 3252; x_wconf 87' lang='lat' dir='ltr'>conveniat</span> <span class='ocrx_word' id='word_1_462' title='bbox 3232 3195 3486 3270; x_wconf 70' lang='lat' dir='ltr'>praecipi.</span> <span class='ocrx_word' id='word_1_463' title='bbox 3545 3199 3731 3272; x_wconf 86' lang='lat' dir='ltr'>Magis</span> 
     </span>
    </p>
   </div>
   <div class='ocr_carea' id='block_1_63' title="bbox 2083 3281 3734 3359">
    <p class='ocr_par' dir='ltr' id='par_1_63' title="bbox 2083 3281 3734 3359">
     <span class='ocr_line' id='line_1_63' title="bbox 2083 3281 3734 3359; baseline 0.004 -20"><span class='ocrx_word' id='word_1_464' title='bbox 2083 3284 2240 3340; x_wconf 90' lang='lat' dir='ltr'>enim</span> <span class='ocrx_word' id='word_1_465' title='bbox 2273 3283 2556 3354; x_wconf 87' lang='lat' dir='ltr'>apostolis</span> <span class='ocrx_word' id='word_1_466' title='bbox 2587 3299 2764 3353; x_wconf 89' lang='lat' dir='ltr'>quam</span> <span class='ocrx_word' id='word_1_467' title='bbox 2795 3281 2966 3355; x_wconf 85' lang='lat' dir='ltr'>vulgo</span> <span class='ocrx_word' id='word_1_468' title='bbox 2997 3285 3286 3356; x_wconf 87' lang='lat' dir='ltr'>congruit,</span> <span class='ocrx_word' id='word_1_469' title='bbox 3321 3290 3388 3342; x_wconf 93' lang='lat' dir='ltr'>ut</span> <span class='ocrx_word' id='word_1_470' title='bbox 3429 3286 3530 3359; x_wconf 92' lang='lat' dir='ltr'>qui</span> <span class='ocrx_word' id='word_1_471' title='bbox 3583 3287 3734 3346; x_wconf 87' lang='lat' dir='ltr'>duas</span> 
     </span>
    </p>
   </div>
   <div class='ocr_carea' id='block_1_64' title="bbox 2085 3371 3734 3434">
    <p class='ocr_par' dir='ltr' id='par_1_64' title="bbox 2085 3371 3734 3434">
     <span class='ocr_line' id='line_1_64' title="bbox 2085 3371 3734 3434; baseline 0.004 -6"><span class='ocrx_word' id='word_1_472' title='bbox 2085 3372 2314 3428; x_wconf 87' lang='lat' dir='ltr'>tunicas</span> <span class='ocrx_word' id='word_1_473' title='bbox 2350 3371 2541 3434; x_wconf 85' lang='lat' dir='ltr'>habet,</span> <span class='ocrx_word' id='word_1_474' title='bbox 2577 3387 2752 3426; x_wconf 88' lang='lat' dir='ltr'>unam</span> <span class='ocrx_word' id='word_1_475' title='bbox 2786 3371 3006 3427; x_wconf 88' lang='lat' dir='ltr'>tribuat</span> <span class='ocrx_word' id='word_1_476' title='bbox 3055 3388 3167 3428; x_wconf 91' lang='lat' dir='ltr'>non</span> <span class='ocrx_word' id='word_1_477' title='bbox 3228 3373 3487 3431; x_wconf 87' lang='lat' dir='ltr'>habenti.</span> <span class='ocrx_word' id='word_1_478' title='bbox 3549 3375 3616 3432; x_wconf 86' lang='lat' dir='ltr'>Et</span> <span class='ocrx_word' id='word_1_479' title='bbox 3672 3383 3734 3434; x_wconf 74' lang='lat' dir='ltr'>ut</span> 
     </span>
    </p>
   </div>
   <div class='ocr_carea' id='block_1_65' title="bbox 313 3451 3728 3540">
    <p class='ocr_par' dir='ltr' id='par_1_65' title="bbox 313 3451 3728 3540">
     <span class='ocr_line' id='line_1_65' title="bbox 313 3451 3728 3540; baseline -0.001 -16"><span class='ocrx_word' id='word_1_480' title='bbox 313 3472 401 3524; x_wconf 79' lang='lat' dir='ltr'>tes</span> <span class='ocrx_word' id='word_1_481' title='bbox 435 3467 678 3540; x_wconf 68' lang='lat' dir='ltr'>lapideae</span> <span class='ocrx_word' id='word_1_482' title='bbox 705 3481 833 3522; x_wconf 88' lang='lat' dir='ltr'>esse</span> <span class='ocrx_word' id='word_1_483' title='bbox 865 3465 1199 3530; x_wconf 88' lang='lat' dir='ltr'>cessabunt,</span> <span class='ocrx_word' id='word_1_484' title='bbox 1231 3469 1284 3520; x_wconf 87' lang='lat' dir='ltr'>et</span> <span class='ocrx_word' id='word_1_485' title='bbox 1319 3481 1422 3537; x_wconf 88' lang='lat' dir='ltr'>pro</span> <span class='ocrx_word' id='word_1_486' title='bbox 1454 3465 1599 3520; x_wconf 87' lang='lat' dir='ltr'>duro</span> <span class='ocrx_word' id='word_1_487' title='bbox 1623 3465 1795 3521; x_wconf 91' lang='lat' dir='ltr'>corde</span> <span class='ocrx_word' id='word_1_488' title='bbox 1825 3465 1968 3520; x_wconf 86' lang='lat' dir='ltr'>reci-</span> <span class='ocrx_word' id='word_1_489' title='bbox 2001 3451 2044 3520; x_wconf 87' lang='lat' dir='ltr'>C</span> <span class='ocrx_word' id='word_1_490' title='bbox 2084 3461 2232 3518; x_wconf 86' lang='lat' dir='ltr'>scias</span> <span class='ocrx_word' id='word_1_491' title='bbox 2266 3461 2452 3533; x_wconf 85' lang='lat' dir='ltr'>magis</span> <span class='ocrx_word' id='word_1_492' title='bbox 2479 3459 2587 3515; x_wconf 90' lang='lat' dir='ltr'>hoc</span> <span class='ocrx_word' id='word_1_493' title='bbox 2617 3458 2899 3532; x_wconf 85' lang='lat' dir='ltr'>apostolis</span> <span class='ocrx_word' id='word_1_494' title='bbox 2921 3471 3097 3532; x_wconf 73' lang='lat' dir='ltr'>qnam</span> <span class='ocrx_word' id='word_1_495' title='bbox 3125 3462 3356 3533; x_wconf 89' lang='lat' dir='ltr'>pepulis</span> <span class='ocrx_word' id='word_1_496' title='bbox 3401 3464 3728 3535; x_wconf 89' lang='lat' dir='ltr'>convenire,</span> 
     </span>
    </p>
   </div>
   <div class='ocr_carea' id='block_1_66' title="bbox 308 3553 1970 3630">
    <p class='ocr_par' dir='ltr' id='par_1_66' title="bbox 308 3553 1970 3630">
     <span class='ocr_line' id='line_1_66' title="bbox 308 3553 1970 3630; baseline -0.002 -17"><span class='ocrx_word' id='word_1_497' title='bbox 308 3555 480 3630; x_wconf 87' lang='lat' dir='ltr'>pient</span> <span class='ocrx_word' id='word_1_498' title='bbox 508 3555 832 3611; x_wconf 87' lang='lat' dir='ltr'>humanam</span> <span class='ocrx_word' id='word_1_499' title='bbox 861 3553 920 3610; x_wconf 89' lang='lat' dir='ltr'>in</span> <span class='ocrx_word' id='word_1_500' title='bbox 953 3553 1181 3609; x_wconf 89' lang='lat' dir='ltr'>Christo</span> <span class='ocrx_word' id='word_1_501' title='bbox 1222 3553 1749 3626; x_wconf 88' lang='lat' dir='ltr'>rationabilemque</span> <span class='ocrx_word' id='word_1_502' title='bbox 1794 3560 1970 3610; x_wconf 86' lang='lat' dir='ltr'>natu-</span> 
     </span>
    </p>
   </div>
   <div class='ocr_carea' id='block_1_67' title="bbox 309 3642 1970 3718">
    <p class='ocr_par' dir='ltr' id='par_1_67' title="bbox 309 3642 1970 3718">
     <span class='ocr_line' id='line_1_67' title="bbox 309 3642 1970 3718; baseline -0.002 -16"><span class='ocrx_word' id='word_1_503' title='bbox 309 3663 468 3702; x_wconf 83' lang='lat' dir='ltr'>ram.</span> <span class='ocrx_word' id='word_1_504' title='bbox 501 3645 605 3700; x_wconf 91' lang='lat' dir='ltr'>Cui</span> <span class='ocrx_word' id='word_1_505' title='bbox 638 3651 695 3700; x_wconf 92' lang='lat' dir='ltr'>et</span> <span class='ocrx_word' id='word_1_506' title='bbox 725 3643 910 3718; x_wconf 85' lang='lat' dir='ltr'>gloria</span> <span class='ocrx_word' id='word_1_507' title='bbox 939 3649 995 3699; x_wconf 88' lang='lat' dir='ltr'>et</span> <span class='ocrx_word' id='word_1_508' title='bbox 1024 3643 1336 3716; x_wconf 88' lang='lat' dir='ltr'>imperium</span> <span class='ocrx_word' id='word_1_509' title='bbox 1365 3644 1424 3698; x_wconf 91' lang='lat' dir='ltr'>in</span> <span class='ocrx_word' id='word_1_510' title='bbox 1467 3642 1679 3699; x_wconf 66' lang='lat' dir='ltr'>saecula</span> <span class='ocrx_word' id='word_1_511' title='bbox 1733 3643 1970 3700; x_wconf 66' lang='lat' dir='ltr'>saeculo-</span> 
     </span>
    </p>
   </div>
   <div class='ocr_carea' id='block_1_68' title="bbox 312 3737 714 3793">
    <p class='ocr_par' dir='ltr' id='par_1_68' title="bbox 312 3737 714 3793">
     <span class='ocr_line' id='line_1_68' title="bbox 312 3737 714 3793; baseline -0.01 0"><span class='ocrx_word' id='word_1_512' title='bbox 312 3753 477 3793; x_wconf 90' lang='lat' dir='ltr'>rum.</span> <span class='ocrx_word' id='word_1_513' title='bbox 508 3737 714 3791; x_wconf 89' lang='lat' dir='ltr'>Amen.</span> 
     </span>
    </p>
   </div>
   <div class='ocr_carea' id='block_1_69' title="bbox 887 3841 1430 3897">
    <p class='ocr_par' dir='ltr' id='par_1_69' title="bbox 887 3841 1430 3897">
     <span class='ocr_line' id='line_1_69' title="bbox 887 3841 1430 3897; baseline -0.002 -1"><span class='ocrx_word' id='word_1_514' title='bbox 887 3841 1189 3897; x_wconf 80' lang='lat' dir='ltr'>HOMILIA</span> <span class='ocrx_word' id='word_1_515' title='bbox 1233 3841 1430 3897; x_wconf 80' lang='lat' dir='ltr'>XXIII.</span> 
     </span>
    </p>
   </div>
   <div class='ocr_carea' id='block_1_70' title="bbox 315 3930 1978 4005">
    <p class='ocr_par' dir='ltr' id='par_1_70' title="bbox 315 3930 1978 4005">
     <span class='ocr_line' id='line_1_70' title="bbox 315 3930 1978 4005; baseline -0.002 -13"><span class='ocrx_word' id='word_1_516' title='bbox 315 3937 392 3992; x_wconf 88' lang='lat' dir='ltr'>De</span> <span class='ocrx_word' id='word_1_517' title='bbox 419 3949 491 3991; x_wconf 86' lang='lat' dir='ltr'>eo</span> <span class='ocrx_word' id='word_1_518' title='bbox 516 3930 658 4005; x_wconf 89' lang='lat' dir='ltr'>quod</span> <span class='ocrx_word' id='word_1_519' title='bbox 685 3932 930 4003; x_wconf 85' lang='lat' dir='ltr'>scripum</span> <span class='ocrx_word' id='word_1_520' title='bbox 957 3939 1037 3986; x_wconf 90' lang='lat' dir='ltr'>est</span> <span class='ocrx_word' id='word_1_521' title='bbox 1056 3948 1078 3986; x_wconf 77' lang='grc' dir='ltr'>,ο</span> <span class='ocrx_word' id='word_1_522' title='bbox 1109 3952 1136 3980; x_wconf 84' lang='grc'>‹‹</span> <span class='ocrx_word' id='word_1_523' title='bbox 1189 3931 1320 3986; x_wconf 90' lang='lat' dir='ltr'>Ecce</span> <span class='ocrx_word' id='word_1_524' title='bbox 1343 3932 1579 4005; x_wconf 82' lang='lat' dir='ltr'>_securis</span> <span class='ocrx_word' id='word_1_525' title='bbox 1633 3931 1702 3986; x_wconf 88' lang='lat' dir='ltr'>ad</span> <span class='ocrx_word' id='word_1_526' title='bbox 1753 3931 1978 4005; x_wconf 73' lang='lat' dir='ltr'>radices</span> 
     </span>
    </p>
   </div>
   <div class='ocr_carea' id='block_1_71' title="bbox 389 4002 1978 4075">
    <p class='ocr_par' dir='ltr' id='par_1_71' title="bbox 389 4002 1978 4075">
     <span class='ocr_line' id='line_1_71' title="bbox 389 4002 1978 4075; baseline -0.002 -13"><span class='ocrx_word' id='word_1_527' title='bbox 389 4002 659 4062; x_wconf 78' lang='lat' dir='ltr'>arborum</span> <span class='ocrx_word' id='word_1_528' title='bbox 685 4002 870 4075; x_wconf 85' lang='lat' dir='ltr'>posita</span> <span class='ocrx_word' id='word_1_529' title='bbox 897 4007 997 4066; x_wconf 73' lang='lat' dir='ltr'>est,</span> <span class='ocrx_word' id='word_1_530' title='bbox 1035 4025 1055 4051; x_wconf 72' lang='grc' dir='ltr'>ιι</span> <span class='ocrx_word' id='word_1_531' title='bbox 1086 4017 1262 4074; x_wconf 86' lang='lat' dir='ltr'>usque</span> <span class='ocrx_word' id='word_1_532' title='bbox 1284 4002 1355 4058; x_wconf 88' lang='lat' dir='ltr'>ad</span> <span class='ocrx_word' id='word_1_533' title='bbox 1375 4019 1503 4059; x_wconf 89' lang='lat' dir='ltr'>eum</span> <span class='ocrx_word' id='word_1_534' title='bbox 1523 4004 1700 4059; x_wconf 88' lang='lat' dir='ltr'>locum</span> <span class='ocrx_word' id='word_1_535' title='bbox 1721 4003 1820 4058; x_wconf 86' lang='lat' dir='ltr'>ubi</span> <span class='ocrx_word' id='word_1_536' title='bbox 1863 4005 1978 4060; x_wconf 84' lang='lat' dir='ltr'>ait:</span> 
     </span>
    </p>
   </div>
   <div class='ocr_carea' id='block_1_72' title="bbox 396 4075 1980 4204">
    <p class='ocr_par' dir='ltr' id='par_1_72' title="bbox 396 4075 1980 4204">
     <span class='ocr_line' id='line_1_72' title="bbox 396 4075 1980 4204; baseline 0.001 -76"><span class='ocrx_word' id='word_1_537' title='bbox 396 4101 424 4129; x_wconf 84' lang='grc'>‹‹</span> <span class='ocrx_word' id='word_1_538' title='bbox 461 4077 735 4204; x_wconf 53' lang='lat' dir='ltr'>Venarum</span> <span class='ocrx_word' id='word_1_539' title='bbox 757 4080 940 4130; x_wconf 87' lang='lat' dir='ltr'>autem</span> <span class='ocrx_word' id='word_1_540' title='bbox 970 4077 1020 4131; x_wconf 88' lang='lat' dir='ltr'>et</span> <span class='ocrx_word' id='word_1_541' title='bbox 1046 4075 1354 4147; x_wconf 84' lang='lat' dir='ltr'>publicani,</span> <span class='ocrx_word' id='word_1_542' title='bbox 1387 4078 1444 4130; x_wconf 86' lang='lat' dir='ltr'>ut</span> <span class='ocrx_word' id='word_1_543' title='bbox 1475 4075 1894 4146; x_wconf 85' lang='lat' dir='ltr'>baptizarentur</span> <span class='ocrx_word' id='word_1_544' title='bbox 1913 4075 1980 4131; x_wconf 88' lang='lat' dir='ltr'>ab</span> 
     </span>
     <span class='ocr_line' id='line_1_73' title="bbox 396 4164 832 4204; baseline -0.005 0"><span class='ocrx_word' id='word_1_545' title='bbox 396 4166 475 4204; x_wconf 85' lang='lat' dir='ltr'>eo.</span> <span class='ocrx_word' id='word_1_546' title='bbox 513 4171 541 4199; x_wconf 89' lang='lat'><strong>»</strong></span> <span class='ocrx_word' id='word_1_547' title='bbox 621 4164 714 4204; x_wconf 86' lang='lat' dir='ltr'>an.</span> <span class='ocrx_word' id='word_1_548' title='bbox 748 4164 832 4202; x_wconf 86' lang='lat' dir='ltr'>III.</span> 
     </span>
    </p>
   </div>
   <div class='ocr_carea' id='block_1_73' title="bbox 392 4164 832 4220">
    <p class='ocr_par' dir='ltr' id='par_1_73' title="bbox 392 4164 832 4220">
     <span class='ocr_line' id='line_1_74' title="bbox 392 4164 832 4220; baseline -0.016 -12"><span class='ocrx_word' id='word_1_549' title='bbox 392 4166 475 4208; x_wconf 88' lang='lat' dir='ltr'>eo.</span> <span class='ocrx_word' id='word_1_550' title='bbox 513 4171 541 4199; x_wconf 89' lang='lat'><strong>»</strong></span> <span class='ocrx_word' id='word_1_551' title='bbox 573 4164 714 4220; x_wconf 80' lang='lat' dir='ltr'>uap.</span> <span class='ocrx_word' id='word_1_552' title='bbox 748 4164 832 4202; x_wconf 78' lang='grc' dir='ltr'>ιιι.</span> 
     </span>
    </p>
   </div>
   <div class='ocr_carea' id='block_1_74' title="bbox 394 4269 1980 4344">
    <p class='ocr_par' dir='ltr' id='par_1_74' title="bbox 394 4269 1980 4344">
     <span class='ocr_line' id='line_1_75' title="bbox 394 4269 1980 4344; baseline -0.004 -12"><span class='ocrx_word' id='word_1_553' title='bbox 394 4275 658 4332; x_wconf 79' lang='lat' dir='ltr'>Joannes</span> <span class='ocrx_word' id='word_1_554' title='bbox 691 4270 788 4328; x_wconf 91' lang='lat' dir='ltr'>illo</span> <span class='ocrx_word' id='word_1_555' title='bbox 811 4271 931 4343; x_wconf 88' lang='lat' dir='ltr'>jam</span> <span class='ocrx_word' id='word_1_556' title='bbox 967 4275 1226 4344; x_wconf 89' lang='lat' dir='ltr'>tempore</span> <span class='ocrx_word' id='word_1_557' title='bbox 1257 4269 1638 4343; x_wconf 88' lang='lat' dir='ltr'>loquebatur:</span> <span class='ocrx_word' id='word_1_558' title='bbox 1669 4272 1800 4326; x_wconf 88' lang='lat' dir='ltr'>Ecce</span> <span class='ocrx_word' id='word_1_559' title='bbox 1826 4285 1980 4327; x_wconf 90' lang='lat' dir='ltr'>secu-</span> 
     </span>
    </p>
   </div>
   <div class='ocr_carea' id='block_1_75' title="bbox 322 4359 1981 4433">
    <p class='ocr_par' dir='ltr' id='par_1_75' title="bbox 322 4359 1981 4433">
     <span class='ocr_line' id='line_1_76' title="bbox 322 4359 1981 4433; baseline -0.004 -13"><span class='ocrx_word' id='word_1_560' title='bbox 322 4367 406 4420; x_wconf 83' lang='lat' dir='ltr'>ris</span> <span class='ocrx_word' id='word_1_561' title='bbox 433 4362 506 4420; x_wconf 86' lang='lat' dir='ltr'>ad</span> <span class='ocrx_word' id='word_1_562' title='bbox 536 4362 747 4417; x_wconf 83' lang='lat' dir='ltr'>radices</span> <span class='ocrx_word' id='word_1_563' title='bbox 773 4360 1039 4417; x_wconf 84' lang='lat' dir='ltr'>arborum</span> <span class='ocrx_word' id='word_1_564' title='bbox 1067 4361 1246 4433; x_wconf 86' lang='lat' dir='ltr'>posita</span> <span class='ocrx_word' id='word_1_565' title='bbox 1272 4368 1372 4416; x_wconf 88' lang='lat' dir='ltr'>est.</span> <span class='ocrx_word' id='word_1_566' title='bbox 1405 4360 1476 4414; x_wconf 84' lang='lat' dir='ltr'>Et</span> <span class='ocrx_word' id='word_1_567' title='bbox 1514 4359 1803 4432; x_wconf 87' lang='lat' dir='ltr'>siquidem</span> <span class='ocrx_word' id='word_1_568' title='bbox 1857 4361 1981 4432; x_wconf 90' lang='lat' dir='ltr'>jam</span> 
     </span>
    </p>
   </div>
   <div class='ocr_carea' id='block_1_76' title="bbox 325 4448 1982 4528">
    <p class='ocr_par' dir='ltr' id='par_1_76' title="bbox 325 4448 1982 4528">
     <span class='ocr_line' id='line_1_77' title="bbox 325 4448 1982 4528; baseline -0.004 -18"><span class='ocrx_word' id='word_1_569' title='bbox 325 4455 630 4528; x_wconf 86' lang='lat' dir='ltr'>ingrueret</span> <span class='ocrx_word' id='word_1_570' title='bbox 649 4450 1100 4520; x_wconf 89' lang='lat' dir='ltr'>consummatio,</span> <span class='ocrx_word' id='word_1_571' title='bbox 1123 4454 1180 4504; x_wconf 90' lang='lat' dir='ltr'>et</span> <span class='ocrx_word' id='word_1_572' title='bbox 1197 4454 1525 4520; x_wconf 90' lang='lat' dir='ltr'>temporum</span> <span class='ocrx_word' id='word_1_573' title='bbox 1561 4448 1697 4504; x_wconf 79' lang='lat' dir='ltr'>linis</span> <span class='ocrx_word' id='word_1_574' title='bbox 1721 4449 1982 4520; x_wconf 89' lang='lat' dir='ltr'>instaret,</span> 
     </span>
    </p>
   </div>
   <div class='ocr_carea' id='block_1_77' title="bbox 327 4537 1987 4613">
    <p class='ocr_par' dir='ltr' id='par_1_77' title="bbox 327 4537 1987 4613">
     <span class='ocr_line' id='line_1_78' title="bbox 327 4537 1987 4613; baseline -0.005 -13"><span class='ocrx_word' id='word_1_575' title='bbox 327 4543 494 4601; x_wconf 87' lang='lat' dir='ltr'>nulla</span> <span class='ocrx_word' id='word_1_576' title='bbox 528 4539 676 4597; x_wconf 89' lang='lat' dir='ltr'>mihi</span> <span class='ocrx_word' id='word_1_577' title='bbox 709 4539 936 4613; x_wconf 91' lang='lat' dir='ltr'>questio</span> <span class='ocrx_word' id='word_1_578' title='bbox 967 4544 1322 4595; x_wconf 82' lang='lat' dir='ltr'>nasceretur.</span> <span class='ocrx_word' id='word_1_579' title='bbox 1353 4537 1610 4593; x_wconf 89' lang='lat' dir='ltr'>Dicerem</span> <span class='ocrx_word' id='word_1_580' title='bbox 1663 4537 1819 4594; x_wconf 88' lang='lat' dir='ltr'>enim</span> <span class='ocrx_word' id='word_1_581' title='bbox 1877 4537 1987 4594; x_wconf 89' lang='lat' dir='ltr'>hoc</span> 
     </span>
    </p>
   </div>
   <div class='ocr_carea' id='block_1_78' title="bbox 326 4627 1985 4705">
    <p class='ocr_par' dir='ltr' id='par_1_78' title="bbox 326 4627 1985 4705">
     <span class='ocr_line' id='line_1_79' title="bbox 326 4627 1985 4705; baseline -0.004 -17"><span class='ocrx_word' id='word_1_582' title='bbox 326 4633 487 4705; x_wconf 90' lang='lat' dir='ltr'>quod</span> <span class='ocrx_word' id='word_1_583' title='bbox 514 4630 638 4686; x_wconf 85' lang='lat' dir='ltr'>ait:</span> <span class='ocrx_word' id='word_1_584' title='bbox 671 4631 800 4686; x_wconf 77' lang='lat' dir='ltr'>Ecce</span> <span class='ocrx_word' id='word_1_585' title='bbox 827 4629 1035 4685; x_wconf 87' lang='lat' dir='ltr'>securis</span> <span class='ocrx_word' id='word_1_586' title='bbox 1065 4629 1134 4684; x_wconf 89' lang='lat' dir='ltr'>ad</span> <span class='ocrx_word' id='word_1_587' title='bbox 1163 4629 1372 4683; x_wconf 82' lang='lat' dir='ltr'>radices</span> <span class='ocrx_word' id='word_1_588' title='bbox 1403 4627 1616 4682; x_wconf 86' lang='lat' dir='ltr'>arboris</span> <span class='ocrx_word' id='word_1_589' title='bbox 1657 4629 1836 4698; x_wconf 89' lang='lat' dir='ltr'>posita</span> <span class='ocrx_word' id='word_1_590' title='bbox 1885 4631 1985 4694; x_wconf 84' lang='lat' dir='ltr'>est,</span> 
     </span>
    </p>
   </div>
   <div class='ocr_carea' id='block_1_79' title="bbox 326 4717 1990 4789">
    <p class='ocr_par' dir='ltr' id='par_1_79' title="bbox 326 4717 1990 4789">
     <span class='ocr_line' id='line_1_80' title="bbox 326 4717 1990 4789; baseline -0.004 -12"><span class='ocrx_word' id='word_1_591' title='bbox 326 4729 386 4778; x_wconf 83' lang='lat' dir='ltr'>et</span> <span class='ocrx_word' id='word_1_592' title='bbox 415 4721 570 4776; x_wconf 87' lang='lat' dir='ltr'>illud</span> <span class='ocrx_word' id='word_1_593' title='bbox 596 4737 609 4776; x_wconf 91' lang='lat'><strong>:</strong></span> <span class='ocrx_word' id='word_1_594' title='bbox 642 4717 830 4774; x_wconf 83' lang='lat' dir='ltr'>Omnis</span> <span class='ocrx_word' id='word_1_595' title='bbox 855 4720 1004 4775; x_wconf 88' lang='lat' dir='ltr'>enim</span> <span class='ocrx_word' id='word_1_596' title='bbox 1033 4719 1196 4774; x_wconf 86' lang='lat' dir='ltr'>arbor</span> <span class='ocrx_word' id='word_1_597' title='bbox 1224 4732 1348 4789; x_wconf 69' lang='lat' dir='ltr'>qua?</span> <span class='ocrx_word' id='word_1_598' title='bbox 1388 4733 1498 4772; x_wconf 77' lang='lat' dir='ltr'>non</span> <span class='ocrx_word' id='word_1_599' title='bbox 1553 4717 1688 4787; x_wconf 88' lang='lat' dir='ltr'>facit</span> <span class='ocrx_word' id='word_1_600' title='bbox 1742 4718 1990 4787; x_wconf 83' lang='lat' dir='ltr'>fructum</span> 
     </span>
    </p>
   </div>
   <div class='ocr_carea' id='block_1_80' title="bbox 328 4807 1991 4882">
    <p class='ocr_par' dir='ltr' id='par_1_80' title="bbox 328 4807 1991 4882">
     <span class='ocr_line' id='line_1_81' title="bbox 328 4807 1991 4882; baseline -0.004 -14"><span class='ocrx_word' id='word_1_601' title='bbox 328 4813 564 4879; x_wconf 82' lang='lat' dir='ltr'>bonum,</span> <span class='ocrx_word' id='word_1_602' title='bbox 597 4807 949 4882; x_wconf 54' lang='lat' dir='ltr'>praecidetur,</span> <span class='ocrx_word' id='word_1_603' title='bbox 978 4811 1028 4864; x_wconf 81' lang='lat' dir='ltr'>et</span> <span class='ocrx_word' id='word_1_604' title='bbox 1057 4809 1118 4864; x_wconf 88' lang='lat' dir='ltr'>in</span> <span class='ocrx_word' id='word_1_605' title='bbox 1145 4809 1323 4880; x_wconf 88' lang='lat' dir='ltr'>ignem</span> <span class='ocrx_word' id='word_1_606' title='bbox 1355 4807 1626 4874; x_wconf 89' lang='lat' dir='ltr'>mittetur,</span> <span class='ocrx_word' id='word_1_607' title='bbox 1687 4811 1991 4878; x_wconf 80' lang='lat' dir='ltr'>propterea</span> 
     </span>
    </p>
   </div>
   <div class='ocr_carea' id='block_1_81' title="bbox 329 4895 1986 4977">
    <p class='ocr_par' dir='ltr' id='par_1_81' title="bbox 329 4895 1986 4977">
     <span class='ocr_line' id='line_1_82' title="bbox 329 4895 1986 4977; baseline -0.004 -19"><span class='ocrx_word' id='word_1_608' title='bbox 329 4901 775 4977; x_wconf 87' lang='lat' dir='ltr'>prophetatum,</span> <span class='ocrx_word' id='word_1_609' title='bbox 808 4898 948 4971; x_wconf 89' lang='lat' dir='ltr'>quia</span> <span class='ocrx_word' id='word_1_610' title='bbox 973 4897 1034 4953; x_wconf 88' lang='lat' dir='ltr'>in</span> <span class='ocrx_word' id='word_1_611' title='bbox 1090 4897 1190 4954; x_wconf 93' lang='lat' dir='ltr'>illo</span> <span class='ocrx_word' id='word_1_612' title='bbox 1249 4901 1509 4968; x_wconf 87' lang='lat' dir='ltr'>tempore</span> <span class='ocrx_word' id='word_1_613' title='bbox 1562 4895 1986 4970; x_wconf 86' lang='lat' dir='ltr'>complebatur.</span> 
     </span>
    </p>
   </div>
   <div class='ocr_carea' id='block_1_82' title="bbox 2081 3547 3732 3625">
    <p class='ocr_par' dir='ltr' id='par_1_82' title="bbox 2081 3547 3732 3625">
     <span class='ocr_line' id='line_1_83' title="bbox 2081 3547 3732 3625; baseline 0.004 -20"><span class='ocrx_word' id='word_1_614' title='bbox 2081 3549 2216 3606; x_wconf 91' lang='lat' dir='ltr'>audi</span> <span class='ocrx_word' id='word_1_615' title='bbox 2250 3549 2389 3621; x_wconf 91' lang='lat' dir='ltr'>quid</span> <span class='ocrx_word' id='word_1_616' title='bbox 2423 3565 2456 3604; x_wconf 77' lang='grc' dir='ltr'>α</span> <span class='ocrx_word' id='word_1_617' title='bbox 2486 3547 2780 3604; x_wconf 74' lang='lat' dir='ltr'>Salvatore</span> <span class='ocrx_word' id='word_1_618' title='bbox 2807 3547 3038 3604; x_wconf 88' lang='lat' dir='ltr'>dicatur</span> <span class='ocrx_word' id='word_1_619' title='bbox 3066 3550 3138 3605; x_wconf 87' lang='lat' dir='ltr'>ad</span> <span class='ocrx_word' id='word_1_620' title='bbox 3170 3567 3302 3605; x_wconf 88' lang='lat' dir='ltr'>eos:</span> <span class='ocrx_word' id='word_1_621' title='bbox 3361 3553 3540 3625; x_wconf 88' lang='lat' dir='ltr'>Neque</span> <span class='ocrx_word' id='word_1_622' title='bbox 3591 3553 3732 3611; x_wconf 79' lang='lat' dir='ltr'>duas</span> 
     </span>
    </p>
   </div>
   <div class='ocr_carea' id='block_1_83' title="bbox 2081 3635 3731 3711">
    <p class='ocr_par' dir='ltr' id='par_1_83' title="bbox 2081 3635 3731 3711">
     <span class='ocr_line' id='line_1_84' title="bbox 2081 3635 3731 3711; baseline 0.004 -17"><span class='ocrx_word' id='word_1_623' title='bbox 2081 3641 2296 3695; x_wconf 82' lang='lat' dir='ltr'>tunicas</span> <span class='ocrx_word' id='word_1_624' title='bbox 2327 3637 2532 3693; x_wconf 87' lang='lat' dir='ltr'>tollatis</span> <span class='ocrx_word' id='word_1_625' title='bbox 2558 3639 2618 3692; x_wconf 87' lang='lat' dir='ltr'>in</span> <span class='ocrx_word' id='word_1_626' title='bbox 2649 3639 2738 3692; x_wconf 87' lang='lat' dir='ltr'>via</span> <span class='ocrx_word' id='word_1_627' title='bbox 2758 3637 2822 3693; x_wconf 71' lang='grc' dir='ltr'>εί.</span> <span class='ocrx_word' id='word_1_628' title='bbox 2856 3635 3080 3710; x_wconf 88' lang='lat' dir='ltr'>Duplex</span> <span class='ocrx_word' id='word_1_629' title='bbox 3101 3639 3296 3711; x_wconf 89' lang='lat' dir='ltr'>itaque</span> <span class='ocrx_word' id='word_1_630' title='bbox 3317 3641 3731 3700; x_wconf 88' lang='lat' dir='ltr'>vestimentum</span> 
     </span>
    </p>
   </div>
   <div class='ocr_carea' id='block_1_84' title="bbox 2085 3711 3733 3802">
    <p class='ocr_par' dir='ltr' id='par_1_84' title="bbox 2085 3711 3733 3802">
     <span class='ocr_line' id='line_1_85' title="bbox 2085 3711 3733 3802; baseline 0.004 -18"><span class='ocrx_word' id='word_1_631' title='bbox 2085 3746 2198 3802; x_wconf 91' lang='lat' dir='ltr'>quo</span> <span class='ocrx_word' id='word_1_632' title='bbox 2231 3727 2639 3800; x_wconf 88' lang='lat' dir='ltr'>unusquisque</span> <span class='ocrx_word' id='word_1_633' title='bbox 2668 3725 2930 3795; x_wconf 88' lang='lat' dir='ltr'>vestitur,</span> <span class='ocrx_word' id='word_1_634' title='bbox 2959 3732 3016 3782; x_wconf 89' lang='lat' dir='ltr'>et</span> <span class='ocrx_word' id='word_1_635' title='bbox 3037 3711 3370 3802; x_wconf 63' lang='lat' dir='ltr'>priec&#39;ipitur</span> <span class='ocrx_word' id='word_1_636' title='bbox 3399 3736 3464 3787; x_wconf 88' lang='lat' dir='ltr'>ut</span> <span class='ocrx_word' id='word_1_637' title='bbox 3484 3731 3733 3790; x_wconf 88' lang='lat' dir='ltr'>alterum</span> 
     </span>
    </p>
   </div>
   <div class='ocr_carea' id='block_1_85' title="bbox 2086 3815 3734 3892">
    <p class='ocr_par' dir='ltr' id='par_1_85' title="bbox 2086 3815 3734 3892">
     <span class='ocr_line' id='line_1_86' title="bbox 2086 3815 3734 3892; baseline 0.004 -18"><span class='ocrx_word' id='word_1_638' title='bbox 2086 3819 2306 3874; x_wconf 86' lang='lat' dir='ltr'>tribuat</span> <span class='ocrx_word' id='word_1_639' title='bbox 2339 3835 2453 3872; x_wconf 90' lang='lat' dir='ltr'>non</span> <span class='ocrx_word' id='word_1_640' title='bbox 2487 3817 2745 3886; x_wconf 81' lang='lat' dir='ltr'>habenti,</span> <span class='ocrx_word' id='word_1_641' title='bbox 2805 3815 2979 3872; x_wconf 89' lang='lat' dir='ltr'>aliam</span> <span class='ocrx_word' id='word_1_642' title='bbox 3035 3817 3482 3892; x_wconf 89' lang='lat' dir='ltr'>intelligentiam</span> <span class='ocrx_word' id='word_1_643' title='bbox 3541 3829 3734 3880; x_wconf 83' lang='lat' dir='ltr'>sonat.</span> 
     </span>
    </p>
   </div>
   <div class='ocr_carea' id='block_1_86' title="bbox 2087 3904 3739 3979">
    <p class='ocr_par' dir='ltr' id='par_1_86' title="bbox 2087 3904 3739 3979">
     <span class='ocr_line' id='line_1_87' title="bbox 2087 3904 3739 3979; baseline 0.005 -17"><span class='ocrx_word' id='word_1_644' title='bbox 2087 3907 2223 3964; x_wconf 88' lang='lat' dir='ltr'>Vult</span> <span class='ocrx_word' id='word_1_645' title='bbox 2253 3907 2408 3962; x_wconf 89' lang='lat' dir='ltr'>enim</span> <span class='ocrx_word' id='word_1_646' title='bbox 2442 3923 2548 3962; x_wconf 90' lang='lat' dir='ltr'>nos</span> <span class='ocrx_word' id='word_1_647' title='bbox 2586 3904 2866 3974; x_wconf 80' lang='lat' dir='ltr'>Salvator,</span> <span class='ocrx_word' id='word_1_648' title='bbox 2921 3907 3214 3979; x_wconf 90' lang='lat' dir='ltr'>quomodo</span> <span class='ocrx_word' id='word_1_649' title='bbox 3273 3925 3386 3972; x_wconf 82' lang='lat' dir='ltr'>non</span> <span class='ocrx_word' id='word_1_650' title='bbox 3448 3909 3739 3970; x_wconf 86' lang='lat' dir='ltr'>habemus</span> 
     </span>
    </p>
   </div>
   <div class='ocr_carea' id='block_1_87' title="bbox 2089 3995 3740 4062">
    <p class='ocr_par' dir='ltr' id='par_1_87' title="bbox 2089 3995 3740 4062">
     <span class='ocr_line' id='line_1_88' title="bbox 2089 3995 3740 4062; baseline 0.002 -7"><span class='ocrx_word' id='word_1_651' title='bbox 2089 3999 2320 4054; x_wconf 91' lang='lat' dir='ltr'>duobus</span> <span class='ocrx_word' id='word_1_652' title='bbox 2349 3995 2564 4052; x_wconf 89' lang='lat' dir='ltr'>servire</span> <span class='ocrx_word' id='word_1_653' title='bbox 2593 3995 2872 4062; x_wconf 89' lang='lat' dir='ltr'>dominis,</span> <span class='ocrx_word' id='word_1_654' title='bbox 2904 3995 2988 4052; x_wconf 91' lang='lat' dir='ltr'>sic</span> <span class='ocrx_word' id='word_1_655' title='bbox 3019 4013 3124 4052; x_wconf 87' lang='lat' dir='ltr'>nec</span> <span class='ocrx_word' id='word_1_656' title='bbox 3155 3999 3302 4054; x_wconf 89' lang='lat' dir='ltr'>duas</span> <span class='ocrx_word' id='word_1_657' title='bbox 3341 3999 3556 4056; x_wconf 86' lang='lat' dir='ltr'>habere</span> <span class='ocrx_word' id='word_1_658' title='bbox 3580 4001 3740 4058; x_wconf 90' lang='lat' dir='ltr'>tuni-</span> 
     </span>
    </p>
   </div>
   <div class='ocr_carea' id='block_1_88' title="bbox 2091 4083 3742 4158">
    <p class='ocr_par' dir='ltr' id='par_1_88' title="bbox 2091 4083 3742 4158">
     <span class='ocr_line' id='line_1_89' title="bbox 2091 4083 3742 4158; baseline 0.002 -14"><span class='ocrx_word' id='word_1_659' title='bbox 2091 4105 2210 4153; x_wconf 89' lang='lat' dir='ltr'>cas,</span> <span class='ocrx_word' id='word_1_660' title='bbox 2245 4102 2348 4141; x_wconf 90' lang='lat' dir='ltr'>nec</span> <span class='ocrx_word' id='word_1_661' title='bbox 2379 4084 2598 4158; x_wconf 91' lang='lat' dir='ltr'>duplici</span> <span class='ocrx_word' id='word_1_662' title='bbox 2629 4088 2784 4140; x_wconf 88' lang='lat' dir='ltr'>veste</span> <span class='ocrx_word' id='word_1_663' title='bbox 2815 4083 3188 4154; x_wconf 88' lang='lat' dir='ltr'>circumdari,</span> <span class='ocrx_word' id='word_1_664' title='bbox 3219 4104 3292 4142; x_wconf 91' lang='lat' dir='ltr'>ne</span> <span class='ocrx_word' id='word_1_665' title='bbox 3321 4087 3399 4144; x_wconf 90' lang='lat' dir='ltr'>sit</span> <span class='ocrx_word' id='word_1_666' title='bbox 3427 4105 3614 4146; x_wconf 90' lang='lat' dir='ltr'>unum</span> <span class='ocrx_word' id='word_1_667' title='bbox 3646 4091 3742 4147; x_wconf 87' lang='lat' dir='ltr'>in-</span> 
     </span>
    </p>
   </div>
   <div class='ocr_carea' id='block_1_89' title="bbox 2092 4172 3743 4240">
    <p class='ocr_par' dir='ltr' id='par_1_89' title="bbox 2092 4172 3743 4240">
     <span class='ocr_line' id='line_1_90' title="bbox 2092 4172 3743 4240; baseline 0.002 -8"><span class='ocrx_word' id='word_1_668' title='bbox 2092 4178 2442 4233; x_wconf 88' lang='lat' dir='ltr'>dumentum</span> <span class='ocrx_word' id='word_1_669' title='bbox 2472 4173 2680 4228; x_wconf 88' lang='lat' dir='ltr'>veteris</span> <span class='ocrx_word' id='word_1_670' title='bbox 2711 4172 2992 4240; x_wconf 88' lang='lat' dir='ltr'>hominis,</span> <span class='ocrx_word' id='word_1_671' title='bbox 3016 4177 3072 4230; x_wconf 90' lang='lat' dir='ltr'>et</span> <span class='ocrx_word' id='word_1_672' title='bbox 3101 4173 3351 4232; x_wconf 89' lang='lat' dir='ltr'>alterum</span> <span class='ocrx_word' id='word_1_673' title='bbox 3382 4177 3538 4233; x_wconf 90' lang='lat' dir='ltr'>novi.</span> <span class='ocrx_word' id='word_1_674' title='bbox 3563 4179 3743 4236; x_wconf 86' lang='lat' dir='ltr'>Econ-</span> 
     </span>
    </p>
   </div>
   <div class='ocr_carea' id='block_1_90' title="bbox 2093 4261 3743 4334">
    <p class='ocr_par' dir='ltr' id='par_1_90' title="bbox 2093 4261 3743 4334">
     <span class='ocr_line' id='line_1_91' title="bbox 2093 4261 3743 4334; baseline 0.001 -12"><span class='ocrx_word' id='word_1_675' title='bbox 2093 4264 2270 4322; x_wconf 88' lang='lat' dir='ltr'>trario</span> <span class='ocrx_word' id='word_1_676' title='bbox 2301 4269 2495 4320; x_wconf 90' lang='lat' dir='ltr'>autem</span> <span class='ocrx_word' id='word_1_677' title='bbox 2528 4263 2710 4334; x_wconf 81' lang='lat' dir='ltr'>cupit,</span> <span class='ocrx_word' id='word_1_678' title='bbox 2733 4266 2799 4316; x_wconf 93' lang='lat' dir='ltr'>ut</span> <span class='ocrx_word' id='word_1_679' title='bbox 2818 4261 3206 4334; x_wconf 74' lang='lat' dir='ltr'>exspoliemus</span> <span class='ocrx_word' id='word_1_680' title='bbox 3239 4281 3344 4320; x_wconf 90' lang='lat' dir='ltr'>nos</span> <span class='ocrx_word' id='word_1_681' title='bbox 3371 4271 3617 4323; x_wconf 88' lang='lat' dir='ltr'>veterem</span> <span class='ocrx_word' id='word_1_682' title='bbox 3643 4267 3743 4324; x_wconf 89' lang='lat' dir='ltr'>ho-</span> 
     </span>
    </p>
   </div>
   <div class='ocr_carea' id='block_1_91' title="bbox 2093 4352 3742 4426">
    <p class='ocr_par' dir='ltr' id='par_1_91' title="bbox 2093 4352 3742 4426">
     <span class='ocr_line' id='line_1_92' title="bbox 2093 4352 3742 4426; baseline 0.001 -15"><span class='ocrx_word' id='word_1_683' title='bbox 2093 4354 2336 4419; x_wconf 85' lang='lat' dir='ltr'>minem,</span> <span class='ocrx_word' id='word_1_684' title='bbox 2369 4358 2426 4408; x_wconf 88' lang='lat' dir='ltr'>et</span> <span class='ocrx_word' id='word_1_685' title='bbox 2455 4352 2772 4407; x_wconf 88' lang='lat' dir='ltr'>induamus</span> <span class='ocrx_word' id='word_1_686' title='bbox 2803 4368 3039 4408; x_wconf 87' lang='lat' dir='ltr'>novum.</span> <span class='ocrx_word' id='word_1_687' title='bbox 3075 4357 3388 4426; x_wconf 80' lang='lat' dir='ltr'>Hucusque</span> <span class='ocrx_word' id='word_1_688' title='bbox 3422 4355 3609 4412; x_wconf 84' lang='lat' dir='ltr'>facilis</span> <span class='ocrx_word' id='word_1_689' title='bbox 3642 4373 3742 4413; x_wconf 83' lang='lat' dir='ltr'>ex-</span> 
     </span>
    </p>
   </div>
   <div class='ocr_carea' id='block_1_92' title="bbox 2095 4441 3745 4518">
    <p class='ocr_par' dir='ltr' id='par_1_92' title="bbox 2095 4441 3745 4518">
     <span class='ocr_line' id='line_1_93' title="bbox 2095 4441 3745 4518; baseline 0.002 -18"><span class='ocrx_word' id='word_1_690' title='bbox 2095 4445 2305 4518; x_wconf 89' lang='lat' dir='ltr'>positio</span> <span class='ocrx_word' id='word_1_691' title='bbox 2335 4448 2444 4498; x_wconf 88' lang='lat' dir='ltr'>est.</span> <span class='ocrx_word' id='word_1_692' title='bbox 2478 4446 2653 4497; x_wconf 87' lang='lat' dir='ltr'>Porro</span> <span class='ocrx_word' id='word_1_693' title='bbox 2703 4441 2999 4514; x_wconf 71' lang='lat' dir='ltr'>quaz&#39;ritur,</span> <span class='ocrx_word' id='word_1_694' title='bbox 3052 4444 3343 4514; x_wconf 88' lang='lat' dir='ltr'>quomodo</span> <span class='ocrx_word' id='word_1_695' title='bbox 3401 4444 3564 4501; x_wconf 80' lang='lat' dir='ltr'>iuxta</span> <span class='ocrx_word' id='word_1_696' title='bbox 3593 4443 3745 4503; x_wconf 88' lang='lat' dir='ltr'>hanc</span> 
     </span>
    </p>
   </div>
   <div class='ocr_carea' id='block_1_93' title="bbox 2099 4531 3745 4606">
    <p class='ocr_par' dir='ltr' id='par_1_93' title="bbox 2099 4531 3745 4606">
     <span class='ocr_line' id='line_1_94' title="bbox 2099 4531 3745 4606; baseline 0.001 -16"><span class='ocrx_word' id='word_1_697' title='bbox 2099 4532 2637 4606; x_wconf 89' lang='lat' dir='ltr'>interpretationem</span> <span class='ocrx_word' id='word_1_698' title='bbox 2660 4531 2943 4601; x_wconf 86' lang='lat' dir='ltr'>jubeatur</span> <span class='ocrx_word' id='word_1_699' title='bbox 2973 4532 3142 4588; x_wconf 91' lang='lat' dir='ltr'>nobis</span> <span class='ocrx_word' id='word_1_700' title='bbox 3177 4550 3290 4589; x_wconf 89' lang='lat' dir='ltr'>non</span> <span class='ocrx_word' id='word_1_701' title='bbox 3347 4533 3586 4590; x_wconf 88' lang='lat' dir='ltr'>habenti</span> <span class='ocrx_word' id='word_1_702' title='bbox 3642 4536 3745 4592; x_wconf 86' lang='lat' dir='ltr'>tri-</span> 
     </span>
    </p>
   </div>
   <div class='ocr_carea' id='block_1_94' title="bbox 2097 4621 3749 4696">
    <p class='ocr_par' dir='ltr' id='par_1_94' title="bbox 2097 4621 3749 4696">
     <span class='ocr_line' id='line_1_95' title="bbox 2097 4621 3749 4696; baseline 0.001 -16"><span class='ocrx_word' id='word_1_703' title='bbox 2097 4626 2274 4680; x_wconf 90' lang='lat' dir='ltr'>buere</span> <span class='ocrx_word' id='word_1_704' title='bbox 2304 4621 2740 4678; x_wconf 88' lang='lat' dir='ltr'>vestimentum.</span> <span class='ocrx_word' id='word_1_705' title='bbox 2775 4621 3056 4687; x_wconf 89' lang='lat' dir='ltr'>Quisnam</span> <span class='ocrx_word' id='word_1_706' title='bbox 3087 4627 3176 4678; x_wconf 88' lang='lat' dir='ltr'>est</span> <span class='ocrx_word' id='word_1_707' title='bbox 3205 4621 3300 4678; x_wconf 91' lang='lat' dir='ltr'>ille</span> <span class='ocrx_word' id='word_1_708' title='bbox 3331 4623 3432 4696; x_wconf 90' lang='lat' dir='ltr'>qui</span> <span class='ocrx_word' id='word_1_709' title='bbox 3464 4641 3536 4681; x_wconf 88' lang='lat' dir='ltr'>ne</span> <span class='ocrx_word' id='word_1_710' title='bbox 3562 4641 3749 4682; x_wconf 89' lang='lat' dir='ltr'>unum</span> 
     </span>
    </p>
   </div>
   <div class='ocr_carea' id='block_1_95' title="bbox 2099 4711 3749 4790">
    <p class='ocr_par' dir='ltr' id='par_1_95' title="bbox 2099 4711 3749 4790">
     <span class='ocr_line' id='line_1_96' title="bbox 2099 4711 3749 4790; baseline 0.002 -21"><span class='ocrx_word' id='word_1_711' title='bbox 2099 4713 2336 4786; x_wconf 82' lang='lat' dir='ltr'>quidem</span> <span class='ocrx_word' id='word_1_712' title='bbox 2370 4711 2786 4790; x_wconf 77' lang='lat' dir='ltr'>indumentum</span> <span class='ocrx_word' id='word_1_713' title='bbox 2818 4725 2998 4783; x_wconf 81' lang='lat' dir='ltr'>seper</span> <span class='ocrx_word' id='word_1_714' title='bbox 3026 4728 3261 4768; x_wconf 86' lang='lat' dir='ltr'>carnem</span> <span class='ocrx_word' id='word_1_715' title='bbox 3321 4730 3492 4770; x_wconf 88' lang='lat' dir='ltr'>suam</span> <span class='ocrx_word' id='word_1_716' title='bbox 3550 4715 3749 4784; x_wconf 86' lang='lat' dir='ltr'>habet,</span> 
     </span>
    </p>
   </div>
   <div class='ocr_carea' id='block_1_96' title="bbox 2022 4801 3752 4894">
    <p class='ocr_par' dir='ltr' id='par_1_96' title="bbox 2022 4801 3752 4894">
     <span class='ocr_line' id='line_1_97' title="bbox 2022 4801 3752 4894; baseline 0.003 -36"><span class='ocrx_word' id='word_1_717' title='bbox 2022 4829 2068 4894; x_wconf 69' lang='grc' dir='ltr'>Β</span> <span class='ocrx_word' id='word_1_718' title='bbox 2101 4803 2200 4876; x_wconf 91' lang='lat' dir='ltr'>qui</span> <span class='ocrx_word' id='word_1_719' title='bbox 2232 4801 2426 4857; x_wconf 90' lang='lat' dir='ltr'>nudus</span> <span class='ocrx_word' id='word_1_720' title='bbox 2451 4805 2561 4866; x_wconf 87' lang='lat' dir='ltr'>est,</span> <span class='ocrx_word' id='word_1_721' title='bbox 2594 4801 2692 4872; x_wconf 91' lang='lat' dir='ltr'>qui</span> <span class='ocrx_word' id='word_1_722' title='bbox 2725 4801 2965 4856; x_wconf 90' lang='lat' dir='ltr'>omnino</span> <span class='ocrx_word' id='word_1_723' title='bbox 3000 4801 3161 4858; x_wconf 89' lang='lat' dir='ltr'>nulla</span> <span class='ocrx_word' id='word_1_724' title='bbox 3189 4811 3346 4859; x_wconf 83' lang='lat' dir='ltr'>veste</span> <span class='ocrx_word' id='word_1_725' title='bbox 3394 4805 3752 4878; x_wconf 80' lang='lat' dir='ltr'>coopertus?</span> 
     </span>
    </p>
   </div>
   <div class='ocr_carea' id='block_1_97' title="bbox 2101 4889 3754 4966">
    <p class='ocr_par' dir='ltr' id='par_1_97' title="bbox 2101 4889 3754 4966">
     <span class='ocr_line' id='line_1_98' title="bbox 2101 4889 3754 4966; baseline 0 -15"><span class='ocrx_word' id='word_1_726' title='bbox 2101 4899 2298 4966; x_wconf 85' lang='lat' dir='ltr'>Neque</span> <span class='ocrx_word' id='word_1_727' title='bbox 2326 4906 2460 4946; x_wconf 90' lang='lat' dir='ltr'>vero</span> <span class='ocrx_word' id='word_1_728' title='bbox 2493 4891 2602 4945; x_wconf 89' lang='lat' dir='ltr'>hoc</span> <span class='ocrx_word' id='word_1_729' title='bbox 2633 4889 2782 4960; x_wconf 91' lang='lat' dir='ltr'>dico,</span> <span class='ocrx_word' id='word_1_730' title='bbox 2817 4906 2934 4962; x_wconf 92' lang='lat' dir='ltr'>quo</span> <span class='ocrx_word' id='word_1_731' title='bbox 2962 4908 3076 4946; x_wconf 91' lang='lat' dir='ltr'>non</span> <span class='ocrx_word' id='word_1_732' title='bbox 3097 4893 3472 4965; x_wconf 60' lang='lat' dir='ltr'>prmeipiatur</span> <span class='ocrx_word' id='word_1_733' title='bbox 3496 4893 3754 4952; x_wconf 81' lang='lat' dir='ltr'>liberali-</span> 
     </span>
    </p>
   </div>
   <div class='ocr_carea' id='block_1_98' title="bbox 401 5004 1970 5086">
    <p class='ocr_par' dir='ltr' id='par_1_98' title="bbox 401 5013 1970 5083">
     <span class='ocr_line' id='line_1_99' title="bbox 401 5013 1970 5083; baseline -0.002 -11"><span class='ocrx_word' id='word_1_734' title='bbox 401 5017 452 5053; x_wconf 76' lang='grc'>⁷⁸</span> <span class='ocrx_word' id='word_1_735' title='bbox 487 5013 640 5074; x_wconf 85' lang='lat' dir='ltr'>Psal.</span> <span class='ocrx_word' id='word_1_736' title='bbox 671 5031 831 5083; x_wconf 73' lang='lat' dir='ltr'>cxur,</span> <span class='ocrx_word' id='word_1_737' title='bbox 862 5013 917 5069; x_wconf 92' lang='lat'>8.</span> <span class='ocrx_word' id='word_1_738' title='bbox 977 5015 1022 5048; x_wconf 72' lang='grc' dir='ltr'>π’</span> <span class='ocrx_word' id='word_1_739' title='bbox 1052 5013 1230 5069; x_wconf 85' lang='lat' dir='ltr'>Exod.</span> <span class='ocrx_word' id='word_1_740' title='bbox 1289 5030 1381 5083; x_wconf 85' lang='lat' dir='ltr'>xv,</span> <span class='ocrx_word' id='word_1_741' title='bbox 1444 5013 1530 5068; x_wconf 87' lang='grc'>16.</span> <span class='ocrx_word' id='word_1_742' title='bbox 1589 5013 1635 5048; x_wconf 77' lang='grc' dir='ltr'>⁸ο</span> <span class='ocrx_word' id='word_1_743' title='bbox 1693 5013 1861 5071; x_wconf 82' lang='lat' dir='ltr'>Rom.</span> <span class='ocrx_word' id='word_1_744' title='bbox 1915 5031 1970 5070; x_wconf 82' lang='lat' dir='ltr'>xi</span> 
     </span>
    </p>
   </div>
   <div class='ocr_carea' id='block_1_99' title="bbox 2076 5004 2898 5086">
    <p class='ocr_par' dir='ltr' id='par_1_99' title="bbox 2076 5004 2898 5083">
     <span class='ocr_line' id='line_1_100' title="bbox 2076 5004 2898 5083; baseline -0.011 -14"><span class='ocrx_word' id='word_1_745' title='bbox 2076 5015 2124 5083; x_wconf 77' lang='grc' dir='ltr'>ὃ,</span> <span class='ocrx_word' id='word_1_746' title='bbox 2159 5013 2376 5082; x_wconf 78' lang='lat' dir='ltr'>17,seq.</span> <span class='ocrx_word' id='word_1_747' title='bbox 2410 5007 2451 5042; x_wconf 73' lang='grc' dir='ltr'>εί</span> <span class='ocrx_word' id='word_1_748' title='bbox 2483 5004 2688 5061; x_wconf 85' lang='lat' dir='ltr'>Matth.</span> <span class='ocrx_word' id='word_1_749' title='bbox 2722 5023 2776 5076; x_wconf 87' lang='lat' dir='ltr'>x,</span> <span class='ocrx_word' id='word_1_750' title='bbox 2812 5006 2898 5061; x_wconf 94' lang='grc'>10.</span> 
     </span>
    </p>
   </div>
   <div class='ocr_carea' id='block_1_100' title="bbox 408 5125 1972 5220">
    <p class='ocr_par' dir='ltr' id='par_1_100' title="bbox 408 5125 1972 5220">
     <span class='ocr_line' id='line_1_101' title="bbox 408 5125 1972 5220; baseline -0.003 -32"><span class='ocrx_word' id='word_1_751' title='bbox 563 5131 787 5220; x_wconf 55' lang='lat' dir='ltr'>Eaedem</span> <span class='ocrx_word' id='word_1_752' title='bbox 820 5130 1095 5220; x_wconf 48' lang='lat' dir='ltr'>schedia;</span> <span class='ocrx_word' id='word_1_753' title='bbox 1129 5127 1200 5183; x_wconf 82' lang='grc' dir='ltr'>Οὐ</span> <span class='ocrx_word' id='word_1_754' title='bbox 1234 5125 1418 5220; x_wconf 40' lang='lat' dir='ltr'>Haec:</span> <span class='ocrx_word' id='word_1_755' title='bbox 1467 5125 1712 5220; x_wconf 52' lang='grc' dir='ltr'>ἆᾴςόχους</span> <span class='ocrx_word' id='word_1_756' title='bbox 1764 5125 1972 5216; x_wconf 48' lang='grc' dir='ltr'>δεικνὺς</span> 
     </span>
    </p>
   </div>
   <div class='ocr_carea' id='block_1_101' title="bbox 338 5175 1997 5278">
    <p class='ocr_par' dir='ltr' id='par_1_101' title="bbox 338 5175 1997 5278">
     <span class='ocr_line' id='line_1_102' title="bbox 338 5175 1997 5278; baseline -0.003 -19"><span class='ocrx_word' id='word_1_757' title='bbox 500 5175 822 5278; x_wconf 54' lang='grc' dir='ltr'>ἀνθρώπρυς</span> <span class='ocrx_word' id='word_1_758' title='bbox 869 5201 1247 5278; x_wconf 66' lang='grc' dir='ltr'>ᾁναισθήτῳς.</span> <span class='ocrx_word' id='word_1_759' title='bbox 1300 5175 1730 5278; x_wconf 46' lang='grc' dir='ltr'>Ιξαρεᾳςεῆκέισαγ</span> <span class='ocrx_word' id='word_1_760' title='bbox 1773 5175 1997 5278; x_wconf 44' lang='grc' dir='ltr'>γὰρὲἆῖ</span> 
     </span>
    </p>
   </div>
   <div class='ocr_carea' id='block_1_102' title="bbox 338 5267 1994 5350">
    <p class='ocr_par' dir='ltr' id='par_1_102' title="bbox 338 5267 1994 5350">
     <span class='ocr_line' id='line_1_103' title="bbox 338 5267 1994 5350; baseline -0.005 -19"><span class='ocrx_word' id='word_1_761' title='bbox 338 5275 540 5331; x_wconf 78' lang='grc' dir='ltr'><strong>ἐθναοί</strong></span> <span class='ocrx_word' id='word_1_762' title='bbox 591 5267 1092 5350; x_wconf 38' lang='grc' dir='ltr'>’ἐῷ.βειιτιτντίσι.ι.οιννει,⁷</span> <span class='ocrx_word' id='word_1_763' title='bbox 1120 5273 1212 5335; x_wconf 72' lang='grc' dir='ltr'>οὓς</span> <span class='ocrx_word' id='word_1_764' title='bbox 1260 5271 1349 5350; x_wconf 56' lang='lat' dir='ltr'>aut</span> <span class='ocrx_word' id='word_1_765' title='bbox 1388 5267 1594 5350; x_wconf 52' lang='grc' dir='ltr'>’λίθορς</span> <span class='ocrx_word' id='word_1_766' title='bbox 1623 5267 1994 5350; x_wconf 56' lang='lat' dir='ltr'>_xa_?.si,&#39;égo-</span> 
     </span>
    </p>
   </div>
   <div class='ocr_carea' id='block_1_103' title="bbox 343 5341 1998 5421">
    <p class='ocr_par' dir='ltr' id='par_1_103' title="bbox 343 5341 1998 5421">
     <span class='ocr_line' id='line_1_104' title="bbox 343 5341 1998 5421; baseline -0.012 -18"><span class='ocrx_word' id='word_1_767' title='bbox 343 5352 518 5421; x_wconf 73' lang='grc' dir='ltr'><strong>μοεῶν</strong></span> <span class='ocrx_word' id='word_1_768' title='bbox 551 5341 748 5407; x_wconf 63' lang='grc' dir='ltr'>αὖεέοὺξ</span> <span class='ocrx_word' id='word_1_769' title='bbox 774 5350 892 5421; x_wconf 58' lang='grc' dir='ltr'>τοῖς</span> <span class='ocrx_word' id='word_1_770' title='bbox 914 5341 1409 5421; x_wconf 59' lang='grc' dir='ltr'>ἐτροσκυνουμξνοις</span> <span class='ocrx_word' id='word_1_771' title='bbox 1430 5344 1566 5421; x_wconf 51' lang='grc' dir='ltr'>κατὰ</span> <span class='ocrx_word' id='word_1_772' title='bbox 1584 5343 1665 5421; x_wconf 53' lang='lat' dir='ltr'>se,</span> <span class='ocrx_word' id='word_1_773' title='bbox 1698 5341 1998 5421; x_wconf 48' lang='grc' dir='ltr'>ὅμοκζιμύ-</span> 
     </span>
    </p>
   </div>
   <div class='ocr_carea' id='block_1_104' title="bbox 333 5413 1996 5494">
    <p class='ocr_par' dir='ltr' id='par_1_104' title="bbox 333 5413 1996 5494">
     <span class='ocr_line' id='line_1_105' title="bbox 333 5413 1996 5494; baseline -0.003 -22"><span class='ocrx_word' id='word_1_774' title='bbox 333 5413 455 5482; x_wconf 61' lang='grc' dir='ltr'>ἑοῖς</span> <span class='ocrx_word' id='word_1_775' title='bbox 515 5418 756 5494; x_wconf 68' lang='grc' dir='ltr'>γένοιντο</span> <span class='ocrx_word' id='word_1_776' title='bbox 807 5417 860 5471; x_wconf 73' lang='grc' dir='ltr'>οἳ</span> <span class='ocrx_word' id='word_1_777' title='bbox 907 5413 1188 5479; x_wconf 75' lang='grc' dir='ltr'>πόιοῦντες</span> <span class='ocrx_word' id='word_1_778' title='bbox 1228 5413 1387 5484; x_wconf 55' lang='lat' dir='ltr'>tum,</span> <span class='ocrx_word' id='word_1_779' title='bbox 1435 5415 1524 5468; x_wconf 82' lang='grc' dir='ltr'>καὶ</span> <span class='ocrx_word' id='word_1_780' title='bbox 1573 5415 1624 5468; x_wconf 75' lang='grc' dir='ltr'>οἱ</span> <span class='ocrx_word' id='word_1_781' title='bbox 1679 5413 1996 5494; x_wconf 61' lang='grc' dir='ltr'>πεποιθᾷτες</span> 
     </span>
    </p>
   </div>
   <div class='ocr_carea' id='block_1_105' title="bbox 333 5487 1996 5563">
    <p class='ocr_par' dir='ltr' id='par_1_105' title="bbox 333 5487 1996 5563">
     <span class='ocr_line' id='line_1_106' title="bbox 333 5487 1996 5563; baseline -0.004 -16"><span class='ocrx_word' id='word_1_782' title='bbox 333 5493 420 5547; x_wconf 67' lang='grc' dir='ltr'>ἔπ’</span> <span class='ocrx_word' id='word_1_783' title='bbox 446 5487 662 5551; x_wconf 68' lang='grc' dir='ltr'>αὺέοῖς,</span> <span class='ocrx_word' id='word_1_784' title='bbox 695 5491 810 5548; x_wconf 85' lang='grc' dir='ltr'>Νοη</span> <span class='ocrx_word' id='word_1_785' title='bbox 843 5490 1046 5563; x_wconf 86' lang='lat' dir='ltr'>lapides</span> <span class='ocrx_word' id='word_1_786' title='bbox 1093 5494 1285 5546; x_wconf 83' lang='lat' dir='ltr'>anima</span> <span class='ocrx_word' id='word_1_787' title='bbox 1339 5491 1585 5563; x_wconf 80' lang='lat' dir='ltr'>carentes</span> <span class='ocrx_word' id='word_1_788' title='bbox 1640 5487 1996 5563; x_wconf 73' lang='lat' dir='ltr'>monstrabat,</span> 
     </span>
    </p>
   </div>
   <div class='ocr_carea' id='block_1_106' title="bbox 333 5559 1998 5629">
    <p class='ocr_par' dir='ltr' id='par_1_106' title="bbox 333 5559 1998 5629">
     <span class='ocr_line' id='line_1_107' title="bbox 333 5559 1998 5629; baseline -0.006 -7"><span class='ocrx_word' id='word_1_789' title='bbox 333 5567 434 5622; x_wconf 72' lang='lat' dir='ltr'>sed</span> <span class='ocrx_word' id='word_1_790' title='bbox 463 5564 720 5621; x_wconf 87' lang='lat' dir='ltr'>homines</span> <span class='ocrx_word' id='word_1_791' title='bbox 747 5559 911 5619; x_wconf 76' lang='lat' dir='ltr'>sensu</span> <span class='ocrx_word' id='word_1_792' title='bbox 949 5565 1256 5618; x_wconf 84' lang='lat' dir='ltr'>desiitutos.</span> <span class='ocrx_word' id='word_1_793' title='bbox 1319 5561 1562 5616; x_wconf 66' lang='lat' dir='ltr'>Aderant</span> <span class='ocrx_word' id='word_1_794' title='bbox 1618 5561 1766 5614; x_wconf 88' lang='lat' dir='ltr'>enim</span> <span class='ocrx_word' id='word_1_795' title='bbox 1819 5559 1998 5629; x_wconf 84' lang='lat' dir='ltr'>bapti-</span> 
     </span>
    </p>
   </div>
   <div class='ocr_carea' id='block_1_107' title="bbox 333 5629 2001 5707">
    <p class='ocr_par' dir='ltr' id='par_1_107' title="bbox 333 5629 2001 5707">
     <span class='ocr_line' id='line_1_108' title="bbox 333 5629 2001 5707; baseline -0.006 -13"><span class='ocrx_word' id='word_1_796' title='bbox 333 5639 512 5694; x_wconf 68' lang='grc' dir='ltr'>ωηαιί</span> <span class='ocrx_word' id='word_1_797' title='bbox 538 5637 712 5691; x_wconf 84' lang='lat' dir='ltr'>etiam</span> <span class='ocrx_word' id='word_1_798' title='bbox 739 5635 991 5707; x_wconf 84' lang='lat' dir='ltr'>gentiles,</span> <span class='ocrx_word' id='word_1_799' title='bbox 1023 5651 1152 5707; x_wconf 87' lang='lat' dir='ltr'>quos</span> <span class='ocrx_word' id='word_1_800' title='bbox 1185 5633 1402 5707; x_wconf 87' lang='lat' dir='ltr'>lapides</span> <span class='ocrx_word' id='word_1_801' title='bbox 1423 5631 1822 5707; x_wconf 71' lang='lat' dir='ltr'>etiam__vo_cat,_</span> <span class='ocrx_word' id='word_1_802' title='bbox 1864 5629 2001 5707; x_wconf 77' lang='lat' dir='ltr'>illos</span> 
     </span>
    </p>
   </div>
   <div class='ocr_carea' id='block_1_108' title="bbox 334 5701 2001 5778">
    <p class='ocr_par' dir='ltr' id='par_1_108' title="bbox 334 5701 2001 5778">
     <span class='ocr_line' id='line_1_109' title="bbox 334 5701 2001 5778; baseline -0.004 -13"><span class='ocrx_word' id='word_1_803' title='bbox 334 5710 670 5766; x_wconf 72' lang='lat' dir='ltr'>assimilarzs</span> <span class='ocrx_word' id='word_1_804' title='bbox 699 5701 860 5762; x_wconf 78' lang='lat' dir='ltr'>idolis</span> <span class='ocrx_word' id='word_1_805' title='bbox 888 5723 1006 5778; x_wconf 57' lang='lat' dir='ltr'>qua</span> <span class='ocrx_word' id='word_1_806' title='bbox 1031 5701 1352 5771; x_wconf 77' lang='lat' dir='ltr'>adorabunt,</span> <span class='ocrx_word' id='word_1_807' title='bbox 1375 5703 1736 5778; x_wconf 69' lang='lat' dir='ltr'>juxtaillud:</span> <span class='ocrx_word' id='word_1_808' title='bbox 1769 5701 2001 5778; x_wconf 76' lang='lat' dir='ltr'>Similes</span> 
     </span>
    </p>
   </div>
   <div class='ocr_carea' id='block_1_109' title="bbox 335 5773 1998 5852">
    <p class='ocr_par' dir='ltr' id='par_1_109' title="bbox 335 5773 1998 5852">
     <span class='ocr_line' id='line_1_110' title="bbox 335 5773 1998 5852; baseline -0.004 -14"><span class='ocrx_word' id='word_1_809' title='bbox 335 5783 461 5839; x_wconf 86' lang='lat' dir='ltr'>illis</span> <span class='ocrx_word' id='word_1_810' title='bbox 493 5781 664 5848; x_wconf 79' lang='lat' dir='ltr'>fiant,</span> <span class='ocrx_word' id='word_1_811' title='bbox 699 5779 800 5852; x_wconf 90' lang='lat' dir='ltr'>qui</span> <span class='ocrx_word' id='word_1_812' title='bbox 833 5773 1054 5836; x_wconf 78' lang='lat' dir='ltr'>faciunt</span> <span class='ocrx_word' id='word_1_813' title='bbox 1082 5787 1171 5852; x_wconf 88' lang='lat' dir='ltr'>ea,</span> <span class='ocrx_word' id='word_1_814' title='bbox 1203 5783 1260 5834; x_wconf 90' lang='lat' dir='ltr'>et</span> <span class='ocrx_word' id='word_1_815' title='bbox 1289 5773 1390 5850; x_wconf 86' lang='lat' dir='ltr'>qui</span> <span class='ocrx_word' id='word_1_816' title='bbox 1421 5774 1724 5832; x_wconf 73' lang='lat' dir='ltr'>confidunt</span> <span class='ocrx_word' id='word_1_817' title='bbox 1769 5773 1829 5829; x_wconf 90' lang='lat' dir='ltr'>in</span> <span class='ocrx_word' id='word_1_818' title='bbox 1858 5773 1998 5831; x_wconf 81' lang='lat' dir='ltr'>illis.</span> 
     </span>
    </p>
   </div>
   <div class='ocr_carea' id='block_1_110' title="bbox 436 5869 590 5912">
    <p class='ocr_par' dir='ltr' id='par_1_110' title="bbox 436 5869 590 5912">
     <span class='ocr_line' id='line_1_111' title="bbox 436 5869 590 5912; baseline -0.013 0"><span class='ocrx_word' id='word_1_819' title='bbox 436 5869 590 5912; x_wconf 61' lang='grc' dir='ltr'>λεῖπε.</span> 
     </span>
    </p>
   </div>
   <div class='ocr_carea' id='block_1_111' title="bbox 337 5855 2000 6016">
    <p class='ocr_par' dir='ltr' id='par_1_111' title="bbox 337 5855 2000 6016">
     <span class='ocr_line' id='line_1_112' title="bbox 337 5855 2000 6016; baseline -0.006 -30"><span class='ocrx_word' id='word_1_820' title='bbox 337 5855 814 6016; x_wconf 50' lang='grc' dir='ltr'>Βῐξῗέςδὲωάθω</span> <span class='ocrx_word' id='word_1_821' title='bbox 861 5921 1087 5986; x_wconf 68' lang='lat' dir='ltr'>schedia</span> <span class='ocrx_word' id='word_1_822' title='bbox 1120 5939 1132 5980; x_wconf 88' lang='lat'>:</span> <span class='ocrx_word' id='word_1_823' title='bbox 1165 5922 1285 5979; x_wconf 79' lang='grc' dir='ltr'>’Έτι</span> <span class='ocrx_word' id='word_1_824' title='bbox 1331 5916 1389 5978; x_wconf 75' lang='grc' dir='ltr'>δὶ</span> <span class='ocrx_word' id='word_1_825' title='bbox 1429 5915 1556 6005; x_wconf 77' lang='grc' dir='ltr'>περὶ</span> <span class='ocrx_word' id='word_1_826' title='bbox 1583 5919 1661 5976; x_wconf 78' lang='grc' dir='ltr'><strong>τῶ</strong></span> <span class='ocrx_word' id='word_1_827' title='bbox 1705 5911 1873 5974; x_wconf 78' lang='grc' dir='ltr'>λίθων</span> <span class='ocrx_word' id='word_1_828' title='bbox 1909 5915 2000 6006; x_wconf 71' lang='grc' dir='ltr'>γε·</span> 
     </span>
    </p>
   </div>
   <div class='ocr_carea' id='block_1_112' title="bbox 2107 5118 3753 5248">
    <p class='ocr_par' dir='ltr' id='par_1_112' title="bbox 2107 5118 3753 5248">
     <span class='ocr_line' id='line_1_113' title="bbox 2107 5118 3753 5248; baseline -0.003 -66"><span class='ocrx_word' id='word_1_829' title='bbox 2107 5147 2341 5204; x_wconf 73' lang='grc' dir='ltr'>γραπται</span> <span class='ocrx_word' id='word_1_830' title='bbox 2373 5123 2424 5178; x_wconf 80' lang='grc' dir='ltr'>ἐν</span> <span class='ocrx_word' id='word_1_831' title='bbox 2589 5118 2706 5195; x_wconf 74' lang='grc' dir='ltr'>ᾠδῇ</span> <span class='ocrx_word' id='word_1_832' title='bbox 2752 5125 2820 5194; x_wconf 82' lang='grc' dir='ltr'>τῇ</span> <span class='ocrx_word' id='word_1_833' title='bbox 2873 5120 2922 5176; x_wconf 83' lang='grc' dir='ltr'>ἐν</span> <span class='ocrx_word' id='word_1_834' title='bbox 2969 5125 3036 5196; x_wconf 79' lang='grc' dir='ltr'>τῇ</span> <span class='ocrx_word' id='word_1_835' title='bbox 3067 5121 3289 5196; x_wconf 78' lang='grc' dir='ltr'>Ἐξὸδῳ·</span> <span class='ocrx_word' id='word_1_836' title='bbox 3325 5122 3753 5248; x_wconf 59' lang='grc' dir='ltr'>Ἀπολιοωθείέ-</span> 
     </span>
     <span class='ocr_line' id='line_1_114' title="bbox 2108 5192 3750 5248; baseline 0 0"><span class='ocrx_word' id='word_1_837' title='bbox 2108 5221 2200 5248; x_wconf 66' lang='grc' dir='ltr'>σαν</span> <span class='ocrx_word' id='word_1_838' title='bbox 2255 5199 2322 5248; x_wconf 73' lang='grc' dir='ltr'>τὰ</span> <span class='ocrx_word' id='word_1_839' title='bbox 2397 5195 2543 5248; x_wconf 69' lang='grc' dir='ltr'>ἔθνη.</span> <span class='ocrx_word' id='word_1_840' title='bbox 2656 5192 2757 5248; x_wconf 79' lang='grc' dir='ltr'>ἕως</span> <span class='ocrx_word' id='word_1_841' title='bbox 2841 5193 3084 5248; x_wconf 70' lang='grc' dir='ltr'>παρέλθῃ</span> <span class='ocrx_word' id='word_1_842' title='bbox 3161 5198 3190 5248; x_wconf 87' lang='grc' dir='ltr'><strong>ὁ</strong></span> <span class='ocrx_word' id='word_1_843' title='bbox 3259 5195 3390 5248; x_wconf 73' lang='grc' dir='ltr'>λαὸς</span> <span class='ocrx_word' id='word_1_844' title='bbox 3467 5194 3624 5248; x_wconf 74' lang='grc' dir='ltr'>οὗτος</span> <span class='ocrx_word' id='word_1_845' title='bbox 3723 5214 3750 5247; x_wconf 80' lang='grc' dir='ltr'><strong>ν</strong></span> 
     </span>
    </p>
   </div>
   <div class='ocr_carea' id='block_1_113' title="bbox 2108 5192 3750 5270">
    <p class='ocr_par' dir='ltr' id='par_1_113' title="bbox 2108 5192 3750 5270">
     <span class='ocr_line' id='line_1_115' title="bbox 2108 5192 3750 5270; baseline -0.003 -18"><span class='ocrx_word' id='word_1_846' title='bbox 2108 5192 2200 5253; x_wconf 61' lang='lat' dir='ltr'>dav</span> <span class='ocrx_word' id='word_1_847' title='bbox 2255 5199 2322 5251; x_wconf 73' lang='grc' dir='ltr'>τὰ</span> <span class='ocrx_word' id='word_1_848' title='bbox 2392 5192 2568 5270; x_wconf 13' lang='grc' dir='ltr'>ῨέθνῄἈ</span> <span class='ocrx_word' id='word_1_849' title='bbox 2609 5192 2614 5194; x_wconf 49' lang='grc'>⁷</span> <span class='ocrx_word' id='word_1_850' title='bbox 2656 5192 2757 5270; x_wconf 46' lang='lat' dir='ltr'>et);</span> <span class='ocrx_word' id='word_1_851' title='bbox 2797 5192 2804 5194; x_wconf 54' lang='grc'><strong><em>“</em></strong></span> <span class='ocrx_word' id='word_1_852' title='bbox 2841 5192 3085 5270; x_wconf 56' lang='grc' dir='ltr'>πᾳρὲὶςθῃ</span> <span class='ocrx_word' id='word_1_853' title='bbox 3140 5192 3208 5270; x_wconf 25' lang='grc' dir='ltr'>⁷ὁλ</span> <span class='ocrx_word' id='word_1_854' title='bbox 3241 5192 3417 5270; x_wconf 32' lang='grc' dir='ltr'>ξλαὸς-</span> <span class='ocrx_word' id='word_1_855' title='bbox 3467 5194 3624 5270; x_wconf 54' lang='grc' dir='ltr'>οςῦτρς</span> <span class='ocrx_word' id='word_1_856' title='bbox 3691 5192 3750 5248; x_wconf 68' lang='grc' dir='ltr'>ὃν</span> 
     </span>
    </p>
   </div>
   <div class='ocr_carea' id='block_1_114' title="bbox 2108 5262 3756 5342">
    <p class='ocr_par' dir='ltr' id='par_1_114' title="bbox 2108 5262 3756 5342">
     <span class='ocr_line' id='line_1_116' title="bbox 2108 5262 3756 5342; baseline -0.004 -17"><span class='ocrx_word' id='word_1_857' title='bbox 2108 5270 2340 5339; x_wconf 57' lang='grc' dir='ltr'>ἐκτῆσιυο</span> <span class='ocrx_word' id='word_1_858' title='bbox 2373 5269 2459 5342; x_wconf 27' lang='grc' dir='ltr'>ᾡς-</span> <span class='ocrx_word' id='word_1_859' title='bbox 2481 5262 2650 5342; x_wconf 69' lang='grc' dir='ltr'>δῇλρν</span> <span class='ocrx_word' id='word_1_860' title='bbox 2682 5265 2764 5318; x_wconf 77' lang='grc' dir='ltr'><strong>ὅτι</strong></span> <span class='ocrx_word' id='word_1_861' title='bbox 2799 5262 2934 5342; x_wconf 48' lang='grc' dir='ltr'>μίξτᾷ</span> <span class='ocrx_word' id='word_1_862' title='bbox 2962 5265 3026 5342; x_wconf 60' lang='grc' dir='ltr'>τᾲ</span> <span class='ocrx_word' id='word_1_863' title='bbox 3054 5262 3338 5342; x_wconf 53' lang='grc' dir='ltr'>ἆτᾳρελοεῖν</span> <span class='ocrx_word' id='word_1_864' title='bbox 3370 5268 3461 5321; x_wconf 85' lang='grc' dir='ltr'>τὸν</span> <span class='ocrx_word' id='word_1_865' title='bbox 3491 5264 3756 5342; x_wconf 70' lang='grc' dir='ltr'>λαὸγ,μῃ-</span> 
     </span>
    </p>
   </div>
   <div class='ocr_carea' id='block_1_115' title="bbox 2106 5333 3750 5411">
    <p class='ocr_par' dir='ltr' id='par_1_115' title="bbox 2106 5333 3750 5411">
     <span class='ocr_line' id='line_1_117' title="bbox 2106 5333 3750 5411; baseline -0.004 -14"><span class='ocrx_word' id='word_1_866' title='bbox 2106 5333 2232 5397; x_wconf 61' lang='grc' dir='ltr'>κὲτί</span> <span class='ocrx_word' id='word_1_867' title='bbox 2271 5333 2758 5407; x_wconf 73' lang='grc' dir='ltr'>ἀπολιθωθείησαν,</span> <span class='ocrx_word' id='word_1_868' title='bbox 2800 5333 2956 5411; x_wconf 50' lang='grc' dir='ltr'>’ἀλλέ</span> <span class='ocrx_word' id='word_1_869' title='bbox 3003 5333 3422 5392; x_wconf 60' lang='grc' dir='ltr'>ἀπολαϐἑτωσκν</span> <span class='ocrx_word' id='word_1_870' title='bbox 3473 5333 3662 5411; x_wconf 65' lang='grc' dir='ltr'>ψυχὴἰ</span> <span class='ocrx_word' id='word_1_871' title='bbox 3691 5333 3750 5390; x_wconf 82' lang='grc' dir='ltr'>ἆν</span> 
     </span>
    </p>
   </div>
   <div class='ocr_carea' id='block_1_116' title="bbox 2107 5410 3757 5482">
    <p class='ocr_par' dir='ltr' id='par_1_116' title="bbox 2107 5410 3757 5482">
     <span class='ocr_line' id='line_1_118' title="bbox 2107 5410 3757 5482; baseline -0.002 -15"><span class='ocrx_word' id='word_1_872' title='bbox 2107 5412 2408 5482; x_wconf 75' lang='grc' dir='ltr'>θρωπίνην.</span> <span class='ocrx_word' id='word_1_873' title='bbox 2445 5411 2630 5464; x_wconf 83' lang='lat' dir='ltr'>Adhuc</span> <span class='ocrx_word' id='word_1_874' title='bbox 2649 5411 2729 5482; x_wconf 80' lang='lat' dir='ltr'>de</span> <span class='ocrx_word' id='word_1_875' title='bbox 2754 5410 3038 5482; x_wconf 82' lang='lat' dir='ltr'>lapidibus</span> <span class='ocrx_word' id='word_1_876' title='bbox 3067 5413 3334 5482; x_wconf 84' lang='lat' dir='ltr'>scriptum</span> <span class='ocrx_word' id='word_1_877' title='bbox 3359 5413 3434 5464; x_wconf 90' lang='lat' dir='ltr'>est</span> <span class='ocrx_word' id='word_1_878' title='bbox 3456 5411 3516 5462; x_wconf 84' lang='lat' dir='ltr'>in</span> <span class='ocrx_word' id='word_1_879' title='bbox 3543 5410 3757 5465; x_wconf 73' lang='lat' dir='ltr'>Cantica</span> 
     </span>
    </p>
   </div>
   <div class='ocr_carea' id='block_1_117' title="bbox 2149 5480 3760 5554">
    <p class='ocr_par' dir='ltr' id='par_1_117' title="bbox 2149 5480 3760 5554">
     <span class='ocr_line' id='line_1_119' title="bbox 2149 5480 3760 5554; baseline -0.001 -14"><span class='ocrx_word' id='word_1_880' title='bbox 2149 5480 2300 5540; x_wconf 65' lang='lat' dir='ltr'>aedi.</span> <span class='ocrx_word' id='word_1_881' title='bbox 2319 5480 2525 5538; x_wconf 88' lang='lat' dir='ltr'>Vcrtan</span> <span class='ocrx_word' id='word_1_882' title='bbox 2536 5486 2591 5536; x_wconf 92' lang='lat' dir='ltr'>tu</span> <span class='ocrx_word' id='word_1_883' title='bbox 2604 5497 2629 5534; x_wconf 92' lang='lat' dir='ltr'>r</span> <span class='ocrx_word' id='word_1_884' title='bbox 2644 5481 2702 5535; x_wconf 91' lang='lat' dir='ltr'>in</span> <span class='ocrx_word' id='word_1_885' title='bbox 2719 5480 2941 5552; x_wconf 85' lang='lat' dir='ltr'>lapides</span> <span class='ocrx_word' id='word_1_886' title='bbox 2959 5480 3377 5554; x_wconf 30' lang='lat' dir='ltr'>gentes.‘donec</span> <span class='ocrx_word' id='word_1_887' title='bbox 3393 5485 3760 5554; x_wconf 85' lang='lat' dir='ltr'>pertranseat</span> 
     </span>
    </p>
   </div>
   <div class='ocr_carea' id='block_1_118' title="bbox 2110 5553 3761 5630">
    <p class='ocr_par' dir='ltr' id='par_1_118' title="bbox 2110 5553 3761 5630">
     <span class='ocr_line' id='line_1_120' title="bbox 2110 5553 3761 5630; baseline -0.002 -18"><span class='ocrx_word' id='word_1_888' title='bbox 2110 5556 2361 5630; x_wconf 86' lang='lat' dir='ltr'>populus</span> <span class='ocrx_word' id='word_1_889' title='bbox 2393 5557 2500 5610; x_wconf 88' lang='lat' dir='ltr'>iste</span> <span class='ocrx_word' id='word_1_890' title='bbox 2532 5568 2703 5625; x_wconf 85' lang='lat' dir='ltr'>quem</span> <span class='ocrx_word' id='word_1_891' title='bbox 2740 5553 3090 5630; x_wconf 53' lang='lat' dir='ltr'>possedisti;</span> <span class='ocrx_word' id='word_1_892' title='bbox 3125 5555 3253 5623; x_wconf 82' lang='lat' dir='ltr'>quia</span> <span class='ocrx_word' id='word_1_893' title='bbox 3284 5553 3639 5630; x_wconf 73' lang='lat' dir='ltr'>manifestum</span> <span class='ocrx_word' id='word_1_894' title='bbox 3668 5555 3761 5630; x_wconf 76' lang='lat' dir='ltr'>est</span> 
     </span>
    </p>
   </div>
   <div class='ocr_carea' id='block_1_119' title="bbox 2107 5623 3758 5700">
    <p class='ocr_par' dir='ltr' id='par_1_119' title="bbox 2107 5623 3758 5700">
     <span class='ocr_line' id='line_1_121' title="bbox 2107 5623 3758 5700; baseline 0 -16"><span class='ocrx_word' id='word_1_895' title='bbox 2107 5623 2226 5700; x_wconf 77' lang='lat' dir='ltr'>post</span> <span class='ocrx_word' id='word_1_896' title='bbox 2256 5623 2566 5700; x_wconf 74' lang='lat' dir='ltr'>transitum</span> <span class='ocrx_word' id='word_1_897' title='bbox 2587 5623 2796 5696; x_wconf 84' lang='lat' dir='ltr'>populi,</span> <span class='ocrx_word' id='word_1_898' title='bbox 2827 5629 3012 5700; x_wconf 81' lang='lat' dir='ltr'>gentes</span> <span class='ocrx_word' id='word_1_899' title='bbox 3039 5623 3310 5700; x_wconf 73' lang='lat' dir='ltr'>desituros</span> <span class='ocrx_word' id='word_1_900' title='bbox 3349 5639 3466 5680; x_wconf 89' lang='lat' dir='ltr'>esse</span> <span class='ocrx_word' id='word_1_901' title='bbox 3517 5625 3758 5699; x_wconf 70' lang='lat' dir='ltr'>lapides,</span> 
     </span>
    </p>
   </div>
   <div class='ocr_carea' id='block_1_120' title="bbox 2109 5694 3243 5764">
    <p class='ocr_par' dir='ltr' id='par_1_120' title="bbox 2109 5694 3243 5764">
     <span class='ocr_line' id='line_1_122' title="bbox 2109 5694 3243 5764; baseline -0.006 -8"><span class='ocrx_word' id='word_1_902' title='bbox 2109 5694 2160 5758; x_wconf 78' lang='lat' dir='ltr'>et</span> <span class='ocrx_word' id='word_1_903' title='bbox 2187 5703 2435 5754; x_wconf 83' lang='lat' dir='ltr'>animam</span> <span class='ocrx_word' id='word_1_904' title='bbox 2466 5694 2766 5752; x_wconf 79' lang='lat' dir='ltr'>humanam</span> <span class='ocrx_word' id='word_1_905' title='bbox 2796 5699 3130 5764; x_wconf 81' lang='lat' dir='ltr'>recepturus.</span> <span class='ocrx_word' id='word_1_906' title='bbox 3167 5694 3243 5749; x_wconf 85' lang='lat' dir='ltr'>le.</span> 
     </span>
    </p>
   </div>
   <div class='ocr_carea' id='block_1_121' title="bbox 2181 5767 3761 5850">
    <p class='ocr_par' dir='ltr' id='par_1_121' title="bbox 2181 5767 3761 5850">
     <span class='ocr_line' id='line_1_123' title="bbox 2181 5767 3761 5850; baseline 0.003 -24"><span class='ocrx_word' id='word_1_907' title='bbox 2181 5771 2294 5850; x_wconf 65' lang='lat'>(63)</span> <span class='ocrx_word' id='word_1_908' title='bbox 2325 5771 2453 5850; x_wconf 64' lang='lat' dir='ltr'>lisse</span> <span class='ocrx_word' id='word_1_909' title='bbox 2485 5785 2740 5850; x_wconf 62' lang='lat' dir='ltr'>quoque,</span> <span class='ocrx_word' id='word_1_910' title='bbox 2771 5770 2837 5824; x_wconf 91' lang='lat' dir='ltr'>ut</span> <span class='ocrx_word' id='word_1_911' title='bbox 2867 5781 3036 5850; x_wconf 77' lang='lat' dir='ltr'>nemo</span> <span class='ocrx_word' id='word_1_912' title='bbox 3067 5781 3184 5850; x_wconf 83' lang='lat' dir='ltr'>non</span> <span class='ocrx_word' id='word_1_913' title='bbox 3223 5767 3428 5844; x_wconf 79' lang='lat' dir='ltr'>sensit,</span> <span class='ocrx_word' id='word_1_914' title='bbox 3475 5767 3761 5850; x_wconf 79' lang='lat' dir='ltr'>interpre-</span> 
     </span>
    </p>
   </div>
   <div class='ocr_carea' id='block_1_122' title="bbox 2109 5840 3153 5918">
    <p class='ocr_par' dir='ltr' id='par_1_122' title="bbox 2109 5840 3153 5918">
     <span class='ocr_line' id='line_1_124' title="bbox 2109 5840 3153 5918; baseline -0.002 -16"><span class='ocrx_word' id='word_1_915' title='bbox 2109 5840 2293 5903; x_wconf 78' lang='lat' dir='ltr'>tantis</span> <span class='ocrx_word' id='word_1_916' title='bbox 2323 5840 2657 5918; x_wconf 73' lang='lat' dir='ltr'>Hieronymi</span> <span class='ocrx_word' id='word_1_917' title='bbox 2689 5840 3012 5899; x_wconf 82' lang='lat' dir='ltr'>observatio</span> <span class='ocrx_word' id='word_1_918' title='bbox 3043 5842 3153 5900; x_wconf 86' lang='lat' dir='ltr'>est.</span> 
     </span>
    </p>
   </div>
  </div>
