4304 6598
348 455 471 519 298

767 456 1271 520 TRANSLATIO
1316 457 1822 521 HOMILIARUM
1868 459 2230 521 ORIGENIS
2272 462 2353 523 IN
2399 464 2693 528 LUCAM.
2726 500 2805 512 —
2834 466 3106 529 HOMIL.
3152 469 3369 532 XXIV.

3651 473 3775 536 294

347 606 587 664 quoque
618 589 730 663 ipsi
760 593 815 646 et
841 589 1110 662 apostoli,
1161 608 1333 647 omne
1365 592 1519 664 quod
1560 596 1855 662 resonant,
1887 609 2000 648 non
2032 597 2086 664 Α
2117 609 2282 664 quam
2310 611 2433 650 eum
2466 598 2581 653 illis
2611 600 2673 654 οἵ.
2708 600 2777 653 Et
2826 601 3025 656 statim
3072 602 3143 656 ad
3193 618 3392 674 preces
3441 570 3628 661 sancti
3659 604 3779 662 viri

347 679 545 737 solum
575 678 936 747 hominibus,
985 680 1086 736 sed
1119 684 1176 736 et
1197 680 1423 753 angelis
1467 681 1804 753 praedicant.
1839 680 2002 745 Quod

347 774 415 826 ut
444 769 596 827 scias
615 786 814 825 verum
842 787 855 826 :
878 768 1126 842 Attende,
1150 771 1360 843 inquit,
1386 770 1601 837 eretum,
1630 778 1679 825 et
1700 771 1899 844 loquar
1919 770 1961 806 ⁸⁷
1988 788 2001 839 ;

349 865 407 916 et
434 877 448 916 :
482 861 543 916 In
574 863 855 930 conspectu
884 860 1207 931 angelorum
1224 861 1463 931 psallam
1489 860 1598 915 tibi
1625 860 1668 895 ⁸⁸
1694 904 1707 930 ,
1737 864 1793 915 et
1820 877 1832 916 :
1867 862 2006 917 Lau-

346 948 475 1006 dale
504 950 816 1005 Dominum.
848 950 973 1004 caeli
1002 950 1285 1021 ccelorum,
1308 953 1358 1006 et
1387 965 1549 1021 aqua
1576 965 1695 1022 quae
1723 966 1885 1022 super
1907 967 2004 1005 eae-

349 1039 430 1095 los
458 1043 587 1095 sunt
617 1039 843 1095 laudent
874 1055 1069 1095 nomen
1102 1040 1331 1095 Domini
1366 1040 1410 1074 ⁸⁸
1435 1057 1447 1107 ;
1482 1043 1575 1095 et:
1610 1039 1851 1096 Laudent
1880 1055 2005 1095 eum

347 1128 536 1201 angeli
562 1127 645 1197 9°;
696 1133 789 1183 et:
842 1129 903 1183 In
933 1130 1092 1183 omni
1132 1130 1245 1184 loco
1286 1130 1569 1200 potestatis
1607 1129 1725 1197 eius
1758 1128 2001 1196 benedie,

346 1220 544 1275 anima
574 1234 713 1289 mea,
746 1218 977 1274 Domino
1024 1219 1091 1276 θί.
1128 1218 1390 1274 Invenies
1439 1218 1498 1273 in
1532 1217 1803 1290 plurimis
1834 1217 2000 1286 locis,

346 1314 405 1365 et
426 1309 680 1364 maxime
701 1307 761 1363 in
782 1306 1054 1376 Psalmis,
1076 1312 1131 1364 et
1151 1308 1223 1365 ad
1242 1306 1479 1381 angelos
1498 1324 1828 1363 sermonem
1854 1307 2003 1378 ﬂeri,

345 1398 486 1455 data
512 1396 737 1454 homini
770 1402 1077 1470 potestate,
1110 1398 1161 1452 ei
1192 1401 1385 1451 tamen
1418 1398 1518 1468 qui
1551 1396 1834 1469 Spiritum
1867 1413 2001 1452 san-

347 1492 508 1544 ctum
523 1485 717 1556 habet,
740 1490 804 1542 ut
820 1490 877 1541 et
893 1486 1129 1559 angelos
1148 1485 1499 1557 alloquatur.
1522 1486 1562 1540 E
1584 1484 1799 1557 quibus
1817 1502 2003 1541 unum

348 1578 686 1650 exemplum
716 1593 949 1650 ponam,
983 1581 1048 1631 ut
1077 1576 1337 1632 sciamus
1367 1574 1604 1647 angelos
1636 1590 1869 1647 quoque
1901 1574 2004 1630 hu-

348 1667 546 1723 manis
575 1667 815 1723 vocibus
847 1665 1087 1722 erudiri.
1122 1666 1419 1737 Scriptum
1452 1668 1540 1719 est
1568 1665 1627 1720 in
1662 1664 2004 1737 Apocalypsi

344 1756 594 1814 Joannis
622 1757 668 1792 θ’
695 1774 708 1812 :
740 1756 941 1827 Angela
972 1756 1334 1827 Ephesiorum
1364 1754 1619 1810 Ecclesiae
1646 1754 1823 1809 scribe
1844 1772 1862 1808 :
1897 1755 2001 1808 Ha-

347 1846 441 1904 beo
470 1847 687 1921 aliquid
715 1849 905 1902 contra
950 1851 1007 1900 te
1027 1863 1044 1898 :
1096 1849 1153 1900 et
1202 1861 1266 1899 ru
1279 1860 1439 1899 rsum
1473 1843 1533 1897 93.
1584 1842 1792 1915 Angela
1823 1844 2003 1900 Eccle-

342 1938 441 1992 sia
470 1937 734 2007 Pergami
752 1937 929 1991 scribe
953 1952 972 1990 .'
997 1935 1184 1990 Habeo
1212 1932 1493 2005 quidpiam
1521 1941 1708 1989 eontra
1739 1941 1806 1989 le.
1840 1933 2004 1989 Certe

344 1985 2000 2097 Haso'tzz'aissisi‘suis;"tignis"signa;
2036 1985 2082 2051 Β

344 2115 467 2191 Ego
500 2132 617 2173 non
647 2114 879 2186 ambigo
912 2120 969 2169 et
996 2113 1055 2169 in
1078 2118 1237 2189 coetu
1281 2116 1479 2168 nostro
1510 2113 1715 2169 adesse
1741 2112 2000 2185 angelos,

345 2221 465 2260 non
511 2205 702 2261 solum
749 2201 1101 2276 generaliter
1147 2200 1308 2257 omni
1357 2200 1642 2270 Ecclesiae,
1691 2202 1791 2257 sed
1824 2202 2001 2258 etiam

352 2292 721 2367 singillatim.
755 2297 833 2347 De
859 2291 1078 2363 quibus
1108 2290 1371 2346 Salvator
1390 2289 1471 2346 ait
1494 2290 1538 2325 "
1561 2309 1574 2349 :
1594 2292 1789 2362 Angeli
1816 2306 2004 2347 eorum

346 2399 565 2458 semper
610 2382 789 2439 vident
834 2383 1037 2453 faciem
1081 2382 1275 2436 Patris
1317 2382 1427 2436 mei
1472 2382 1572 2452 qui
1618 2382 1676 2435 in
1724 2382 1876 2437 caelis
1903 2384 2000 2437 est.

348 2472 572 2545 Duplex
600 2472 694 2529 hic
716 2470 883 2527 adest
914 2469 1187 2542 Ecclesia,
1211 2487 1330 2525 una
1351 2469 1681 2539 hominum,
1704 2470 1887 2527 altera
1908 2488 2005 2527 an-

345 2562 639 2636 gelorum.
672 2563 727 2617 Si
760 2561 901 2634 quid
924 2561 1097 2632 juxta
1126 2560 1435 2632 rationem,
1467 2564 1523 2615 et
1547 2564 1716 2631 juxta
1747 2560 2005 2633 Scriptu-

345 2669 551 2709 rarum
574 2651 827 2709 dicimus
848 2649 1231 2720 voluntatem,
1258 2650 1529 2705 laetantur
1548 2650 1740 2722 angeli
1758 2656 1816 2706 et
1838 2656 2005 2707 orant

345 2742 679 2799 nobiscum.
703 2741 772 2796 Et
790 2739 928 2813 quia
948 2744 1260 2812 praesentes
1278 2739 1468 2812 angeli
1490 2744 1629 2795 sunt
1648 2742 1704 2794 in
1727 2739 2003 2809 Ecclesia,

345 2832 411 2889 in
437 2831 540 2889 illa
558 2832 844 2888 duntaxat
865 2847 993 2902 quae
1011 2833 1287 2897 meretur,
1310 2835 1365 2885 et
1386 2828 1599 2885 Christi
1616 2834 1723 2900 est,
1750 2836 2008 2902 prOpter-

347 2938 421 2979 ea
451 2921 755 2979 orantibus
787 2918 1020 2975 feminis
1071 2919 1424 2992 praecipitur,
1479 2923 1541 2974 ut
1571 2918 1824 2973 habeant
1851 2919 2008 2975 vela-

352 3029 490 3069 men
523 3028 700 3084 super
730 3014 906 3082 caput
935 3013 1172 3081 propter
1201 3008 1439 3081 angelos
1469 3009 1532 3076 95,
1564 3009 1677 3081 (57)
1708 3009 1911 3081 utique
1940 3008 2009 3063 il-

350 3101 447 3159 los
478 3101 579 3175 qui
625 3102 914 3157 assistunt
942 3099 1182 3164 sanctis,
1230 3103 1286 3154 et
1328 3098 1599 3154 laetantur
1644 3099 1703 3153 in
1735 3098 2009 3155 Ecclesia.

353 3190 512 3258 Quos
542 3190 781 3263 quidem
813 3205 940 3256 nos,
974 3187 1114 3258 quia
1151 3192 1523 3260 peccatorum
1554 3188 1828 3243 sordibus
1858 3187 2010 3243 oculi

355 3280 545 3337 nostri
572 3278 737 3336 obliti
771 3282 930 3346 sunt,
954 3293 1071 3332 non
1097 3277 1386 3345 videmus,
1413 3278 1514 3332 sed
1545 3276 1741 3333 vident
1760 3276 2010 3350 apostoli

2115 683 2355 756 angelos
2388 701 2537 758 quos
2569 687 2731 759 prius
2763 688 2918 745 Giezi
2958 706 3072 745 non
3106 690 3626 759 videbat,intuitus
3657 697 3769 751 est.

2114 774 2245 827 Haec
2273 772 2488 829 idcirco
2519 776 2795 845 diximus,
2832 781 2895 832 ut
2938 778 3381 835 ostenderemus
3421 784 3478 835 et
3506 781 3771 852 publica-

2115 879 2218 918 nos
2251 863 2443 919 doceri
2476 882 2510 920 a
2538 865 2783 933 Joanne,
2817 871 2873 922 et
2920 884 3034 922 non
3067 867 3255 922 solum
3307 884 3407 924 eos
3438 870 3539 941 qui
3571 871 3768 944 reipu-

2112 951 2273 1008 blicae
2295 953 2677 1026 vectigalibus
2728 956 3012 1025 serviunt,
3038 958 3137 1012 sed
3162 957 3337 1013 etiam
3392 958 3523 1015 illos
3555 959 3651 1032 qui
3675 977 3773 1017 ve-

2114 1040 2353 1097 niebant
2382 1045 2452 1098 ad
2486 1044 2907 1115 paenitentiam.
2960 1045 3028 1100 Et
3057 1043 3155 1100 alii
3195 1051 3360 1101 erant
3390 1065 3423 1102 a
3448 1048 3767 1121 corporali-

2112 1131 2223 1185 bus
2255 1131 2572 1203 publicani,
2605 1134 2758 1189 sicut
2779 1138 2836 1190 et
2865 1133 2960 1191 alii
2986 1135 3224 1202 milites,
3259 1138 3357 1207 qui
3389 1139 3764 1210 egredieban-

2110 1224 2209 1274 tur
2238 1220 2309 1275 ad
2368 1221 2728 1294 baptismum
2789 1224 3160 1295 poenitentiae.
3223 1226 3396 1282 Venit
3450 1228 3606 1283 enim
3651 1245 3766 1285 non

2114 1309 2374 1365 Joannes
2404 1316 2457 1366 et
2491 1312 2774 1385 propheta
2803 1319 3056 1381 tantum,
3089 1316 3190 1370 sed
3212 1316 3390 1371 etiam
3426 1317 3550 1389 ipse
3578 1316 3775 1375 Salva-

2113 1401 2224 1465 tor,
2259 1402 2316 1453 et
2346 1398 2685 1457 hominibus
2716 1407 2773 1457 et
2806 1403 2917 1474 (08)
2948 1403 3193 1475 angelis,
3227 1409 3285 1459 et
3314 1405 3631 1462 virtutibus
3661 1424 3771 1465 caa-

2113 1485 2253 1542 teris
2285 1488 2604 1545 salutarem
2655 1492 3054 1562 paenitentiam
3104 1494 3439 1566 praedicare,
3479 1496 3631 1551 utin
3664 1513 3766 1552 no-

2110 1575 2273 1649 mine
2300 1580 2437 1633 Jesu
2471 1594 2643 1634 omne
2674 1597 2825 1653 genu
2858 1580 3145 1651 ﬂectatur,
3187 1582 3531 1651 caelestium,
3564 1590 3621 1640 et
3649 1590 3763 1641 ter-
3858 1576 3861 1581 ’

2115 1664 2409 1734 restrium,
2442 1672 2500 1722 et
2532 1669 2916 1735 infernarum,
2949 1675 3008 1724 et
3037 1671 3230 1726 omnis
3259 1671 3462 1743 lingua
3490 1674 3763 1730 conﬁtea-

2115 1759 2228 1823 tur,
2264 1756 2402 1827 quia
2432 1755 2718 1814 Dominus
2746 1758 2922 1814 Jesus
2952 1758 3217 1815 Christus
3244 1760 3302 1814 in
3334 1761 3520 1833 gloria
3545 1769 3634 1818 est
3665 1763 3767 1819 Dei

2114 1844 2301 1900 Patris
2332 1846 2411 1900 98:
2446 1846 2537 1901 cui
2569 1851 2659 1901 est
2688 1847 2876 1920 gloria
2904 1854 2963 1904 et
2992 1848 3309 1922 imperium
3340 1851 3399 1905 in
3426 1851 3641 1907 saecula
3670 1870 3773 1908 sa:-

2115 1932 2405 1990 culorum.
2441 1941 2645 1991 Amen.

2502 2043 2796 2099 323-24
2841 2043 3142 2101 HOMILIA
3182 2045 3375 2113 XXIV,

2114 2135 2196 2186 De
2225 2146 2284 2186 eo
2315 2131 2458 2203 quod
2497 2136 2768 2207 scripturn
2792 2140 2908 2189 est:
2943 2158 2971 2184 «
3005 2136 3113 2204 Ego
3160 2137 3375 2207 quidem
3427 2136 3643 2207 baplizo
3672 2155 3763 2196 vos

2182 2220 2343 2282 aqua,
2380 2225 2426 2282 »_
2452 2220 2666 2282 usque
2693 2205 2764 2259 ad
2806 2222 2934 2260 eum
2992 2205 3182 2282 locum‘
3225 2209 3324 2282 ubi
3377 2210 3458 2263 ait
3484 2205 3502 2265 Ξ
3529 2211 3644 2282 Ipse
3671 2227 3764 2268 vos

2184 2275 2485 2347 baptizabit
2514 2277 2723 2348 Spiritu
2752 2282 2938 2333 sancto
2966 2283 3015 2333 et
3044 2280 3189 2349 igne.
3222 2302 3252 2329 »
3286 2280 3421 2352 Cap.
3460 2297 3543 2336 ιιι.

2182 2380 2491 2450 Joannem,
2526 2383 2628 2454 qui
2659 2384 2851 2439 minor
2881 2389 2971 2440 est
2998 2384 3249 2452 Christo,
3285 2388 3545 2459 suscepit
3574 2405 3767 2462 popu-

2114 2471 2227 2539 lus,
2261 2476 2542 2543 reputans
2570 2478 2628 2527 et
2658 2474 2921 2545 cogitans
2972 2490 3043 2530 ne
3076 2476 3221 2530 forte
3260 2476 3386 2547 ipse
3416 2483 3571 2533 esset
3599 2479 3763 2535 Chri-

2114 2564 2278 2627 stus;
2305 2577 2438 2616 eum
2470 2578 2603 2617 vero
2633 2562 2733 2634 qui
2766 2566 2955 2634 major
3000 2563 3101 2619 illo
3131 2572 3387 2634 venerat,
3422 2583 3536 2622 non
3566 2585 3767 2625 susce-

2115 2648 2219 2723 pit.
2245 2649 2345 2705 Vis
2366 2666 2603 2705 causam
2626 2651 2774 2706 scire
2795 2650 2822 2705 ?
2847 2652 3141 2723 Cognosce
3165 2669 3178 2707 :
3207 2654 3450 2710 Joannis
3472 2656 3767 2728 baptisma

2115 2739 2363 2807 videtur,
2426 2739 2641 2796 Christi
2722 2741 3048 2811 haptismus
3097 2741 3410 2798 invisibilis
3459 2751 3601 2801 erat.
3661 2747 3770 2817 Ego

2115 2830 2284 2895 enim,
2315 2827 2531 2899 inquit,
2581 2828 2792 2901 baptizo
2849 2845 2935 2884 vos
2966 2831 3029 2884 in
3083 2846 3265 2901 aqua:
3312 2834 3410 2902 qui
3435 2837 3621 2889 autem
3643 2840 3768 2906 post

2115 2935 2202 2973 me
2232 2920 2399 2982 venit,
2432 2919 2613 2989 major
2662 2935 2747 2973 me
2793 2928 2888 2989 est,
2921 2921 3038 2991 ipse
3084 2937 3172 2975 vos
3216 2921 3516 2992 baptizabit
3554 2924 3767 2996 Spiritu

2117 3011 2309 3063 sancto
2330 3016 2382 3063 ct
2403 3010 2535 3079 igni.
2563 3008 2805 3071 Quando
2827 3009 3083 3082 baptizat
3099 3010 3129 3065 J
3137 3026 3275 3067 esus
3295 3010 3517 3084 Spiritu
3540 3021 3765 3086 sancto,

2119 3102 2176 3152 et
2202 3114 2436 3152 rursum
2468 3099 2702 3168 quando
2734 3098 2869 3171 igne
2902 3100 3158 3172 baptizat
3184 3099 3507 3174 ‘INunquid
3540 3121 3655 3160 uno
3678 3110 3771 3161 at-

2121 3203 2234 3258 que
2260 3187 2463 3242 eodem
2496 3192 2755 3259 tempore
2786 3187 3007 3260 Spiritu
3039 3193 3098 3244 et
3118 3189 3237 3261 igni
3259 3192 3534 3263 baptizat,
3566 3211 3639 3250 an
3670 3212 3767 3252 va-

2123 3277 2207 3331 rio
2239 3281 2413 3348 atque
2445 3276 2670 3332 diverso
2692 3278 2720 3333 ‘I
2757 3279 2848 3333 Vos
2877 3283 3064 3335 autem
3102 3283 3525 3353 baptizabimini
3553 3282 3773 3357 Spiritu

353 3371 496 3428 Jesu
529 3370 601 3426 ad
632 3385 781 3442 quos
830 3367 1094 3441 loquitur
1144 3368 1225 3423 πε
1277 3368 1468 3435 Amen,
1500 3383 1659 3422 amen
1689 3367 1808 3421 dico
1838 3367 2007 3434 vobis,
2039 3353 2082 3420 C
2117 3374 2320 3432 sancto,
2353 3380 2461 3419 non
2489 3370 2608 3436 post
2654 3367 2854 3421 multos
2900 3368 2995 3423 hos
3044 3369 3163 3425 dies
3200 3373 3263 3427 9°.
3318 3353 3602 3444 Baptizati
3631 3378 3773 3431 sunt

351 3460 609 3518 videbitis
636 3459 829 3514 caelum
858 3460 1128 3529 apertum,
1180 3464 1231 3511 et
1269 3457 1487 3525 angelos
1535 3458 1640 3511 Dei
1669 3454 2011 3510 ascendentes

350 3558 407 3607 et
434 3549 819 3606 descendentes
848 3562 1011 3617 super
1035 3546 1241 3601 Filium
1272 3546 1531 3599 hominis.
1565 3544 1727 3609 Quod
1760 3542 1809 3599 si
1842 3543 2013 3598 habe-

352 3656 480 3696 rem
511 3638 662 3694 hanc
692 3636 966 3711 gratiam,
998 3639 1061 3691 ut
1092 3635 1385 3707 quomodo
1436 3632 1705 3705 apostoli,
1738 3633 1821 3687 sic
1850 3632 2011 3687 vide-

350 3745 504 3799 rem,
536 3732 593 3784 et
640 3727 793 3783 sicut
845 3724 1056 3781 Paulus
1107 3724 1352 3796 aspexit,
1401 3723 1682 3788 intuerer,
1716 3739 2011 3777 cernerem

356 3835 516 3874 nunc
545 3816 888 3890 angelorum
941 3814 1404 3883 multitudinem,
1453 3813 1607 3885 quod
1638 3813 1870 3867 videbat
1901 3811 2012 3868 Eli-

358 3923 537 3973 saeus,
570 3910 628 3962 et
654 3904 810 3960 Giezi
841 3904 942 3977 qui
973 3920 1108 3959 cum
1139 3920 1204 3959 eo
1253 3908 1492 3959 steterat
1524 3919 1637 3957 non
1667 3902 1919 3958 videbat.
1950 3900 2013 3956 In

358 4001 522 4054 metu
554 3999 677 4053 erat
708 3995 884 4065 Giezi,
938 4010 1008 4049 ne
1057 3994 1130 4049 ab
1179 3993 1449 4049 hostibus
1495 3998 1819 4064 caperetur,
1854 3991 2016 4047 solus

358 4086 604 4144 Elisaaus
633 4086 856 4141 videns.
890 4084 1001 4140 Sed
1032 4083 1293 4154 Eliszeus,
1331 4088 1392 4138 ut
1422 4082 1732 4155 prophetes
1762 4081 2016 4148 Domini,

358 4177 728 4249 deprecatur,
763 4178 820 4230 et
847 4174 1026 4229 dicit:
1063 4172 1102 4227 0
1154 4174 1401 4243 Domine,
1452 4174 1606 4244 aperi
1647 4172 1832 4228 oculos
1858 4172 2021 4243 pueri

357 4266 544 4336 istius,
577 4268 629 4320 et
660 4264 853 4321 videat
881 4264 1143 4334 quoniam
1171 4263 1346 4318 multo
1368 4263 1555 4333 plures
1582 4261 1867 4318 nobiscum
1892 4268 2021 4317 sunt

2120 3452 2367 3527 apostoli
2398 3460 2531 3525 post
2581 3456 2983 3512 ascensionem
3033 3459 3162 3529 ejus
3208 3460 3280 3515 ad
3330 3461 3505 3517 caelos
3548 3462 3769 3535 Spiritu

2122 3548 2324 3598 sancto
2356 3543 2424 3576 '9'
2455 3558 2469 3596 :
2504 3543 2657 3613 quod
2690 3548 2884 3599 autem
2909 3545 3029 3617 igni
3057 3547 3271 3603 fuerint
3297 3550 3596 3622 baptizati,
3626 3551 3774 3607 Scri-

2123 3638 2294 3704 ptura
2312 3647 2425 3685 non
2447 3638 2750 3686 memorat.
2765 3634 2873 3688 Sed
2890 3637 3182 3706 quomodo
3202 3637 3782 3710 JoannesjuxtaJor-

2125 3721 2334 3775 danem
2366 3719 2606 3775 ﬂuvium
2639 3722 2937 3779 venientes
2967 3726 3039 3780 ad
3082 3728 3445 3801 baptismum
3476 3730 3775 3803 praestola-

2127 3811 2317 3876 batur,
2336 3815 2392 3865 et
2409 3810 2555 3866 alios
2569 3811 2861 3883 abigebat,
2876 3813 3105 3871 dicens:
3124 3815 3413 3875 Generatio
3431 3822 3773 3890 viperarum,

2125 3905 2183 3956 et
2215 3900 2475 3972 reliqua:
2508 3917 2678 3971 porro
2709 3917 2807 3957 eos
2836 3904 2935 3975 qui
2981 3906 3409 3964 conﬁtebantur
3436 3910 3577 3965 vitia
3601 3917 3776 3984 atque

2127 3996 2381 4062 peccata,
2434 3990 2828 4061 suscipiebat:
2878 3993 2961 4049 sic
3008 3996 3188 4051 stabit
3229 3997 3285 4052 in
3334 3999 3503 4069 igneo
3535 3999 3777 4055 ﬂumine

2127 4079 2413 4134 Dominus
2443 4078 2613 4135 Jesus
2655 4081 2827 4152 juxta
2864 4083 3197 4140 ﬂammeam
3249 4088 3606 4158 romphaeam
3642 4092 3681 4155 ',
3714 4094 3781 4144 ut

2128 4185 2541 4242 quemcunque
2572 4169 2684 4240 (66)
2717 4174 2848 4241 post
2902 4174 3123 4229 exitum
3169 4175 3298 4228 vitae
3344 4177 3543 4248 hujus,
3576 4179 3673 4250 qui
3707 4178 3778 4233 ad

2131 4259 2470 4333 paradisum
2494 4258 2746 4315 transire
2763 4261 3073 4329 desiderat,
3093 4265 3149 4317 et
3167 4266 3509 4336 purgatione
3533 4266 3782 4339 indiget,

430 4363 475 4399 ⁸⁷
506 4362 673 4418 Deut.
734 4377 910 4427 xxxii,
946 4361 997 4415 1.
1056 4359 1283 4414 ⁸⁸Ρεηί.
1345 4375 1593 4426 cxxxvn,
1656 4359 1704 4414 1.
1739 4360 1784 4394 3°
1842 4357 1994 4415 Psal.

2126 4372 2278 4420 LVIII,
2341 4358 2395 4428 4,
2454 4357 2509 4426 5,
2563 4358 2607 4430 9°
2666 4356 2805 4411 ibid.
2864 4359 2921 4415 2.
2980 4360 3023 4397 '1
3086 4360 3236 4416 Psal.
3299 4378 3396 4430 cu,
3446 4364 3536 4418 22.
3578 4364 3623 4398 ⁹²
3648 4380 3778 4430 cap.

360 4452 463 4509 ii,_
483 4450 632 4509 vers.
695 4435 745 4503 1,
782 4434 837 4509 li.
894 4432 1106 4509 9fibid.
1170 4434 1256 4501 12,
1326 4431 1487 4509 tif!“
1510 4432 1715 4487 Matth.
1748 4433 2012 4509 xviii,_1l

2121 4431 2139 4464 ⁵
2176 4431 2374 4509 [ζῷον.
2430 4446 2508 4494 x1,
2566 4429 2631 4482 10
2687 4430 2926 4486 "Joan.
2983 4434 3023 4501 l,
3078 4434 3169 4488 51.
3216 4433 3258 4467 ’7
3288 4433 3355 4489 1V
3406 4429 3778 4509 Reg.\n,17.

354 4507 405 4544 ’⁸
434 4506 646 4579 Philip.
682 4502 745 4574 11,
780 4506 867 4573 10,
902 4506 988 4559 11.
1025 4506 1069 4538 ⁹⁹
1100 4508 1225 4559 Act.
1258 4520 1298 4571 1,
1331 4505 1384 4557 5.
1419 4503 1488 4537 °°'
1519 4511 1646 4558 Act.
1682 4519 1748 4573 ιι,
1776 4504 1829 4558 4.
1865 4504 1882 4537 ¹
1915 4503 2012 4558 Gei

2121 4519 2177 4573 ιι,
2208 4502 2299 4557 24.
3491 4502 3522 4509 ν
3624 4522 3630 4533 ,

355 4602 691 4663 deridiculae
723 4603 998 4676 doctrina:
1032 4602 1201 4676 quasi
1254 4601 1705 4676 consectarium,
1738 4617 1856 4672 qua
1884 4618 2015 4673 pec-

358 4693 495 4737 care
524 4692 695 4750 posse
717 4674 957 4750 angelos
987 4674 1218 4745 statuit,
1241 4691 1560 4750 eorumque
1582 4674 1841 4750 officium
1876 4690 2017 4728 non-

2127 4600 2284 4681 enim
2316 4600 2541 4681 dudum
2563 4600 2775 4681 homil.
2794 4603 2860 4681 12
2886 4605 3323 4675 pronuntiasset
3345 4607 3661 4681 unicuique
3681 4609 3785 4667 ho-

2129 4673 2358 4727 minum
2388 4673 2535 4727 duos
2566 4675 2801 4745 praeﬁci,
2834 4673 3054 4732 bonum
3080 4694 3285 4747 unum,
3318 4685 3376 4735 et
3405 4673 3652 4738 alterum
3684 4699 3789 4741 ne-

359 4749 479 4807 nisi
509 4738 579 4805 ex
606 4738 828 4805 meritd
843 4755 1152 4803 constare:
1189 4738 1342 4803 unde
1370 4758 1425 4803 et
1456 4738 1818 4802 adversaries
1851 4752 2015 4817 pote-
2051 4738 2095 4804 D
2129 4761 2306 4817 quam
2335 4761 2351 4819 ἱ
2368 4750 2439 4819 ct
2468 4738 2624 4800 nunc
2654 4738 2923 4819 repetat,
2974 4748 3166 4805 adesse
3216 4738 3439 4819 angelos
3466 4769 3575 4809 non
3604 4738 3786 4812 solum

362 4826 549 4881 states
581 4826 817 4894 propter
846 4820 1197 4894 offensiones
1232 4819 1572 4875 hominibus
1604 4819 2024 4894 praebitas,cor-

364 4838 549 4881 states
621 4838 817 4894 ropter
846 4838 1197 4875 onensiones
1232 4838 1572 4875 DOIDIDIDUS
1604 4838 2023 4891 prwoitas,cor-

364 4838 705 4970 pussugire
734 4893 1081 4970 humanum,
1117 4892 1175 4970 in
1198 4907 1383 4970 eoque
1415 4908 1616 4970 pinnas
1648 4891 1823 4970 luere,
1858 4895 1915 4945 et
1941 4890 2023 4944 vi-

363 4964 568 5023 cissim
594 4982 663 5021 ex
682 4965 925 5020 humani
950 4965 1179 5037 generis
1202 4965 1404 5019 ordine
1427 4964 1591 5037 seligi
1618 4966 2021 5037 animamque:

364 5042 502 5124 post
524 5038 632 5124 rite
657 5038 866 5110 pieque
889 5034 1196 5124 emensum
1221 5038 1280 5090 in
1302 5036 1471 5124 terris
1488 5034 2019 5124 vitaicurric'ulum,

364 5107 426 5167 in
460 5107 1109 5183 angelo'rumqordinem
1160 5114 1559 5183 assumantur.
1591 5108 1800 5183 Noster
1826 5107 2022 5183 Hiero-

365 5178 603 5256 nymus,
655 5181 1115 5256 utaliosgnunc
1168 5181 1638 5256 praetermittam,
1688 5178 1750 5233 in
1798 5181 2020 5256 praefat.

366 5250 671 5318 Cbmment,
725 5255 784 5307 in
832 5250 1188 5319 Malae/tiam,
1236 5257 1409 5323 atque
1460 5252 1597 5307 alibi
1649 5250 1815 5322 saepe
1849 5250 2023 5306 hocce

363 5328 651 5384 abnorme
684 5324 966 5398 placitum
997 5325 1325 5398 impugnat.

441 5400 553 5471 (67)
584 5393 709 5471 Hic,
741 5393 1241 5471 quemadmodum
1276 5400 1344 5471 et
1372 5393 1612 5451 laudato
1642 5393 2023 5466 Apocalypsis

362 5467 514 5543 loco,
549 5467 889 5543 angelorum
917 5469 1174 5543 nomine,
1200 5467 1606 5543 episcoiios,_et
1638 5470 2026 5543 sacramento-

365 5538 509 5601 rum
533 5538 839 5615 ministros
863 5541 1185 5615 designari,
1207 5538 1510 5615 verissime
1537 5540 1881 5615 interpretes
1910 5538 2025 5610 ple-

365 5618 538 5689 rique
569 5630 773 5689 omnegs
793 5613 1020 5681 docent,
1045 5614 1356 5689 inepteque
1387 5613 1529 5667 adeo
1551 5613 1827 5689 Qrigenes
1850 5626 2023 5689 argu-

367 5683 691 5746 mentatur.
708 5686 1002 5757 Caeterum
1028 5683 1213 5757 neque
1237 5683 1292 5739 id
1326 5690 1549 5757 certum
1570 5683 1850 5757 habuisse
1874 5684 2027 5757 vide~

368 5756 853 5833 tur,sin_gulisne
878 5755 1238 5833 hominibus,
1262 5762 1364 5812 aut
1391 5756 1808 5833 Christiﬁdem
1832 5755 2023 5812 solum

367 5826 682 5923 professis,
703 5834 762 5890 et
782 5829 1002 5892 sanctis
1022 5826 1229 5915 custos
1240 5826 1486 5909 angelus
1507 5828 1871 5908 assignetur;
1891 5842 2025 5886 cum

2130 4817 2460 4894 generaliter
2507 4818 2661 4872 omni
2718 4817 2999 4887 Ecclesim,
3047 4822 3142 4877 sed
3198 4817 3365 4878 etiam
3410 4826 3787 4894 singillatim;

2131 4889 2334 4943 subdit
2366 4895 2580 4956 tamen,
2630 4896 2925 4959 przesentes
2973 4909 3092 4949 esse
3134 4895 3194 4949 in
3237 4895 3479 4953 Ecclesia
3503 4889 3793 4955 duntaxat

2131 4975 2254 5049 quae
2281 4970 2626 5049 meretur-met
2675 4963 2880 5049 Christi
2930 4970 3010 5020 est
3037 4967 3144 5049 :Hin
3182 4984 3367 5049 quam
3401 4972 3619 5049 saepius
3645 4969 3786 5049 alibi
3822 4980 3831 4991 ‘

2133 5035 2482 5113 sententiam
2515 5035 2793 5113 libentius
2846 5039 3130 5094 concedit.
3182 5035 3323 5093 Vide
3370 5035 3501 5113 qua?
3528 5041 3679 5095 infra
3709 5041 3781 5096 ad

2134 5106 2335 5160 homil.
2368 5108 2438 5159 35
2468 5106 2839 5162 adnotamus.

2203 5178 2313 5302 (Οἳ)
2348 5176 2553 5232 Recole
2584 5178 2845 5249 proxime
2867 5182 3285 5252 prmcedentem
3317 5182 3781 5238 adnotationem.

2204 5291 2215 5301 .
2322 5250 2512 5302 uetius
2561 5249 2735 5302 hocce
2784 5250 3051 5302 Origenis
3098 5255 3452 5302 naradnxum
3499 5253 3781 5302 singulari

2132 5250 2215 5327 Cl.
2269 5249 2512 5327 Huetius
2561 5249 2746 5327 hocce
2784 5249 3051 5325 0rigcnis
3098 5255 3453 5327 paradoxum
3499 5253 3786 5326 singulari

2134 5321 2555 5394 disceptatione
2587 5322 2859 5394 exagitat.

2205 5392 2317 5464 (6th
2348 5392 2625 5448 Notatuui
2674 5392 3065 5463 Genebrardo,
3114 5398 3416 5465 doctisque
3460 5395 3592 5451 aliis
3622 5396 3785 5465 viris,

2134 5465 2541 5540 purgatorium
2571 5466 2763 5540 ignem
2789 5475 2920 5540 post
2949 5470 3077 5523 vitae
3104 5472 3320 5523 exitum
3354 5468 3497 5523 satis
3531 5468 3789 5527 luculen-

2133 5546 2217 5592 ter
2231 5538 2337 5591 hoc
2355 5538 2759 5593 testimonium
2790 5538 3222 5595 ‘Adamantium
3251 5540 3528 5609 proﬁteri.
3556 5542 3786 5600 Addere

2133 5610 2356 5688 possim
2390 5616 2797 5688 egosexcenta
2848 5612 2960 5667 alia
2994 5615 3137 5688 loca,
3185 5611 3399 5681 quibus
3430 5612 3586 5688 idem
3618 5631 3787 5688 aperf

2136 5680 2363 5754 tissime
2393 5680 2687 5754 declarat:
2724 5698 2909 5754 neque
2957 5681 3113 5736 enim
3160 5680 3421 5754 unquam
3461 5685 3515 5741 id
3550 5680 3783 5745 crimini

2136 5700 2363 5737 ιιεειῐιιθ
2393 5700 2687 5737 αεοιειιᾞιε
2724 5700 2793 5737 D0
2840 5700 2909 5735 ue
2957 5700 3113 5736 enim
3160 5700 3421 5754 unquam
3461 5700 3515 5741 lt]
3550 5703 3782 5745 crimini

2133 5752 2336 5843 datum
2385 5753 2649 5843 Olrigeni,
2686 5700 2837 5835 quell
2887 5758 3291 5843 purgatoriuni
3338 5764 3575 5843 negaret
3616 5775 3782 5843 esse;

2134 5825 2236 5882 sed
2263 5824 2590 5889 econtra‘rio
2621 5824 2744 5885 hoc
2774 5824 3195 5903 ipsumquod
3226 5845 3333 5891 suo
3365 5824 3539 5892 m'odo
3569 5824 3788 5893 consti-
