4304 6614
498 429 630 517 eos

1765 428 1828 491 S.
1874 426 2184 491 EUSEBII
2230 424 2675 488 HIERONYMI

3800 422 3923 511 .996

515 564 626 620 hoc
657 580 789 620 eum
823 580 995 620 amne
1024 562 1297 636 baptizet,
1330 567 1387 618 et
1429 563 1499 618 ad
1540 562 1737 641 cupita
1763 563 2158 618 transmittat:
2194 589 2245 654 Α
2281 561 2453 615 bebat
2482 559 2805 625 sacculum,
2842 575 2951 613 non
2982 554 3289 627 famulum,
3312 575 3429 615 non
3451 558 3659 654 saltem
3700 557 3814 615 vile
3840 562 3929 616 tu-

514 670 649 710 eum
681 670 837 721 vero,
872 653 972 725 qui
1004 670 1119 709 non
1150 651 1326 708 habet
1372 654 1606 724 signum
1649 651 1908 724 priorum
1941 652 2164 723 baptis-

518 746 768 809 matum,

516 832 673 889 enim
705 832 870 904 prius
900 830 1154 903 aliquem
1204 829 1484 902 baptizari
1532 846 1684 901 aqua
1733 834 1791 884 et
1834 828 2066 900 spiritu,
2100 832 2165 884 ut

516 938 651 977 cum
701 922 772 976 ad
824 920 1057 993 igneum
1108 920 1346 975 ﬂuvium
1400 918 1638 985 venerit,
1692 918 1961 973 ostendat
2006 934 2067 972 se
2106 920 2164 972 et

516 1028 679 1083 aquae
711 1015 766 1065 et
797 1008 1289 1081 spirituslavacra
1310 1025 1591 1071 servasse,
1624 1012 1681 1063 et
1700 1012 1839 1061 tunc
1872 1010 2165 1062 mereatur

514 1100 690 1155 etiam
719 1099 872 1171 ignis
904 1098 1162 1170 accipere
1211 1097 1565 1169 baptismum
1608 1096 1667 1151 in
1717 1095 1943 1151 Christo
1974 1096 2112 1150 Jesu
2144 1112 2156 1151 :

515 1187 607 1244 cui
637 1192 729 1244 est
758 1188 941 1260 gloria
968 1194 1027 1243 et
1072 1187 1386 1259 imperium
1436 1185 1494 1241 in
1545 1184 1755 1241 saecula
1785 1184 2156 1240 saeculorum.

515 1285 719 1332 Amen.

1080 1363 1380 1420 HOMlLlA
1423 1362 1586 1418 XXV.

514 1456 591 1510 De
619 1456 930 1526 suspicione
984 1469 1148 1523 quam
1178 1452 1411 1526 habebat
1439 1456 1675 1523 populus
1724 1451 1789 1506 de
1832 1452 2061 1515 Joanne,
2092 1466 2163 1505 ne

818 1531 961 1595 [orte
990 1528 1104 1597 ipse
1133 1532 1264 1578 esset
1296 1523 1565 1578 Christus.
1599 1527 1731 1594 Cap.
1768 1539 1849 1577 iu.

581 1632 766 1689 Habet
793 1630 1114 1703 periculum
1148 1633 1205 1685 et
1244 1628 1495 1697 dilectio,
1526 1628 1574 1684 si
1606 1629 1844 1683 modum
1878 1632 2156 1684 transeat.

509 1722 690 1779 Debet
721 1721 873 1775 enim
909 1719 1010 1791 qui
1041 1718 1296 1790 aliquem
1351 1717 1558 1790 diligit,
1592 1722 1834 1773 naturas
1866 1722 1923 1772 et
1952 1734 2161 1773 causas

510 1810 879 1867 considerare
909 1807 1125 1874 dilecti,
1158 1811 1213 1863 et
1245 1823 1360 1863 non
1391 1823 1524 1862 eum
1561 1806 1690 1879 plus
1712 1807 1949 1877 diligere
1981 1823 2158 1879 quam

512 1905 787 1956 meretur.
821 1890 963 1952 Nam
998 1898 1049 1952 si
1081 1913 1417 1951 mensuram
1449 1896 1773 1963 charitatis,
1803 1897 2162 1967 modumque

866 742 1093 798 lavacro
1172 742 1340 813 igneo
1415 758 1529 795 non
1605 740 1876 812 baptizet.
1934 740 2171 812 Oportet

2277 649 2533 723 gurium.
2569 649 2903 704 Morabatur
2932 648 2989 701 in
3017 648 3246 702 deserto
3278 663 3393 702 non
3421 647 3613 703 solum
3646 664 3836 721 usque
3856 652 3928 706 ad

2277 738 2426 793 diem
2462 737 2814 794 ostensionis
2841 754 2958 792 suae
2983 736 3052 791 ad
3082 735 3280 802 Israel,
3311 753 3513 792 verum
3544 754 3610 793 eo
3642 741 3927 810 tempore,

2276 844 2390 900 quo
2424 826 2825 900 paenitentiam
2852 823 3067 897 po'pulo
3095 825 3469 897 praedicabat,
3491 832 3614 882 erat
3637 825 3696 882 in
3728 826 3933 884 solitu-

2275 917 2408 972 dine
2437 917 2671 983 Judeeae,
2706 920 2761 970 et
2790 932 2946 986 aqua
2973 914 3227 986 simplici
3264 914 3649 988 irrigaliatur,
3682 920 3749 972 ut
3777 921 3835 973 et
3865 917 3928 974 in

2272 1011 2408 1077 potu
2444 1010 2597 1061 esset
2628 1005 2891 1059 diversus
2918 1021 2951 1059 a
2982 1005 3221 1060 caeteris.
3260 1008 3373 1059 Nos
3396 1004 3495 1075 qui
3527 1022 3834 1062 versamur
3865 1007 3925 1063 in

2272 1094 2539 1161 urbibus,
2572 1094 2670 1165 qui
2705 1093 2763 1148 in
2797 1092 2985 1149 medio
3014 1092 3361 1165 populorum
3407 1111 3615 1149 sumus
3646 1100 3704 1150 et
3730 1100 3925 1153 vestes

2271 1182 2587 1254 quaerimus
2620 1181 2918 1249 lautiores,
2966 1188 3022 1237 et
3067 1181 3248 1249 cibos,
3299 1186 3356 1237 et
3388 1182 3607 1238 habilia
3638 1183 3792 1256 (70):
3825 1183 3926 1241 ille

2267 1288 2402 1327 vero
2429 1271 2529 1344 qui
2561 1271 2620 1326 in
2669 1287 2862 1327 eremo
2910 1272 3270 1339 morabatur,
3320 1272 3511 1327 videte
3560 1271 3720 1344 quali
3749 1274 3924 1330 vesti-

2272 1366 2466 1417 mento
2498 1360 2741 1416 indutus
2772 1360 2965 1415 fuerit.
2998 1360 3077 1435 De
3133 1359 3268 1431 pilis
3299 1363 3655 1417 camelorum
3688 1361 3798 1418 sibi
3828 1367 3923 1419 tu-

2269 1449 2459 1505 nicam
2494 1450 2731 1515 fecerat,
2762 1454 2818 1505 et
2847 1466 2993 1505 zona
3048 1448 3285 1521 pellicea
3314 1449 3677 1523 cingebatur.
3710 1450 3926 1509 Omnia

2268 1555 2404 1611 ergo
2437 1540 2494 1593 in
2530 1538 2628 1593 illo
2661 1543 2955 1607 noverant,
2989 1543 3046 1593 et
3095 1543 3331 1611 propter
3372 1539 3919 1597 dissimilitudinem

2268 1627 2397 1682 vita
2429 1627 2683 1683 universi
2718 1628 2816 1699 qui
2858 1628 3149 1693 videbant,
3202 1628 3647 1684 admirabantur
3676 1644 3833 1700 eum,
3868 1633 3929 1687 et

2270 1716 2549 1771 mirantes
2571 1716 3004 1772 studiosissime
3026 1716 3310 1784 colebant,
3346 1735 3522 1790 super
3542 1719 3738 1774 omnia
3761 1719 3921 1791 quod

2269 1806 2613 1877 poenitentes
2644 1806 2701 1860 in
2734 1805 3137 1862 remissionem
3164 1811 3530 1878 peccatorum
3564 1808 3921 1879 baptizabat.

2269 1896 2422 1959 Quas
2454 1897 2526 1950 ob
2556 1912 2761 1951 causas
2787 1895 3110 1967 diligebant
3140 1896 3377 1967 quidem
3412 1898 3918 1968 eumjustissime,

512 1987 1017 2056 transcenderit,et
1048 1986 1147 2057 qui
1179 1984 1451 2057 diligil,et
1482 1986 1581 2057 qui
1621 1984 1906 2056 diligitur,
1941 1985 1996 2039 in
2032 2002 2158 2057 pec-
2186 1978 2233 2043 B
2266 1984 2365 2038 sed
2399 2001 2511 2038 non
2548 1984 2859 2039 servabant
2887 1984 2944 2038 ir:
2971 1983 3253 2039 charitate
3277 1985 3554 2041 modum:
3583 1986 3923 2058 cogitabant

509 2083 637 2133 cato
667 2080 855 2132 erunt.
881 2076 1039 2141 Quod
1065 2079 1129 2129 ut
1150 2075 1519 2129 manifestius
1543 2075 1641 2128 fiat
1664 2091 1952 2145 ponamus
1975 2091 2159 2129 exem-

508 2165 564 2239 pl
577 2184 695 2221 um.
709 2166 992 2221 Joannem
1012 2163 1262 2236 populus
1277 2162 1683 2232 mirabatur,et
1698 2162 2055 2232 diligebateu
2068 2178 2153 2217 m:

507 2262 565 2310 et
595 2271 791 2310 revera
820 2257 943 2308 erat
967 2251 1180 2325 dignus
1203 2251 1504 2317 miraculo,
1530 2255 1593 2304 ut
1621 2250 1752 2321 plus
1775 2250 1823 2305 ei
1850 2266 2024 2322 quam
2050 2266 2153 2305 cai-

505 2346 647 2400 teris
669 2342 1008 2398 hominibus
1038 2330 1378 2407 deferretur,
1404 2339 1539 2411 quia
1571 2338 1738 2393 aliter
1755 2356 1929 2410 quam
1962 2339 2154 2394 cuncti

507 2431 784 2489 mortales
814 2432 1048 2487 vixerat.
1081 2430 1205 2485 Non
1238 2446 1441 2485 omnes
1490 2445 1698 2484 sumus
1730 2427 1982 2499 simplici
2013 2444 2117 2483 con
2142 2460 2154 2470 -

505 2520 645 2576 tcnti
670 2520 820 2585 cibo,
842 2518 942 2575 sed
966 2518 1241 2573 varietate
1266 2517 1623 2572 decletamur
1645 2534 1941 2572 escarum:
1968 2534 2151 2572 unum

505 2609 674 2666 nobis
695 2610 764 2664 ad
792 2607 1111 2681 potandum
1134 2607 1330 2661 vinum
1364 2606 1600 2674 sufficit,
1624 2606 1762 2660 varii
1789 2610 1998 2678 gustus
2022 2606 2154 2662 vina

504 2716 853 2756 mercamur.
903 2697 1159 2753 Joannes
1181 2713 1310 2751 vero
1347 2712 1580 2767 semper
1622 2694 1887 2760 locustis,
1922 2712 2152 2766 semper

502 2790 842 2845 vescebatur
867 2786 1036 2842 melle
1088 2784 1358 2850 silvestri,
1409 2791 1465 2839 et
1513 2789 1821 2840 contentus
1851 2790 1974 2840 erat
2004 2785 2150 2840 sim-

502 2877 638 2950 plici
668 2881 725 2933 et
745 2877 903 2932 tenui
929 2876 1077 2942 cibo,
1110 2892 1178 2929 ne
1200 2891 1410 2945 corpus
1434 2873 1594 2929 illius
1617 2873 2001 2929 crassioribus
2025 2874 2150 2946 pul-

503 2965 716 3022 mentis
738 2965 1161 3037 pinguesceret,
1186 2965 1335 3021 325
1356 2965 1480 3019 -26
1501 2970 1556 3017 et
1574 2964 1878 3034 exquisitis
1899 2964 2148 3034 dapibus

502 3060 867 3129 gravaretur;
884 3052 1220 3123 hujusmodi
1243 3052 1457 3124 quippe
1476 3056 1611 3106 natu
1623 3069 1683 3105 ra
1696 3069 1935 3122 corpora
1950 3057 2148 3108 nostra

502 3148 661 3211 sunt,
696 3146 760 3199 ut
789 3142 937 3198 escis
969 3141 1281 3214 superﬂuis
1315 3145 1739 3212 aggraventur:
1772 3147 1823 3195 et
1858 3157 1989 3195 cum
2020 3158 2145 3197 cor-

501 3231 1210 3307 pusfueritaggravatum,
1235 3228 1432 3285 anima
1458 3244 1691 3300 quoque
1713 3233 2003 3294 oneretur,
2020 3247 2144 3299 qua:

2266 2072 2420 2127 enim
2454 2090 2527 2128 ne
2560 2074 2704 2127 forte
2737 2072 2859 2143 ipse
2890 2078 3045 2128 esset
3075 2073 3365 2129 Christus.
3401 2074 3583 2136 Quam
3619 2074 3919 2132 inordina-

2264 2166 2383 2216 tam
2416 2167 2473 2217 et
2502 2161 2957 2217 irrationabilem
3000 2162 3340 2218 charitatem
3375 2180 3585 2221 cavens
3617 2165 3919 2238 apostolus

2267 2251 2480 2307 Paulus
2512 2253 2579 2307 de
2612 2251 2924 2322 semetipso
2954 2250 3303 2323 loquebatur
3329 2252 3383 2308 3:
3430 2254 3607 2309 Timeo
3640 2257 3822 2311 autem
3849 2271 3922 2313 ne

2264 2342 2386 2411 quis
2415 2340 2479 2396 de
2506 2357 2592 2395 me
2623 2342 2813 2411 cogitet
2833 2357 2990 2411 super
3016 2341 3071 2395 id
3097 2342 3236 2412 quod
3265 2342 3413 2397 videt
3458 2342 3519 2397 in
3556 2359 3660 2407 me,
3691 2351 3786 2399 aut
3814 2360 3918 2399 au-

2262 2431 2341 2484 dit
2366 2447 2433 2484 ex
2461 2446 2564 2494 me,
2599 2439 2652 2485 et
2682 2446 2749 2485 ne
2780 2430 3096 2501 magnitudo
3129 2431 3521 2487 revelatio’ium
3550 2431 3779 2487 extollat
3806 2449 3914 2506 me,

2261 2524 2369 2574 etc.
2407 2519 2566 2582 Quod
2602 2525 2868 2575 metuens
2900 2536 2972 2574 ne
3004 2520 3179 2575 etiam
3213 2521 3336 2592 ipse
3366 2520 3647 2587 incurrat,
3678 2520 3917 2579 nolebat

2261 2609 2458 2664 omnia
2490 2609 2558 2664 de
2591 2624 2651 2664 se
2696 2609 2964 2679 judicare
2995 2625 3120 2681 qua)
3171 2614 3360 2680 norat,
3413 2627 3483 2666 ne
3514 2610 3647 2683 quis
3678 2627 3743 2667 eo
3777 2610 3911 2684 plus

2261 2697 2573 2753 arbitretur
2601 2715 2727 2753 esse
2759 2714 2935 2769 quam
2967 2703 3244 2766 cerneret,
3277 2704 3333 2754 et
3367 2716 3701 2755 mensuram
3735 2700 3885 2757 bono

2259 2786 2339 2842 ris
2360 2787 2663 2849 excedens.
2688 2787 2903 2842 diceret
2925 2787 3074 2859 quod
3101 2787 3320 2843 dictum
3347 2789 3536 2845 fuerat
3559 2790 3630 2845 de
3658 2789 3903 2858 Joanne,

2258 2876 2551 2949 quiaipse
2598 2881 2750 2931 esset
2797 2876 3084 2932 Christus.
3138 2878 3296 2943 Quod
3349 2878 3587 2949 quidem
3638 2878 3907 2935 nonnulli

2256 2966 2432 3021 etiam
2465 2966 2534 3021 de
2567 2966 2838 3021 Dositheo
2886 2968 2996 3038 (7t)
3051 2967 3470 3022 Samaritarum
3518 2968 3905 3025 hmresiarcha

2254 3054 2542 3120 dixerunt,
2576 3054 2671 3109 alii
2731 3072 2860 3110 vero
2919 3056 2990 3110 de
3048 3056 3201 3111 Juda
3256 3055 3508 3112 Galilaeo.
3554 3057 3811 3130 Denique
3842 3058 3903 3115 in

2254 3148 2473 3198 tanlam
2552 3143 2788 3215 quidam
2868 3143 3194 3200 dilectionis
3250 3146 3552 3202 audaciam
3623 3164 3901 3220 prorupe-

2254 3237 2409 3301 runt,
2441 3236 2506 3287 ut
2536 3249 2684 3288 nova
2742 3233 3007 3304 quaedam
3066 3239 3123 3289 et
3182 3234 3446 3291 inaudita
3504 3252 3680 3309 super
3723 3236 3900 3293 Paulo

500 3339 603 3395 per
632 3325 817 3377 totum
851 3320 1065 3374 diffusa
1093 3335 1305 3391 corpus
1350 3318 1722 3390 passionibus
1756 3316 1919 3373 illius
1944 3320 2141 3389 subja-
2175 3352 2218 3419 Ε
2260 3326 2521 3377 monstra
2562 3322 2981 3392 conﬁngerent.
3044 3322 3157 3377 Alii
3187 3322 3341 3378 enim
3405 3324 3568 3379 aiunt
3611 3324 3717 3380 hoc
3747 3325 3903 3397 quod

499 3417 607 3468 cet.
641 3410 1025 3475 Quamobrem
1062 3416 1214 3463 recte
1245 3408 1577 3480 praecipitur
1598 3407 1679 3462 eis
1705 3407 1803 3478 qui
1837 3408 2145 3463 observare

497 3506 784 3574 possunt:
820 3500 1029 3554 Bonum
1048 3506 1127 3552 est
1168 3514 1274 3553 non
1324 3496 1655 3551 manducare
1700 3513 1943 3560 carnem,
1976 3514 2149 3569 neque

499 3591 679 3646 bibere
707 3591 915 3651 vinum,
940 3604 1113 3658 neque
1134 3588 1189 3641 in
1213 3602 1316 3656 quo
1337 3588 1517 3656 frater
1538 3595 1660 3640 tuus
1680 3585 2090 3642 scandalizatur
2104 3588 2143 3641 ⁸.

500 3679 635 3734 Erat
664 3677 842 3749 igitur
872 3676 1127 3731 Joannes
1178 3676 1305 3728 vitae
1356 3673 1639 3729 mirabilis
1687 3679 1743 3728 et
1794 3674 2038 3730 multum
2074 3675 2145 3731 ab

500 3767 746 3823 aliorum
781 3763 1088 3819 hominum
1120 3763 1554 3818 conversatione
1583 3762 1868 3816 diversus.
1894 3762 2018 3818 Non
2049 3763 2148 3819 ha-

568 3863 590 3898 ²
621 3864 781 3920 Rom.
813 3878 927 3933 xiv,
958 3862 1048 3916 21.
1081 3859 1174 3915 ³11
1205 3862 1333 3916 Cor.
1366 3876 1467 3925 xii,
1496 3861 1551 3929 6,
1581 3861 1636 3914 7.
1668 3860 1691 3893 ‘
1717 3862 1883 3916 Joan.
1917 3877 2008 3933 xv,
2039 3862 2128 3917 26.

500 3960 713 4018 tuerit:
746 3960 827 4016 ita
859 3975 1084 4030 nempe,
1139 3963 1203 4013 ut
1258 3975 1370 4013 non
1422 3956 1601 4012 alium
1636 3957 1852 4029 ignem,
1888 3975 2000 4013 non
2035 3958 2148 4014 alia

498 4029 1095 4105 suppliciamaneant
1136 4030 1373 4105 quaevis
1392 4029 1653 4085 admissa
1699 4029 2146 4105 scelera,r_quam

499 4101 815 4177 purgatorii
846 4120 857 4158 :
895 4119 1003 4177 neq
1016 4101 1255 4177 ue‘adeo
1279 4101 1408 4157 aliis
1432 4118 1606 4177 quam
1632 4102 2009 4177 temporariis
2036 4110 2148 4177 tor-

498 4173 711 4232 mentis
743 4174 962 4248 putarit
990 4173 1237 4248 ianimas
1286 4174 1565 4248 torqueri.
1618 4173 1776 4248 Quod
1822 4191 1956 4248 vero
1987 4176 2143 4248 nefa-

496 4250 643 4304 riam
674 4244 799 4303 eain
824 4246 1144 4302 doctrinam
1170 4245 1264 4301 hic
1285 4261 1517 4316 quoque
1539 4244 1643 4317 loci
1672 4246 1955 4315 propinet,
1978 4247 2145 4317 equi-

495 4321 628 4376 dem
661 4321 955 4375 aftirniare
979 4335 1092 4373 non
1115 4315 1329 4381 ausim,
1354 4332 1488 4371 nam
1513 4315 1619 4370 etsi
1646 4315 2046 4387 quemcunque,
2065 4318 2146 4370 df-

495 4398 607 4457 cat,
642 4401 758 4461 post
786 4394 996 4446 exitum
1028 4389 1350 4461 vitaerhiijus
1381 4388 1482 4461 hoc
1520 4403 1684 4461 amne
1714 4387 2099 4461 baptizgmdum
2123 4408 2142 4444 :

497 4458 859 4540 ncque_ai_leo
892 4478 1077 4540 unum
1109 4459 1360 4540 aliquem
1397 4458 1610 4539 exipiat
1646 4458 1727 4540 (ut
1766 4458 1936 4540 paulo
1970 4476 2141 4540 supc-

496 4529 620 4588 rius
650 4533 721 4588 ad
758 4532 958 4587 bomil.
994 4532 1080 4595 14,
1114 4531 1211 4602 ubi
1246 4531 1316 4584 de
1344 4529 1454 4602 hoc
1493 4529 1620 4599 ipso
1650 4529 1819 4601 igneo
1854 4529 2143 4602 baptismo

495 4606 776 4676 disputat,
809 4601 1377 4676 animadvertimus),
1402 4605 1457 4655 et
1480 4618 1550 4655 ne
1580 4601 1983 4676 sanctissimos
2008 4603 2140 4673 qui-

493 4671 626 4754 dem
650 4675 824 4741 viros,
849 4674 1071 4754 quiaut
1095 4671 1277 4735 nulla,
1303 4678 1401 4754 aut
1423 4678 1574 4754 certe
1597 4674 1952 4754 temporaria
1974 4671 2144 4754 pecua

494 4743 1144 4802 lustranturfattamen
1207 4745 1359 4815 quod
1423 4743 1515 4798 hic
1572 4743 1739 4815 quasi
1791 4743 2141 4801 sententiam

491 4825 846 4890 temperans,
883 4817 1102 4890 subdit,
1151 4818 1201 4870 et
1231 4818 1820 4890 purgatione‘indiget,
1856 4819 2141 4890 suspicio-

496 4887 643 4961 nem—7
660 4888 810 4943 tollit
840 4887 1072 4961 erroris,
1100 4903 1287 4961 seque
1332 4887 1523 4961 innuit
1561 4888 1632 4961 de
1666 4888 1738 4942 iis
1770 4887 1978 4953 dicere,
2012 4889 2143 4961 qui-

488 4963 604 5041 bus
634 4960 875 5041 leviores
906 4959 1164 5041 eluendae
1197 4959 1547 5041 sintculpai.
1582 4960 1651 5041 Et
1679 4976 1811 5015 vero
1842 4959 2045 5041 nescio
2069 4978 2143 5041 an

491 5034 645 5090 alius
673 5032 733 5087 in
766 5031 1133 5105 Origenianis
1163 5030 1580 5105 scriptionibius
1612 5030 1773 5105 locus
1805 5038 2007 5105 exstet,
2041 5033 2141 5105 qui

490 5112 608 5161 tam
643 5102 951 5160 commoda
984 5103 1455 5173 interpretatione
1486 5102 1687 5157 donari
1724 5103 1925 5173 possit.

560 5178 672 5247 (70)
707 5178 972 5231 Fortasse
1007 5174 1315 5244 legendum
1348 5174 1631 5247 videatur,
1665 5173 1874 5229 altilia.

560 5245 671 5320 (71)
697 5248 817 5303 Huc
844 5247 1182 5320 referendus
1200 5247 1437 5300 omnino
1457 5245 1707 5320 insignis
1731 5246 1993 5320 ejusdem
2019 5246 2141 5320 Ori-

487 5317 662 5392 gcnis'
715 5321 875 5375 locus
934 5318 1129 5392 libriii
1206 5320 1395 5392 contra
1454 5317 1688 5381 Celsum,
1734 5320 1833 5392 _57,
1894 5318 1993 5389 qui
2053 5319 2140 5373 sic

488 5388 546 5446 in
582 5392 777 5447 Latino
811 5395 1019 5446 sonat:
1057 5388 1254 5442 Census
1274 5390 1533 5459 tempore.
1564 5388 1778 5459 quando
1807 5388 2015 5444 constat.
2046 5407 2140 5444 na-

484 5467 602 5516 tum
630 5480 740 5518 esse
769 5466 970 5527 Iesum,
1002 5461 1169 5517 ludas
1199 5460 1423 5530 quidam
1456 5458 1711 5514 Galitteus
1739 5478 1773 5515 ει
1818 5461 2013 5531 populo
2040 5462 2073 5516 Ι
2091 5482 2139 5514 ι-

486 5533 643 5588 daico
672 5535 945 5603 deficiens,
981 5532 1180 5587 multos
1226 5546 1407 5585 secum
1468 5536 1661 5593 traxit,
1697 5535 1811 5585 tum
1842 5534 2136 5604 sapientia,

524 5621 649 5659 unm
677 5608 995 5671 simulabat,
1034 5609 1152 5659 tum
1191 5605 1365 5670 novis,
1412 5618 1545 5673 quas
1572 5604 1924 5665 moliebatur.
1956 5605 2137 5659 rebus.

524 5621 649 5659 unm
677 5620 995 5671 simulabat,
1034 5620 1152 5659 tum
1191 5620 1365 5670 novis,
1412 5620 1545 5673 quas
1572 5620 1924 5665 mouebatur.
1956 5620 2137 5659 rebus.

482 5620 592 5732 get!
644 5685 930 5746 postquam
990 5680 1102 5748 ipse
1160 5675 1378 5731 sceleris
1435 5690 1617 5748 pinnas
1672 5674 1841 5748 dedit,
1901 5679 2140 5732 extincta

481 5748 678 5821 statim
705 5752 783 5804 est
837 5748 952 5821 ejus
999 5746 1272 5821 doctrina,
1331 5747 1604 5821 nec‘nisi
1654 5746 1800 5819 apud
1836 5764 2140 5821 perpaucos

481 5818 697 5883 nullius
726 5819 968 5882 nominis
996 5820 1254 5882 obtinuit.
1290 5822 1418 5878 Post
1442 5817 1568 5880 Iesu
1617 5817 1859 5897 teinpord
1888 5817 2063 5878 voluit
2089 5828 2140 5881 et

2261 3410 2542 3482 scriptum
2577 3416 2685 3475 est,
2736 3412 2935 3467 sedere
2986 3428 3019 3466 a
3068 3412 3283 3468 dextris
3331 3411 3641 3469 Salvatoris
3673 3419 3731 3469 et
3760 3413 3906 3470 sini-

2257 3500 2418 3562 stris,
2452 3501 2521 3555 de
2552 3499 2728 3555 Paulo
2759 3506 2816 3555 et
2862 3501 2933 3555 de
2982 3501 3272 3558 Marcione
3323 3502 3457 3566 dici,
3504 3503 3660 3574 quod
3692 3502 3905 3561 Paulus

2257 3589 2412 3643 sedet
2448 3606 2480 3643 a
2538 3590 2776 3655 dextris,
2829 3589 3040 3644 Marcio
3099 3592 3296 3645 sedeat
3328 3608 3359 3646 a
3418 3592 3695 3649 sinistris.
3731 3593 3904 3649 Porro

2257 3676 2350 3741 alii
2383 3677 2641 3749 legentes
2672 3678 2730 3732 δε
2792 3680 2995 3734 Mittam
3054 3682 3210 3735 vobis
3265 3680 3586 3736 advocatum
3638 3683 3906 3755 Spiritum

2256 3768 2520 3832 veritatis,
2556 3767 2763 3822 nolunt
2812 3768 3135 3841 intelligere
3192 3770 3422 3825 tertiam
3457 3770 3565 3843 (72)
3595 3788 3902 3844 personam

2256 3962 2540 4039 Qqsitheus
2564 3965 2788 4039 quidam
2843 3964 3129 4021 Samarita
3178 3968 3293 4021 suis
3345 3967 3673 4039 persuadere
3708 3982 3767 4023 se
3792 3982 3907 4024 esse

2259 4033 2545 4089 Christum
2560 4033 2756 4111 illum,
2785 4053 2963 4111 quem
3006 4039 3206 4111 Moyses
3249 4033 3905 4111 prédixerattoisusque

2254 4115 2331 4159 est
2359 4107 2658 4161 nonnullos
2686 4108 2794 4162 sibi
2841 4125 2942 4163 sua
2988 4107 3263 4164 doctrina
3283 4112 3592 4166 conciliare.
3628 4107 3903 4165 Varia—de

2256 4177 2527 4233 Dositheo
2559 4178 2653 4252 alii
2686 4179 2947 4248 tradunt,
2997 4197 3170 4252 quem
3225 4198 3327 4237 nec
3357 4182 3467 4252 ipsi
3500 4181 3727 4237 Judaici
3757 4180 3904 4237 seri-

2296 4255 2449 4323 tores
2481 4249 2623 4305 satis
2674 4256 2910 4306 norunt.
2964 4249 3089 4323 Ipse
3148 4253 3325 4308 etiam
3378 4249 3644 4309 aberrare
3675 4252 3906 4309 videtur

2309 4322 2648 4400 ieronymus
2698 4339 2829 4377 cum
2866 4322 3118 4400 ‘Dia’togo
3184 4324 3441 4380 adversus
3482 4325 3899 4400 _Luciferia_nos.

2256 4408 2312 4445 n.
2470 4392 2808 4480 Dqsitbeum
2862 4392 3379 4480 S‘amaritanorum.
3411 4392 3733 4480 principem
3765 4395 3901 4480 facit

2255 4463 2698 4589 qui(prophetas
2732 4467 3072 4537 repudiarit,
3104 4472 3160 4522 et
3190 4484 3255 4521 ex
3290 4463 3459 4538 cujus
3490 4463 3682 4524 radice
3706 4471 3900 4523 ortum

2255 4535 2360 4588 Sad
2416 4536 2548 4589 uczei
2584 4538 2861 4589 traxerint
2887 4556 2899 4589 ε
2924 4555 3059 4589 nam
3084 4544 3141 4589 et
3163 4539 3351 4589 multo
3379 4546 3549 4589 antea
3571 4538 3900 4589 Scripturas

2252 4535 2548 4611 §adduczei
2584 4535 2861 4611 traxerint
2887 4556 2899 4603 ;
2924 4555 3059 4593 nam
3084 4544 3141 4593 et
3163 4535 3549 4595 multo'antea
3571 4538 3903 4611 Scripturas

2252 4607 2551 4683 Samaritae
2582 4610 3049 4683 repudiaverant,
3072 4617 3128 4665 et
3157 4611 3460 4666 'I‘sadocho
3490 4607 3750 4683 principe
3769 4610 3907 4665 Sad-

2253 4678 2585 4755 d_u_ceeorum
2622 4678 2905 4755 recentior
2926 4683 3234 4737 Dositlieus
3269 4684 3394 4738 fuit.
3427 4678 3537 4738 Alii
3572 4678 3767 4755 plures
3798 4687 3907 4738 De-

2253 4750 2470 4806 sitheos
2501 4753 3047 4819 comminiscuntur,
3083 4761 3141 4808 ut
3174 4755 3403 4810 diversa
3439 4750 3702 4810 veterum
3733 4755 3804 4809 de
3834 4770 3902 4811 eo

2251 4823 2589 4898 testimonia
2637 4825 2965 4898 concilient.
3018 4826 3243 4890 Quibus
3287 4827 3561 4882 omnibus
3593 4826 3899 4898 Origeuem

2252 4895 2511 5020 praefero,
2546 4911 2798 4966 quocum
2833 4897 3051 4952 faciunt
3070 4903 3127 4953 et
3159 4898 3516 4979 Hegesippus
3539 4895 3901 4981 apud—Euse-

2295 4982 2414 5019 ium
2448 4965 2549 5020 lib.
2585 4983 2658 5020 Iv.
2693 4984 2818 5020 can.
2849 4969 2957 5020 2'3:
3000 4969 3387 5020 Theodoritus
3419 4972 3614 5020 Hmret.
3649 4970 3760 5020 fab.
3795 4969 3898 5020 lib.

2295 4965 2414 5019 ium
2448 4965 2658 5040 libfiv,
2693 4984 2818 5039 cap.
2849 4969 2958 5035 2‘3;
3000 4965 3387 5025 Theodoritus
3409 4965 3614 5026 'eret.
3645 4970 3760 5040 fab.
3795 4969 3898 5025 lib.

2254 5052 2452 5161 i,|.cap.
2493 5039 2513 5091 1
2544 5055 2557 5107 ;
2592 5038 2995 5110 Reeoghitiones
3034 5042 3315 5098 Clementi
3352 5038 3665 5106 attributae,
3697 5038 3799 5096 lib.
3832 5057 3899 5098 II.

2254 5125 2285 5161 a
2314 5125 2488 5161 noue.

2253 5125 2488 5177 aliique.

2322 5181 2433 5251 (72)
2464 5181 2519 5234 Si
2554 5181 2647 5236 cui
2674 5198 2923 5253 personae
2972 5184 3317 5240 vocabulum
3365 5184 3423 5240 in
3458 5184 3670 5240 divinis
3700 5199 3900 5240 recen-

2250 5250 2368 5306 tius
2398 5250 2808 5325 Origeniseevo
2839 5256 3122 5328 videatur,
3156 5262 3382 5328 reputet
3416 5274 3480 5312 eo
3515 5274 3689 5313 usum
3722 5256 3780 5312 S.
3815 5257 3899 5328 in-

2249 5327 2580 5400 terpretem,
2643 5342 2745 5397 pro
2804 5342 2918 5396 quo
2978 5325 3262 5400 ὁπᾷστασὶν
3318 5336 3519 5384 auctor
3557 5327 3897 5400 scripserit.

2249 5394 2532 5450 Ceterum
2566 5401 2623 5450 et
2648 5394 2836 5451 'tomo
2867 5398 3121 5452 secundo
3171 5401 3227 5452 in
3258 5401 3521 5455 Joannem
3552 5394 3899 5456 luculentis-

2249 5465 2397 5546 sime
2454 5468 2876 5546 Adamantius:
2904 5468 3381 5546 'HlfitciltéYTOtYE
3402 5476 3546 5546 τρεῖς
3585 5467 3897 5546 bitias—riam;

2247 5536 2559 5607 πειθόμενοι
2587 5539 2938 5616 ,τυγχᾴνξινὶ
2963 5536 3052 5616 ’ὲὸςα
3096 5536 3306 5613 Πατέρα
3334 5536 3464 5615 ’(χάὶ
3494 5544 3584 5596 τὸν
3609 5542 3775 5616 ’Υξῷνε-
3798 5541 3901 5613 qui

2250 5626 2551 5688 perperam
2568 5609 2860 5688 _in_;eilitis
2904 5611 3068 5688 libris
3111 5609 3499 5688 desideratur)
3533 5612 3622 5667 καί
3652 5609 3714 5667 ’ἑὸ
3742 5609 3896 5688 ᾅγῐον

2250 5683 2505 5749 Πνεῦμαε
2568 5680 2770 5735 Latine
2825 5699 2893 5736 ex
2950 5683 3169 5740 Ferrari
3218 5680 3503 5753 versione,
3554 5689 3664 5742 Nos
3690 5680 3895 5754 autem,

2247 5753 2344 5825 qui
2371 5760 2478 5807 tres
2504 5767 2818 5832 personas,__
2836 5758 3057 5812 Patrem
3104 5765 3155 5815 et
3200 5759 3409 5816 Filium
3433 5768 3596 5832 atque
3626 5753 3898 5832 Spiritum

2245 5824 2501 5883 sanctum
2530 5839 2643 5887 esse
2669 5824 2960 5887 credimus.
