4304 6592
346 460 487 553 am

770 489 1268 553 TRANSLATIO
1313 486 1820 552 HOMILIARUM
1866 483 2237 550 ORIGENIS
2281 486 2360 549 IN
2406 487 2700 551 LUCAM.
2736 524 2813 536 -—
2850 491 3124 556 HOMIL.
3170 493 3386 559 XXVI.

3673 478 3796 563 ess

369 641 405 679 a
434 628 607 681 Patre
639 630 696 680 et
730 624 870 681 Filio
901 627 958 680 et
983 623 1238 680 divinam
1272 622 1705 693 sublimemque
1754 624 2025 676 naturam
2055 623 2111 688 Α
2138 636 2237 676 nos
2265 637 2534 694 separare
2562 638 2597 676 (ι
2623 598 2895 681 charitale
2915 627 3033 696 Dei,
3058 642 3180 700 quae
3221 631 3297 685 est
3325 630 3387 684 in
3417 630 3627 688 Christo
3668 633 3796 691 Iesu

367 714 470 770 sed
504 714 832 787 apostolum
866 712 1353 769 Paulum.Nonne
1384 710 1492 767 tibi
1515 725 1720 766 omnes
1753 709 2028 764 videntur
2139 710 2366 767 Domino
2403 712 2682 767 Saluatore
2708 714 3017 785 nostro,cui
3048 722 3137 774 est
3164 715 3355 789 gloria
3382 723 3441 774 et
3467 719 3785 792 imperium

366 803 501 876 plus
530 820 762 859 amasse
792 803 969 875 qu'am
1000 802 1233 874 expedit
1261 806 1317 856 et
1346 801 1490 856 dum
1538 801 1815 855 virtutem
1847 797 2026 854 unius
2136 797 2197 853 in
2227 798 2443 855 saecula
2474 799 2845 856 saeculorum.
2877 807 3087 860 Amen.

359 894 653 965 cujusque
686 893 995 959 mirantur,
1029 890 1362 946 dilectionis
1412 887 1739 962 perdidisse
1788 903 2025 943 mensu-

363 1000 490 1038 ram
518 982 546 1037 ?
574 983 735 1047 Quod
772 980 1009 1053 quidem
1039 980 1095 1035 in
1113 980 1371 1036 Ecclesia
1394 978 1690 1051 patimur:
1718 978 1831 1049 (73)
1854 975 2024 1049 pleri-

357 1088 477 1143 que
507 1071 666 1127 enim
696 1071 838 1125 dum
871 1068 1005 1142 plus
1037 1068 1293 1141 diligunt
1321 1085 1502 1140 quam
1549 1083 1866 1137 meremur,
1897 1064 2021 1121 hac

357 1163 674 1232 jactant,et
701 1159 1353 1232 loquuntur,sermones
1387 1163 1619 1213 nostros
1661 1155 2016 1212 doctrinam-

358 1266 473 1323 que
501 1249 832 1315 laudantes,
859 1264 986 1320 que:
1018 1246 1381 1303 conscientia
1412 1250 1614 1301 nostra
1637 1261 1753 1300 non
1789 1244 2015 1317 recipit,

362 1338 472 1394 Alii
504 1356 638 1396 vero
668 1342 954 1394 tractatus
978 1340 1210 1392 nostros
1241 1334 1771 1406 calumniantes,ea
1799 1333 2016 1390 sentire

359 1444 467 1484 nos
497 1428 908 1493 criminantur,
932 1443 1058 1498 quae
1089 1439 1414 1497 numquam
1437 1424 1695 1479 sensisse
1720 1439 1827 1480 nos
1848 1422 2016 1478 novi-

359 1532 513 1572 mus.
536 1516 643 1572 Sed
680 1531 870 1588 neque
900 1514 961 1570 hi
992 1514 1091 1587 qui
1126 1512 1259 1587 plus
1311 1511 1785 1585 diligunt,neque
1813 1509 2013 1583 illiqui

356 1607 628 1674 oderunt,
661 1605 924 1663 veritatis
958 1603 1216 1675 regulam
1254 1606 1457 1660 tenent
1485 1618 1498 1657 :
1530 1605 1586 1657 et
1620 1599 1717 1657 alii
1748 1616 1852 1673 per
1867 1599 2010 1656 dile-

354 1696 628 1763 ctionem,
662 1693 760 1750 alii
793 1710 895 1766 per
923 1695 1122 1749 odium
1157 1691 1544 1747 mentiuntur.
1606 1689 1765 1745 Unde
1786 1694 2012 1762 oportet

353 1783 627 1841 charitati
660 1783 823 1839 frena
852 1784 1237 1855 imponere.et
1268 1785 1497 1836 tantum
1530 1779 1581 1835 ei
1604 1779 1855 1852 vagandi
1878 1795 2009 1852 per-

351 1874 581 1929 mittere
610 1872 964 1940 libertatem,
1000 1876 1289 1944 quantum
1320 1870 1382 1925 in
1415 1873 1712 1942 praerupta
1741 1885 1858 1925 non
1880 1885 2007 1924 cor-

2696 916 3002 974 HOMILIA
3031 918 3223 978 XXVI.

2131 1004 2206 1059 De
2234 1019 2294 1060 eo
2342 1004 2482 1077 quod
2521 1005 2785 1081 scriptum
2834 1017 2961 1063 est:
3018 1030 3046 1059 ‹‹
3094 1008 3260 1081 Cujus
3305 1014 3674 1070 ventilabrum
3722 1017 3784 1073 in

2200 1092 2396 1144 manu,
2429 1079 2801 1156 e_t_mu_ndabi£
2847 1096 3037 1135 aream
3081 1079 3259 1156 suam,
3297 1106 3325 1133 »
3355 1100 3527 1156 usque
3562 1086 3632 1142 ad
3656 1103 3784 1143 eum

2201 1156 2384 1203 tocum
2410 1150 2514 1225 ubi
2539 1151 2618 1204 ait
2648 1166 2667 1203 :
2702 1170 2729 1201 ι
2759 1150 2824 1206 Et
2865 1153 3220 1225 congregabit
3268 1150 3517 1213 triticum
3565 1160 3627 1214 in
3656 1160 3780 1216 hor—

2198 1235 2377 1275 reum.
2412 1242 2441 1269 ››
2475 1219 2613 1292 Cap.
2649 1237 2732 1276 ιιι.

2196 1334 2465 1391 Christus
2494 1340 2583 1391 est
2612 1339 2765 1391 Deus
2791 1353 2804 1392 :
2836 1341 2895 1393 ct
2922 1337 3024 1409 qui
3056 1339 3262 1396 adorat
3281 1356 3440 1408 eum,
3472 1342 3531 1399 in
3561 1344 3775 1418 spiritu

2124 1425 2182 1477 et
2211 1422 2450 1479 veritate
2478 1429 2707 1495 oportet
2736 1424 2981 1481 adorare
3011 1426 3052 1481 ³.
3092 1428 3240 1483 Deus
3285 1445 3518 1503 quoque
3549 1437 3773 1501 noster,

2122 1510 2277 1584 ignis
2308 1528 2664 1568 consumens
2696 1517 2785 1569 est
2813 1514 2855 1571 '.
2890 1514 3211 1587 Dupliciter
3258 1518 3590 1591 appellatur
3616 1522 3773 1580 Deus

2121 1600 2454 1673 spiritus,et
2483 1600 2707 1673 ignis,J
2719 1602 2868 1659 ustis
2900 1605 3328 1679 spiritus,ignis
3358 1610 3771 1681 peccatoribus

2121 1689 2231 1745 Sed
2263 1690 2404 1745 dum
2436 1694 2493 1746 et
2522 1691 2711 1763 angeli
2744 1691 3301 1766 spiritus,ignisque
3322 1696 3602 1754 dicuntur
3628 1716 3641 1755 :
3668 1701 3775 1769 Qui

2116 1779 2274 1848 facit,
2307 1778 2520 1851 inquit,
2552 1779 2771 1851 angelos
2799 1795 2925 1836 suos
2949 1782 3178 1853 spiritus
3222 1786 3273 1839 et
3318 1786 3604 1842 ministros
3648 1804 3772 1846 suos

2117 1868 2301 1938 ignem
2329 1872 2585 1925 urentem
2616 1870 2701 1925 ‘0:
2736 1868 2928 1943 angeli
2973 1870 3195 1929 sanctis
3248 1874 3586 1948 quibusque
3632 1883 3774 1936 sunt

366 1969 518 2021 ruat.
554 1962 849 2035 Scriptum
881 1966 970 2017 est
1020 1961 1077 2015 in
1121 1959 1471 2016 Ecclesiaste
1499 1959 1520 1992 ⁸
1553 1974 1567 2014 :
1600 1959 1677 2014 Ne
1730 1959 1808 2015 sis
1822 1958 2005 2029 justus
2031 1999 2079 2065 B
2115 1957 2360 2028 spiritus
2393 1973 2406 2011 :
2441 1957 2535 2013 his
2564 1974 2696 2014 vero
2728 1958 2828 2029 qui
2860 1965 3182 2029 merentur,
3214 1962 3501 2020 addicunt
3546 1964 3770 2039 ignem,

348 2054 581 2108 multum
610 2068 788 2125 neque
815 2051 1091 2123 ampliora
1120 2052 1323 2119 cogites
1359 2065 1429 2103 ne
1465 2050 1610 2119 forte
1639 2047 1999 2119 obstupescas.

343 2142 505 2209 Quod
537 2140 865 2213 exemplum
900 2156 1154 2211 sequens
1204 2154 1448 2211 possum
1502 2136 1696 2193 simile
1745 2137 1885 2208 quid
1918 2137 2003 2192 di-

341 2246 470 2287 cere
504 2248 516 2286 :
552 2231 632 2286 Ne
664 2230 874 2303 diligas
906 2227 1199 2287 327-28
1229 2228 1532 2285 hominem
1556 2244 1625 2283 ex
1654 2231 1779 2283 tota
1801 2228 2002 2284 anima

342 2325 472 2387 tua,
521 2338 591 2376 ex
619 2325 743 2376 tota
801 2320 1014 2375 virtute
1071 2323 1217 2374 tua:
1251 2334 1323 2373 ne
1388 2333 1548 2372 ames
1620 2315 1895 2389 angelum
1929 2318 1999 2372 de

343 2410 617 2476 corde,de
638 2413 761 2465 tota
788 2409 1084 2479 anima,de
1101 2412 1222 2463 tota
1243 2406 1459 2461 virtute
1484 2423 1496 2461 :
1521 2405 1622 2461 sed
1641 2411 1997 2483 praeceptum

335 2499 507 2571 juxta
519 2498 752 2571 eloquia
763 2515 818 2552 m
832 2496 1147 2553 Salvatoris
1161 2495 1267 2551 soli
1282 2512 1446 2552 serva
1468 2495 1809 2566 Deo.Diliges
1823 2498 1993 2564 enim,

343 2587 557 2661 inquit,
580 2589 873 2644 Dominum
904 2588 1075 2643 Deum
1118 2590 1275 2642 tuum
1305 2602 1375 2640 ex
1426 2588 1531 2639 toto
1588 2584 1747 2640 corde
1800 2588 1916 2656 tuo,
1947 2593 1999 2641 et

341 2694 414 2734 ex
445 2681 554 2733 tota
575 2680 774 2733 anima
805 2682 924 2747 tua,
956 2680 1007 2731 ei
1037 2693 1109 2731 ea:
1148 2683 1263 2732 tota
1310 2676 1511 2729 virtute
1536 2677 1635 2729 tua
1663 2674 1706 2728 °.
1739 2673 1997 2746 Respon-

338 2767 476 2823 deat
509 2766 652 2822 mihi
680 2765 916 2838 aliquis,
950 2770 1007 2820 et
1036 2765 1193 2820 dicat
1225 2782 1237 2820 :
1267 2763 1531 2819 Salvator
1561 2761 1827 2835 praecipit
1857 2780 1871 2819 :
1904 2764 1996 2819 Di-

337 2856 475 2926 liges
505 2857 798 2912 Dominum
828 2857 996 2912 Deum
1026 2859 1187 2910 tuum
1237 2869 1308 2909 ex
1364 2857 1470 2909 toto
1517 2853 1685 2910 corde
1721 2861 1811 2910 tuo
1837 2862 1888 2909 et
1915 2870 1985 2909 ex

336 2953 446 3002 tota
475 2947 663 3001 anima
694 2951 792 3000 tua
821 2948 875 3000 et
901 2960 971 3000 ea:
995 2947 1113 2998 tota
1146 2944 1348 2998 virtute
1404 2946 1518 3013 tua,
1568 2946 1619 2997 et
1669 2945 1994 3013 proximum

336 3050 504 3090 suum
533 3042 805 3107 tanquam
837 3036 1086 3106 teipsum.
1135 3030 1282 3088 Volo
1341 3030 1583 3104 diligere
1640 3031 1939 3088 Christum
1973 3048 1988 3088 :

334 3123 480 3180 doce
508 3140 644 3198 ergo
677 3140 770 3179 me
800 3123 1095 3195 quomodo
1126 3138 1260 3177 eum
1302 3119 1634 3193 diligam.Si
1664 3121 1820 3177 enim
1854 3121 1991 3177 dile-

334 3229 474 3270 xero
504 3230 638 3270 eum
669 3229 739 3269 ex
769 3217 888 3268 toto
919 3211 1093 3269 corde
1122 3227 1251 3267 meo
1284 3214 1341 3268 et
1360 3225 1430 3265 ex
1460 3214 1580 3266 tota
1611 3211 1812 3266 anima
1839 3227 1988 3278 mea,

336 3307 398 3359 et
426 3319 495 3358 ex
516 3307 636 3360 tota
659 3302 892 3370 virtute,
926 3306 1131 3358 contra
1161 3304 1514 3373 praeceptum
1546 3300 1715 3367 facio,
1748 3305 1813 3356 ut
1844 3300 1986 3357 alte-

2112 2050 2170 2101 et
2200 2047 2487 2102 fervorem
2519 2047 3000 2104 subministrant.
3031 2049 3211 2106 Juxta
3231 2067 3407 2123 quem
3439 2069 3681 2111 sensum
3711 2062 3771 2114 et

2111 2139 2266 2191 Deus
2293 2141 2494 2191 noster
2522 2141 2699 2207 atque
2729 2135 3156 2208 Salvator,cum
3187 2140 3267 2196 sit
3295 2141 3766 2217 spiritus,ignem

2108 2224 2268 2279 venit
2292 2225 2522 2280 mittere
2554 2241 2733 2296 super
2758 2229 2995 2287 terram.
3030 2227 3307 2300 Spiritus,
3342 2232 3671 2288 secundum
3692 2232 3765 2288 il-

2108 2312 2209 2367 lud
2243 2313 2399 2385 quod
2430 2313 2712 2369 scribitur
2742 2330 2756 2369 :
2792 2315 2924 2370 Cum
2956 2326 3143 2372 autem
3189 2333 3480 2374 conversus
3504 2322 3765 2391 fuerisad

2106 2402 2421 2474 Dominum,
2471 2406 2761 2474 auferetur
2807 2407 3052 2461 velamen
3100 2408 3143 2442 ¹¹
3178 2424 3192 2475 ;
3226 2413 3284 2463 et
3330 2408 3592 2466 Dominus
3643 2413 3760 2483 spi-

2106 2494 2248 2548 ritus
2278 2498 2356 2548 est
2390 2493 2455 2550 ¹².
2486 2492 2689 2565 Ignem
2722 2499 2919 2549 autem
2950 2495 3106 2552 venit
3144 2497 3377 2554 mittere
3432 2515 3549 2555 non
3580 2517 3763 2573 super

2106 2581 2339 2654 ccelum,
2373 2583 2475 2638 sed
2507 2600 2686 2655 super
2714 2588 2953 2656 terram,
2981 2590 3047 2640 ut
3075 2585 3201 2658 ipse
3257 2587 3628 2646 demonstrat
3670 2590 3760 2645 di-

2105 2686 2243 2727 cens
2277 2672 2320 2707 ¹³
2352 2688 2365 2727 :
2399 2673 2584 2743 Ignem
2634 2673 2760 2727 veni
2804 2675 3027 2729 mittere
3072 2690 3237 2745 super
3280 2680 3493 2732 terram
3538 2686 3589 2734 et
3625 2678 3760 2750 quid

2103 2760 2222 2816 volo
2248 2762 2364 2816 nisi
2390 2770 2453 2816 ut
2484 2763 2607 2833 jam
2634 2761 2831 2817 ardeat
2856 2765 2881 2815 .9
2909 2761 2967 2816 Si
2997 2762 3155 2818 enim
3208 2779 3526 2822 conversus
3574 2767 3758 2825 fueris

2104 2850 2175 2906 ad
2208 2849 2524 2905 Dominum
2560 2850 2660 2922 qui
2691 2856 2779 2906 est
2812 2851 3078 2923 spiritus,
3111 2851 3379 2910 Christus
3424 2854 3534 2911 tibi
3581 2856 3756 2930 spiri-

2101 2945 2201 2996 tus
2232 2938 2361 3009 erit,
2394 2944 2452 2995 et
2479 2956 2597 2995 non
2631 2941 2792 2996 venit
2823 2941 3019 3014 ignem
3052 2942 3286 3000 mittere
3314 2960 3494 3017 super
3513 2950 3751 3003 terram.

2102 3031 2229 3097 Qud
2254 3030 2302 3086 si
2331 3047 2445 3086 non
2477 3031 2832 3086 converteris
2881 3032 2951 3087 ad
3002 3030 3210 3101 Deum,
3241 3032 3342 3089 sed
3400 3033 3584 3091 habes
3637 3041 3753 3093 ter-

2100 3136 2227 3175 ram
2260 3124 2319 3176 et
2349 3119 2606 3175 fructum
2638 3120 2791 3191 ejus,
2822 3120 3017 3194 ignem
3075 3121 3235 3177 venit
3285 3122 3516 3180 mittere
3571 3142 3752 3199 super

2099 3214 2315 3265 terram
2347 3213 2531 3265 tuam.
2568 3209 2711 3265 Huic
2742 3209 2882 3282 quid
2916 3210 3108 3266 simile
3155 3211 3331 3268 etiam
3364 3213 3435 3268 de
3460 3212 3578 3270 Deo
3606 3211 3750 3271 scri'-

2100 3304 2267 3371 ptum
2298 3302 2388 3355 est
2436 3300 2704 3369 ¹⁴ε19ηἰε
2751 3315 3010 3355 accensus
3065 3308 3145 3356 est
3191 3303 3404 3372 furoris
3448 3307 3589 3374 ejus,
3637 3318 3752 3362 non

338 3379 474 3449 rum
505 3393 728 3466 absque
760 3409 874 3447 uno
906 3396 1015 3447 Deo
1048 3390 1132 3446 sic
1163 3389 1525 3461 diligam.Sin
1561 3394 1759 3445 autem
1792 3390 1991 3448 minus
2020 3374 2064 3442 C
2102 3404 2272 3460 usque
2312 3388 2384 3444 ad
2439 3388 2639 3444 caelum
2692 3405 2913 3443 sursum
2967 3388 3059 3444 sed
3113 3405 3284 3461 usque
3337 3389 3408 3445 ad
3464 3390 3751 3465 infernum

341 3498 481 3539 eum
512 3480 785 3551 dilexero,
818 3497 998 3552 quam
1029 3478 1494 3551 omnipotentem
1525 3482 1782 3535 Patrem.
1811 3481 1992 3538 timeo

340 3587 417 3627 ne
449 3571 508 3627 in
540 3570 999 3645 Primogenitum
1220 3568 1503 3624 universae
1559 3572 1839 3625 creaturae
1881 3571 1990 3626 im-

342 3660 481 3734 pius
511 3665 569 3717 et
615 3660 895 3733 profanus
943 3656 1226 3715 inveniar.
1277 3657 1429 3713 Doce
1478 3673 1591 3727 me,
1644 3661 1701 3713 et
1750 3661 1991 3719 ostende

341 3750 650 3818 rationem,
680 3749 971 3822 quomodo
1002 3749 1155 3805 inter
1195 3752 1512 3820 utrumque
1544 3747 1775 3805 medius
1832 3749 1988 3807 ince-

340 3838 509 3908 dens,
542 3838 783 3912 diligere
832 3839 1073 3895 debeam
1132 3837 1454 3894 Christum.
1515 3836 1616 3893 Vis
1667 3836 1815 3894 scire
1874 3855 1991 3911 qua

340 3928 622 3986 charitate
653 3929 925 3985 Christus
946 3928 1276 4001 diligendus
1291 3927 1405 3983 sit?
1419 3926 1675 3983 Breviter
1699 3927 1984 3985 ausculta.

336 4017 559 4092 Diliges
591 4019 901 4075 Dominum
935 4023 1115 4073 Deum
1149 4024 1317 4073 tuum
1350 4017 1407 4071 in
1431 4017 1678 4073 Christo.
1708 4017 1884 4074 Putas
1904 4019 1989 4074 di-

333 4123 564 4165 versam
594 4108 810 4165 habere
838 4125 1010 4181 posse
1038 4107 1098 4162 in
1131 4111 1300 4163 Patre
1329 4111 1387 4163 et
1417 4106 1559 4162 Filio
1592 4106 1939 4164 charitatem
1959 4107 1988 4163 ?

334 4196 526 4253 Simul
556 4197 731 4271 dilige
763 4200 1073 4254 Dominum
1098 4196 1422 4253 Christum.
1456 4195 1643 4269 Dilige
1672 4197 1902 4254 Patrem
1926 4198 1985 4253 in

335 4284 504 4353 Filio,
540 4287 747 4343 Filium
779 4287 839 4343 in
882 4292 1074 4355 Patre,
1133 4303 1202 4342 ex
1258 4291 1379 4343 toto
1438 4288 1631 4358 corde,
1664 4291 1721 4343 et
1766 4305 1836 4343 ex
1862 4292 1987 4344 tota

334 4374 556 4448 anima,
587 4382 645 4433 et
673 4393 741 4433 ex
774 4383 893 4434 tota
922 4378 1156 4433 virtute.
1197 4375 1361 4440 Quod
1389 4376 1438 4432 si
1471 4376 1688 4449 aliquis
1732 4377 1988 4434 sciscita-

334 4469 456 4532 tur,
487 4470 543 4521 et
569 4465 710 4523 dicit
737 4485 756 4521 :
778 4466 889 4524 hoc
918 4467 1072 4540 quod
1106 4466 1323 4522 asseris
1362 4466 1434 4521 de
1463 4466 1786 4539 Scripturis
1802 4468 1988 4539 proba

336 4554 543 4613 audiat
570 4557 898 4629 apostolum
926 4556 1188 4624 Paulum,
1224 4556 1323 4628 qui
1357 4554 1614 4611 habebat
1670 4556 1986 4612 rationabi-

337 4642 457 4700 lem
490 4645 858 4717 charitatem,
920 4646 1257 4719 loquentem
1287 4646 1306 4680 ⁷
1341 4662 1353 4701 :
1391 4645 1580 4701 Certus
1634 4646 1787 4701 enim
1841 4661 1985 4715 sum,

2100 3478 2354 3535 deorsum
2382 3495 2404 3532 ,ο
2435 3482 2488 3534 et
2516 3478 2796 3534 devarabit
2825 3494 2936 3534 non
2975 3479 3175 3534 coelum
3202 3480 3296 3535 sed
3324 3483 3531 3536 terram
3555 3485 3608 3537 et
3632 3498 3752 3553 ger-

2100 3569 2260 3623 mina
2287 3568 2722 3640 ejus.Quorsum
2754 3566 2867 3623 ista
2896 3568 3217 3623 memoravi
3245 3567 3274 3623 ?
3303 3568 3450 3634 Quia
3478 3574 3537 3626 et
3563 3570 3750 3644 bapti-

2100 3674 2289 3729 smus,
2322 3673 2438 3729 quo
2469 3656 2729 3727 baptizat
2753 3655 2951 3728 Jesus,
2985 3655 3047 3712 in
3077 3656 3296 3729 Spiritu
3325 3663 3528 3715 sancto
3558 3665 3668 3728 est,
3691 3666 3751 3719 et

2098 3748 2241 3822 igni.
2276 3746 2516 3803 Memini
2549 3763 2776 3814 eorum,
2809 3764 2935 3819 quae
2964 3763 3153 3819 nuper
3181 3746 3413 3803 locutus
3451 3764 3608 3816 sum,
3641 3767 3748 3808 nec

2097 3838 2357 3911 prieterit
2385 3835 2720 3910 eXplanatio
2752 3836 3025 3910 superior
3052 3854 3066 3906 ;
3097 3840 3200 3894 sed
3258 3835 3388 3895 volo
3418 3842 3478 3895 et
3530 3856 3747 3897 novum

2098 3927 2321 4001 aliquid
2353 3926 2588 3984 inferre.
2620 3926 2680 3983 Si
2709 3932 2949 3983 sanctus
2998 3927 3202 3997 fueris,
3260 3927 3484 4001 Spiritu
3542 3935 3746 3988 sancto

2095 4016 2485 4089 baptizaberis
2519 4032 2532 4071 :
2566 4016 2615 4071 si
2639 4022 2929 4088 peccator,
2962 4016 3023 4070 in
3069 4015 3263 4088 ignem
3323 4017 3607 4091 mergeris
3640 4036 3654 4087 ;
3687 4024 3746 4077 et

2094 4121 2281 4161 unum
2313 4109 2489 4175 atque
2513 4103 2671 4159 idem
2701 4104 2996 4175 baptisma
3023 4104 3304 4177 ,indignis
3334 4106 3740 4177 peccatoribus

2094 4196 2157 4252 in
2186 4192 2733 4251 condemnationem
2776 4193 3092 4265 ignemque
3124 4198 3379 4250 vertetur
3410 4219 3425 4262 ;
3456 4194 3551 4251 his
3605 4212 3740 4253 vero

2093 4285 2198 4360 qui
2229 4284 2417 4342 sancti
2439 4289 2598 4351 sunt,
2628 4288 2686 4340 et
2714 4288 2837 4339 tota
2865 4282 2979 4338 ﬁde
3033 4284 3106 4339 ad
3137 4282 3453 4339 Dominum
3507 4300 3743 4341 conver-

2093 4380 2302 4432 tuntur
2329 4374 2583 4447 Spiritus
2615 4372 2805 4428 sancti
2850 4372 3039 4445 gratia
3094 4370 3374 4444 salusque
3428 4372 3743 4431 tribuenda

2094 4471 2203 4522 est.
2235 4466 2285 4521 Is
2311 4479 2436 4535 ergo
2465 4464 2563 4536 qui
2593 4462 2807 4534 Spiritu
2833 4469 3020 4517 sancto
3046 4470 3099 4518 et
3144 4465 3269 4533 igne
3318 4463 3533 4519 dicitur
3574 4464 3743 4521 babti-

2095 4572 2223 4611 zare
2251 4554 2412 4611 habet
2436 4553 2809 4609 ventilabrum
2852 4553 2910 4606 in
2960 4568 3129 4607 manu
3172 4567 3294 4622 sua,
3338 4556 3389 4607 et
3436 4552 3735 4611 mundabit

2094 4660 2283 4701 aream
2309 4659 2469 4699 suam
2515 4644 2565 4697 et
2610 4642 2959 4714 congregabit
3005 4642 3257 4698 triticum
3296 4658 3457 4698 suum
3500 4643 3564 4698 in
3609 4644 3741 4719 lior-

338 4738 473 4808 quia
501 4752 674 4809 neque
699 4754 866 4805 mors,
898 4753 1072 4809 neque
1097 4738 1232 4805 vita,
1263 4752 1438 4807 neque
1466 4736 1670 4807 angeli,
1692 4751 1868 4808 neque
1892 4753 1989 4809 ρο·
2018 4752 2067 4817 D
2095 4750 2274 4805 reum,
2310 4731 2501 4805 paleas
2553 4740 2731 4787 autem
2786 4731 3060 4787 comburet
3095 4730 3212 4803 igni
3269 4732 3743 4804 inexstinguibili.

337 4829 580 4894 testatas,
610 4842 709 4884 nec
748 4829 1071 4901 praesentia,
1129 4843 1226 4883 nec
1270 4830 1489 4898 futura,
1538 4842 1635 4881 nec
1698 4828 1984 4897 fortitudo,

337 4931 440 4972 nec
467 4915 694 4974 altitudo
717 4933 820 4974 nec
835 4916 1191 4990 profundum.
1219 4932 1321 4972 nec
1347 4916 1463 4971 alia
1494 4919 1751 4972 creatura
1790 4919 1988 4990 poterit

413 5022 604 5097 [ϐαρ.
636 5041 737 5093 vn,
770 5026 803 5094 ἲ
838 5026 923 5081 17.
1034 5024 1056 5061 ⁸
1106 5023 1312 5081 Matth.
1373 5041 1513 5092 χχιι,
1562 5025 1652 5079 37.

342 5094 387 5131 ¹⁰
418 5094 590 5152 Hebr.
622 5113 662 5164 ι,
690 5098 726 5151 7
759 5115 773 5166 ;
805 5097 955 5154 Psal.
986 5114 1106 5166 CIII,
1139 5098 1191 5152 4.
1271 5098 1311 5132 ¹¹
1344 5099 1395 5151 Il
1422 5099 1549 5153 Cor.
1584 5113 1668 5166 ιιι,
1702 5097 1788 5151 16.

340 5183 519 5238 mu,
549 5169 640 5225 2'2.

418 5265 530 5337 (75)
563 5268 827 5341 Idipsum
860 5269 1249 5341 Hieronymus
1277 5267 1546 5340 queritur
1594 5266 1763 5341 epist.
1794 5269 1885 5341 62,
1917 5268 1990 5325 ad

345 5338 802 5415 Tranquilinum
838 5360 850 5397 :
884 5342 1036 5415 quod
1078 5338 1170 5415 ’ψει
1214 5345 1274 5395 in
1293 5338 1544 5415 amorem
1585 5338 1841 5415 Origenis
1871 5338 1991 5415 'ni-

341 5413 520 5466 mium
548 5414 633 5467 vel
662 5415 847 5469 odium
866 5412 1147 5470 stomachi
1173 5415 1268 5468 sui
1293 5414 1562 5485 pravitate
1585 5412 1852 5485 homines
1881 5413 1988 5468 du-

340 5488 640 5540 cerentur.
675 5485 935 5542 Profecto
967 5486 1213 5541 dubium
1245 5490 1354 5551 est,
1388 5486 1674 5555 majorine
1703 5484 1755 5541 ei
1779 5485 1996 5540 fuerint

343 5555 696 5628 detrimento
726 5558 1188 5614 adversariorum
1229 5557 1563 5628 calumniae,
1611 5573 1684 5612 au
1743 5558 1992 5628 profusas

344 5626 527 5756 nimi:
554 5629 878 5756 qmicorum
910 5629 1135 5698 laudes,
1161 5631 1378 5701 quibus
1397 5626 1993 5685 azmuloruminvidia

344 5714 489 5756 acue
533 5717 565 5756 a
598 5718 686 5756 ur.

342 5706 686 5757 acuebatur.

372 5786 392 5845 '_
416 5772 529 5845 (74)
556 5773 800 5845 Schedee
832 5772 1029 5830 Grabii
1062 5776 1126 5845 et
1154 5772 1507 5845 Combeflsii
1542 5790 1554 5829 :
1589 5768 1868 5845 Βορλομαι
1902 5768 1992 5845 ᾳῦν

345 5838 478 5906 ἰδεῖν
510 5838 630 5905 slva
673 5844 873 5922 τρόπον
924 5845 952 5903 ὁ
1003 5842 1196 5916 Κύριός
1244 5865 1347 5922 μου
1399 5845 1608 5919 Ἰησοῦς
1660 5838 1782 5926 ἔχει’
1824 5843 1992 5907 πτύον

627 5975 893 6046 Ριτιιοι..
940 5972 1154 6041 XXVI.

1766 5026 1785 5059 ⁷
1817 5025 1984 5082 Rom.
2042 5041 2165 5092 VIII,
2220 5023 2311 5090 38,
2367 5021 2456 5075 39.

1904 5098 1947 5132 ¹²
1971 5098 2141 5155 Joan.
2175 5095 2379 5165 xv,24;
2414 5092 2463 5150 ll
2491 5092 2619 5149 Cor.
2653 5108 2736 5159 ιιι,
2773 5092 2858 5147 17.

2094 4824 2210 4898 (74)
2232 4823 2372 4879 Volo
2400 4822 2661 4878 invenire
2684 4821 2995 4891 rationem,
3026 4838 3209 4893 quare
3229 4821 3516 4880 Dominus
3549 4828 3749 4881 noster

2097 4916 2311 4972 habeat
2338 4911 2815 4981 ventilabrum,et
2844 4912 2997 4982 quod
3029 4911 3243 4967 .blando
3263 4918 3435 4968 vento
3465 4912 3620 4969 leves
3640 4929 3747 4986 pa-

2568 5020 2589 5054 ⁸
2644 5019 2812 5075 Joan.
2874 5035 2949 5091 Iv,
2994 5019 3099 5091 724.
3212 5020 3234 5055 ⁹
3289 5019 3459 5077 Deut.
3519 5036 3601 5091 ιν.
3652 5018 3745 5075 24.

2964 5090 3007 5127 ³³
3038 5101 3172 5148 Luc.
3205 5108 3307 5162 xu,
3340 5092 3429 5148 49.
3508 5091 3551 5125 ιδ
3578 5089 3745 5147 Deut.

2097 5268 2188 5322 καὶ
2244 5258 2643 5338 τίνος-ἀνέμου
2691 5261 2970 5338 πγὲοἳτος,
3014 5262 3111 5338 ’καὶ
3165 5257 3625 5338 ταῦταβφ-οδρρῦ
3676 5254 3748 5333 (εἰ

2099 5340 2203 5415 γὰρ
2233 5335 2486 5415 νηνεμία,
2514 5328 2788 5415 ἄχρηςιξτόν
2836 5328 3056 5415 {suae
3081 5334 3291 5415 REDOVZ,
3321 5332 3383 5388 τὸ
3417 5328 3748 5415 μὲνςᾶχυρρν

2070 5403 2398 5487 ’χώρίζὲτάι
2443 5403 2519 5471 εἷς
2548 5403 2772 5487 λ’ὅὶκεῖολί
2816 5407 3005 5487 τόπον,
3028 5407 3064 5487 ’ὁ
3098 5403 3368 5487 ,δὲ’-.σῖτῖς
3404 5403 3628 5487 aqua;
3656 5403 3748 5487 te,

2102 5465 2299 5556 ἔνειμοτν
2353 5465 2704 5559 ηατσιῲέρετ-ᾳι
2755 5479 2842 5534 ἐπὶ
2872 5479 2935 5534 τὸ
2984 5465 3131 5559 6:936.
3168 5465 3264 5530 Κάὶ
3295 5465 3414 5559 ,ὅρᾳ
3449 5465 3663 5559 μήποτε
3692 5475 3751 5530 οἱ

2102 5546 2395 5628 πειρασμοὶ
2445 5546 2603 5628 ρῖτὸ
2636 5551 2841 5628 ἄχυρον
2888 5551 3250 5628 χωρίζων-τες,
3287 5549 3316 5603 ὁ
3348 5546 3560 5628 ’ἄνεμός
3604 5546 3750 5628 tm?

2104 5575 2192 5612 πει
2231 5575 2297 5608 ασ
2345 5575 2395 5607 οι
2445 5575 2497 5607 οι
2527 5575 2590 5607 το
2636 5575 2841 5628 αχυρον
2888 5575 3241 5627 χωριςυντες,
3287 5575 3316 5603 ο
3361 5575 3559 5621 ανεμος
3609 5575 3750 5604 scrc“

2104 5631 2133 5684 ὁ
2191 5575 2512 5699 incautqu
2556 5626 2649 5679 τὸν
2698 5631 2844 5699 σῐτᾳν
2899 5620 3140 5699 δτι-ἐστὶ
3197 5625 3374 5699 circa,
3425 5622 3498 5677 Οὐ
3554 5621 3659 5699 γὰρ
3698 5621 3752 5699 ’ὁ

2104 5699 2303 5774 ἄνεμος
2336 5695 2508 5783 εἷ’τοιυν
2558 5697 2859 5783 «sipunculi:
2898 5695 3128 5783 γιξὴσας
3176 5693 3304 5783 τινέ
3324 5691 3749 5783 emanant

2103 5764 2546 5848 ποιὶῖ,ςςρυτέστι
2578 5764 2777 5848 διρῦῳού
2822 5766 2913 5821 καὶ
2956 5764 3542 5848 ᾅπιστονηᾶλλνξὸὗτα
3566 5769 3754 5848 19:06:-

2103 5864 2197 5904 τον
2254 5836 2498 5927 ἕλ’έγχει.
2553 5841 2659 5901 Κᾶν
2693 5836 3015 5923 ’πειρασμόν
3071 5857 3156 5908 τις
3192 5836 3501 5920 ὑπομείνῃ,
3560 5838 3670 5920 οὐχ
3722 5837 3755 5898 δ

3404 5972 3481 6048 to

3364 5769 3374 5790 1
