4304 6588
512 455 632 523 299
1092 484 1107 497 τ
1208 482 1211 485 -
1754 445 1818 504 S.
1864 440 2177 504 EUSEBII

2300 440 2669 504 ERONYMI
3802 429 3927 499 300

522 586 625 645 lea:
656 584 774 641 huc
795 582 1050 653 illucque
1081 576 1690 651 rapiantur,329-80
1716 590 1889 648 grave
1909 590 2042 630 vero
2066 572 2162 628 tri-
2188 576 2243 644 Α
2274 572 2427 645 licet,
2455 574 2653 631 dicens
2683 592 2695 630 :
2730 575 2904 631 Multa
2950 570 3170 645 quidem
3218 577 3268 625 et
3307 570 3426 624 alia
3475 565 3780 624 exhortans
3820 581 3932 622 an-

514 677 700 733 ticum
731 672 790 729 in
814 686 1000 727 unum
1025 669 1315 725 deieratar
1337 667 1744 738 locum,neque
1764 663 1921 720 enim
1943 663 2165 734 absque
2275 665 2592 720 nuntiabat.
2631 665 2829 736 Itaque
2858 663 3034 719 etiam
3067 660 3201 726 alia,
3234 676 3361 731 quae
3394 657 3610 729 scripta
3639 672 3754 712 non
3789 659 3929 712 sunt

513 768 691 822 vento
723 764 974 835 possunt
1002 758 1260 830 triticum
1284 763 1340 813 et
1371 756 1545 830 paleae
1574 753 1861 829 separari;
1897 752 2167 809 existimo
2276 755 2530 809 Joannes
2598 752 2813 826 populo
2862 750 3215 825 praedicabat
3270 765 3394 820 quae
3451 751 3649 802 autem
3706 744 3928 835 scripta

516 851 870 912 tentationes
903 865 1004 922 pro
1035 852 1205 903 vento
1228 846 1627 919 intelligi,quaz
1658 844 1900 901 confuso
1930 842 2168 898 creden-

521 943 673 999 tium
706 936 1081 1005 acervo,alios
1113 934 1478 1009 paleas,alios
1498 933 1757 990 triticum
1789 947 1917 988 esse
1939 932 2171 987 demon-

525 1026 1079 1089 strant.Cumenim
1113 1025 1313 1081 anima
1347 1029 1444 1081 tua
1477 1022 1649 1080 fuerit
1678 1026 1734 1079 et
1763 1020 1960 1093 aliqua
1988 1024 2173 1076 tenta-

524 1122 683 1178 tione
713 1120 1129 1191 superata,non
1160 1112 1402 1170 tentatio
1424 1117 1479 1169 te
1497 1110 1667 1168 vertit
1704 1110 1764 1166 in
1795 1109 1993 1183 paleas
2032 1107 2169 1177 ;sed

526 1225 662 1267 cum
692 1224 850 1265 esses
882 1202 1213 1278 palea,levis
1235 1201 1497 1258 videlicet
1523 1198 1954 1267 etincredulus,
1979 1201 2173 1255 osten-

533 1298 621 1357 dit
648 1301 702 1352 te
733 1311 863 1352 esse
892 1290 1136 1350 tentatio
1167 1291 1322 1363 quod
1354 1288 1955 1347 latebas.Econtrario
1977 1291 2173 1343 autem

529 1404 661 1444 cum
693 1372 918 1443 fortiter
938 1384 1297 1438 tentamenta
1326 1378 1685 1448 toleras,non
1708 1382 1764 1434 te
1792 1377 1928 1433 facit
1945 1375 2174 1431 ﬁdelem

528 1473 794 1542 tentatio,
817 1476 992 1546 atque
1024 1471 1365 1543 patientem,
1396 1470 1496 1525 sed
1556 1468 1847 1541 virtutem,
1880 1481 2005 1538 quae
2032 1465 2091 1520 in
2122 1468 2178 1519 te

526 1570 671 1634 erat,
705 1559 995 1636 patientia:
1025 1562 1081 1615 et
1111 1556 1492 1626 fortitudinis,
1525 1561 1583 1613 et
1610 1556 1845 1623 latebat,
1878 1555 2099 1627 profert
2118 1552 2177 1608 in

524 1653 815 1723 medium.
849 1652 1018 1707 Putas
1058 1649 1207 1703 enim
1255 1647 1338 1702 ait
1390 1645 1698 1716 Dominus,
1746 1644 1908 1700 aliter
1958 1660 2044 1699 me
2080 1642 2183 1698 tibi

532 1744 779 1805 locutum
823 1738 998 1812 fuisse
1050 1753 1215 1810 quam
1263 1739 1325 1791 ut
1365 1751 1585 1809 pareres
1620 1736 1799 1791 iustus
1831 1737 1853 1788 Ρ
1881 1734 1950 1790 Et
1991 1731 2128 1788 alibi
2163 1748 2176 1787 :

534 1831 708 1906 ᾼΠίαῃ
740 1837 810 1897 te,
843 1832 893 1884 et
923 1827 1086 1900 αιτρεί
1110 1828 1347 1898 penuria
1378 1833 1439 1881 ut
1480 1826 1777 1897 manifesta
1822 1824 2034 1895 ﬁerent,
2058 1835 2183 1894 quae

2279 842 2644 899 considerate
2674 846 2899 914 quanta
2928 840 3144 896 fuerint
3187 855 3313 910 qua:
3362 835 3717 894 annuntiant
3762 833 3927 890 Chri-

2281 933 2461 985 stum.
2490 930 2801 987 Montravit
2830 930 2987 985 enim
3020 928 3383 1000 baptismum
3414 925 3669 998 Spiritus
3713 922 3936 996 sancti,

2282 1018 2616 1092 praedicavit
2647 1019 2978 1092 publicanis
3011 1018 3284 1084 salutem,
3318 1015 3518 1071 docuit
3556 1013 3773 1070 milites
3791 1011 3929 1069 dici-

2282 1108 2504 1181 plinam
2536 1125 2728 1165 aream
2765 1109 3022 1181 purgari,
3057 1106 3277 1163 surcidi
3316 1107 3575 1171 arbores,
3608 1107 3666 1160 et
3722 1106 3929 1160 caetera

2284 1214 2410 1270 quae
2441 1197 2730 1270 Evangelii
2768 1202 2967 1253 narrat
3014 1195 3279 1253 historia.
3343 1194 3610 1267 Exceptis
3666 1209 3802 1267 ergo
3833 1192 3929 1249 his

2284 1304 2410 1359 qum
2439 1287 2657 1359 scripta
2687 1292 2846 1355 sunt,
2881 1287 3057 1342 etiam
3091 1286 3193 1341 illa
3223 1302 3350 1357 quae
3385 1285 3602 1356 scripta
3623 1299 3736 1339 non
3768 1286 3930 1349 sunt,

2286 1376 2669 1432 annuntiasse
2698 1380 3060 1432 monstratur
3090 1377 3148 1431 in
3180 1391 3245 1431 eo
3278 1374 3430 1446 quod
3464 1371 3679 1428 dicitur
3711 1388 3725 1426 :
3758 1370 3931 1428 Multa

2287 1465 2504 1537 quidem
2561 1470 2614 1521 et
2671 1466 2787 1522 alia
2841 1465 3131 1521 sxhortans
3188 1465 3539 1520 aununtabat
3585 1461 3805 1534 populo.
3864 1460 3937 1519 Et

2290 1554 2583 1625 quomodo
2610 1554 2669 1608 in
2700 1554 3007 1626 Evangelia
3032 1555 3357 1611 secundum
3380 1552 3669 1608 Joannem
3703 1551 3774 1606 de
3796 1549 3932 1606 Chri

2291 1647 2379 1698 sto
2409 1644 2656 1699 refertur
2690 1645 2731 1679 ¹δ
2766 1660 2777 1699 :
2814 1645 2955 1711 Quia
2984 1644 3159 1698 multa
3188 1645 3237 1698 et
3282 1644 3399 1698 alia
3443 1642 3651 1698 locutus
3678 1643 3776 1709 est,
3809 1655 3932 1713 quis

2290 1749 2401 1788 non
2429 1742 2558 1788 sunt
2585 1735 2794 1805 scripta
2841 1734 2900 1788 in
2950 1733 3091 1789 libro
3140 1735 3239 1788 isto
3270 1747 3395 1803 qua:
3447 1732 3497 1788 si
3541 1731 3933 1801 scriberentur,

2292 1839 2465 1894 neque
2515 1823 2667 1895 ipum
2721 1827 2851 1895 puto
2910 1822 3173 1878 mundum
3225 1838 3422 1894 capere
3472 1823 3716 1894 potuisse
3745 1820 3934 1892 libros,

536 1928 695 1978 erant
721 1921 782 1975 in
809 1915 967 1974 corde
998 1919 1113 1971 tuo.
1149 1914 1211 1969 In
1246 1914 1403 1970 hunc
1460 1913 1701 1969 modum
1756 1915 1812 1968 et
1866 1915 2183 1984 tempestas
2215 1955 2262 2021 B
2297 1913 2392 1983 qui
2417 1912 2701 1967 scribundi
2727 1920 2919 1979 erant;
2952 1912 3037 1968 sic
3067 1915 3124 1967 et
3154 1912 3211 1967 in
3237 1910 3507 1984 praesenti
3537 1909 3660 1967 loco
3682 1908 3939 1982 intelligo

541 2027 661 2067 non
693 2008 827 2065 facit
857 2021 1034 2079 super
1065 2020 1300 2060 arenam
1335 2003 1649 2058 aedificium
1710 2000 2052 2069 consistere,
2083 1999 2184 2055 sed

541 2101 965 2173 superterram.
1001 2095 1134 2159 Quae
1167 2109 1299 2149 cum
1334 2091 1805 2159 lueritexorta,id
1838 2091 1990 2163 quod
2010 2106 2187 2161 super

539 2193 757 2246 terram
788 2185 1096 2241 fundatum
1129 2188 1361 2251 est,non
1392 2185 1608 2238 evertet
1636 2198 1648 2237 :
1684 2181 1838 2253 quod
1860 2196 1992 2236 vero
2011 2195 2188 2252 super

537 2292 773 2335 arenam
807 2275 1070 2332 ﬂuctuat.
1105 2272 1311 2344 probat
1339 2270 1492 2327 illico
1527 2287 1641 2326 non
1672 2270 1818 2327 bene
1858 2269 2040 2325 fuisse
2064 2269 2188 2324 fun-

526 2346 766 2432 datum.
797 2366 1163 2436 Quapropter
1219 2365 1535 2434 antequam
1586 2358 1807 2415 oriatur
1852 2361 2192 2430 tempestas,

536 2460 856 2532 antequam
879 2457 1185 2509 ventorum
1219 2449 1401 2505 ﬂabra
1430 2452 1790 2521 consurgant
1838 2447 2187 2520 priusquam

538 2545 943 2607 intumescant
975 2539 1244 2611 ﬂumina,
1279 2538 1418 2593 dum
1449 2538 1640 2594 adhuc
1670 2537 1845 2594 silent
1896 2536 2186 2604 universa,

543 2649 717 2692 omne
738 2632 1004 2690 studium
1024 2634 1292 2687 nostrum
1315 2629 1387 2685 ad
1407 2628 1784 2683 aediﬁciorum
1805 2626 2192 2685 fundamenta

543 2727 865 2790 vertamus,
897 2721 1258 2777 aediﬁcamus
1290 2719 1531 2774 domum
1564 2721 1825 2774 nostram
1873 2715 2049 2772 variis
2091 2716 2189 2770 fir-

534 2812 781 2887 misque
810 2810 1109 2885 lapidibus
1140 2812 1565 2883 praeceptorum
1592 2806 1714 2879 Dei,
1734 2811 1800 2863 ut
1827 2822 1961 2862 cum
1994 2821 2188 2878 perse-

548 2900 703 2960 cutio
923 2898 1170 2957 saevierit
1190 2898 1471 2955 adversus
1500 2895 2192 2966 Christianos,durusque

550 2991 724 3047 turbo
754 2988 1094 3059 surrexerit,
1116 2988 1496 3043 ostendamus
1519 3002 1625 3042 nos
1653 2984 1865 3041 habere
1886 2984 2192 3039 mdiﬁcium

548 3094 729 3152 super
758 3083 982 3151 petram
1012 3076 1305 3133 Christum
1354 3076 1555 3132 Jesum
1606 3074 1695 3131 ιδ’.
1729 3074 1789 3131 Si
1847 3074 1947 3147 qui
1998 3076 2189 3129 autem

546 3169 730 3243 (quod
761 3165 962 3241 procul
986 3166 1141 3222 absit
1171 3183 1204 3223 a
1232 3165 1423 3238 nobis)
1455 3163 1887 3244 negav_erit,iste
1909 3162 2057 3219 sciat
2079 3179 2194 3219 non

548 3274 614 3316 se
636 3257 736 3315 illo
766 3263 1028 3331 tempore
1057 3271 1171 3327 quo
1229 3270 1475 3327 negasse
1529 3254 1693 3311 visus
1750 3259 1857 3322 est,
1901 3252 2194 3311 Christum

2294 2001 2449 2073 quod
2481 2001 2722 2057 forsitan
2754 2002 2937 2058 Lucas
2968 2000 3249 2073 quoniam
3309 2002 3534 2072 majora
3591 2000 3859 2073 quaedam
3897 2014 3934 2057 ι

2292 2090 2516 2146 Joanne
2546 2090 3051 2146 annuntiabantur
3082 2106 3258 2163 quam
3288 2094 3352 2144 ut
3397 2089 3677 2145 deberent
3722 2085 3933 2144 litteris

2296 2179 2473 2250 credi,
2504 2177 2751 2234 voluerit
2779 2196 2847 2235 ea
2871 2177 3218 2235 nominatim
3277 2177 3485 2248 dicere,
3547 2176 3649 2234 sed
3706 2180 3938 2232 tantum

2296 2269 2709 2341 signiﬁcaverit
2739 2271 2891 2342 quod
2925 2270 3083 2325 dicta
3129 2270 3247 2326 sint
3281 2286 3293 2324 :
3327 2274 3383 2324 et
3411 2268 3626 2325 idcirco
3676 2267 3892 2323 dixisse
3920 2281 3938 2323 :

2295 2359 2465 2415 Multa
2494 2361 2711 2430 quidem
2739 2369 2789 2416 et
2809 2361 2924 2415 alia
2965 2360 3263 2415 exhortans
3310 2358 3669 2414 ennuntiabat
3717 2356 3940 2430 populo.

2299 2448 2579 2505 Miremur
2604 2449 2838 2522 quidem
2871 2449 3156 2505 Joannem
3188 2466 3255 2505 ex
3292 2449 3384 2505 his
3437 2465 3563 2521 quae
3593 2452 3939 2518 sequuntur.

2298 2540 2551 2596 maxime
2582 2540 2735 2612 quod
2772 2540 2922 2594 inter
2948 2543 3116 2596 natos
3148 2538 3460 2595 mulierum
3501 2540 3691 2611 major
3714 2537 3939 2594 Joanne

2298 2630 2557 2701 Baptista
2582 2645 2752 2684 nemo
2798 2629 2973 2685 fuerit
3018 2629 3079 2699 ‘6,
3115 2635 3172 2685 et
3227 2628 3286 2684 in
3332 2632 3557 2684 tantam
3604 2626 3940 2701 opinionem

2301 2719 2507 2774 merito
2538 2717 2770 2774 virtutis
2800 2718 3145 2784 ascenderit,
3210 2723 3275 2773 ut
3320 2717 3617 2790 plerisque
3673 2715 3942 2774 Christus

2300 2812 2606 2881 putaretur
2638 2826 2651 2876 ;
2686 2808 2784 2863 sed
2817 2807 2976 2863 aliud
3007 2807 3194 2865 multo
3224 2806 3573 2864 mirabilius.
3609 2806 3721 2879 (75)
3765 2805 3943 2863 Hero,

2302 2897 2402 2953 des
2432 2897 2723 2954 tetrarcha
2753 2896 3005 2953 habebat
3036 2896 3255 2970 regiam
3287 2900 3659 2969 potestatem,
3692 2900 3750 2952 et
3782 2898 3945 2968 pote-

2300 2990 2393 3041 rat
2411 3003 2566 3055 eum,
2591 3000 2724 3042 cum
2774 2986 3054 3043 voluisset
3103 2987 3365 3043 occidere
3398 3004 3411 3042 :
3447 2990 3505 3043 et
3534 3003 3669 3042 cum
3716 3002 3841 3041 rem
3872 2984 3948 3041 fe-

2303 3076 2478 3133 cisset
2506 3076 2810 3148 injustam,
2843 3080 2899 3132 et
2919 3081 3120 3133 contra
3148 3076 3338 3149 logem
3369 3075 3575 3149 Moysi,
3614 3078 3680 3131 ut
3706 3091 3947 3133 uxorem

2304 3166 2501 3222 fratris
2526 3165 2618 3221 sui
2649 3166 2955 3239 acciperet,
2988 3184 3115 3239 quae
3146 3166 3400 3223 habebat
3442 3164 3625 3222 ﬁliam
3669 3165 3740 3222 de
3772 3162 3950 3238 priori

2304 3257 2449 3324 viro,
2483 3273 2598 3312 non
2631 3273 2765 3312 eum
2797 3255 3017 3325 timuit,
3051 3274 3165 3313 non
3199 3254 3421 3328 accepit
3468 3272 3800 3330 personam,
3832 3271 3949 3312 non

542 3361 800 3423 negasse
832 3363 845 3415 ;
875 3330 975 3402 sed
1007 3346 1235 3402 semina
1265 3351 1321 3401 et
1350 3345 1575 3401 radices
1622 3343 1901 3400 habuisse
1940 3342 2191 3416 negandi
2222 3330 2266 3400 Ο
2307 3346 2600 3421 cogitavit,
2634 3350 2698 3401 ut
2726 3346 2864 3415 dixi,
2899 3347 3117 3419 regiam
3150 3350 3525 3420 potestatem,
3582 3362 3697 3402 non
3751 3342 3951 3400 tormi-

538 3438 672 3512 jam
705 3441 949 3508 veteres,
982 3440 1121 3491 tunc
1153 3451 1284 3491 vero
1320 3435 1495 3491 fuisse
1538 3433 1799 3507 agnitum
1833 3434 1986 3506 quod
2017 3433 2195 3491 babe-
2307 3437 2465 3493 davit
2494 3436 2819 3506 interitum;
2853 3436 3074 3493 sciebat
3092 3435 3510 3505 enim,etiamsi
3533 3434 3816 3509 propheta
3834 3450 3950 3491 non

540 3531 675 3596 .bat,
709 3532 765 3584 et
795 3526 855 3582 in
887 3524 1147 3582 medium
1179 3542 1307 3582 esse
1339 3525 1709 3598 productum.
1743 3523 1992 3581 Oremus
2026 3524 2205 3597 igitur
2311 3527 2647 3598 esset,quod
2675 3526 2984 3583 lacessitus
3004 3543 3139 3582 eum
3163 3531 3360 3599 posset
3383 3522 3951 3583 occidereJSI-SS

555 3616 896 3685 Dominum,
949 3620 1013 3671 ut
1078 3615 1267 3672 simus
1291 3614 1624 3683 aedificium,
1677 3615 1832 3687 quod
1880 3618 2199 3687 tempestas
2312 3617 2441 3672 Haec
2472 3617 2653 3689 igitur
2684 3617 2953 3673 universa
2981 3634 3115 3673 cum
3148 3622 3367 3687 nosset,
3408 3616 3673 3673 libertate
3701 3614 3955 3689 prophe-

498 3714 503 3717 ’
562 3704 731 3763 nulla
760 3706 1080 3772 subvertet,
1114 3705 1422 3760 fundatum
1476 3720 1654 3776 supra
1691 3708 1936 3777 petram,
1970 3720 2073 3776 per
2101 3703 2207 3760 Do-
2313 3705 2428 3761 tica
2455 3705 2736 3778 corripuit
2751 3705 3119 3777 Herodem,et
3140 3707 3394 3763 incestas
3425 3707 3659 3779 nuptias
3675 3705 3949 3779 arguit,“

567 3794 813 3859 minum‘
830 3800 1097 3851 nostrum
1128 3795 1332 3849 Jesum
1362 3793 1679 3864 Christum,
1703 3793 1797 3849 cui
1827 3796 1915 3850 est
1942 3793 2127 3866 gloria
2150 3797 2210 3849 et
2317 3796 2390 3850 ob
2425 3796 2481 3851 id
2515 3794 2753 3851 clausus
2780 3796 2836 3850 in
2871 3813 3118 3868 carcere,
3153 3814 3267 3852 non
3300 3797 3369 3852 de
3401 3801 3590 3853 morte
3649 3795 3957 3863 sollicitus.

561 3882 878 3959 imperium
909 3884 968 3940 in
996 3882 1204 3940 saacula
1226 3882 1591 3939 seculorum.
1620 3889 1828 3939 Amen.
1908 3955 1921 3965 ο
2319 3901 2436 3941 non
2486 3884 2557 3942 de
2580 3884 2800 3940 incerto
2813 3885 3044 3956 judicii,
3069 3887 3169 3942 sed
3195 3886 3251 3941 in
3300 3886 3548 3943 vinculis
3595 3886 3666 3942 de
3711 3886 3964 3960 Christo,

1098 4007 1398 4067 HOMILIA
1456 4006 1673 4064 XXVII.
2320 3990 2499 4067 quem,
2528 3975 2995 4045 annuntiaverat,
3047 3976 3373 4067 cogitabat.
3536 3976 3674 4047 quia
3715 3975 3842 4067 ipse
3885 3976 3958 4067 ad

567 4102 645 4160 De
670 4116 730 4157 eo
761 4100 904 4172 quod
937 4063 1320 4172 scriptum
1343 4063 1429 4154 7«
1488 4063 1671 4155 Multa,
1715 4099 1935 4172 quidem
1989 4104 2040 4157 et
2096 4101 2212 4156 alia
2315 4081 2454 4172 eum
2488 4064 2570 4172 ir:
2600 4080 2714 4119 non
2747 4068 2991 4172 poterat,
3025 4065 3205 4119 mittit
3233 4063 3552 4172 discipulos
3583 4063 3959 4172 suos‘scisci:

636 4154 930 4230 άῆἠάᾖδ
944 4154 1343 4228 inﬂammat.
1386 4194 1413 4222 ,,
1444 4188 1614 4242 usque
1642 4154 1866 4227 αάέιληί
1896 4154 2076 4229 1,6,,"
2100 4154 2211 4228 ibi
2310 4154 2603 4211 tanteszTu
2632 4169 2685 4209 es
2717 4155 2813 4224 qui
2844 4157 3105 4210 venturus
3141 4170 3299 4223 es,an
3324 4155 3506 4211 alium
3534 4157 3910 4226 exspectamus
3934 4157 3963 4213 ἵ

634 4248 715 4376 Et!
744 4261 765 4301 :
815 4269 843 4296 ‹‹
900 4244 1137 4317 Spiritus
1184 4252 1405 4301 sanctus
1451 4242 1728 4300 descendit
1771 4258 1936 4315 super
1979 4260 2127 4300 eum.
2177 4266 2206 4301 n

681 4334 774 4376 an.
810 4333 894 4374 ιιι.

681 4334 774 4392 ap.
810 4333 894 4374 ιιι.

637 4424 747 4491 Qui
780 4422 1075 4496 Evangelii
1106 4436 1436 4479 sermonem
1467 4419 1656 4493 docet,
1692 4436 1805 4478 uon
1855 4438 2033 4479 unam
2084 4438 2210 4480 rem

566 4512 821 4582 nuntiat,
852 4512 955 4569 sed
985 4511 1290 4585 plurimas.
1327 4511 1439 4566 Hoc
1470 4510 1686 4583 quippe
1710 4509 1977 4584 Sriptura
2024 4511 2211 4586 signi-

637 4654 750 4712 “'I
782 4655 911 4713 Cor.
947 4672 999 4727 ι,
1032 4655 1086 4710 4.
1120 4655 1162 4690 ¹⁸
1192 4654 1362 4712 Joan.
1393 4671 1488 4710 xxx
1516 4655 1605 4711 25.
1639 4655 1683 4692 ¹⁶
1715 4655 1920 4712 Matth.
1952 4673 2029 4728 ιιι,
2062 4657 2145 4714 11.

562 4798 864 4888 πειραειεὸς
902 4796 1079 4887 ναῦτὸξ
1131 4794 1396 4888 tangimus
1441 4798 1683 4888 morbii;
1719 4801 1809 4854 καὶ
1869 4797 2203 4888 ὑπομονῃτι-
2234 4799 2281 4867 D

563 4866 681 4948 udv',
713 4866 838 4928 ἀλλ’
863 4866 1026 4948 ptisana
1061 4866 1562 4948 §v_au':qi_136vupiv
1616 4866 2026 4948 ὑπρμονητικὴν
2079 4866 2204 4948 ἐφα-

563 4942 1018 5021 γέρωσςνηοαρὶο
1049 4944 1218 5021 igitur
1246 4942 1426 5021 videre
1473 4942 1737 5015 quomodo
1764 4947 2026 5021 Dominus
2056 4942 2204 5021 meus

544 5016 711 5089 ‘Jesus
740 5016 899 5072 habet
926 5016 1314 5089 ventilabrum,
1373 5018 1425 5089 et
1482 5032 1584 5087 quo
1644 5022 1825 5089 uento,
1855 5019 2025 5088 ﬂante
2054 5018 2207 5089 (nam

545 5088 658 5147 'ubi
682 5105 800 5145 non
845 5089 943 5160 ﬁat
971 5097 1183 5160 ventus,
1230 5087 1425 5141 inutile
1481 5092 1557 5142 est
1603 5087 1988 5155 ventilabrum)
2040 5087 2206 5160 palea

560 5161 781 5235 quidem
808 5159 1061 5231 rapiatur
1106 5159 1180 5235 ad
1209 5160 1494 5235 praprium
1524 5160 1749 5235 locum,
1807 5159 2053 5235 triticum
2081 5176 2206 5216 vero

546 5230 781 5292 uentum
826 5230 1094 5303 superans
1141 5230 1421 5303 deferatur
1461 5231 1534 5287 ad
1580 5247 1759 5287 suum.
1807 5232 1880 5287 Ac
1919 5232 2041 5288 vide
2069 5249 2206 5287 num

556 5309 704 5379 [arte
735 5301 1061 5379 tentationes
1107 5318 1228 5375 quae
1272 5301 1461 5379 paleas
1503 5306 1812 5379 segregant,
1863 5311 2047 5379 ventus
2096 5305 2207 5379 sint

556 5375 659 5450 qui
707 5378 957 5433 triticum
1011 5389 1135 5450 uere
1190 5375 1438 5450 triticum
1489 5390 1602 5429 esse
1657 5375 2062 5450 demmtstrant.
2088 5375 2205 5431 Non

559 5446 709 5504 enim
756 5453 965 5511 ventus,
1019 5446 1077 5501 id
1123 5450 1199 5502 est
1240 5447 1489 5514 tentatio,
1542 5462 1665 5500 cum
1719 5447 1959 5517 aliquem
2006 5448 2203 5516 vincit,

554 5520 789 5593 paleam
804 5521 987 5590 ipsum
1014 5517 1340 5593 efﬁcit,_lwc_'
1364 5520 1462 5593 est,
1496 5517 1747 5593 levem_et
1774 5518 2076 5588 inﬁdelem,
2112 5517 2205 5574 sed

544 5589 684 5646 eum
712 5589 881 5661 talem
915 5605 1029 5647 esse
1058 5591 1264 5659 arguit.
1300 5589 1364 5661 Et
1392 5590 1444 5661 si
1455 5660 1461 5661 ί
1498 5590 1849 5661 tentationem
1878 5592 1998 5661 quis
2037 5593 2204 5646 susti-

558 5670 654 5719 net
698 5660 810 5716 non
864 5677 986 5718 cum
1051 5664 1280 5718 tentatio
1329 5660 1569 5731 ﬁdelem-
1593 5660 1722 5731 fecit
1770 5664 1821 5718 et
1868 5660 2205 5719 tolerantem

558 5734 653 5816 sed
680 5732 940 5792 latentem
968 5735 1032 5793 in
1054 5734 1153 5792 illo
1179 5733 1475 5810 patientia
1504 5734 1763 5793 virtutem
1802 5736 2201 5816 mani/citavit.

554 5810 802 5887 Romae.

2306 4242 2773 4313 Animadvertis,
2806 4244 2959 4315 quod
2992 4248 3048 4299 et
3076 4244 3135 4301 in
3158 4260 3387 4300 carcere
3417 4243 3697 4315 docuerit,
3750 4242 3959 4301 videns

2318 4349 2453 4390 eum
2478 4336 2536 4387 et
2563 4332 2619 4387 in
2653 4330 2752 4387 illo
2782 4330 2907 4387 loco
2955 4331 3279 4406 discipulos
3326 4332 3561 4402 habere,
3597 4336 3656 4389 et
3684 4348 3862 4405 quam
3885 4333 3959 4390 ob

2319 4439 2559 4479 causam
2591 4421 2807 4478 ibidem
2841 4438 2945 4495 per
2975 4439 3034 4479 se
3064 4424 3385 4480 erudiebat.
3420 4423 3578 4479 Inter
3624 4439 3749 4496 quae
3781 4421 3959 4478 etiam

2318 4528 2453 4569 cum
2487 4512 2557 4569 de
2584 4512 2724 4568 Jcsu
2755 4516 2881 4569 orta
2907 4516 3061 4569 esset
3078 4511 3530 4585 qnastio,mittit
3557 4528 3624 4569 ex
3656 4509 3961 4585 discipulis

2383 4799 2494 4873 (75)
2526 4801 2753 4857 Eaedem
2812 4798 3037 4873 schedia
3102 4815 3113 4857 :
3168 4800 3336 4873 Οὗτος
3394 4798 3727 4873 παρανόμως
3785 4792 3961 4873 ἔγημα

2310 4872 2410 4961 τῂν
2465 4869 2693 4961 γυναῖξια
2720 4875 2816 4925 τοῦ
2863 4869 3100 4961 ᾲδελφρῢ
3150 4871 3311 4926 αὐτοῦ
3359 4869 3502 4946 παρὰ
3544 4869 3961 4961 τὸὲιεΜωϋξὲἁξς

2522 4960 2525 4961 ,
2603 4943 2613 4957 ⁸
2666 4940 2715 4961 ἰ’
2779 4944 2791 4961 ε
3304 4945 3340 4961 νιν
3412 4944 3419 4957 ο

2311 4939 2488 5015 νόμοκί
2516 4960 2527 4973 ⁸
2592 4939 2715 5015 ἀλλ’
2772 4944 2815 5015 ὁ⁸
2859 4939 3241 5012 ἀκατάληπτος
3272 4939 3579 5015 ΔἸωαὶὶρνης,
3642 4943 3689 5015 ὁῗ
3725 4939 3961 5014 μηδενὸς

2314 5009 2607 5091 ττρὁσῳπον
2651 5011 2960 5091 ⁸ὶέριμϐοἱνων
2992 5062 3029 5091 ,_
3067 5009 3126 5069 οὗ
3186 5009 3446 5091 φοϐηθεὶς
3510 5009 3606 5083 ti,»
3671 5009 3959 5091 βᾴσςιλιιιήν

2316 5075 2574 5162 ἐξουσίαν,
2598 5075 2923 5162 ὀὐδὲἦτῖον
2972 5075 3207 5162 στξληρῶν⁸
3254 5075 3597 5162 προφητικῆν
3629 5075 3963 5162 aadd-quiuit,

2313 5146 2512 5234 ἤλεγξε
2552 5146 2649 5234 ,ίεῷν
2697 5146 2944 5234 ᾘρώδηγ
2991 5146 3436 5234 ἐπὶηπαρανβμδίᾴ
3480 5146 3575 5212 toi}
3623 5146 3835 5234 γαεξὸυλ,
3871 5146 3962 5211 καῖ

2313 5228 2661 5307 uereninian
2715 5228 3105 5307 εἰς-φυλακὴν,
3138 5228 3256 5307 καὶ.
3282 5228 3355 5301 μή
3403 5228 3681 5307 μεριμνῶν
3704 5228 3959 5301 θανάτου,

2318 5302 2584 5377 ἐμερὶμνα
2613 5299 2735 5377 περί
2780 5299 3002 5377 Χιὲτοᾷ,
3051 5304 3146 5356 Hic
3180 5299 3413 5377 illicita.
3447 5299 3685 5377 duxerat
3731 5299 3963 5377 uxorem

2312 5369 2504 5447 fratris
2550 5376 2642 5429 sui
2685 5369 2902 5430 'contro
2951 5374 3125 5444 legem
3172 5374 3368 5446 Moysis
3395 5393 3415 5437 ;
3447 5380 3503 5431 at
3543 5376 3776 5431 Joannes
3817 5369 3963 5444 apud

2315 5464 2476 5519 quem
2504 5447 2663 5501 nulla
2693 5455 2811 5500 erat
2836 5449 3071 5516 acceptio
3091 5461 3467 5519 personarum,
3502 5448 3702 5519 quique
3742 5460 3841 5519 nec
3869 5458 3958 5501 rs-

2310 5517 2463 5591 Qiam
2488 5522 2809 5591 potestatem
2836 5517 3249 5591 extimescebat,
3292 5535 3468 5590 neque
3517 5517 3706 5574 minus
3737 5517 3960 5591 libeth

2313 5585 2421 5647 tem
2470 5585 2843 5663 prapheticum
2896 5590 3182 5663 implebat,
3255 5585 3522 5663 corripuit
3585 5588 3853 5645 Herodem

2314 5660 2541 5717 illicitas
2591 5660 2830 5732 nuptias.
2866 5660 2952 5732 MEt
3001 5661 3273 5732 conjectus
3321 5660 3410 5719 est
3465 5664 3525 5717 in
3566 5676 3863 5732 carcerem,
3909 5662 3964 5717 et

2312 5734 2378 5791 de
2396 5741 2572 5791 morte
2616 5730 2760 5788 mhit
2796 5730 3281 5802 sollicitus,'unice
3337 5736 3405 5793 de
3447 5732 3665 5796 Christo
3709 5731 3959 5798 curabat.

2312 5808 2400 5874 ιρ.
