4304 6604
506 514 623 576 303

1764 500 1831 562 S.
1877 499 2189 561 EUSEBll
2235 496 2681 571 HIERONYMI

3802 495 3924 561 304

511 644 748 719 quando
779 641 1188 717 conscendere.
1224 636 1507 695 333-34
1538 634 1645 702 Qui
1674 633 1829 689 enim
1862 633 1995 688 fecit
2026 650 2160 688 eum
2190 634 2246 701 Α
2277 649 2604 689 sermonem
2627 632 2749 688 Dei.
2783 633 3107 705 Congregat
3128 631 3197 686 de
3227 630 3548 703 prephetis,
3582 631 3653 687 de
3683 630 3831 705 lege,
3854 635 3928 691 de

511 733 674 791 ccelis
695 732 800 788 tibi
819 725 1570 799 descendentem,mulieres
1593 740 1708 779 non
1730 721 2041 793 quaslibet,
2056 722 2158 777 sed

510 820 887 896 peccatrices,
910 825 966 874 et
992 835 1139 890 quas
1156 817 1459 888 Scriptura
1486 812 1954 885 reprehenderat,
1977 810 2131 866 intro
2148 840 2160 851 α

513 910 819 982 du'citzqui
851 925 982 964 vero
1015 906 1371 979 baptizatum
1391 906 1605 968 narrat,
1633 900 1853 956 nullius
1877 900 2160 957 facitmu-

511 998 672 1057 lieris
695 998 1074 1054 mentionem.
1092 1000 1153 1050 In
1169 994 1423 1050 Mattheo
1441 993 1597 1048 enim
1615 992 1753 1060 ’3,ut
1773 990 2159 1057 diximus,no-

516 1088 776 1145 minatur
812 1086 1089 1154 Thamar,
1122 1100 1249 1156 quae
1299 1098 1434 1138 cum
1465 1097 1666 1138 socero
1715 1080 1918 1135 fraude
1949 1095 2159 1135 concu-

514 1177 663 1243 buit,
693 1182 752 1232 et
789 1175 943 1230 Ruth
995 1173 1265 1229 Moabitis
1317 1188 1420 1227 nec
1467 1171 1537 1226 de
1588 1185 1797 1241 genere
1844 1168 2023 1225 Israel
2058 1184 2071 1223 :
2105 1172 2162 1224 et

518 1265 699 1333 Raab,
734 1281 861 1336 quis
892 1263 1046 1318 unde
1074 1265 1312 1332 sumpta
1341 1259 1435 1326 sit,
1461 1259 1609 1315 scire
1638 1273 1861 1329 nequeo
1896 1274 1909 1314 :
1944 1262 2001 1313 et
2027 1274 2161 1313 con-

506 1355 620 1425 jux
658 1353 823 1420 Uria,
856 1368 983 1423 quae
1026 1348 1260 1405 violavit
1309 1348 1505 1403 mariti
1556 1352 1771 1403 torum.
1807 1346 1955 1410 Quia
2004 1347 2163 1402 enim

510 1442 790 1499 Dominus
820 1444 1017 1496 noster
1063 1443 1242 1510 atque
1269 1436 1530 1492 Salvator
1560 1434 1632 1492 ad
1665 1434 1774 1490 hoc
1805 1439 2064 1501 venerat,
2099 1439 2164 1489 ut

508 1529 816 1588 hominum
849 1533 1087 1602 peccata
1115 1525 1462 1597 susciperet,
1482 1529 1539 1579 et
1568 1539 1703 1579 eum
1736 1524 1836 1595 qui
1868 1540 1985 1579 non
2015 1524 2161 1578 fece-

510 1624 601 1677 rat
631 1623 957 1692 peccatum,
984 1633 1087 1688 pro
1119 1614 1287 1670 nobis
1320 1616 1625 1686 peccatum
1658 1612 1792 1667 fecit
1814 1616 1967 1668 Deus
1991 1628 2004 1667 :
2032 1628 2163 1683 pro-

514 1699 713 1782 pterea
739 1706 1102 1763 descendens
1129 1703 1186 1758 in
1220 1702 1532 1770 mundum,
1552 1701 1877 1774 assumpsit
1897 1706 2163 1773 peccato-

513 1814 647 1853 rum
678 1796 988 1852 hominum
1018 1792 1476 1864 vitiosorumque
1521 1806 1853 1863 personam,
1887 1796 1945 1846 et
1973 1789 2163 1846 nasci-

514 1885 701 1943 voluit
729 1886 801 1941 de
844 1883 1024 1956 stirpe
1057 1881 1405 1952 Salomonis,
1438 1881 1609 1952 cujus
1655 1884 1889 1952 peccata
1916 1879 2165 1937 conscri-

516 1980 637 2050 pta,
670 1979 726 2031 et
756 1974 1037 2041 Roboam,
1060 1971 1232 2043 cujus
1263 1969 1473 2026 delicta
1501 1970 1789 2039 feruntur,
1812 1974 1869 2025 et
1897 1970 1967 2025 de
1998 1973 2162 2025 οξεῖα-

517 2067 624 2135 ris,
655 2079 685 2121 e
714 2063 931 2136 quibus
964 2060 1133 2117 multi
1174 2060 1435 2116 fecerunt
1482 2058 1705 2115 malum
1756 2059 1815 2113 in
1848 2064 2163 2131 conspectu

515 2155 639 2213 Dei.
682 2153 923 2218 Quando
953 2167 1084 2207 vero
1114 2150 1185 2205 de
1215 2148 1444 2205 laVacro
1473 2147 1829 2215 conscendit,
1863 2152 1921 2204 et
1959 2165 2167 2204 secun-

517 2246 629 2302 dus
660 2244 801 2300 ordo
832 2258 962 2298 esse
982 2239 1354 2309 describitur,
1378 2255 1493 2295 non
1517 2255 1619 2311 per
1648 2237 2041 2306 Salomonem,
2064 2238 2164 2293 sed

517 2351 620 2408 per
650 2331 877 2391 Nathan
909 2330 1188 2400 nascitur,
1214 2328 1315 2400 qui
1346 2327 1475 2399 ejus
1508 2327 1702 2400 arguit
1732 2331 1956 2400 patrem
1990 2342 2167 2400 super

518 2423 667 2480 Uria:
713 2425 897 2478 morte
949 2424 1198 2489 ortuque
1246 2415 1597 2473 Salomonis.
1630 2416 1736 2472 Sed
1787 2415 1846 2471 in
1892 2416 2164 2472 Matthaao

518 2528 750 2584 semper
778 2507 1170 2582 generationis
1221 2522 1433 2562 nomen
1485 2506 1829 2579 adjungitur
1862 2522 1875 2560 :
1909 2505 2003 2561 hic
2032 2522 2165 2561 vero

515 2601 753 2676 penitus
783 2598 1022 2656 siletur:
1049 2596 1341 2668 Scriptum
1380 2599 1470 2650 est
1496 2594 1652 2650 enim
1677 2593 1758 2650 ibi
1778 2595 1858 2649 ’δε
1893 2594 2167 2649 Abraham

514 2689 706 2759 genuit
737 2688 910 2753 Isaac,
946 2686 1100 2740 Isaac
1127 2683 1319 2753 genuit
1345 2682 1527 2754 Iacob,
1559 2682 1719 2737 Iacob
1747 2684 1939 2751 genuit
1964 2683 2165 2739 Iudam

512 2787 565 2836 et
602 2779 806 2851 fratres
847 2776 985 2847 ejus,
1033 2772 1208 2831 Iudas
1265 2774 1455 2844 genuit
1500 2771 1706 2827 Phares
1756 2775 1809 2827 et
1854 2774 2063 2828 Zaram
2103 2771 2168 2829 de

520 2867 775 2937 Thamar,
808 2869 865 2922 et
895 2880 1081 2936 usque
1129 2863 1201 2919 ad
1253 2863 1449 2933 tinem,
1480 2864 1689 2933 genuit,
1723 2878 1955 2935 semper
1982 2878 2166 2935 appo-

521 2957 700 3014 nitur.
732 2954 794 3010 In
825 2959 980 3009 Luca
1009 2969 1161 3021 vero,
1197 2951 1294 3007 ubi
1344 2952 1414 3007 de
1445 2950 1670 3007 lavacro
1701 2951 2040 3007 conscendit
2065 2951 2166 3007 Je-

521 3060 648 3113 sus,
684 3043 837 3099 titius
869 3042 1117 3098 dicitur:
1151 3041 1300 3096 Sicut
1327 3042 1622 3112 putabatur
1650 3042 1803 3111 ﬁlius
1831 3040 2078 3113 Joseph:
2110 3045 2169 3098 et

519 3135 580 3191 in
611 3139 733 3189 tam
765 3132 954 3188 multa
990 3130 1140 3187 serie
1172 3130 1501 3201 nominum,
1532 3134 1770 3201 excepto
1823 3130 1979 3202 quod
2004 3140 2167 3203 puta-

522 3225 685 3281 batur
711 3223 862 3294 ﬁlius
906 3220 1117 3292 Ioseph,
1151 3219 1542 3292 generationis
1590 3236 1800 3275 nomen
1846 3219 2165 3293 ascriptum

522 3330 640 3370 non
670 3317 777 3369 est.
813 3313 876 3367 in
908 3309 1178 3394 Μαιωωο
1210 3325 1324 3365 non
1356 3313 1443 3364 est
1478 3309 1783 3381 scriptum,
1818 3310 2115 3381 incipiebat
2146 3328 2165 3367 :

2270 722 2572 795 apostolis,
2592 723 2765 777 verba
2788 720 3200 777 abundantiae:
3228 722 3381 776 unde
3404 722 3638 792 quando
3656 723 3783 792 jam
3810 741 3926 780 non

2270 812 2608 868 scribuntur
2637 812 2791 877 libri,
2828 828 2928 865 nec
2961 828 3175 865 novum
3227 810 3460 883 aliquod
3494 812 3808 868 coniicitur
3837 813 3930 870 in-

2272 905 2689 968 strumentum,
2715 917 2817 955 nec
2849 899 3163 955 mittuntur
3185 900 3255 954 ab
3290 899 3567 972 apostolis
3594 916 3661 955 ea
3694 918 3822 973 qua:
3856 904 3930 960 ab

2268 994 2405 1046 Jesu
2456 990 2515 1045 in
2566 990 2772 1045 horrea
2819 988 3216 1060 apostolorum
3266 990 3497 1045 fuerant
3541 996 3930 1063 comportata,

2269 1079 2379 1135 hoc
2409 1083 2495 1134 est
2528 1080 2583 1134 in
2618 1078 2845 1134 animas
2878 1096 3100 1147 eorum,
3135 1079 3524 1152 omniumque
3555 1086 3920 1155 sanctorum,

2270 1168 2585 1224 distribuat
2614 1173 2670 1223 et
2702 1172 2923 1223 nutriat
2952 1172 3262 1241 AEgyptum
3290 1170 3442 1224 fame
3472 1168 3928 1241 periclitantem,

2271 1258 2641 1329 maximeque
2692 1258 2917 1325 fratres,
2952 1259 3021 1313 de
3074 1259 3287 1329 quibus
3321 1258 3599 1314 scribitur
3634 1277 3646 1315 :
3682 1259 3929 1317 Narrabo

2269 1364 2470 1403 nomen
2502 1350 2658 1403 tuum
2692 1350 2961 1419 fratribus
3013 1350 3171 1413 meis,
3210 1350 3268 1403 in
3300 1348 3471 1404 medio
3520 1350 3765 1405 Ecclesix
3794 1366 3929 1405 can-

2270 1437 2394 1492 tabo
2423 1441 2474 1492 te
2504 1438 2567 1491 ²⁶.
2602 1436 2831 1492 Habent
2860 1441 2917 1491 et
2946 1435 3044 1492 alii
3076 1436 3347 1493 homines
3374 1439 3551 1493 verba
3582 1439 3876 1511 patientiae
3911 1457 3928 1498 :

2269 1526 2564 1598 verbaque
2610 1526 2815 1595 judicii
2850 1531 2905 1580 et
2956 1525 3315 1597 reliquarum
3368 1527 3543 1582 verba
3589 1527 3924 1585 virtutum:

2272 1613 2380 1670 hoc
2413 1620 2501 1669 est
2531 1615 2789 1669 triticum
2841 1615 2996 1686 quod
3031 1614 3245 1686 Joseph
3279 1615 3559 1687 rEgyptiis
3606 1616 3928 1673 distribuit.

2273 1703 2384 1759 Sed
2416 1703 2574 1759 aliud
2597 1708 2685 1759 est
2716 1704 3073 1759 frumentum
3104 1704 3257 1776 quod
3290 1705 3591 1774 fratribus,
3618 1706 3674 1761 id
3708 1710 3816 1778 est,
3840 1706 3930 1761 di-

2274 1792 2516 1865 scipulis
2547 1793 2671 1848 suis
2705 1793 3006 1848 distribuit
3037 1794 3107 1848 de
3136 1794 3364 1849 Jessem
3396 1799 3570 1867 terra,
3610 1795 3680 1852 de
3711 1813 3777 1852 ea
3807 1813 3931 1868 quze

2274 1883 2343 1936 ad
2377 1881 2656 1937 orientem
2688 1882 3206 1953 respicit,triticum
3234 1884 3931 1956 evangelicum,triticum

2275 1970 2682 2042 apostolicum.
2721 1972 2800 2027 De
2831 1971 2940 2027 hoc
2962 1971 3156 2027 tritico
3188 1972 3471 2029 debemus
3503 1990 3683 2046 panes
3716 1975 3927 2043 facere,

2275 2061 2356 2116 ita
2386 2065 2581 2115 tamen
2616 2064 2679 2116 ut
2726 2078 2841 2116 non
2883 2061 3335 2117 commisceatur
3384 2063 3559 2117 veteri
3617 2063 3927 2132 fermento,

2275 2149 2718 2221 habeamusque
2750 2166 2959 2221 panem
2993 2167 3207 2205 novum
3252 2151 3323 2206 de
3354 2151 3789 2221 Scripturarum
3820 2146 3928 2208 tri-

2274 2238 2410 2306 tico,
2442 2238 2808 2311 farinamque
2840 2238 3242 2295 commolitam
3288 2240 3347 2295 in
3380 2240 3607 2297 Christo
3637 2241 3798 2308 Jesu,
3833 2239 3929 2297 cui

2275 2332 2363 2384 est
2392 2326 2579 2401 gloria
2599 2333 2655 2384 et
2677 2328 2987 2399 imperium
3012 2328 3070 2382 in
3096 2328 3307 2385 sazcula
3332 2328 3939 2387 saeculorum.Amen.'

2666 2437 2814 2492 335
2830 2437 2954 2490 ~36
2996 2436 3295 2491 HOMILIA
3334 2436 3524 2493 XXIX.

2273 2526 2349 2580 De
2375 2541 2433 2599 eo
2466 2525 2604 2597 quod
2652 2528 2915 2595 scriptum
2946 2529 3024 2580 est
3056 2544 3072 2579 :
3111 2547 3130 2574 ι
3162 2530 3321 2581 Iesus
3369 2536 3550 2582 autem
3578 2527 3773 2599 plenus
3803 2526 3927 2599 Spi-

2345 2598 2459 2651 ritu
2502 2606 2687 2652 sancto
2737 2613 2985 2652 reversus
3032 2601 3159 2653 est:
3192 2620 3219 2647 »
3254 2603 3303 2653 et
3345 2598 3410 2655 de
3460 2598 3764 2656 tentatione
3808 2598 3929 2668 eius

2339 2670 2545 2740 prima.
2580 2669 2718 2741 Cap.
2752 2685 2830 2723 1v.

2346 2774 2586 2838 Quando
2659 2774 2804 2847 legis
2880 2774 3213 2848 Evangelio,
3269 2777 3421 2831 Iesus
3478 2783 3661 2833 autem
3737 2777 3930 2849 plenus

2276 2864 2486 2936 Spiritu
2507 2873 2691 2919 sancto
2712 2881 2956 2920 reversus
2977 2873 3073 2932 est,
3094 2869 3149 2920 et
3170 2863 3229 2919 in
3260 2865 3502 2921 Actibus
3528 2865 3927 2938 apostolorum

2275 2954 2373 3008 ubi
2404 2953 2634 3021 dicitur,
2668 2954 2820 3025 quod
2854 2952 3056 3027 repleti
3115 2954 3331 3009 fuerint
3361 2955 3583 3027 Spiritu
3626 2959 3827 3013 sancto
3860 2957 3927 3028 ’7,

2273 3044 2403 3100 vide
2434 3061 2505 3099 ne
2550 3043 2799 3115 aequales
2852 3050 3020 3116 putes
3073 3060 3200 3099 esse
3256 3044 3550 3116 apostolos
3582 3044 3868 3102 Salvatori
3910 3061 3925 3102 :

2276 3134 2374 3189 sed
2409 3138 2466 3189 et
2495 3133 2719 3204 Jesum,
2752 3132 3066 3205 apostolos,
3100 3139 3158 3189 et
3206 3132 3385 3189 alium
3434 3133 3755 3205 quemlibet
3783 3151 3930 3192 san-

2276 3228 2498 3277 ctorum
2532 3222 2735 3295 plenos
2774 3221 2993 3294 Spiritu
3046 3227 3247 3278 sancto
3280 3239 3565 3295 cognosce
3595 3224 3925 3281 secundum

2276 3329 2612 3369 mensuram
2652 3311 2871 3369 vasculi
2902 3311 2991 3368 sui
3037 3317 3130 3382 {et
3181 3314 3493 3384 quomodo,
3525 3314 3684 3370 verbi
3717 3314 3930 3387 gratia,

524 3403 619 3459 hic
668 3418 824 3468 vero,
857 3387 994 3473 quia
1041 3400 1111 3455 de
1142 3398 1492 3470 baptismate
1540 3414 1969 3455 conscensurus
2017 3403 2161 3469 erat,
2194 3387 2237 3454 Ο
2273 3403 2320 3458 si
2362 3402 2612 3459 volueris
2660 3402 2870 3471 dicere,
2905 3402 3027 3457 hazc
3073 3419 3212 3458 vasa
3267 3402 3437 3475 plena
3485 3408 3626 3460 sunt
3657 3404 3788 3461 vino
3835 3401 3925 3461 vel

519 3493 816 3565 incipiebat
847 3489 1079 3561 legitur,
1112 3487 1407 3560 Scriptura
1452 3488 1734 3543 referente
1768 3506 1781 3544 :
1816 3491 1881 3544 Et
1909 3491 2020 3560 ipse
2049 3493 2170 3546 erat

517 3584 671 3639 Iesus
725 3581 1014 3653 incipiens.
1074 3577 1314 3642 Quando
1364 3575 1519 3633 enim
1580 3577 1906 3650 baptizatus
1953 3584 2063 3648 est,
2113 3583 2171 3636 et

520 3670 866 3745 mysterium
898 3670 1171 3724 secundas
1200 3667 1593 3739 generationis
1624 3668 1972 3740 assumpsit,
2005 3672 2070 3724 ut
2100 3673 2166 3724 tu

520 3776 752 3834 quoque
780 3758 1031 3831 priorem
1054 3756 1409 3811 nativitatem
1435 3756 1722 3824 destruas,
1744 3761 1801 3812 et
1829 3757 1889 3811 in
1912 3758 2169 3814 secunda

523 3847 960 3922 regeneratione
1009 3844 1293 3910 nasceris,
1326 3849 1464 3900 tunc
1497 3844 1711 3901 dicitur
1758 3845 2065 3919 incepisse.
2099 3851 2168 3904 Et

523 3938 818 4012 quomodo
840 3930 1090 4009 populus
1116 3934 1474 4002 Iudaeorum,
1498 3934 1734 4007 quando
1754 3939 1879 3991 erat
1906 3935 1965 3991 in
1996 3936 2165 4009 [Egy-

526 4033 648 4103 pto,
682 4043 797 4083 non
837 4024 1089 4082 habebat
1111 4023 1345 4079 initium
1379 4022 1671 4080 mensium
1708 4040 1722 4080 :
1755 4025 1991 4097 quando
2035 4043 2169 4084 vero

520 4133 794 4191 egressus
841 4132 911 4172 ex
954 4116 1216 4189 zEgypto,
1260 4118 1401 4170 tunc
1447 4114 1545 4183 [αἱ.
1597 4117 1774 4185 nunc]
1826 4114 2043 4171 dicitur
2090 4116 2164 4172 ad

518 4223 652 4265 eum
713 4207 756 4241 ³⁵
816 4224 828 4262 :
889 4205 1085 4261 Mensis
1158 4206 1261 4260 iste
1311 4204 1537 4259 initium
1603 4204 1878 4259 mensium
1950 4206 2166 4274 primus

520 4301 626 4355 erit
674 4297 819 4354 vobis
864 4296 930 4352 de
976 4293 1250 4351 mensibus
1294 4295 1477 4348 anni:
1512 4291 1595 4348 sic
1643 4292 1745 4363 qui
1798 4293 2055 4349 necdum
2077 4298 2169 4351 est

513 4387 864 4458 baptizatus,
897 4401 1003 4441 nec
1033 4383 1277 4455 coepisse
1305 4386 1592 4437 narratur.
1614 4380 1728 4436 Nec
1759 4381 1916 4437 enim
1948 4382 2168 4439 frustra

517 4475 784 4532 additum
818 4478 1091 4546 putemus
1115 4472 1185 4527 ad
1216 4470 1273 4525 id
1298 4469 1453 4542 quod
1488 4468 1705 4524 dicitur
1736 4487 1749 4527 :
1783 4471 1900 4542 Ipse
1929 4475 2050 4527 erat
2078 4474 2165 4530 Je-

513 4581 630 4631 sus,
679 4563 834 4636 quod
883 4561 1167 4634 sequitur,
1221 4560 1512 4630 incipiens.
1563 4559 1670 4615 Sed
1719 4563 1777 4615 et
1824 4562 1978 4633 quod
2034 4562 2161 4619 ait:

515 4655 693 4726 Quasi
718 4667 991 4708 annorum
1019 4652 1270 4721 triginta,
1290 4648 1802 4705 considerandum.
1825 4650 2043 4725 Joseph
2065 4653 2165 4708 tri-

2279 3491 2426 3559 oleo,
2445 3510 2559 3548 non
2587 3492 3030 3563 statimjudicas
3048 3492 3201 3563 quod
3226 3492 3434 3564 aequali
3458 3509 3734 3550 mensura
3754 3492 3929 3567 plena

2279 3582 2397 3637 sint
2418 3582 2730 3655 (siquidem
2756 3580 2914 3637 aliud
2947 3582 3263 3637 sextarium
3288 3599 3493 3655 capere
3523 3588 3732 3655 potest,
3764 3580 3925 3640 aliud

2281 3688 2512 3740 urnam,
2542 3670 2699 3727 aliud
2732 3670 3120 3743 amphoram),
3154 3671 3357 3727 eodem
3391 3673 3563 3729 modo
3585 3676 3641 3728 et
3667 3670 3839 3728 Jesus
3868 3675 3927 3728 et

2278 3760 2494 3816 Paulus
2525 3760 2680 3832 pleni
2732 3765 2898 3815 erant
2942 3760 3161 3832 Spiritu
3195 3765 3395 3817 sancto
3431 3780 3443 3817 :
3477 3762 3577 3817 sed
3608 3761 3790 3817 multo
3821 3777 3924 3818 vas

2279 3848 2436 3905 Pauli
2464 3849 2660 3905 minus
2682 3854 2805 3906 erat
2829 3867 2960 3905 vase
2978 3853 3136 3922 Jesu,
3160 3855 3215 3906 et
3236 3854 3432 3907 tamen
3454 3856 3579 3907 erat
3598 3851 3924 3908 secundum

2277 3953 2617 3995 mensuram
2640 3956 2807 3994 suam
2836 3939 3928 4013 utrumquecompletum.Acceptoita-

2278 4044 2392 4099 que
2422 4029 2736 4100 baptismo,
2770 4028 3030 4085 Salvator
3071 4028 3279 4101 plenus
3310 4028 3526 4102 Spiritu
3560 4036 3785 4098 sancto,
3821 4028 3925 4102 qui

2277 4133 2455 4189 super
2486 4134 2641 4172 eum,
2672 4118 2729 4172 in
2782 4118 2973 4189 specie
3021 4118 3307 4173 columbae
3358 4118 3429 4173 de
3460 4116 3617 4173 caelis
3667 4121 3926 4186 venerat,

2278 4207 2599 4262 ducebatur
2665 4224 2699 4262 a
2775 4207 3008 4278 spiritu.
3071 4208 3209 4275 Quia
3266 4208 3415 4263 enim
3490 4215 3748 4280 quotquot
3802 4206 3926 4280 Spi-

2275 4299 2391 4351 ritu
2422 4297 2521 4351 Dei
2565 4296 2857 4365 ducuntur,
2891 4296 2951 4351 hi
3001 4296 3110 4366 [itii
3155 4305 3283 4352 sunt
3323 4298 3422 4352 Dei
3453 4297 3532 4365 ’3;
3567 4296 3676 4353 iste
3727 4301 3923 4353 autem

2276 4390 2435 4441 extra
2466 4401 2669 4442 omnes
2694 4386 2922 4459 proprie
2965 4385 3141 4442 Filius
3180 4386 3278 4441 Dei
3302 4390 3447 4454 erat,
3477 4386 3605 4442 ideo
3639 4391 3696 4443 et
3724 4386 3920 4459 ipsum

2276 4475 2577 4548 oportebat
2616 4476 2832 4547 Spiritu
2882 4480 3083 4531 sancto
3111 4475 3264 4531 duci.
3300 4476 3601 4547 Siquidem
3634 4476 3919 4548 scriptum

2274 4572 2364 4623 est
2397 4582 2409 4620 :
2444 4566 2762 4621 Ducebatur
2798 4574 2982 4620 autem
3030 4566 3089 4619 in
3119 4564 3390 4619 desertum
3437 4582 3470 4620 α
3515 4566 3734 4637 spiritu.
3768 4566 3923 4630 Qua-

2275 4655 2545 4727 draginta
2575 4654 2782 4709 diebus
2808 4658 3067 4709 tentatur
3093 4653 3285 4722 Jesus,
3318 4657 3375 4708 et
3406 4671 3534 4726 quae
3567 4652 3782 4709 fuerint
3801 4657 3926 4710 ten-

515 4745 679 4817 ginta
709 4757 995 4798 annorum
1028 4743 1170 4807 erat,
1196 4738 1428 4811 quando
1458 4739 1741 4795 dimissus
1763 4756 1793 4795 e
1814 4741 2085 4810 vinculis,
2107 4748 2166 4800 et
2209 4747 2531 4830 Dtamenta
2555 4743 2855 4799 nescimus
2891 4760 2903 4797 :
2937 4760 3061 4815 quae
3093 4743 3220 4798 ideo
3254 4742 3497 4799 forsitan
3529 4743 3924 4815 praetermissa

508 4835 929 4906 interpretatus
959 4828 1253 4886 somnium
1289 4827 1629 4897 Pharaonis,
1662 4829 1889 4903 [Egypti
1920 4832 2162 4891 effectus
2209 4827 2236 4830 ’ν
2273 4838 2430 4901 sunt,
2463 4835 2601 4905 quia
2632 4834 2854 4904 majora
2884 4837 3050 4888 erant
3071 4850 3246 4904 quam
3282 4837 3347 4887 ut
3379 4832 3588 4889 litteris
3618 4833 3923 4889 crederen-

510 4929 602 4980 est
620 4922 914 4996 princeps,
937 4920 1340 4991 ubertatisque
1360 4923 1620 4991 tempore
1646 4919 1902 4975 triticum
1927 4938 2163 4994 congre-

508 5014 686 5089 gavit,
718 5017 784 5067 ut
813 5010 986 5066 famis
1015 5013 1275 5081 tempore
1304 5009 1544 5064 haberet
1574 5009 1727 5081 quod
1759 5009 2156 5068 distribueret.

506 5105 626 5178 Ego
657 5108 798 5177 puto
838 5100 993 5172 quod
1023 5099 1261 5171 triginta
1289 5097 1425 5153 anni
1446 5098 1658 5170 Joseph
1683 5099 1740 5152 in
1763 5102 1899 5170 typo
1920 5100 2161 5173 triginta

494 5182 795 5252 annorum
820 5187 1222 5264 praecesserint
1250 5186 1584 5244 Salvatoris.
1610 5191 1727 5243 Iste
1752 5189 1908 5243 enim
1938 5190 2156 5263 Joseph

494 5266 618 5342 non
649 5282 765 5340 tale
797 5279 1060 5337 triticum
1090 5277 1479 5351 congregavit,
1514 5274 1686 5348 quale
1712 5276 1771 5332 in
1793 5282 2029 5352 Egypto
2059 5279 2157 5337 ille

493 5372 736 5446 Joseph,
758 5372 860 5428 sed
892 5370 1158 5425 triticum
1180 5384 1404 5435 verum,
1430 5371 1607 5437 atque
1636 5365 1889 5435 cceleste,
1921 5374 1988 5423 ut
2010 5373 2153 5425 tem-

501 5478 640 5536 pore
670 5460 954 5517 ubertatis
985 5458 1177 5514 tritico
1197 5460 1545 5529 congregato
1579 5455 1817 5511 haberet
1848 5459 2000 5529 quod
2034 5459 2153 5516 dis.

488 5540 800 5616 tribueret,
824 5566 958 5605 cum
989 5548 1174 5606 fames
1199 5556 1353 5603 esset
1370 5545 1553 5601 missa
1581 5543 1642 5599 in
1674 5545 2002 5619 Egyptum,
2036 5566 2151 5605 non

509 5642 697 5697 fames
726 5624 917 5711 panis,
948 5655 1136 5711 neque
1165 5637 1294 5694 sitis
1324 5650 1510 5709 aqua,
1530 5634 1629 5691 sed
1662 5634 1845 5691 fames
1875 5636 2153 5694 audiendi

2270 4928 2385 4980 tur.
2420 4925 2486 4978 Et
2523 4923 2572 4978 si
2605 4924 2687 4978 sic
2717 4928 2943 4995 Oportet
2992 4922 3202 4991 dicere,
3237 4924 3390 4977 sicut
3422 4922 3681 4977 mundus
3713 4936 3922 4995 capere

2271 5031 2385 5069 non
2418 5018 2643 5085 poterat
2682 5029 2884 5069 omnes
2933 5011 3137 5081 libros,
3171 5012 3217 5067 si
3247 5012 3464 5085 scripta
3512 5011 3766 5066 fuissent
3792 5028 3921 5083 qua)

2269 5103 2405 5158 fecit
2434 5108 2492 5158 et
2512 5103 2900 5158 docuitJesus
2922 5119 2934 5155 :
2956 5102 3039 5156 sic
3069 5102 3457 5173 quadraginta
3483 5099 3710 5155 dierum
3737 5106 3923 5157 tenta-

2266 5192 2453 5248 tiones
2485 5193 2700 5264 quibus
2725 5196 2983 5247 tentatus
3004 5196 3091 5245 est
3116 5192 3445 5246 Dominusa
3468 5189 3721 5257 diabolo,
3740 5207 3915 5246 mun-

2266 5282 2376 5338 dus
2407 5283 2555 5337 ferre
2586 5298 2699 5336 non
2728 5284 2973 5352 poterat,
2999 5280 3046 5334 si
3071 5279 3372 5351 Scriptura
3398 5278 3713 5335 docuisset.
3738 5279 3914 5335 Sufti-

2264 5372 2343 5428 cit
2368 5370 2535 5429 nobis
2556 5370 2667 5425 hoc
2690 5374 2913 5424 tantum
2942 5368 3276 5438 scirc,quod
3302 5367 3692 5441 quadraginta
3710 5368 3918 5425 diebus

2262 5460 2322 5516 in
2354 5461 2582 5515 deserto
2632 5457 2826 5524 fuerit,
2860 5461 2917 5511 et
2966 5457 3300 5511 tentahatur
3331 5473 3365 5512 a
3413 5456 3664 5528 diabolo,
3696 5461 3753 5513 et
3799 5474 3915 5514 non

2262 5546 2581 5605 comederit
2633 5546 2954 5618 quidquam
3002 5544 3059 5599 in
3109 5544 3318 5601 diebus
3349 5545 3485 5602 illis.
3530 5546 3917 5603 Mortiﬁcabat

2262 5637 2418 5695 enim
2451 5651 2691 5691 sensum
2733 5633 2928 5689 carnis
2968 5633 3099 5706 jugi
3130 5634 3524 5708 continuoque
3548 5630 3775 5707 jejunio
3811 5651 3824 5693 :
3858 5639 3917 5695 et

560 5861 606 5903 ³³
637 5858 773 5939 Cap.
805 5878 846 5933 ι,
881 5860 935 5922 3.
983 5861 1031 5898 ¹⁴
1054 5855 1261 5921 Matth.
1295 5840 1345 5931 1,.
1363 5856 1419 5931 2,
1472 5855 1525 5919 3.
1580 5854 1624 5894 ⁸⁸
1655 5855 1832 5917 Exod.
1866 5871 1969 5933 xu,
2000 5856 2055 5913 2.
2104 5854 2149 5894 ³⁸

2272 5849 2341 5915 al.
2374 5867 2493 5926 xxx,
2522 5851 2616 5913 23.
2674 5828 2716 5889 ξπ
2745 5852 2867 5921 Act.
2902 5869 2966 5932 υ,
2997 5853 3029 5915 4
3085 5855 3127 5894 is
3158 5854 3325 5935 pom.
3357 5850 3602 5935 vrtuti.
