4304 6578
456 388 570 459 8H

1723 393 1790 456 S.
1835 385 2149 457 EUSEBII
2192 384 2639 452 HlERONYMI

3748 380 3867 447 313

461 537 520 593 et
545 529 966 609 interpretatur
994 532 1139 591 illud
1174 534 1247 592 de
1265 534 1515 608 Christo,
1537 535 1692 608 quod
1718 551 1832 591 nun
1855 535 1927 591 de
1948 533 2106 591 Chri-
2134 524 2193 593 Α
2220 531 2565 602 potestatem
2624 523 3005 584 conculcandi
3034 527 3111 592 te,
3161 527 3220 583 et
3266 523 3462 583 datam
3514 522 3684 582 nobis
3711 523 3867 583 hanc

463 630 574 697 sto,
605 624 708 683 sed
738 625 811 682 de
842 623 1063 681 sanctis
1094 624 1446 698 generaliter
1464 626 1748 699 scriptum
1773 630 1879 682 est.
1906 624 2111 680 Libera

465 714 686 790 quippe
709 719 767 771 et
787 718 914 771 tota
932 714 1285 771 conﬁdentia
1306 716 1638 772 contradico
1660 713 1913 786 diabolo,
1938 730 2115 787 super

465 804 681 862 Christi
713 821 965 877 persona
981 804 1092 861 hoc
1114 822 1229 861 non
1257 822 1427 879 posse
1447 805 1713 879 intelligi.
1739 806 1935 877 Neque
1956 802 2112 860 enim

464 880 694 970 indiget
722 894 1064 969 angelorum
1116 894 1353 963 auxilio,
1399 896 1496 968 qui
1548 896 1738 967 major
1781 893 2025 967 angelis,
2059 896 2116 948 et

469 985 683 1042 melius
719 983 865 1058 ipsis
921 985 1318 1041 haereditatem
1364 989 1713 1041 consecutus
1764 988 1822 1040 et
1875 998 2112 1039 nomen.

468 1073 623 1132 Nulli
651 1073 993 1148 angelorum
1026 1091 1283 1146 unquam
1328 1074 1470 1130 dixit
1498 1079 1684 1130 Deus:
1736 1075 1918 1131 Filius
1962 1088 2115 1128 meus

470 1180 526 1223 es
556 1167 638 1230 tu,
667 1180 765 1237 ego
790 1164 949 1220 hodie
974 1165 1141 1235 genui
1169 1172 1222 1219 te
1249 1164 1339 1219 ³⁸2
1365 1165 1447 1219 Ad
1474 1163 1699 1219 nullum
1722 1179 1921 1218 eorum
1945 1160 2115 1233 quasi

470 1254 544 1310 ad
578 1253 789 1311 Filium
818 1252 1088 1309 locutus:
1123 1254 1234 1322 Qui
1275 1256 1416 1325 facit
1448 1253 1671 1322 angelos
1697 1269 1822 1308 suos
1866 1253 2114 1323 spiritus,

469 1347 525 1403 et
550 1345 831 1400 ministros
857 1359 981 1399 suos
1009 1344 1196 1412 ignem
1224 1351 1478 1398 urentem
1506 1343 1579 1409 ³⁸;
1631 1343 1732 1399 sed
1783 1343 1856 1398 ad
1902 1340 2116 1398 Filium

471 1432 703 1506 proprie
724 1433 1005 1497 suum,de
1025 1448 1139 1504 quo
1160 1431 1613 1488 innumerabilia
1629 1430 1890 1502 loquitur
1910 1431 1968 1486 in
1992 1447 2120 1502 pro-

472 1521 683 1595 phetis.
708 1522 830 1578 Non
865 1521 1110 1595 indiget,
1138 1520 1406 1591 inquam,
1431 1519 1770 1593 angelorum
1796 1519 2010 1576 auxilio
2026 1519 2115 1575 Fi-

471 1610 587 1669 lius
617 1610 740 1667 Dei.
776 1610 926 1676 Quin
958 1609 1157 1681 potius
1188 1610 1367 1678 disce,
1409 1609 1659 1674 diabole,
1688 1610 1844 1681 quod
1878 1608 1992 1665 nisi
2020 1608 2116 1665 Je-

472 1718 576 1757 eus
596 1699 884 1772 adjuverit
908 1698 1149 1772 angelos
1179 1700 1311 1770 (86),
1356 1699 1652 1755 otl‘endent
1683 1700 1886 1771 pedem
1920 1715 2117 1756 suum.

470 1790 544 1847 Et
574 1788 624 1845 si
655 1788 789 1861 quis
815 1786 1159 1861 angelorum
1181 1788 1343 1846 visus
1364 1793 1454 1844 est
1476 1789 1786 1854 offendere,
1812 1789 1883 1845 de
1905 1788 2121 1861 quibus

474 1878 700 1970 dgdum
718 1877 937 1970 lectum
959 1881 1069 1945 est,
1091 1878 1224 1949 quia
1241 1879 1471 1970 angelos
1485 1878 1866 1970 judicabimus
1886 1879 1931 1970 δέ
1956 1894 1969 1932 :
1992 1877 2122 1933 ideo
2150 1904 2198 1970 B

474 1966 737 2037 oﬂendit,
760 1966 902 2038 quia
932 1982 1046 2021 non
1068 1966 1328 2023 extendit
1349 1983 1587 2022 manum
1608 1983 1777 2022 suam
1800 1967 1871 2021 ad
1892 1967 2117 2033 Jesum,

477 2060 545 2113 ut
560 2054 962 2130 apprehensus
980 2055 1052 2111 ab
1076 2072 1142 2111 eo
1161 2072 1273 2111 non
1294 2055 1629 2112 offenderet.
1655 2055 1941 2123 Quoniam
1963 2055 2121 2113 enim

474 2145 535 2203 in
568 2144 802 2218 propria
846 2143 1062 2200 virtute
1105 2144 1426 2212 confidens,
1480 2161 1593 2200 non
1644 2145 1879 2201 invocas
1923 2144 2121 2217 prensi-

475 2233 638 2290 dium
667 2234 824 2302 Jesu,
848 2232 1116 2302 otl‘endis,
1144 2237 1202 2288 et
1231 2233 1464 2290 credere
1492 2232 1551 2289 in
1577 2233 1781 2289 Jesum
1824 2233 2122 2291 Christum

473 2321 687 2380 Filium
718 2320 817 2377 Dei
845 2320 1108 2378 noluisti.
1142 2321 1214 2378 Ut
1243 2326 1436 2378 autem
1470 2321 1621 2378 scias
1654 2322 1806 2394 quod
1853 2320 2004 2377 male
2028 2320 2123 2376 in-

473 2414 831 2483 terpretatus
856 2426 938 2479 es,
971 2413 1028 2465 et
1052 2427 1165 2466 non
1189 2411 1261 2466 de
1289 2410 1540 2476 Christo,
1563 2411 1664 2467 sed
1690 2411 1760 2467 de
1784 2410 2004 2467 sanctis
2033 2409 2123 2466 in-

476 2497 661 2572 telligi
692 2515 819 2571 quae
841 2504 1190 2570 sequantur,
1222 2498 1509 2556 ausculta.
1543 2504 1591 2554 Α
1622 2500 1793 2556 ruina
1825 2504 1881 2555 et
1910 2500 2123 2555 deamo-

476 2588 572 2645 nio
602 2587 927 2645 meridiano
955 2588 999 2623 ³⁸⁷
1021 2605 1136 2644 non
1166 2589 1369 2646 Jesum
1400 2589 1693 2646 Christum
1720 2588 1928 2645 liberat
1947 2589 2123 2657 Deus,

478 2678 578 2736 sed
609 2682 867 2735 sanctos.
900 2677 1047 2749 Lege
1077 2678 1527 2751 nonagesimum
1577 2678 1895 2750 psalmum,
1954 2679 2124 2750 cujus

477 2766 831 2841 principium
862 2783 874 2822 :
910 2768 1015 2837 Qui
1045 2768 1256 2824 habitat
1306 2770 1366 2823 in
1411 2768 1689 2840 adjutorio
1738 2769 2031 2838 Altissimi,
2064 2768 2125 2823 in

471 2856 805 2930 protectione
855 2858 957 2913 Dei
1011 2858 1134 2913 caeli
1185 2859 1614 2914 commorabitur
1632 2858 1696 2926 ⁸⁸,
1757 2862 1813 2914 et
1870 2855 2126 2913 invenies

478 2944 599 3002 haac
630 2945 821 3019 magis
840 2945 1004 3015 justo
1033 2946 1177 3010 viro,
1219 2963 1392 3014 quam
1440 2946 1538 3002 Dei
1588 2946 1732 3003 Filio
1779 2945 2123 3001 convenire:

483 3032 693 3091 Cadent
724 3050 757 3088 a
786 3033 958 3089 latere
988 3042 1076 3089 tuo
1106 3035 1279 3099 mille,
1312 3040 1361 3090 et
1390 3035 1569 3091 decem
1610 3035 1793 3090 millia
1838 3053 1871 3089 a
1917 3034 2129 3089 dextris

380 3152 383 3153 ν
480 3122 629 3178 tuis:
661 3120 730 3175 ad
759 3129 810 3177 te
839 3129 1025 3177 autem
1071 3137 1186 3177 non
1223 3124 1702 3196 appropinquabit,
1756 3132 2131 3181 verumtamen

480 3211 655 3267 oculis
681 3212 792 3266 tuis
833 3210 1056 3278 videbis,
1110 3218 1163 3267 et
1206 3214 1618 3269 retributionem
1665 3213 1897 3285 aspicies
1939 3229 2127 3284 pecca-

2221 619 2524 685 ditionem,
2560 634 2674 674 non
2707 615 2895 673 solum
2945 615 3004 671 in
3050 614 3238 671 Veteri
3289 616 3664 670 Testamento
3715 613 3870 671 sicut

2222 726 2380 766 nunc
2411 712 2682 766 cantatur
2712 709 2771 764 in
2803 705 3053 781 psalmo,
3086 707 3185 762 sed
3219 706 3396 761 etiam
3429 704 3489 760 in
3536 705 3693 761 Novo
3739 705 3866 761 Sal-

2223 803 2419 856 vatore
2448 799 2673 854 dicente
2702 798 2743 833 “
2770 815 2783 853 :
2819 798 2949 852 Ecce
2976 796 3043 851 do
3072 795 3219 851 vobis
3245 798 3571 867 potestatem
3616 795 3871 851 calcandi

2222 906 2384 961 super
2426 894 2703 959 serpentes
2749 894 2805 941 et
2853 886 3183 955 scorpiones,
3232 887 3285 939 et
3340 899 3557 938 omnem
3613 884 3870 939 virtutem

2226 979 2463 1045 inimici,
2494 981 2545 1033 et
2586 975 2731 1031 nihil
2781 976 2930 1030 vobis
2983 974 3271 1030 nocebunt.
3332 975 3651 1028 Sumamus
3707 988 3874 1028 arma

2223 1071 2389 1123 tanta
2418 1069 2703 1139 potestate
2734 1063 2971 1130 ﬁrmati,
3012 1066 3069 1119 et
3115 1062 3386 1118 universa
3435 1061 3754 1117 faciamus:
3808 1066 3872 1117 ut

2226 1173 2329 1230 per
2356 1154 2854 1213 conversationem
2888 1158 3148 1209 nostram
3181 1151 3408 1207 leonem
3456 1149 3870 1207 conculcemus

2226 1250 2283 1302 et
2312 1246 2646 1301 draconem.
2680 1243 2857 1299 Porro
2885 1246 2947 1297 ut
2976 1242 3128 1298 scias
3159 1241 3451 1312 quomodo
3500 1239 3872 1296 conculcetur
3909 1262 3920 1272 ο

2225 1335 2316 1392 leo
2346 1339 2404 1391 et
2431 1336 2766 1390 conteratur
2793 1332 2989 1398 draco,
3033 1329 3196 1387 Pauli
3246 1329 3564 1402 Epistolam
3614 1328 3755 1396 lege,
3807 1329 3869 1384 in

2228 1440 2345 1497 qua
2368 1423 2578 1480 asserit
2605 1421 2931 1478 conculcari
2980 1425 3312 1492 peccatores
3351 1418 3493 1475 Filio
3544 1420 3662 1475 Dei.
3710 1420 3871 1475 Sicut

2228 1530 2365 1586 ergo
2397 1512 2494 1584 qui
2532 1515 2801 1584 peccator
2851 1514 2939 1566 est
2988 1508 3364 1565 conculcatur
3408 1507 3548 1564 Filio
3604 1507 3703 1563 Dei
3740 1525 3753 1564 :
3788 1508 3874 1564 sic

2228 1600 2554 1659 econtrario
2584 1600 2683 1673 qui
2714 1602 2915 1671 justus
2948 1603 3039 1655 est
3067 1598 3367 1655 conculcet
3394 1597 3619 1653 leonem
3651 1602 3709 1653 et
3746 1597 3876 1653 dra-

2230 1708 2457 1759 conem,
2478 1694 2534 1745 et
2554 1706 2786 1746 omnem
2808 1688 3079 1743 virtutem
3101 1687 3324 1743 inimici
3347 1687 3650 1742 conculcet
3677 1686 3737 1741 in
3772 1703 3875 1742 no-

2230 1782 2389 1838 mine
2419 1781 2865 1839 848-441esu
2889 1779 3124 1845 Christi,
3149 1778 3240 1833 cui
3259 1782 3349 1833 est
3383 1777 3565 1848 gloria
3595 1782 3652 1833 et
3689 1777 3873 1850 impe-

2230 1872 2384 1929 rium
2413 1871 2474 1927 in
2504 1870 2717 1927 saecula
2747 1868 3115 1927 seculorum.
3150 1872 3357 1923 Amen.

2781 1986 3083 2042 HOMILIA
3112 1984 3327 2040 XXXII.

2230 2079 2304 2135 De
2346 2093 2405 2133 eo
2434 2076 2578 2149 quod
2623 2078 2889 2148 scriptum
2933 2080 3051 2130 est:
3114 2097 3159 2149 «_
3175 2078 3439 2149 Reversus
3492 2082 3569 2129 est
3620 2075 3775 2149 Iesus
3808 2075 3880 2149 (in

2302 2145 2511 2206 virtute
2538 2145 2785 2220 spiritus,
2824 2163 3049 2220 iusque
3091 2146 3160 2200 ad
3208 2161 3332 2201 eum
3362 2147 3558 2220 locum,
3612 2145 3727 2220 ubi
3757 2147 3875 2200 ait:

2304 2244 2332 2271 «
2367 2223 2429 2277 Et
2472 2217 2721 2276 omnium
2749 2219 2893 2275 oculi
2921 2221 3079 2274 erant
3108 2220 3168 2272 in
3208 2234 3492 2289 synagoga
3539 2217 3879 2273 intendentes

2304 2295 2365 2348 in
2393 2308 2538 2349 eum.
2577 2314 2597 2341 ο
2634 2292 2772 2363 Cap.
2806 2307 2882 2346 IV.

2304 2409 2568 2465 Primum
2600 2407 2837 2479 quidem
2861 2411 3034 2463 Jesus
3067 2405 3273 2478 plenus
3305 2405 3525 2477 Spiritu
3557 2409 3758 2461 sancto
3789 2422 3878 2460 re-

2234 2516 2438 2555 versus
2468 2502 2557 2553 est
2585 2514 2619 2554 a
2647 2497 2922 2559 Jordane,
2955 2500 3011 2551 et
3042 2496 3323 2567 agebatur
3352 2495 3409 2549 in
3443 2494 3651 2566 spiritu
3684 2493 3744 2548 in
3778 2493 3879 2549 de-

2238 2591 2390 2645 serto
2412 2586 2617 2642 diebus
2637 2585 3045 2657 quadraginta.
3069 2584 3215 2639 Cum
3238 2588 3562 2640 tentaretur
3579 2601 3613 2638 a
3628 2582 3881 2655 diabolo,

2236 2679 2347 2749 (88)
2379 2676 2518 2749 quia
2546 2674 2739 2732 adhuc
2763 2675 2816 2730 vi
2850 2678 3181 2730 certaturus
3222 2678 3346 2729 erat
3395 2674 3675 2729 adversus
3724 2689 3882 2737 eum.

2234 2770 2293 2822 et
2322 2765 2524 2836 semel,
2556 2769 2613 2821 et
2644 2764 2754 2832 his,
2789 2781 2903 2820 non
2935 2780 3067 2819 cum
3102 2762 3504 2819 additamenta
3549 2761 3743 2836 aliquo
3772 2764 3882 2835 spi-

2235 2857 2377 2912 ritus
2408 2854 2663 2927 ponitur.
2709 2854 2952 2918 Quando
2986 2870 3115 2910 vero
3162 2857 3281 2909 tres
3330 2853 3681 2909 tentationes
3738 2869 3888 2925 quas

2236 2944 2538 3016 Scriptura
2566 2946 3003 3009 commemorat,
3039 2942 3357 3014 pugnando
3397 2942 3713 3015 superavit,
3746 2941 3888 3015 quid

2239 3034 2309 3089 de
2340 3032 2549 3104 spiritu
2584 3030 2888 3103 signanter
2917 3035 3204 3102 cauteque
3232 3035 3507 3103 ponatur,
3537 3029 3652 3086 ait:
3701 3032 3766 3086 Et
3794 3046 3889 3086 re-

2238 3139 2423 3179 versus
2452 3131 2528 3178 est
2555 3124 2707 3178 Iesus
2735 3123 2795 3176 in
2825 3123 3041 3177 virtute
3059 3123 3310 3193 spiritus.
3329 3119 3529 3177 Virtus
3555 3120 3757 3176 addita
3777 3124 3888 3183 est,

2241 3212 2380 3283 quia
2406 3210 2841 3267 conculcaverat
2872 3210 3206 3276 draconem,
3238 3213 3295 3266 et
3324 3213 3671 3266 tentatorem
3702 3208 3887 3264 comic

481 3305 661 3356 torum
688 3299 753 3367 3',
781 3302 839 3355 et
868 3297 1115 3372 reliqua,
1147 3317 1324 3372 super
1342 3318 1650 3372 personam
1672 3280 1819 3368 justi
1854 3280 2131 3373 interpre-
2161 3280 2205 3343 (ἶ
2243 3280 2354 3355 nus
2384 3300 2621 3357 vicerat.
2650 3303 2936 3355 Reversus
2967 3302 3056 3354 est
3084 3316 3220 3371 ergo
3246 3302 3419 3354 Jesus
3440 3299 3495 3354 in
3528 3297 3738 3354 virtute
3767 3297 3891 3369 Spi-

480 3394 635 3445 tans.
667 3387 778 3444 Sed
801 3394 858 3444 et
888 3388 973 3444 sic
1002 3406 1235 3462 quoque
1272 3407 1534 3462 perverse
1564 3392 1811 3447 atterens
1860 3391 2128 3448 diabolus

480 3477 839 3543 testimonia,
873 3482 939 3533 ut
969 3484 1255 3534 assereret
1296 3496 1473 3551 super
1518 3478 1813 3536 Salvatore
1858 3480 2126 3553 intelligi,

481 3566 614 3625 silet
642 3571 700 3622 et
731 3566 946 3623 transit
974 3568 1294 3624 versiculos
1316 3568 1415 3640 qui
1440 3574 1640 3625 contra
1662 3587 1723 3625 se
1746 3570 1944 3641 scripti
1968 3576 2124 3627 sunt.

480 3655 625 3711 Cum
652 3654 810 3711 enim
843 3655 1088 3712 dixisset
1114 3672 1130 3711 :
1161 3659 1375 3728 angelis
1406 3660 1519 3713 suis
1547 3658 1831 3714 mandavit
1878 3659 1945 3715 de
1976 3663 2046 3727 te,
2078 3667 2131 3715 et

482 3743 543 3798 in
574 3742 831 3797 manibus
862 3743 1055 3799 tollent
1085 3750 1154 3813 te,
1185 3761 1255 3800 ne
1292 3746 1432 3816 facte
1475 3746 1719 3818 oﬁendas
1768 3746 1844 3801 ad
1893 3746 2132 3820 lapidem

478 3830 668 3903 pedem
695 3834 876 3897 tuum,
900 3831 1087 3886 tacuit
1105 3830 1249 3887 illud
1274 3834 1428 3904 quod
1452 3834 1718 3906 sequitur
1741 3852 1753 3889 :
1782 3835 1958 3907 Super
1983 3835 2132 3906 aspi-

481 3919 605 3976 dem
632 3928 684 3975 et
711 3919 1003 3976 basilicum
1043 3920 1375 3989 ambulabis,
1426 3928 1479 3979 et
1524 3924 1864 3979 conculcabis
1921 3926 2132 3980 leonem

482 4016 535 4064 et
560 4008 871 4066 draconem.
905 4009 1112 4081 Quare,
1146 4010 1394 4077 diabole,
1438 4011 1597 4082 siles,
1630 4012 1740 4070 nisi
1773 4013 1927 4086 quod
1970 4017 2034 4068 tu
2067 4028 2130 4068 es

482 4096 816 4161 basiliscus,
851 4102 912 4153 tu
945 4114 1007 4155 es
1035 4099 1300 4155 omnium
1332 4102 1691 4173 serpentium
1733 4101 1992 4174 regulus,
2026 4118 2129 4157 no-

481 4185 740 4243 centiora
770 4186 993 4243 habens
1023 4204 1247 4245 venena
1277 4204 1455 4261 quam
1486 4190 1675 4247 caeteri
1698 4190 1727 4245 ?
1770 4190 1879 4256 Qui
1925 4190 2128 4246 statim

480 4279 546 4330 ut
574 4274 787 4331 videris
817 4275 1094 4348 aliquem,
1113 4275 1417 4342 interﬁcis,
1436 4281 1493 4331 et
1524 4276 1700 4333 aliam
1726 4278 2128 4333 fortitudinem

478 4364 830 4420 contrariam
862 4366 1080 4421 sociam
1113 4364 1199 4419 tui
1230 4364 1509 4430 assumis,
1532 4383 1659 4437 quae
1682 4366 1839 4438 aspis
1870 4365 2130 4438 appella-

478 4453 597 4516 tur,
629 4455 685 4507 et
712 4450 835 4508 viro
858 4453 1023 4524 justo
1054 4453 1320 4523 subjecta
1349 4457 1456 4521 est,
1490 4457 1547 4509 et
1577 4453 1789 4509 idcirco
1819 4454 2017 4510 omnia
2046 4460 2132 4511 ta-

481 4554 599 4596 ces.
631 4540 716 4594 Tu
745 4556 809 4596 es
839 4542 1033 4612 draco,
1065 4544 1131 4595 tu
1162 4557 1224 4596 es
1253 4540 1363 4611 leo,
1397 4542 1466 4596 de
1498 4542 1713 4613 quibus
1743 4543 2023 4599 scribitur
2049 4546 2125 4601 ωε

2239 3389 2389 3444 ritus
2418 3388 2477 3444 in
2500 3387 2798 3445 Galilaeam
2829 3392 3067 3456 terram,
3091 3392 3149 3444 et
3171 3387 3326 3443 fama
3354 3387 3494 3443 exiit
3524 3404 3627 3459 per
3655 3403 3889 3444 omnem

2239 3478 2535 3551 regionem
2567 3479 2638 3534 de
2667 3495 2734 3533 eo
2760 3494 2772 3533 :
2799 3475 2923 3550 ipse
2954 3477 3197 3532 docebat
3226 3476 3287 3532 in
3319 3476 3633 3549 synagogis
3662 3492 3887 3543 eorum,

2238 3572 2295 3623 et
2324 3567 2761 3640 gloriﬁcabatur
2791 3566 2863 3621 ab
2896 3566 3188 3622 omnibus.
3226 3566 3375 3622 Cave
3406 3582 3478 3621 ne
3507 3566 3708 3622 beatos
3760 3564 3890 3623 illos

2239 3660 2471 3714 tantum
2497 3656 2751 3728 judices,
2782 3660 2841 3711 et
2870 3660 2926 3711 te
2957 3655 3260 3712 arbitreris
3308 3654 3564 3727 primum
3614 3672 3741 3711 esse
3788 3655 3860 3710 do

2240 3748 2447 3805 ctrina.
2478 3745 2535 3801 Si
2564 3762 2699 3801 vera
2730 3748 2870 3801 sunt
2900 3761 3027 3816 quae
3059 3746 3278 3818 scripta
3319 3748 3476 3809 sunt,
3522 3761 3638 3800 non
3698 3743 3891 3800 solum

2240 3840 2382 3891 tunc
2414 3835 2473 3889 in
2503 3832 3055 3906 congregationibus
3092 3833 3456 3903 Judaaorum,
3490 3833 3590 3889 sed
3621 3836 3680 3889 et
3716 3832 3890 3890 hodie

2239 3923 2301 3979 in
2333 3923 2442 3979 hac
2472 3921 2921 3993 congregatione
2971 3921 3257 3977 Dominus
3308 3921 3611 3993 loquitur:
3672 3925 3729 3977 et
3773 3938 3888 3977 non

2241 4010 2433 4069 solum
2466 4012 2526 4067 in
2548 4010 2678 4077 hac,
2710 4012 2809 4066 sed
2830 4010 3004 4067 etiam
3026 4011 3085 4066 in
3108 4010 3222 4067 alio
3247 4016 3420 4080 ccetu,
3443 4015 3498 4066 et
3519 4009 3577 4065 in
3608 4014 3728 4065 toto
3751 4010 3891 4066 orbe

2241 4103 2408 4159 docet
2436 4101 2630 4166 Jesus,
2656 4116 2923 4172 quaerens
2945 4116 3166 4172 organa
3186 4117 3287 4173 per
3308 4117 3434 4173 qua:
3466 4097 3886 4165 doceat.0rate,

2240 4196 2305 4247 ut
2327 4207 2419 4247 me
2447 4198 2683 4261 quque
2722 4188 3112 4262 compositum
3145 4190 3213 4244 ad
3261 4190 3612 4255 canendum,
3663 4192 3892 4261 aptum-

2240 4296 2353 4352 que
2378 4278 2647 4350 reperiat.
2682 4279 2847 4334 Sicut
2892 4277 3048 4334 enim
3078 4278 3288 4349 quierit
3316 4277 3687 4349 omnipotens
3738 4277 3890 4333 Deus

2240 4368 2555 4442 prophetas
2585 4385 2651 4423 eo
2680 4372 2943 4440 tempore
2974 4384 3089 4439 quo
3147 4366 3450 4438 prophetia
3480 4366 3755 4422 mortales
3799 4365 3888 4419 in-

2242 4457 2464 4530 digent,
2497 4460 2553 4512 et
2582 4456 2824 4523 invenit,
2856 4456 3018 4512 verbi
3051 4455 3241 4528 gratia
3270 4454 3504 4523 Isaiam,
3552 4454 3886 4519 Jeremiam,

2241 4543 2617 4616 Ezechielem,
2654 4544 2947 4600 Danielem
2974 4562 2987 4600 :
3021 4543 3107 4600 sic
3139 4544 3346 4616 quaerit
3367 4548 3519 4600 Deus
3548 4560 3768 4618 organa
3786 4559 3890 4615 per

479 4627 656 4715 Super
679 4628 923 4699 aspidem
942 4637 994 4685 et
1029 4629 1345 4684 basiliscum
1387 4630 1643 4697 calcabis,
1690 4641 1741 4687 et
1789 4634 2134 4691 conculcabis
2163 4651 2209 4715 D
2242 4651 2369 4706 quae
2399 4635 2604 4689 doceat
2634 4650 2963 4689 sermonem
2995 4649 3194 4697 suum.
3226 4631 3316 4688 vel
3369 4634 3598 4689 erudiat
3643 4632 3888 4705 populos

485 4713 699 4771 leonem
747 4724 798 4769 et
826 4715 1135 4772 draconem.
1189 4717 1295 4771 Sed
1357 4717 1491 4774 licet
1538 4724 1601 4774 tu
1644 4724 1859 4788 taceas,
1895 4739 2000 4777 nos
2032 4723 2131 4795 qui
2163 4713 2198 4715 _
2242 4723 2300 4777 in
2334 4722 2647 4795 synagogis
2695 4738 2920 4785 eorum,
2953 4730 3011 4776 et
3056 4720 3414 4794 gloriﬁcetur
3457 4722 3529 4776 ab
3587 4722 3884 4778 omnibus.

480 4803 814 4876 Scripturas
844 4805 1059 4861 rectius
1092 4805 1363 4878 legimus,
1387 4808 1610 4864 scimus
1642 4809 1854 4867 habere
1885 4828 1991 4868 nos
2018 4811 2131 4884 (87)

551 4900 805 4976 sse-133a],
848 4919 912 4976 ξι,
957 4904 1013 4959 7.
1124 4904 1169 4976 εξ
1220 4903 1373 4962 Psal.
1417 4924 1538 4976 cm,
1571 4909 1623 4964 4.

475 4991 568 5044 xc,
604 4974 691 5030 13.
768 4973 811 5011 ⁸1
847 4973 985 5030 Luc.
1019 4992 1074 5041 x,
1109 4975 1197 5032 19.

549 5091 662 5165 (86)
696 5089 903 5165 Recole
933 5107 1063 5163 qua:
1093 5094 1366 5165 superius
1397 5095 1468 5149 ad
1518 5094 1793 5152 homilias
1846 5098 1913 5152 10
1958 5102 2016 5155 et

481 5164 553 5220 de
584 5161 693 5219 hac
724 5161 983 5236 diximus
1010 5161 1275 5236 Origenis
1304 5165 1657 5236 Opinatione.

548 5237 662 5308 (87)
685 5238 868 5310 Antea
898 5234 1048 5290 falso
1076 5234 1374 5310 legebatur
1401 5254 1508 5310 vos.
1547 5239 1891 5310 llujusmodi
1939 5240 2129 5294 mani-

478 5306 624 5380 festa
644 5306 868 5363 menda
902 5322 1016 5363 non
1048 5306 1230 5363 semel
1254 5308 1425 5377 intra,
1452 5306 1660 5365 lectore
1683 5327 1785 5365 nec
1806 5311 2126 5380 admonito,

475 5377 857 5457 θδβξῖεδξιίέπέ

546 5448 923 5523 (88)_Schedze
970 5449 1282 5523 Grabiiet‘
1301 5451 1630 5523 Combeﬁsii
1668 5469 1679 5507 :
1715 5449 1935 5520 Ἐπειδὴ
1971 5449 2129 5523 ἔμελ-

476 5512 568 5607 ξκεν
620 5515 800 5607 sititet»:
831 5521 968 5607 πρὸς
1014 5520 1106 5574 τὸν
1159 5514 1435 5587 διάϐολον,
1492 5520 1542 5575 ἐν
1590 5526 1669 5593 τῷ
1712 5512 2011 5596 ττειρειισράῖ)⁵
2043 5521 2125 5586 δὶς

478 5585 801 5669 ρνομάζξται
828 5585 891 5645 ἐὖ
920 5596 1133 5669 intersum
1186 5592 1359 5669 χωρὶς
1407 5585 1587 5660 ἀπάσης
1627 5585 2126 5667 ἑτροσθῆκτ,’ς.”¹οτὲ

476 5658 879 5739 ἀγωνισὶμτενος
952 5658 1354 5739 ἐγίκήσίέόῷτ
1409 5658 1555 5739 gssit:
1611 5658 2123 5739 ἀνάγεγραχᾷμὲνους

474 5716 832 5807 πὲιρασμὸὺς,
882 5716 1119 5810 πρόσχεξ
1173 5740 1239 5809 τῇ
1293 5716 1683 5811 ἁκριέείᾳῖτῆς
1996 5716 2119 5814 περῖ

1736 4909 1780 4944 ³⁸
1826 4910 1848 4965 Ι
1879 4909 2012 4967 Cor.
2040 4927 2119 4983 v1,
2148 4911 2203 4965 3.
2279 4910 2323 4945 ⁸⁷
2355 4908 2508 4966 Psal.
2537 4926 2629 4977 xc,
2657 4911 2712 4967 6.

2242 4811 2405 4867 Nunc
2438 4810 2627 4884 magis
2656 4810 3015 4883 gloriﬁcatur
3043 4811 3115 4866 ab
3160 4810 3435 4887 omnibus
3481 4809 3675 4880 Jesus,
3708 4826 3887 4882 quam

2826 4910 2869 4944 εδ
2900 4908 3042 4965 ibid.
3080 4909 3130 4964 1.
3204 4908 3411 4964 "ibid.
3443 4908 3496 4978 7,
3529 4908 3583 4964 e.
3662 4907 3886 4964 “’Psal.

2236 5099 2333 5172 τεοῦ
2390 5095 2716 5172 irvadunt“.
2775 5093 2836 5149 Ti
2895 5113 3102 5172 φησξνς
3159 5093 3242 5149 ὅτι
3288 5097 3502 5172 ’Ῐηῖοῦς
3560 5091 3885 5172 ὐῖῖἐστρεψςν

2241 5167 2292 5221 ἐν
2344 5172 2416 5241 τῇ
2477 5164 2699 5241 Benigne:
2749 5171 2845 5220 τοῦ
2902 5164 3237 5241 irvadunt“.
3303 5166 3398 5220 Καὶ
3449 5164 3887 5241 προᾳέθηκὲνήέν

2238 5243 2305 5305 τῇ
2340 5235 2562 5312 Subigis:
2615 5235 2708 5293 ’διὰ
2760 5238 2849 5291 τὸν
2911 5235 3152 5307 dem—e2,»
3201 5238 3290 5292 τὸν
3322 5235 3654 5307 νενικήκὸτα.
3704 5240 3889 5307 Quan-

2237 5310 2523 5384 doquidem
2554 5317 2867 5366 ctrtaturus
2897 5319 3018 5365 erat
3040 5320 3235 5384 contra
3272 5310 3599 5384 diabolum,
3623 5314 3684 5366 in
3715 5315 3887 5365 tenta-

2239 5383 2383 5439 tione
2415 5385 2494 5439 bis
2522 5384 2845 5437 nominatur
2880 5384 3109 5453 spiritus
3136 5383 3342 5453 absque
3367 5383 3482 5437 ullo
3498 5383 3884 5438 additamenta.

2237 5455 2465 5527 Quando
2495 5471 2619 5509 vero
2648 5458 2755 5508 tres
2803 5455 3127 5527 tentationes
3183 5471 3319 5524 quas
3366 5454 3647 5525 Scriptura
3696 5455 3882 5525 rcfert,
3962 5496 3967 5499 μ

2233 5524 2527 5598 pugnando
2547 5527 2852 5598 superavit,
2885 5524 3099 5598 attende
3125 5541 3287 5598 quam
3320 5524 3571 5581 accurate
3593 5527 3885 5598 scriptura

2234 5595 2494 5669 loquatur
2521 5597 2590 5669 dc
2615 5595 3013 5669 ,ςρίνὶιιιζριιίάΔ
3039 5598 3121 5669 ait
3142 5600 3167 5650 γ
3193 5597 3477 5652 Reversus
3508 5604 3597 5654 est
3625 5595 3798 5653 Jes’us
3821 5597 3880 5653 in

2234 5666 2448 5742 virtute
2505 5667 2770 5742 spiritus.
2825 5668 2892 5742 βε
2946 5666 3185 5724 addidit:
3251 5669 3309 5724 in
3367 5670 3602 5737 virtute,
3655 5673 3882 5742 propter

2231 5740 2455 5797 athletae
2486 5740 2789 5794 victoriam.
2825 5738 3061 5795 Romus.
