4304 6586
673 424 1172 493 TRANSLATIO
1220 405 1719 493 HOMILIAR‘UM
1768 426 2133 492 ORIGENIS
2176 427 2253 490 IN
2307 426 2596 491 LUCAM.
2631 427 3007 491 —-HOMIL.
3056 424 3328 491 χχχιιι.

3592 422 3713 486 3M

296 557 403 618 illo
432 563 694 635 tempore
723 578 837 635 quo
885 565 1115 618 tantum
1147 562 1209 618 in
1256 578 1375 620 una
1413 563 1710 636 provincia
1740 579 1950 637 cogno-
1979 563 2035 631 Α
2063 564 2438 623 Salvatorem.
2463 564 2608 622 Cum
2632 565 2787 623 enim
2821 563 3203 638 principalem
3230 562 3421 620 cordis
3452 560 3536 620 tui
3568 561 3716 619 dire-

294 650 594 711 Icebatur.
629 651 829 708 Deinde
857 652 1003 708 venit
1032 653 1307 709 Nazareth
1338 653 1435 709 ubi
1476 656 1720 710 nutritus
1741 655 1945 726 fuerat,

295 750 355 798 et
384 743 658 814 ingressus
679 744 846 814 juxta
874 758 1079 798 morem
1110 744 1169 798 in
1216 760 1552 816 synogogam
1580 744 1668 800 die
1696 744 1950 800 sabbato-

296 847 452 899 rum,
481 832 723 887 surrexit
753 831 948 900 legere,
997 835 1047 887 et
1092 832 1253 889 datus
1283 838 1364 891 est
1392 836 1448 890 ei
1495 835 1638 891 liber
1678 836 1965 907 prophetat.

298 922 545 992 Isaiw,et
575 921 849 977 revolvens
879 921 1085 977 librum
1112 925 1162 978 et
1183 923 1361 979 locum
1377 924 1473 978 ubi
1497 927 1616 979 erat
1644 927 1911 995 scriptum
1936 940 1948 978 :

297 1010 542 1082 Spiritus
571 1010 793 1065 Domini
819 1026 982 1083 super
1027 1028 1134 1080 me,
1183 1017 1408 1084 propter
1456 1013 1596 1085 quod
1638 1014 1802 1069 unmit
1842 1029 1949 1069 me.

297 1099 427 1157 Non
456 1098 694 1155 fortuitu
732 1099 972 1156 revolvit
1002 1100 1240 1169 librum,
1268 1109 1324 1159 et
1356 1104 1506 1174 apud
1542 1120 1604 1159 se
1630 1101 1954 1159 vaticinans

297 1187 518 1263 reperit
545 1188 843 1261 lectiones,
896 1191 995 1246 sed
1028 1196 1083 1247 et
1112 1191 1219 1247 hoc
1270 1193 1644 1265 providentim
1696 1193 1791 1249 Dei
1824 1192 1953 1248 fuit.

300 1279 467 1338 Sicut
512 1278 668 1336 enim
714 1280 997 1352 scriptum
1067 1285 1189 1336 est:
1242 1285 1299 1338 In
1360 1283 1615 1354 laqueum
1656 1299 1767 1339 non
1812 1281 1957 1337 cadit

293 1384 487 1443 passer
512 1369 634 1424 sine
663 1371 957 1426 voluntate
996 1372 1198 1428 Patris.
1248 1372 1313 1428 Et
1356 1372 1495 1445 quia
1540 1373 1734 1444 capilli
1761 1373 1958 1443 capitis

300 1457 700 1534 apostolorum
748 1476 933 1515 omnes
974 1464 1250 1517 numerati
1296 1470 1421 1518 sunt
1446 1464 1528 1518 "z
1584 1463 1666 1517 sic
1714 1462 1955 1518 forsitan

302 1553 362 1607 et
390 1549 499 1605 hoc
540 1549 695 1623 quod
746 1550 905 1606 Isaias
938 1550 1311 1623 potissimum
1347 1551 1493 1607 liber
1523 1552 1792 1607 inventus
1822 1556 1910 1606 est
1940 1567 1954 1618 ;

300 1644 363 1696 et
393 1638 560 1696 lectio
588 1657 702 1695 non
735 1639 869 1706 alia,
905 1641 1003 1696 sed
1056 1640 1175 1696 haec
1207 1659 1330 1711 quia
1360 1640 1573 1697 Christi
1610 1641 1958 1714 mysterium

298 1725 688 1802 loquebatur:
724 1728 961 1800 Spiritus
991 1731 1210 1786 Domini
1243 1748 1411 1804 super
1434 1749 1539 1803 me,
1569 1740 1793 1804 propter
1819 1730 1961 1803 quod

300 1819 470 1875 unxit
498 1834 584 1875 me
613 1818 676 1887 ⁸³,
710 1818 977 1875 Christus
1010 1824 1098 1876 est
1128 1820 1284 1876 enim
1316 1821 1412 1890 qui
1461 1821 1573 1876 ista
1603 1836 1957 1876 commemo-

301 1913 415 1976 rat,
459 1924 574 1964 non
605 1912 670 1963 ut
702 1907 844 1964 libet
873 1913 931 1965 et
980 1926 1119 1965 casu
1149 1910 1381 1967 venisse
1411 1911 1817 1967 arbitrandum
1851 1912 1938 1965 est

306 1998 411 2055 sed
445 1996 826 2070 providentia,
866 2003 924 2054 et
975 1998 1415 2070 dispensatione
1473 2001 1589 2056 Dei.
1653 2001 1787 2065 Quae
1828 2004 1968 2055 sunt

305 2085 488 2161 igitur
517 2103 645 2160 quae
676 2088 734 2142 in
768 2087 1054 2160 propheta
1080 2088 1452 2161 loquebatur,
1485 2095 1541 2147 et
1569 2094 1773 2163 postea
1804 2090 1873 2145 de
1905 2105 1967 2145 se

304 2175 435 2251 ipse
464 2175 522 2232 in
555 2193 854 2249 synagoga
881 2182 1150 2249 personet
1177 2179 1664 2251 contemplemur.
1688 2180 1969 2249 Evangeli-

305 2282 440 2323 ωτι
467 2264 592 2337 (ait)
620 2267 955 2338 pauperibus
988 2269 1145 2323 misit
1190 2284 1296 2323 me.
1349 2267 1661 2341 Pauperes,
1702 2268 1968 2324 nationes

309 2354 665 2429 signiﬁcant.
699 2356 810 2428 (89)
836 2356 934 2412 Isti
968 2355 1121 2413 enim
1155 2362 1321 2413 erant
1345 2373 1650 2429 pauperes,
1673 2357 1817 2414 nihil
1849 2375 1969 2414 om-

309 2444 451 2502 nino
487 2445 877 2517 possidentes,
904 2463 1017 2501 non
1048 2451 1250 2512 Deum,
1285 2464 1397 2502 non
1437 2452 1662 2519 Legem,
1696 2465 1812 2503 non
1834 2447 1970 2503 Pro-

309 2533 543 2609 phetas,
596 2551 712 2590 non
753 2535 1076 2606 justitiam,
1137 2535 1508 2609 reliquasque
1563 2537 1829 2593 virtutes.
1885 2538 1968 2593 Ub

314 2641 494 2697 quam
524 2640 762 2682 causam
796 2624 957 2680 misit
986 2642 1117 2681 eum
1144 2626 1317 2694 Deus,
1351 2631 1415 2681 ut
1438 2626 1794 2700 pauperibus
1825 2644 1972 2683 nun-

309 2714 488 2770 tiaret
516 2731 529 2770 :
559 2714 875 2773 Praedicare
904 2716 1140 2787 captivis
1182 2718 1579 2772 remissionem.
1613 2717 1830 2788 Captivi
1866 2734 1970 2772 nos

312 2804 558 2870 fuimus,
590 2820 738 2876 quos
768 2803 945 2860 tantis
962 2804 1136 2860 annis
1162 2804 1424 2860 vinxerat
1456 2807 1724 2870 Satanas,
1748 2806 1971 2863 habens

309 2892 591 2964 captivos,
630 2891 859 2964 sibique
906 2890 1224 2964 subjectos.
1258 2893 1428 2949 Venit
1456 2894 1628 2950 Jesus
1659 2895 1971 2966 prmdicare

206 3016 232 3037 ο
309 2981 557 3054 captivis
574 2982 1004 3047 remissionem,
1032 2987 1088 3038 et
1105 2983 1271 3038 caacis
1303 2988 1369 3039 ut
1388 2983 1667 3040 viderent.
1693 2985 1971 3040 Sermone

307 3071 547 3144 quippe,
581 3076 639 3127 et
668 3070 1080 3143 praedicatione
1112 3071 1389 3127 doctrinae
1408 3074 1557 3143 ejus,
1583 3072 1716 3128 caeci
1752 3072 1968 3128 vident.

308 3158 647 3216 Praedicatio
677 3175 814 3231 ergo
848 3159 1213 3217 remissionis
1238 3160 1599 3231 intelligatur
1630 3179 1740 3217 non
1778 3162 1969 3217 solum

308 3265 489 3321 super
536 3249 800 3321 captivis,
860 3249 960 3304 sed
993 3250 1170 3305 etiam
1214 3266 1390 3322 super
1430 3251 1615 3305 caecis.
1676 3252 1972 3309 345-46

2062 658 2215 713 xeris
2245 655 2427 713 aciem
2478 656 2550 712 ad
2598 655 2967 728 sapientiam,
3015 659 3072 713 et
3115 655 3437 719 veritatem,
3493 652 3712 725 Deique

2061 746 2439 821 Uuigenitum
2462 745 2998 819 contemplandum,
3023 745 3176 802 oculi
3198 743 3283 801 tui
3300 743 3603 799 intuentur
3622 743 3737 799 Je-‘

2062 855 2216 894 sum.
2250 837 2423 893 Beata
2452 836 2844 909 congregatio,
2880 836 2951 890 de
2979 852 3093 905 qua
3111 834 3415 906 Scriptura
3443 836 3714 897 testatur,

2064 928 2220 1001 quod
2242 927 2505 983 omnium
2527 926 2676 982 oculi
2701 928 2866 981 erant
2883 926 3250 981 attendentes
3273 923 3331 978 in
3352 940 3507 979 eum.
3528 923 3710 987 Quam

2062 1016 2267 1072 vellem
2299 1017 2481 1073 istum
2515 1020 2729 1071 costum
2752 1014 2942 1070 simile
2963 1014 3178 1069 habere
3199 1011 3627 1073 testimonium.
3651 1015 3716 1066 ut

2065 1106 2329 1162 omnium
2363 1104 2537 1175 oculi,
2570 1109 2629 1159 et
2671 1104 3223 1161 catechumenorum
3256 1108 3313 1158 et
3343 1100 3627 1167 fidelium,
3659 1103 3716 1155 et

2068 1194 2378 1251 mulierum
2410 1198 2467 1250 et
2516 1194 2795 1261 virorum,
2828 1198 2885 1250 et
2932 1193 3248 1248 infantium
3298 1209 3412 1247 non
3456 1189 3715 1262 corporis

2067 1283 2240 1352 oculi,
2275 1284 2372 1340 sed
2406 1283 2611 1340 animae
2644 1282 2970 1355 aspicerent
2991 1283 3194 1339 Jesum
3222 1280 3234 1335 ι
3265 1287 3405 1337 Cum
3442 1280 3594 1336 enim
3630 1295 3717 1334 re-

2069 1372 2372 1447 spexeritis
2405 1374 2471 1428 ad
2497 1390 2655 1437 eum,
2686 1373 2757 1427 de
2787 1372 3009 1429 lumine
3034 1371 3160 1442 ejus
3182 1374 3238 1426 et
3266 1369 3486 1425 intuitu
3518 1367 3722 1425 clario-

2069 1481 2163 1521 res
2194 1462 2365 1518 vestri
2398 1461 2594 1517 vultus
2620 1467 2811 1527 erunt,
2858 1466 2915 1516 et
2944 1460 3132 1516 dicere
3176 1460 3477 1533 poteritis:
3528 1458 3723 1529 Sign‘a-
3768 1484 3773 1487 >

2068 1558 2183 1609 tum
2233 1561 2313 1607 est
2365 1569 2529 1623 super
2584 1568 2679 1607 nos
2740 1552 2921 1606 lumen
2977 1552 3163 1605 vultus
3217 1551 3323 1617 tui,
3374 1549 3599 1604 Domine
3651 1547 3714 1600 “.

2069 1642 2172 1698 Cui
2195 1646 2285 1697 est
2314 1640 2499 1716 gloria
2548 1648 2602 1700 et
2644 1639 2957 1716 imperium
3005 1640 3064 1697 in
3098 1638 3309 1695 saecula
3348 1637 3721 1694 saeculorum.

2069 1732 2273 1788 Amen.

2596 1848 2895 1907 HOMILIA
2937 1847 3189 1905 XXXIII.

1944 1952 1958 2012 τ
1995 1945 2042 2010 Β
2075 1940 2148 1997 De
2171 1956 2231 1995 eo
2260 1940 2407 2012 quod
2454 1940 2725 2012 scriptum
2774 1947 2892 1995 est:
2932 1958 2954 1986 α
3008 1938 3200 2009 Utique
3219 1935 3402 2012 dicitis
3447 1934 3591 2012 mihi
3632 1950 3729 2004 pa-

2147 2007 2392 2067 rabo'lam
2423 2007 2602 2077 istam,
2654 2034 2682 2060 »
2732 2015 2782 2067 et
2807 2014 3024 2075 caetera,
3070 2007 3238 2082 usque
3278 2008 3348 2082 ad
3389 2024 3515 2065 eum
3549 2007 3727 2082 locum

2146 2085 2245 2139 ubi
2272 2086 2389 2139 ait:
2441 2107 2469 2132 ‹‹
2510 2083 2615 2139 Sed
2661 2083 2849 2138 nullus
2891 2098 3078 2139 eorum
3126 2078 3421 2136 mundatus
3468 2088 3565 2147 est,
3616 2078 3732 2133 nisi

2148 2157 2390 2211 Naaman
2427 2156 2616 2227 Syrus.
2647 2177 2675 2206 »
2710 2158 2844 2227 Cap.
2879 2171 2953 2209 ιν.

2149 2270 2211 2326 In
2243 2271 2675 2344 Capharnaum,
2711 2275 2997 2344 quantum
3021 2270 3093 2325 ad
3119 2270 3303 2325 lucem
3328 2265 3585 2323 historiae
3609 2281 3737 2338 per:

2077 2360 2241 2427 tinet,
2274 2362 2525 2417 necdum
2550 2364 2813 2417 moratus
2840 2364 2927 2416 est
2944 2360 3151 2426 Jesus,’
3173 2374 3280 2414 nec
3311 2356 3546 2429 aliquod
3577 2356 3637 2411 in
3663 2371 3732 2411 ea

2079 2448 2314 2521 signum
2345 2450 2553 2506 fecisse
2573 2449 2945 2514 describitur,
2973 2448 3191 2520 quippe
3219 2447 3280 2503 in
3311 2464 3429 2520 qua
3450 2463 3566 2502 non
3598 2444 3727 2501 fuit.

2081 2543 2257 2595 Porro
2288 2544 2603 2612 antequam
2636 2539 2859 2594 veniret
2897 2539 2955 2594 in
2985 2537 3416 2611 Capharnaum,
3450 2535 3506 2590 in
3541 2536 3732 2607 patria

2079 2645 2206 2700 sua,
2238 2628 2347 2684 hoc
2376 2632 2483 2697 est,
2515 2628 2572 2683 in
2606 2628 2886 2684 Nazareth
2913 2627 3091 2683 fuisse
3122 2627 3407 2700 signatur.
3438 2627 3626 2698 Utique
3652 2624 3733 2679 di-

2078 2720 2205 2775 citis
2231 2719 2375 2773 mihi
2410 2719 2742 2789 parabolum
2788 2720 2992 2773 istam:
3033 2718 3248 2797 Medice,
3300 2733 3433 2772 cura
3479 2716 3731 2786 teipsum.

2081 2809 2427 2879 Quaecunque
2457 2807 2770 2863 audivimus
2808 2809 2955 2879 facta
3002 2810 3065 2863 in
3113 2806 3519 2878 Capharnaum,
3565 2806 3657 2874 fac
3683 2806 3738 2858 et
3774 2825 3783 2830 ε

2081 2897 2169 2952 hic
2217 2898 2276 2951 in
2304 2899 2492 2968 patria
2517 2902 2635 2952 tua.
2687 2896 2850 2952 Unde
2901 2900 3038 2968 puto
3087 2894 3309 2966 aliquid
3361 2893 3419 2949 in
3461 2908 3734 2949 sermone

2081 2986 2349 3059 praesenti
2391 2985 2621 3042 latitare
2653 2986 2936 3059 mysterii,
2978 2990 3034 3041 et
3059 2983 3341 3041 Nazareth
3374 2983 3433 3038 in
3461 2985 3597 3056 typo
3626 2977 3746 3036 Ju-~

2082 3076 2363 3144 dazorum,
2411 3075 2821 3148 Capharnaum
2870 3075 2925 3131 in
2958 3080 3095 3148 typo
3143 3071 3511 3147 praecessisse
3542 3069 3733 3145 genti-

2082 3159 2249 3221 lium.
2282 3166 2483 3221 Sciens
2514 3166 2712 3238 itaque
2739 3166 2915 3222 Jesus
2948 3166 3101 3238 quod
3130 3182 3243 3219 non
3275 3163 3517 3219 haberet
3545 3160 3604 3216 in
3639 3177 3736 3232 pa-

2080 3254 2192 3310 tria
2223 3272 2331 3310 sua
2361 3255 2663 3325 honorem,
2697 3273 2803 3311 nec
2833 3255 2980 3327 ipse,
3015 3271 3120 3310 nec
3150 3252 3438 3325 Propheta
3467 3267 3571 3306 nec
3601 3264 3738 3323 apo-

313 3340 575 3398 Emittere
597 3341 897 3410 confractus
928 3340 988 3393 in
1031 3339 1358 3395 libertatem.
1408 3340 1557 3405 Quid
1603 3340 1685 3395 ita
1716 3340 1966 3396 fractum
1998 3323 2041 3389 Ο
2081 3343 2215 3400 stoli
2242 3344 2429 3400 noluit
2457 3345 2536 3400 ibi
2572 3323 2906 3417 prazdicare,
2941 3323 3040 3400 sed
3076 3323 3410 3415 praedicavit
3455 3340 3513 3394 in
3549 3338 3734 3412 genti-

310 3431 490 3500 atque
513 3427 780 3485 collisum
807 3428 934 3496 fuit,
961 3432 1025 3483 ut
1046 3428 1223 3484 homo
1240 3428 1337 3500 qui
1363 3445 1395 3484 a
1415 3428 1552 3499 Jesu
1578 3429 1862 3485 dimissus
1880 3434 1969 3485 est

305 3521 366 3575 et
388 3516 664 3573 sanatus?
676 3518 989 3575 Prwdicare
1010 3535 1220 3573 annum
1238 3519 1458 3574 Domini
1476 3523 1775 3590 acceptum.
1794 3519 1971 3574 Juxta

308 3605 639 3679 simplicem
671 3606 1117 3679 intelligentiam
1151 3608 1339 3674 aiunt,
1373 3624 1490 3662 uno
1522 3625 1675 3663 anno
1706 3608 1973 3665 SalvatoJ

308 3712 437 3752 rem
466 3694 527 3751 in
557 3695 759 3752 Judzsa
809 3695 1188 3768 Evangelium
1223 3698 1589 3769 praedicasse,
1622 3702 1678 3753 et
1708 3697 1817 3753 hoc
1841 3714 1972 3755 esse

312 3786 472 3859 quod
507 3785 756 3843 dicitur:
810 3786 1123 3843 Praedicare
1152 3803 1363 3842 annum
1412 3787 1631 3841 Domini
1665 3796 1971 3860 acceptum,

310 3879 364 3932 et
393 3875 537 3932 diem
567 3876 950 3932 retributionis
970 3895 988 3931 :
1022 3876 1133 3931 nisi
1164 3878 1311 3932 forte
1341 3876 1581 3949 quidam
1616 3876 1973 3932 sacramenti

311 3964 374 4020 in
409 3965 821 4037 praedicatione
843 3965 979 4020 anni
1005 3965 1239 4021 Domini
1273 3965 1506 4020 divinus
1528 3979 1722 4022 sermo
1746 3965 1969 4039 signifi-

314 4058 429 4111 cat.
464 4054 666 4110 Futuri
697 4057 839 4110 sunt
872 4054 1024 4110 enim
1068 4052 1166 4109 alii
1217 4052 1362 4121 dies,
1414 4071 1528 4110 non
1576 4053 1722 4110 tales
1769 4052 1973 4125 quales

315 4159 472 4200 nunc
503 4144 563 4200 in
593 4144 816 4200 mundo
837 4142 1156 4211 cernimus,
1193 4148 1250 4199 et
1281 4160 1513 4199 menses
1558 4142 1677 4208 alii,
1700 4147 1755 4199 et
1775 4142 1977 4198 kalen-

314 4231 523 4288 darum
546 4232 689 4289 ordo
715 4232 1002 4289 diversus.
1053 4232 1216 4288 Sicut
1257 4231 1438 4303 igitur
1467 4231 1580 4287 ista
1610 4231 1745 4298 alia,
1770 4231 1853 4286 sic
1880 4248 1976 4286 an-

316 4336 433 4376 nus
479 4320 704 4377 Domini
743 4321 977 4377 futurus
1009 4326 1097 4377 est
1120 4319 1376 4393 placens.
1411 4321 1529 4376 Ista
1550 4327 1746 4377 autem
1779 4320 1976 4377 omnia

2081 3435 2211 3499 bus,
2246 3450 2320 3488 ne
2368 3433 2477 3489 sibi
2527 3451 2561 3488 a
2609 3432 2806 3504 patrize
2857 3450 2975 3487 suae
3007 3431 3347 3487 hominibus
3405 3428 3733 3484 diceretur:

2085 3522 2273 3593 Utique
2312 3522 2495 3577 dicitis
2523 3522 2665 3577 mihi
2708 3520 3038 3592 parabolam
3084 3522 3279 3575 istam:
3316 3516 3541 3582 Mediee,
3601 3531 3737 3571 cura

2080 3612 2332 3683 teipsum.
2366 3609 2488 3665 Erit
2516 3609 2671 3665 enim
2705 3615 2937 3681 tempus
2969 3609 3202 3681 quando
3235 3607 3499 3662 dicturus
3529 3603 3610 3659 sit
3639 3620 3739 3676 po-

2082 3699 2258 3773 pulus
2296 3700 2671 3755 Judaaorum:
2720 3701 3089 3771 Quaecunque
3134 3696 3330 3753 audivi
3364 3696 3512 3751 facta
3540 3693 3598 3749 in
3630 3694 3733 3750 Ca-

2084 3790 2415 3863 pharnaum
2446 3790 2601 3863 apud
2636 3795 2838 3861 gentes
2860 3789 3029 3862 signa
3052 3792 3225 3860 atque
3246 3789 3531 3859 portenta,
3566 3785 3655 3840 fac
3681 3784 3739 3838 et

2083 3880 2239 3952 apud
2280 3895 2386 3935 nos
2420 3878 2478 3933 in
2528 3878 2717 3950 patria
2746 3884 2867 3934 tua.
2920 3878 3057 3943 Quae
3105 3875 3411 3933 ostendisti
3463 3874 3734 3929 universo

2084 3968 2231 4033 orbi,
2274 3968 2516 4023 ostende
2555 3973 2612 4023 et
2642 3968 2831 4023 nobis.
2883 3967 3140 4023 Prisdica
3183 3980 3514 4021 sermonem
3564 3966 3734 4018 tuum

2086 4055 2302 4127 Dopulo
2332 4055 2508 4111 Israel
2536 4074 2550 4124 ;
2575 4061 2640 4110 ut
2668 4055 2877 4111 saltem
2909 4072 3040 4110 cum
3092 4053 3399 4109 intraverit
3440 4050 3738 4123 plenitudo

2085 4143 2370 4217 gentium,
2403 4148 2541 4199 tunc
2568 4144 2761 4199 omnis
2786 4142 2962 4198 Israel
2994 4142 3198 4198 saluus
3230 4141 3332 4196 fiat
3352 4141 3415 4194 ‘5.
3450 4138 3740 4205 Quamob-

2087 4250 2209 4290 rem
2241 4233 2381 4289 mihi
2434 4234 2665 4289 videtur
2715 4231 3099 4305 consequenti
3157 4229 3359 4286 ordine
3408 4225 3738 4283 Nazaraanis

2086 4323 2585 4397 interrogantibus
2638 4321 3007 4396 respondisse
3045 4318 3343 4377 Salvator:
3395 4318 3564 4372 Nemo
3605 4331 3738 4386 pro-

242 4448 252 4455 ο
317 4409 596 4482 praedicta
625 4415 785 4479 sunt,
822 4415 888 4466 ut
937 4415 1067 4483 post
1115 4409 1396 4465 visionem
1445 4426 1513 4465 ex
1543 4411 1813 4474 caecitate,
1848 4413 1979 4481 post
2085 4412 2246 4484 pheta
2272 4416 2524 4485 acceptus
2553 4417 2631 4467 est
2663 4413 2722 4467 in
2761 4413 2945 4484 patrir
2988 4426 3113 4465 sua.
3145 4408 3215 4462 Et
3244 4413 3382 4479 puto
3415 4404 3545 4476 plus
3570 4405 3741 4475 juxta

315 4497 648 4572 libertatem
699 4516 769 4556 ex
817 4499 1091 4569 vinculis,
1144 4502 1277 4572 post
1306 4498 1616 4555 sanitatem
1662 4516 1694 4553 a
1730 4498 1977 4554 diversis

318 4568 686 4659 vulderibus,
714 4589 1022 4646 veniamus
1044 4589 1115 4646 ad
1135 4606 1355 4645 annum
1390 4587 1616 4644 Domini
1647 4592 1974 4660 acceptum.

2087 4506 2545 4573 sacramentum,
2597 4517 2774 4572 quam
2814 4500 2986 4572 juxta
3037 4496 3289 4553 litteram
3347 4511 3545 4550 verum
3612 4509 3741 4549 esse

2087 4591 2243 4662 quod
2275 4591 2511 4655 dicitur,
2556 4589 2689 4646 licet
2716 4589 3000 4646 Jeremias
3031 4587 3088 4642 in
3135 4584 3386 4642 Anatoth
3418 4584 3604 4656 patria
3633 4599 3742 4638 sua

319 4677 457 4736 Cum
485 4679 636 4735 enim
665 4679 783 4736 haec
812 4680 1026 4751 legisset
1053 4682 1227 4746 Jesus,
1277 4679 1556 4734 involvens
1600 4677 1806 4732 librum
1854 4677 1975 4733 red-
2008 4699 2056 4763 D
2088 4697 2205 4737 non
2237 4679 2410 4736 fuerit
2437 4684 2731 4751 acceptus,
2762 4683 2819 4734 et
2848 4678 3050 4744 Isaias,
3085 4691 3471 4749 quascumque
3502 4673 3623 4763 fuit
3641 4689 3742 4763 pa-

316 4767 463 4824 didit
490 4770 775 4837 ministro,
810 4773 860 4825 et
889 4770 1049 4836 sedit,
1092 4772 1143 4823 et
1173 4769 1419 4824 omnium
1450 4768 1597 4825 oculi
1622 4775 1778 4823 erant
1808 4768 1863 4822 in
1894 4783 1981 4840 sy-

317 4873 539 4928 nagoga
565 4859 905 4917 attendentes
930 4860 987 4914 in
1011 4875 1157 4914 eum.
1184 4862 1252 4913 Et
1283 4875 1439 4914 nunc
1469 4858 1518 4914 si
1550 4856 1747 4926 vultis,
1780 4856 1839 4911 in
1872 4856 1979 4912 hac

316 4962 620 5023 synagoga
648 4952 919 5020 coetuque
948 4952 1198 5020 possunt
1226 4946 1377 5003 oculi
1402 4946 1577 5004 vestri
1599 4948 1897 5003 attendere
1918 4945 1977 5001 in

2090 4766 2201 4823 tria
2222 4767 2398 4833 illius,
2432 4771 2489 4822 et
2518 4766 2726 4838 reliqui
2759 4765 3093 4839 prophetae;
3128 4763 3228 4819 sed
3265 4764 3453 4837 magis
3484 4761 3628 4818 mihi
3660 4761 3740 4816 vi-

2089 4858 2262 4913 detur
2305 4856 2387 4913 sic
2416 4855 2690 4928 intelligi,
2740 4856 2852 4927 (90)
2886 4859 2952 4911 ut
2979 4855 3247 4910 dicamus
3281 4853 3531 4926 patriam
3564 4851 3746 4908 fuisse

2088 4944 2352 5002 omnium
2384 4944 2821 5017 prophetarum,
2843 4942 3152 5016 populum,
3182 4940 3665 5011 circumcisionis,
3689 4944 3748 4995 et

390 5076 437 5111 "
484 5074 689 5133 Matth.
738 5091 797 5141 x,
853 5074 943 5130 30.
990 5073 1036 5108 ⁴³
1081 5072 1192 5130 Isa.
1239 5090 1350 5144 LXI,
1402 5074 1456 5129 1.
1505 5072 1550 5106 “
1600 5071 1752 5128 Psal.
1799 5089 1875 5138 ιν,
1921 5073 1954 5125 7

2077 5071 2097 5105 ⁵
2126 5070 2292 5127 Rom.
2324 5087 2400 5126 χι.
2434 5072 2522 5136 25,
2553 5072 2643 5125 26.

534 5219 781 5302 “Eaedem
844 5216 1115 5302 schedia}
1153 5213 1317 5302 Αὖῗοὶ
1381 5215 1485 5302 γὰρ
1526 5213 1679 5302 ’ᾖσαν
1739 5212 1978 5302 πῖωχοέ,

324 5284 498 5364 μήδέηἱ
532 5287 771 5366 ἔχοντες,
812 5289 888 5360 μή
922 5286 1051 5341 Θεὸν
1084 5284 1135 5340 ἐν
1168 5284 1485 5362 γνώσεε,’μῆ
1509 5284 1704 5357 νόμον,
1741 5286 1814 5356 μὴ
1848 5284 1979 5357 τὲρΟ-

323 5365 667 5441 φήεαιςοχ-
894 5432 1001 5441 .-
1136 5372 1299 5441 -_‘.
1428 5428 1439 5441 .
1576 5429 1586 5441 .
1728 5431 1751 5441 -

540 5433 769 5507 Eisdem
827 5432 1055 5507 schedtp
1088 5447 1111 5507 :_
1136 5429 1345 5507 Πατρὶς
1387 5428 1480 5507 μξν
1526 5429 1629 5507 γριρ
1673 5431 1804 5507 ,τῷκί
1844 5446 1977 5507 πρᾳ-

362 5495 513 5576 ηἶτῶῦ
597 5504 656 5560 ἐκ
684 5509 992 5576 περιτομῆς
1025 5500 1178 5571 λαὸς,
1227 5495 1357 5576 τέοιρῖ
1388 5495 1485 5562 ὀἷς
1517 5495 1616 5554 θ’ὐνὲ
1638 5499 1746 5576 sici
1778 5495 1976 5576 Saufei.

362 5528 513 5576 ητων
543 5528 571 5560 ο
597 5528 656 5560 εκ
684 5528 992 5575 πεοιτομης
1025 5528 1178 5571 Λαος,
1227 5528 1334 5574 παρ
1402 5528 1484 5562 υις
1517 5528 1616 5554 ουκ
1645 5528 1745 5553 εισι
1778 5528 1975 5554 υικνῑυι.

314 5528 513 5650 aluei:
536 5574 603 5650 Δδὲ
647 5556 1037 5650 οἱῌέιᾉλότριοι
1084 5578 1192 5650 τ-ῶν
1250 5569 1518 5650 διαθηκῶν
1555 5571 1674 5650 aut
1702 5571 1839 5650 ξένῌοι.
1871 5575 1975 5624 τῶν

324 5643 668 5724 ἐπὰγγελιῶν
703 5643 994 5724 ἐδεξάμβθα
1030 5643 1171 5724 δοὺς
1214 5646 1517 5724 inpositaq“
1547 5644 1805 5724 ὁνκοψυχῇ
1850 5662 1977 5724 τερρ-

320 5701 659 5799 κηρνξέαντας
717 5701 988 5799 ᾎρῖσίξὼίη
1019 5701 1426 5799 ἤπερζέιξεῖὗᾶι·
1480 5701 1675 5799 i'aicnsp'
1854 5701 1975 5799 ἐξ

323 5784 628 5871 Σάβὲἇττοις
694 5784 786 5847 τὸῦ
866 5786 1052 5844 Ἠλίαν
1100 5784 1139 5855 ,⁷
1182 5784 1352 5861 λιμοῦ
1420 5784 1716 5864 γενομὲὐου
1756 5784 1836 5840 εέν
1900 5790 1979 5859 τῷ

2093 5209 2311 5286 ἰᾳραὴλ
2370 5217 2466 5286 τοῦ
2516 5212 2737 5286 ἀκρξόᾳαι
2793 5210 2966 5286 λόγῳ
3025 5216 3177 5267 Θεοῦ.
3222 5211 3352 5286 ’Καιὶῄ
3398 5207 3521 5283 περὶ
3574 5209 3738 5286 ᾑμξῶν

2094 5274 2321 5359 εἷ’ῥητᾶιιΔ
2364 5283 2447 5359 ὅτι
2500 5281 2694 5359 Πολλᾲ
2745 5285 2813 5337 τὰ
2867 5274 3025 5359 “ianva
3068 5291 3199 5359 Δςτῆς
3248 5274 3477 5359 Δέρῇμρά
3527 5274 3739 5359 iii/ilo»)

2092 5345 2257 5432 ᾒ’τῆς
2306 5354 2542 5432 ἐχούσῃς
2598 5352 2805 5432 ἄνδρα.⁸
2849 5357 2947 5432 Καὶ
3007 5345 3173 5432 πέλιῦ
3218 5345 3297 5432 si).
3328 5345 3479 5432 ἕξέρα
3528 5345 3738 5432 Taurei],

2090 5420 2174 5481 δὴ
2215 5420 2413 5503 prcipu
2470 5420 2616 5483 ἔλτεκε
2649 5473 2662 5497 ,
2699 5420 2809 5481 ’καὶ
2964 5424 3149 5494 πολλή
3214 5420 3265 5480 ἐι)
3323 5420 3530 5503 téxvozq
3572 5420 3744 5503 edet-

2089 5519 2238 5569 νησε.
2272 5496 2466 5557 Patria
2504 5504 2651 5555 enim
2691 5500 3084 5572 proli/telarum
3130 5506 3249 5553 erat
3282 5496 3611 5572 pepulissem
3639 5496 3749 5552 cir-

2088 5568 2438 5641 cumcisione,
2474 5573 2627 5641 apud
2656 5568 2812 5645 quem
2841 5589 2951 5628 non
2977 5574 3203 5639 fuerunt
3244 5568 3468 5638 accepti.
3518 5568 3622 5645 Nos
3651 5583 3749 5645 au-

2088 5647 2317 5716 temqui
2359 5640 2540 5700 alieni
2584 5640 2807 5700 eramus
2855 5661 2890 5697 a
2938 5647 3274 5716 testamento,
3322 5648 3370 5695 et
3398 5640 3680 5716 peregrini
3705 5656 3743 5694 a

2086 5712 2566 5787 promissionibus,
2612 5716 2898 5788 prophetas
2927 5715 3028 5784 qui
3057 5712 3740 5788 _Christum__praanuntia-

2090 5782 2241 5858 runt,
2274 5793 2385 5845 toto
2414 5789 2575 5845 corde
2604 5782 2901 5859 recepimus
2920 5782 3096 5857 magis
3128 5801 3296 5858 quam
3317 5782 3411 5841 illi
3436 5803 3449 5854 ;
3479 5782 3737 5858 quemadq
