4304 6584
566 430 681 514 eis

567 696 740 755 porro
774 683 1039 743 nationes
1086 703 1213 761 quae
1243 686 1414 761 longe
1455 690 1683 748 fuerant
1712 708 1745 747 a
1786 689 2107 763 prophetis,
2158 693 2217 745 et

567 783 771 828 eorum
805 775 1072 833 notitiam
1122 795 1237 837 non
1286 779 1603 849 habebant,
1652 780 1980 855 suscepisse
2011 779 2214 837 vatici-

568 862 733 919 nium
764 863 905 922 Jesu
939 866 1173 925 Christi.
1217 870 1399 928 Nemo
1451 876 1537 929 est
1566 888 1701 947 ergo
1734 871 2016 945 prepheta
2053 887 2213 928 acce-

568 956 708 1023 ptus
732 953 789 1010 in
828 957 1017 1028 patria
1066 976 1195 1032 sua,
1228 960 1338 1017 hoc
1386 965 1475 1018 est
1520 963 1578 1018 in
1613 961 1827 1035 populo
1856 961 2214 1018 Judaeorum.

568 1041 688 1100 Nos
712 1048 907 1103 autem
939 1047 1037 1121 qui
1066 1066 1300 1106 eramus
1330 1050 1501 1107 alieni
1534 1069 1567 1108 a
1596 1055 1948 1107 testamento
1973 1055 2030 1107 et
2061 1066 2218 1123 pere-

570 1131 724 1203 grini
754 1152 788 1190 a
818 1138 1328 1208 promissionibus,
1351 1144 1470 1197 toto
1491 1141 1804 1214 prophetas
1827 1141 1997 1197 corde
2027 1154 2220 1196 susce-

576 1223 795 1309 pimus,
825 1228 1128 1303 magisque
1158 1230 1440 1288 habemus
1460 1234 1691 1304 Moysen
1722 1235 1779 1287 et
1809 1230 2124 1304 prophetas
2152 1229 2222 1283 de

571 1312 799 1373 Christo
841 1319 1129 1378 ξιτ-48
1163 1322 1561 1393 praedicantes,
1595 1339 1772 1394 quam
1805 1320 1890 1377 illi
1923 1322 2021 1394 qui
2054 1336 2121 1375 ex
2152 1335 2219 1375 eo

566 1407 719 1475 quod
753 1424 868 1463 non
903 1412 1524 1483 susceperuntJesum,
1549 1428 1653 1467 nec
1676 1411 1809 1468 illos
1839 1412 2225 1480 susceperunt

567 1497 751 1567 quide
771 1496 870 1554 illo
887 1500 1400 1557 annuntiaverunt.
1416 1502 1581 1558 Unde
1601 1503 1673 1557 ad
1697 1501 1753 1556 id
1778 1500 1931 1574 quod
1964 1500 2219 1556 dixerat:

563 1588 734 1644 Nemo
786 1588 1044 1660 propheta
1101 1591 1350 1656 acceptus
1403 1592 1464 1645 in
1517 1592 1705 1661 patria
1760 1606 1909 1646 sua:
1968 1595 2029 1644 et
2064 1588 2221 1644 aliud

567 1674 874 1747 adjungit:
911 1678 970 1732 In
1022 1679 1257 1733 veritate
1311 1679 1464 1733 enim
1519 1678 1639 1733 dico
1668 1679 1836 1742 vobis.
1870 1679 2000 1749 quia
2037 1678 2223 1732 multm

565 1763 750 1822 viduae
778 1767 935 1820 erant
976 1767 1036 1821 in
1086 1765 1278 1822 diebus
1307 1766 1443 1822 Elia:
1474 1768 1533 1821 in
1576 1767 1765 1837 Israel,
1807 1766 2022 1836 quando
2064 1766 2225 1822 elau-

566 1870 693 1910 sum
719 1857 797 1910 est
825 1855 1023 1911 cwlum
1050 1857 1217 1911 annis
1261 1856 1458 1919 tribus,
1504 1864 1557 1912 et
1599 1857 1880 1911 mensibus
1909 1872 2027 1911 sex.
2061 1855 2220 1919 Quod

566 1941 704 2031 dicit
737 1942 852 1999 tale
881 1947 1006 1999 est:
1042 1943 1197 2001 Elias
1241 1944 1523 2016 propheta
1551 1949 1693 2012 erat,
1729 1945 1828 2001 sed
1873 1949 1996 2001 erat
2025 1944 2082 2000 in
2118 1960 2220 2016 po-
2252 1964 2300 2031 B

565 2028 705 2103 pulo
734 2031 1094 2089 Judaaorum.
1127 2034 1232 2089 Sed
1278 2035 1512 2107 quando
1558 2034 1826 2091 mirabile
1853 2034 1992 2107 quid
2028 2034 2219 2090 factuw

542 2136 670 2191 ,rus
701 2125 825 2176 erat
853 2137 987 2176 cum
1017 2126 1213 2178 essent
1261 2122 1456 2194 plures
1502 2122 1690 2179 viduae
1739 2122 1939 2189 Israel,
1982 2122 2221 2195 reliquit

569 2224 692 2271 eas.
720 2214 779 2265 et
807 2210 965 2266 venit
1012 2212 1083 2266 ad
1130 2211 1367 2267 viduam
1416 2212 1475 2267 in
1505 2215 1806 2283 Sareptam
1841 2212 2113 2277 Sidoniae,
2148 2212 2218 2267 ad

568 2296 845 2371 gentilem
892 2298 1318 2368 mulierculam,
1375 2301 1623 2372 figuram
1672 2302 1878 2357 futura:
1928 2301 2007 2358 rei
2040 2299 2219 2373 expli-

569 2402 732 2453 cans,
765 2387 905 2458 quia
947 2393 1265 2461 occupante
1321 2389 1474 2445 fame
1517 2407 1630 2446 non
1681 2392 1871 2463 panis,
1902 2407 2093 2464 neque
2124 2390 2219 2447 siti

566 2491 752 2548 aqum,
787 2478 887 2533 sed
920 2476 1074 2534 fame
1123 2477 1397 2535 audiendi
1427 2496 1757 2537 sermonem
1806 2480 1929 2547 Dei,
1963 2481 2119 2535 venit
2149 2480 2221 2535 ad

566 2563 825 2631 viduam,
854 2566 925 2623 de
956 2584 1071 2639 qua
1100 2571 1157 2624 et
1196 2568 1480 2641 propheta
1512 2572 1761 2625 testatur
1794 2569 2032 2627 dicens:
2066 2569 2226 2625 Multi

565 2654 680 2724 ﬁlii
703 2654 953 2721 deserta,
986 2658 1169 2729 magis
1210 2674 1377 2730 quam
1424 2662 1545 2727 eius
1577 2676 1698 2732 qua:
1745 2659 1903 2715 habet
1931 2662 2115 2715 virum
2144 2658 2213 2715 “.

564 2745 633 2801 Et
662 2759 796 2799 cum
846 2744 1122 2816 venisset,
1172 2762 1379 2816 panem
1434 2747 1593 2805 illius
1624 2756 1683 2805 et
1712 2747 1991 2805 alimenta
2022 2747 2224 2804 multi—

568 2830 765 2904 plicat.
795 2833 882 2889 Tu
932 2850 1062 2892 eras
1090 2834 1267 2892 vidua
1296 2835 1355 2893 in
1400 2839 1639 2908 Sarepta
1666 2837 1936 2909 Sidoniae,
1976 2855 2007 2893 o
2054 2840 2225 2909 cujus

567 2920 786 2978 ﬁnibus
816 2921 1146 2981 Chanantea
1171 2923 1386 2982 mulier
1413 2927 1732 2998 egreditur,
1763 2931 1819 2983 et
1836 2927 1999 2999 cupit
2029 2924 2222 2982 sanari

570 3007 754 3096 tiliam
784 3026 977 3077 suam,
1009 3017 1067 3067 et
1093 3018 1329 3085 propter
1360 3014 1532 3070 fidem
1558 3015 1773 3071 meruit
1794 3016 2052 3086 accipere
2070 3015 2224 3088 quod

573 3097 826 3170 petebat.
875 3099 1056 3158 Multae
1097 3116 1235 3173 ergo
1266 3102 1449 3160 viduae
1496 3108 1667 3160 erant
1697 3106 1755 3159 in
1786 3106 1981 3176 populo
2032 3104 2224 3171 Israel,

564 3184 661 3244 sed
686 3184 757 3243 ad
785 3188 999 3243 nullam
1048 3204 1239 3246 earum
1294 3193 1489 3249 missus
1543 3200 1621 3249 est
1665 3195 1835 3265 Elius,
1874 3190 1992 3250 nisi
2033 3196 2091 3248 in
2122 3193 2228 3248 Sa-

1817 452 1882 514 S.
1931 450 2237 517 ECSEBII
2281 452 2726 518 HIERONYMI

565 585 721 647 hanc
752 600 867 644 non
917 586 1205 663 recepisse
1236 587 1570 663 prophetas,
1603 592 1659 647 et
1687 605 1888 647 eorum
1919 588 2220 646 vaticinia:
2252 589 2307 657 Α

3859 447 3979 514 316

2787 590 3088 650 HOMILIA
3124 590 3348 649 nxw
3385 590 3521 664 (92).

2329 707 2409 760 De
2433 722 2494 763 eo
2522 703 2664 778 quod
2710 706 2977 777 scriptum
3020 707 3131 761 est:
3169 723 3191 752 ι
3240 701 3515 778 Magister,
3553 700 3685 774 quid
3729 696 3859 778 boni
3882 696 3982 777 [ag

2394 769 2543 835 ciens
2572 779 2741 834 vitam
2786 769 3061 834 aeternam
3107 769 3384 848 possidebo
3404 778 3431 829 ?
3465 798 3505 848 n7
3540 769 3825 848 usque
3852 769 3981 828 eum

2398 851 2573 907 locum
2626 848 2722 903 ubi
2767 852 2846 905 ait
2876 867 2894 903 :
2955 872 2981 897 ‹‹
3060 844 3196 905 Vade
3251 850 3302 901 et
3356 851 3418 901 tu
3474 847 3565 915 fac
3611 844 3893 902 similiter.
3951 863 3981 892 η

2398 925 2533 996 Cap.
2564 940 2619 978 x.

2399 1047 2545 1104 Cum
2578 1046 2763 1103 multa
2792 1046 2851 1103 in
2882 1045 3009 1119 lege
3056 1049 3344 1119 praecepta
3382 1045 3521 1112 sint,
3582 1042 3705 1099 hac
3748 1045 3982 1100 tantum

2329 1135 2592 1193 Salvator
2618 1138 2677 1193 in
2710 1136 3016 1209 Evangelio
3039 1134 3235 1209 posuit
3263 1152 3389 1207 qua:
3419 1132 3673 1207 quodam
3706 1147 3985 1205 compen-

2330 1226 2425 1283 dio
2456 1227 2529 1283 ad
2560 1232 2777 1284 aeterna
2804 1226 3141 1283 obedientes
3171 1226 3469 1281 ducerent.
3503 1219 3587 1277 Ad
3619 1221 3676 1278 id
3703 1222 3860 1278 enim
3893 1236 3985 1278 re-

2331 1316 2504 1388 spicit
2533 1317 2689 1389 quod
2713 1316 2860 1389 legis
2880 1317 3082 1373 doctor
3103 1315 3561 1387 interrogaverat
3580 1328 3716 1368 eum
3747 1310 3978 1368 dicens:

2332 1406 2607 1477 Magister,
2665 1409 2806 1480 quid
2859 1409 3066 1479 faciens
3117 1408 3285 1460 vitam
3347 1408 3610 1459 aeternam
3658 1400 3984 1473 possidebo.’

2332 1511 2460 1568 quea
2492 1495 2659 1552 lectio
2692 1497 3014 1552 secundum
3068 1496 3278 1552 Lucam
3332 1492 3501 1549 hodie
3550 1491 3715 1548 vobis
3745 1489 3987 1548 recitata

2333 1590 2473 1641 est:
2534 1586 2835 1657 respondit
2883 1603 2895 1641 :
2973 1589 3038 1640 1η
3113 1586 3247 1653 Lege
3327 1582 3461 1655 quid
3530 1583 3798 1654 scriptum
3851 1579 3988 1637 est?

2332 1675 2607 1747 Quomodo
2655 1676 2832 1745 legis?
2894 1675 3097 1746 Diliges
3153 1675 3450 1729 Dominum
3501 1672 3673 1728 Deum
3719 1674 3878 1726 tuum
3920 1686 3991 1727 ea:

2334 1770 2445 1821 toto
2490 1764 2653 1821 corde
2698 1773 2810 1827 tuo.
2868 1773 2917 1820 et
2957 1781 3027 1820 ex
3075 1770 3188 1819 tota
3236 1766 3437 1818 virtute
3474 1765 3595 1829 tua,
3645 1763 3696 1817 et
3759 1777 3829 1816 ex
3875 1762 3986 1816 tota

2332 1858 2514 1910 mente
2542 1863 2660 1920 tua,
2689 1862 2741 1910 et
2766 1856 3082 1926 proximum
3113 1862 3271 1910 tuum
3311 1860 3579 1924 tanquam
3619 1853 3873 1923 teipsum.
3905 1854 3988 1904 Ac

2332 1941 2577 1999 deinde:
2626 1943 2787 2012 Bene,
2839 1942 2921 1997 ait
2980 1940 3348 2013 respondisti:
3407 1940 3505 1996 hoc
3554 1941 3667 2010 fac,
3725 1947 3776 1994 et
3818 1940 3986 1995 viues.

2333 2031 2497 2088 Haud
2546 2032 2789 2087 dubium
2842 2031 2986 2103 quin
3036 2030 3459 2103 sempiternam
3506 2029 3685 2085 vitam
3738 2024 3848 2083 hoc
3895 2025 3986 2083 fa-

2330 2120 2533 2177 ciendo
2563 2124 2909 2193 accepturus
2941 2119 3042 2187 sis,
3077 2120 3149 2176 de
3179 2136 3294 2191 qua
3320 2122 3376 2174 et
3406 2117 3552 2190 legis
3580 2118 3781 2174 doctor
3810 2116 3990 2173 inter-

2331 2215 2654 2281 rogaverat.
2704 2209 3010 2281 Simulque
3063 2208 3370 2281 perspicue
3416 2208 3696 2263 docemur
3740 2204 3803 2262 in
3841 2204 3990 2279 legis

2332 2303 2637 2373 praecepto,
2690 2303 2754 2354 ut
2800 2297 3119 2370 diligamus
3168 2303 3374 2353 Deum.
3430 2298 3489 2354 In
3540 2295 3988 2353 Deuteronomio

2332 2389 2617 2462 scriptum
2667 2395 2792 2445 est:
2848 2387 3010 2454 Audi,
3062 2388 3277 2461 inquit,
3313 2385 3505 2458 Israel,
3545 2386 3808 2441 Dominus
3849 2384 3993 2441 Deus

2331 2487 2479 2545 tuus,
2537 2480 2679 2534 Deus
2743 2495 2889 2534 unus
2935 2486 3029 2534 est.
3094 2479 3159 2533 Et
3212 2478 3409 2546 diliges
3465 2477 3756 2532 Dominum
3819 2476 3992 2531 Deum

2331 2572 2488 2624 tuum
2516 2585 2585 2625 ea:
2614 2572 2726 2625 tota
2779 2573 2963 2624 mente
3008 2576 3123 2637 tua,
3174 2573 3233 2623 et
3279 2566 3526 2638 reliqua,
3573 2573 3625 2621 et
3666 2565 3992 2638 proximum

2334 2660 2492 2713 tuum
2516 2660 2677 2729 quasi
2724 2658 2955 2728 teipsum
2985 2658 3048 2713 ιθ.
3085 2660 3149 2712 Et
3178 2655 3433 2712 salvator
3463 2671 3640 2726 super
3685 2652 3778 2711 his
3810 2656 3989 2709 testa-

2334 2752 2431 2803 tus
2487 2751 2577 2802 est
2627 2746 2863 2802 dicens:
2926 2748 2989 2802 In
3019 2746 3103 2801 his
3154 2745 3360 2801 duobus
3413 2743 3691 2799 mandatis
3738 2745 3849 2798 tota
3898 2742 3991 2798 lea:

2329 2835 2528 2907 pendet
2551 2840 2603 2891 et
2652 2836 2935 2907 prophetae
2966 2837 3029 2891 δ’.
3061 2835 3304 2892 Volente
3345 2839 3541 2890 autem
3571 2833 3807 2888 doctore
3842 2829 3992 2903 legis

2329 2924 2657 2995 justiticare
2704 2925 3113 2997 semetipsum,
3162 2928 3219 2980 et
3257 2924 3565 2979 ostendere
3614 2921 3771 2994 quod
3819 2935 3994 2976 nemo

2338 3013 2449 3069 sibi
2481 3018 2636 3069 esset
2668 3013 2991 3087 proximus,
3024 3018 3199 3085 atque
3230 3014 3497 3069 dicente:
3534 3011 3662 3081 Quis
3690 3017 3773 3066 est
3798 3008 3996 3083 proxi-

2334 3119 2456 3157 mus
2481 3104 2677 3158 meus?
2704 3101 2905 3158 intulit
2930 3101 3214 3159 Dominus
3241 3099 3598 3174 parabolam,
3632 3099 3805 3171 cujus
3834 3113 3997 3155 exor-

2336 3191 2499 3248 dium
2531 3195 2656 3247 est:
2690 3193 2856 3247 Homo
2902 3191 3130 3263 quidam
3177 3189 3532 3246 descendebat
3579 3188 3644 3244 de
3689 3187 3996 3245 Jerusalem

569 3278 738 3350 reptis
766 3276 836 3333 ad
864 3277 1156 3336 mulierem
1176 3281 1417 3337 viduam.
1447 3281 1551 3339 Sed
1581 3286 1637 3340 et
1667 3281 1822 3339 aliud
1856 3283 1927 3339 ad
1952 3283 2225 3339 eumdem
2259 3328 2299 3353 η
2338 3282 2399 3336 in
2424 3280 2663 3350 Iericho,
2695 3285 2752 3336 et
2784 3279 3041 3353 reliqua:
3065 3285 3121 3335 et
3150 3279 3317 3336 docet
3339 3277 3559 3335 nullius
3588 3276 3769 3334 fuisse
3800 3275 3994 3350 proxi-

570 3380 813 3422 sensum
863 3367 1164 3440 pertinens
1210 3369 1507 3442 loquitur:
1565 3371 1723 3428 Multi
1748 3381 1907 3429 erant
1937 3372 2140 3445 leprosi
2168 3374 2228 3428 in

460 3502 472 3518 κ
572 3456 746 3513 Israel
777 3456 836 3511 in
880 3454 1072 3514 diebus
1129 3458 1315 3516 Blisxi
1368 3461 1669 3532 praphetae,
1727 3470 1779 3519 et
1833 3477 1991 3518 nemo
2037 3478 2229 3519 eorum

573 3543 870 3602 mundatus
928 3550 1006 3601 est
1056 3548 1165 3603 nisi
1207 3549 1461 3604 Nuaman
1492 3550 1684 3622 Syrus,
1720 3552 1819 3623 qui
1882 3551 2082 3623 utique
2114 3568 2228 3609 non

571 3625 700 3695 erat
728 3649 796 3691 ex
827 3633 1025 3691 Israel.
1046 3636 1360 3693 Considera
1386 3655 1573 3712 usque
1597 3639 1670 3694 ad
1692 3643 2039 3711 praesentem
2074 3640 2229 3699 diem

584 3718 805 3783 multos
835 3719 1097 3795 leprosos
1125 3722 1185 3778 in
1226 3723 1404 3779 Israel
1443 3726 1767 3781 secundum
1817 3742 2072 3797 carnem,
2103 3726 2235 3782 vide

584 3807 912 3867 ccontrario
954 3807 1128 3882 lepras
1159 3810 1431 3883 squalore
1460 3813 1750 3884 perfusos,
1782 3817 1948 3870 atcue
1978 3816 2088 3887 (91)
2121 3814 2237 3888 spi-

586 3893 746 3952 ritali
778 3895 981 3952 Elisaao
1012 3897 1255 3955 Domino
1288 3904 1489 3957 nostro
1519 3904 1576 3957 et
1606 3901 1924 3973 Salvatore,
1950 3907 2006 3959 te
2036 3909 2233 3960 autem

587 3983 826 4073 purgari
858 3985 1137 4059 baptismi
1171 3994 1559 4062 sacramento,
1593 3993 1651 4046 et
1689 3991 1801 4047 dici
1833 3992 1901 4047 ad
1937 3997 2029 4049 te:
2061 3993 2237 4065 Surge

584 4076 641 4129 et
667 4072 803 4129 vade
850 4075 913 4132 in
962 4075 1277 4144 Iordanem,
1338 4082 1390 4135 et
1443 4079 1646 4152 lavare,
1690 4084 1742 4136 et
1790 4084 2111 4139 restituetur
2138 4083 2239 4138 tibi

586 4157 726 4220 caro
775 4170 869 4219 tua
898 4165 961 4219 ⁸⁷.
986 4165 1247 4223 Surrexit
1274 4166 1535 4225 Naaman
1569 4173 1629 4225 et
1674 4169 1837 4236 abiit,
1869 4175 1927 4227 et
1954 4170 2109 4229 lotus
2130 4171 2237 4226 im-

586 4248 763 4323 plevit
793 4254 1134 4326 mysterium
1162 4254 1465 4328 baptismi,
1506 4261 1563 4312 et
1613 4257 1764 4314 facta
1818 4263 1908 4314 est
1946 4274 2077 4315 caro
2108 4260 2237 4331 ejus

588 4335 757 4419 quasi
789 4357 923 4398 caro
956 4343 1141 4415 pueri,
1183 4342 1283 4417 qui
1313 4344 1372 4399 in
1419 4343 1647 4402 lavacro
1696 4347 2118 4419 regnerationis
2145 4365 2233 4406 or-

586 4429 687 4482 tus
714 4428 889 4485 fuerit
914 4430 974 4485 in
1006 4431 1234 4488 Christo
1262 4432 1424 4489 Jesu.
1457 4433 1557 4489 Cui
1590 4438 1680 4490 est
1726 4435 1910 4507 gloria
1952 4440 2010 4493 et
2054 4436 2236 4511 impe—

590 4514 746 4571 rium
777 4515 836 4572 in
862 4518 1075 4576 secula
1104 4519 1475 4578 seculorum.
1507 4523 1713 4580 Amen.
1754 4514 1759 4519 ’

2342 3385 2501 3425 ωυω
2523 3370 2993 3437 descendentem,
3015 3368 3125 3425 nisi
3151 3367 3309 3424 illius
3332 3366 3735 3439 ᾳυίὓιιθοῦθ
3752 3364 4001 3423 voluerit

2340 3458 2635 3515 custodire
2666 3462 2972 3530 praecepta,
2997 3462 3054 3513 et
3075 3473 3399 3529 praeparare
3420 3472 3501 3522 se,
3533 3460 3597 3511 ut
3609 3453 3997 3528 sitproximus

2337 3547 2501 3604 omni
2533 3546 2756 3604 homini
2788 3546 2890 3619 qui
2921 3546 3396 3618 auxilioindiget.
3414 3544 3532 3601 Hoc
3556 3543 3712 3601 enim
3736 3547 3823 3600 est
3840 3542 3995 3616 quod

2343 3641 2474 3713 post
2502 3635 2841 3710 parabolam
2882 3636 2942 3692 in
2973 3636 3088 3691 tino
3119 3635 3378 3708 ponitur.
3411 3633 3553 3702 Quis
3584 3634 3657 3689 de
3683 3632 3777 3689 his
3805 3631 3997 3690 tribus

2341 3725 2571 3781 videtur
2600 3724 2704 3782 tibi
2734 3724 3034 3797 proximus
3056 3740 3183 3782 esse
3205 3725 3333 3798 ejus
3365 3723 3467 3796 qui
3496 3724 3554 3779 in
3575 3722 3831 3779 latrones
3850 3720 3992 3777 inci-

2344 3814 2474 3872 dit?
2504 3815 2619 3871 Nec
2649 3814 2806 3871 enim
2838 3814 3130 3886 sacerdos,
3173 3830 3278 3870 nec
3310 3812 3538 3870 Levites
3587 3811 3836 3886 proximi
3865 3809 3995 3885 ejus

2344 3903 2619 3961 fuerunt:
2651 3903 2775 3973 sed,
2810 3907 2873 3959 ut
2894 3902 3020 3976 ipse
3049 3920 3283 3975 quoque
3312 3902 3458 3974 legis
3506 3902 3710 3957 doctor
3747 3916 3993 3972 respon-

2345 3992 2452 4062 dit,
2498 3991 2595 4048 ille
2641 3993 2742 4065 qui
2796 3991 2929 4049 fecit
2986 3992 3468 4059 misericordiam,
3516 3990 3820 4064 proximus
3864 3989 3996 4062 eius

2346 4082 2475 4139 fuit.
2530 4081 2692 4139 Unde
2720 4087 2777 4138 et
2807 4099 2841 4138 a
2882 4081 3176 4139 Salvatore
3223 4082 3458 4150 dicitur,
3519 4079 3679 4147 Vade,
3723 4082 3774 4135 et
3817 4082 3881 4134 tu
3905 4080 3998 4150 [ac

2344 4172 2637 4229 similiter.
2664 4170 2888 4247 Aiebat,
2917 4172 3156 4239 quidem
3182 4171 3253 4227 de
3286 4167 3635 4243 presbyteris
3658 4166 3860 4225 volens
3890 4183 3993 4240 pa-

2346 4258 2605 4317 rabolam
2639 4258 3030 4332 interpretari,
3062 4260 3361 4318 hominem
3394 4259 3493 4333 qui
3537 4257 3841 4317 descendit
3867 4273 3997 4316 esse

2346 4349 2569 4417 Adam;
2599 4347 2947 4420 Jerusalem,
2980 4348 3349 4422 paradisum;
3383 4348 3637 4420 Jericho,
3670 4347 3993 4415 mundum;

2347 4437 2603 4495 latrones
2655 4437 2977 4495 contrarias
3026 4438 3436 4506 fortitudines;
3492 4436 3874 4501 sacerdotem,
3911 4433 3995 4490 le-

2348 4544 2519 4602 gem;
2556 4528 2833 4592 Levitem,
2865 4527 3179 4601 prophetas
3206 4546 3219 4596 ;
3253 4527 3623 4593 Samaritem,
3653 4523 3951 4583 Christum
3978 4539 3992 4579 :

2345 4609 2589 4674 vulnera
2615 4634 2770 4686 vero,
2822 4616 3314 4685 inobedientiam;
3369 4615 3608 4685 animal,
3639 4630 3852 4688 corpus
3881 4610 3996 4671 Do-

2269 4709 2319 4777 D
2349 4706 2539 4775 mini;
2589 4705 2984 4780 pandochium
3017 4708 3150 4780 (93),
3200 4708 3254 4763 id
3307 4711 3415 4779 est,
3461 4704 3781 4773 stabulum,
3836 4702 3993 4778 quod

664 4814 708 4851 “
738 4814 850 4875 lsa.
883 4832 990 4881 LIV,
1023 4817 1073 4873 1.
1110 4818 1153 4854 t"
1183 4816 1257 4873 IV
1315 4817 1451 4891 Reg.
1502 4837 1557 4891 ν,
1626 4821 1712 4876 10.
1743 4821 1787 4857 ⁸⁸
1837 4826 2000 4879 Deut.
2050 4841 2127 4893 v1,
2181 4826 2230 4890 4,

2337 4843 2344 4892 ',
2378 4823 2556 4883 Levit.
2589 4840 2703 4889 xxx,
2737 4823 2822 4878 18.
2855 4822 2899 4858 ‘9
2928 4823 3131 4880 Matth.
3163 4841 3302 4891 χχιι,
3335 4824 3422 4881 40.

591 4929 812 5006 modum
850 4931 1097 5006 éteidua
1125 4949 1246 5006 qua;
1274 4934 1336 4988 in
1381 4936 1629 5006 Sareptis
1667 4940 1805 5004 erat,
1840 4937 2025 4995 Eliam
2059 4956 2243 4998 susce-

589 5004 692 5076 pit,
723 5005 868 5076 facta
900 5005 960 5057 in
991 5004 1165 5061 Israel
1211 5008 1360 5076 tame
1402 5004 1668 5063 audiendi
1709 5009 1861 5065 verbi
1910 5013 2029 5066 Dei.
2086 5014 2150 5068 Et
2178 5012 2243 5068 de

592 5074 751 5156 nobis
778 5074 1130 5156 dictum_es_t.°
1167 5075 1348 5156 -Multi
1379 5078 1502 5156 filii
1533 5080 1794 5156 desertas,
1845 5082 2032 5156 magis
2063 5099 2238 5156 quam

591 5149 721 5225 ejus
744 5146 1090 5225 quahabet
1126 5147 1337 5225 virum.
1372 5149 1435 5203 Et
1465 5167 1652 5225 rursus
1681 5146 1805 5225 alii;
1835 5146 2125 5225 Scriptura
2151 5155 2238 5211 di-

587 5219 706 5295 _eit_:
739 5218 968 5276 Sterilis
1002 5219 1242 5295 peperit,
1286 5225 1343 5275 et
1370 5236 1501 5292 quae
1530 5220 1751 5278 multos
1782 5218 2033 5282 habebat
2063 5226 2237 5295 filios,

589 5290 888 5348 infirmata
914 5290 1023 5347 est.
1059 5290 1297 5347 Romus.

662 5362 774 5433 (91)
806 5367 923 5418 Aut
969 5362 1171 5438 absque
1223 5360 1534 5438 legendum
1568 5370 1656 5419 est
1704 5382 1808 5438 pro
1848 5376 2026 5438 atque,
2061 5385 2239 5426 sensu

591 5436 892 5507 utcunque
921 5452 1034 5492 non
1061 5434 1455 5507 incommodo,
1473 5439 1578 5507 aut
1598 5434 1749 5491 certe
1771 5434 2020 5495 mutilus
2045 5440 2238 5497 verbis

589 5502 815 5566 aliquot
843 5507 1057 5563 misers
1087 5505 1448 5563 detruncatis
1471 5506 1563 5561 hic
1593 5509 1785 5566 textus
1814 5515 1921 5566 est.

660 5574 771 5646 (92)
823 5582 1135 5661 Postremae
1184 5578 1308 5661 haec
1354 5576 1930 5661 subseqpenteshsex
1959 5582 2233 5661 homiliaz,

592 5660 726 5700 cum
759 5649 1161 5722 continuatum
1192 5648 1252 5706 in
1282 5648 1682 5722 superioribus
1712 5652 1976 5710 ordinem
2007 5672 2120 5712 non
2151 5648 2237 5712 te;

589 5722 789 5798 neant,
820 5721 1128 5779 manifesto
1149 5738 1211 5798 se
1236 5721 1498 5798 produnt
1526 5739 1561 5779 a
1581 5724 1797 5798 majori
1817 5726 2104 5785 detractas
2133 5727 2238 5785 ho-

589 5785 910 5862 miliarum,
966 5808 1111 5863 quas
1172 5785 1557 5852 Adamantius
1615 5785 2059 5872 elucubraverit,
2126 5817 2234 5857 nu-

2353 4954 2535 5012 mero.
2570 4940 2697 5011 Ipse
2727 4943 2947 5012 auctor,
2982 4940 3135 5012 quod
3167 4944 3232 5012 et,
3253 4939 3325 4995 cl.
3358 4938 3601 5012 Huetins
3632 4937 3998 5012 animadver-

2349 5010 2440 5076 tit,
2467 5008 2626 5066 tomo
2653 5027 2751 5065 xm
2784 5012 2844 5066 in
2870 5008 3135 5085 Joannem
3182 5011 3377 5085 plures
3428 5011 3555 5067 istis
3601 5008 3842 5085 triginta
3889 5024 3999 5085 no-

2348 5099 2499 5164 vem,
2535 5100 2661 5155 qua:
2694 5088 3033 5164 supersunt,
3066 5079 3566 5164 abs'I-lieronymo
3614 5079 3816 5164 Latine
3856 5079 3994 5164 red-

2350 5147 2509 5221 ditis,
2544 5147 2577 5209 a
2606 5171 2667 5209 se
2700 5147 2879 5211 fuisse
2901 5147 3211 5212 adornatas
3232 5147 3508 5217 declarat.
3531 5170 3667 5210 cum
3690 5152 3793 5219 ait,
3814 5151 3883 5206 τὰ
3911 5147 3996 5207 δὶ-

2348 5224 2825 5301 περὶ-τῶγιὲκατᾷν
2858 5222 3145 5300 προϐάτων
3180 5223 3332 5301 ἔχεις
3392 5226 3467 5288 εἷς
3518 5224 3613 5287 τὰς
3670 5223 3807 5301 κατὰ
3854 5227 3996 5301 Aou-

2347 5294 2443 5351 xa'v
2475 5294 2720 5369 ὁμιλίας·
2755 5294 3105 5366 Οαέεάιιιεηι
3124 5298 3193 5354 ad
3212 5294 3435 5355 centum
3463 5313 3583 5354 oves
3610 5298 3909 5369 pertinent,
3928 5310 3998 5351 ea

2348 5368 2520 5442 [tates
2563 5372 2639 5442 in
2674 5368 2949 5442 homidias
3005 5386 3142 5442 quas
3196 5370 3258 5425 in
3304 5370 3504 5426 Lucam
3550 5368 3995 5442 conscripsimus.

2346 5441 2505 5497 Nihil
2553 5441 2707 5500 enim
2753 5440 2868 5497 tale
2897 5440 2955 5499 in
3002 5438 3115 5509 his,
3167 5456 3292 5513 quas
3342 5446 3589 5512 exstant,
3634 5438 3892 5499 homiliis
3936 5438 3999 5494 in

2348 5514 2550 5570 Lucam
2577 5513 2861 5571 invenias.

2419 5584 2531 5657 (93)
2562 5585 2680 5643 Hoc
2711 5583 3287 5658 quoqueprofectum
3311 5601 3381 5642 ex
3410 5584 3643 5658 Hieron.
3666 5580 3999 5641 estcalamo

2347 5655 2807 5782 gouodstabulum
2834 5655 3038 5713 Latine
3069 5660 3253 5713 sonet.
3280 5657 3437 5729 quod
3455 5657 3513 5714 in
3546 5659 3724 5713 Graec.
3757 5658 3847 5713 est
3865 5672 4000 5728 παγο

2412 5745 2583 5782 γειον.

2412 5745 2583 5801 χειον.
