4304 6566
395 926 767 978 reversurum
801 941 861 981 se
889 943 1017 985 esse
1047 935 1356 1005 promittit,
1379 926 1701 1002 secundum
1733 949 2049 1010 Salvatoris

392 1000 688 1112 ﬁgurabat
717 1000 1063 1075 adventum:
1089 1023 1217 1080 Haec
1268 1000 1400 1085 cum
1456 1000 2046 1112 rationabili—tei'vpvul-

1917 1090 2011 1112 Γ-.

389 1090 652 1168 cbreque
694 1101 986 1177 dicantur,
1038 1129 1154 1170 non
1204 1121 1293 1173 est
1337 1123 1531 1178 tamen
1585 1127 2041 1189 existimandum

387 1185 547 1255 quod
580 1189 650 1245 ad
684 1205 918 1251 omnem
952 1198 1250 1262 hominem
1282 1212 1629 1278 pertineant.
1655 1217 1853 1290 Neque
1884 1221 2039 1280 enim

1301 1299 1623 1360 Jerusalem
1674 1306 1731 1361 in
1781 1310 2036 1378 Jericho,

377 1457 634 1512 rantur:
671 1457 804 1516 licet
835 1463 932 1520 ille
971 1469 1068 1540 qui
1115 1457 1336 1532 missus
1367 1484 1473 1544 est,
1510 1487 1746 1553 propter
1775 1489 2033 1558 perditas

375 1555 520 1597 oves
573 1549 797 1605 venerit
843 1553 1057 1614 domus
1105 1560 1302 1620 Israel.
1354 1549 1538 1624 Homo
1586 1549 1910 1648 igitur-qui
1961 1579 2032 1635 de

371 1631 706 1692 Jerusalem
740 1639 1043 1702 descendit
1089 1649 1145 1705 in
1201 1653 1454 1723 Jericho,
1490 1631 1642 1731 qui;
1677 1631 1858 1720 voluit
1905 1667 2031 1740 ipse

382 1717 631 1740 4----..
941 1738 947 1740 -

1446 1717 1453 1723 .
1510 1717 1520 1731 ,
1907 1717 2028 1740 τη

377 1717 753 1794 descendere,
785 1738 1090 1805 propterea
1118 1739 1174 1794 in
1215 1743 1467 1803 latrones
1498 1748 1724 1806 incidit.
1751 1753 2028 1814 Latrones

807 411 1302 491 TRANSLA'I‘IO
1347 433 1854 506 HOMILIARUM
1898 440 2264 512 ORIGENIS
2307 451 2387 515 ΙΝ
2432 455 2723 520 LUCAM.
2759 492 2836 508 —
2866 461 3135 527 HOMlL.
3184 463 3422 532 XXXV.

2165 701 2390 756 necem,
2415 689 2514 747 sed
2548 698 2785 764 prOpter
2803 695 2949 753 alios
2977 715 3209 771 quoque
3231 700 3330 772 qui
3357 699 3430 757 ob
3452 701 3644 757 varias
3676 715 3813 758 cau-

2163 792 2260 833 sas
2293 779 2524 837 fuerant
2553 781 2860 855 vulnerati,
2894 790 2951 843 et
2991 787 3334 861 indigebant
3374 789 3722 862 alligaturis,
3755 796 3814 847 et

2161 866 2308 934 oleo,
2341 873 2399 926 et
2427 871 2583 938 vino,
2617 891 2815 930 secum
2849 882 3115 948 portasse
3145 878 3516 936 Samaritem.
3555 881 3811 937 Habebat

2159 955 2350 1014 oleum
2383 961 2454 1017 de
2497 979 2617 1042 quo
2649 964 2934 1037 scriptum
2967 972 3056 1024 est
3075 970 3119 1004 ³⁸
3148 985 3160 1026 :
3197 971 3263 1028 Ut
3304 971 3579 1027 exhilaret
3605 972 3808 1042 faciem

2156 1048 2216 1103 in
2244 1049 2394 1112 oleo;
2423 1037 2576 1108 haud
2611 1055 2857 1111 dubium
2883 1057 3023 1128 quin
3047 1059 3176 1128 ejus
3198 1059 3297 1131 qui
3323 1065 3562 1116 curatus
3595 1037 3801 1133 iuerat,

2153 1136 2278 1193 oleo
2309 1141 2484 1196 etiam
2531 1147 2795 1201 tumores
2839 1147 3150 1204 vulnerum
3204 1151 3570 1206 sedarentur.
3603 1150 3713 1206 Sed
3745 1155 3805 1208 et

2149 1226 2282 1284 vino
2301 1231 2548 1287 mundat
2560 1233 2823 1304 vulnera,
2839 1238 3171 1308 asperitatis
3190 1239 3411 1312 aliquid
3431 1240 3795 1297 admiscens:

2149 1331 2402 1390 eumque
2423 1321 2522 1391 qui
2548 1323 2733 1379 fuerat
2753 1325 3092 1384 vulneratus
3117 1328 3401 1400 imposuit
3420 1331 3715 1402 jumento,
3739 1331 3797 1386 id

2013 1433 2036 1446 -
2145 1410 2254 1468 est,
2280 1410 2513 1480 proprio
2556 1415 2803 1484 corpori,
2843 1417 3012 1486 juxta
3041 1418 3098 1473 id
3149 1419 3304 1490 quod
3356 1423 3447 1476 est
3494 1419 3795 1477 hominem

2144 1494 2425 1564 dignatus
2443 1516 2761 1557 assumere.
2784 1505 2896 1560 lste
2913 1506 3318 1563 Samaritanus
3341 1512 3579 1581 peccata
3592 1512 3796 1564 nostra

2143 1589 2355 1655 portat,
2379 1591 2434 1642 et
2464 1605 2565 1660 pro
2599 1592 2769 1648 nobis
2799 1592 2975 1659 dolet,
3002 1601 3194 1668 portat
3225 1598 3600 1660 seminecem,
3623 1598 3793 1653 indu-

2141 1672 2220 1728 cit
2252 1674 2307 1729 in
2343 1679 2758 1747 pandochium.
2788 1682 2844 1738 id
2891 1688 2979 1739 est
3024 1685 3080 1740 in
3129 1685 3470 1750 Ecclesiam,
3505 1703 3632 1758 quae
3664 1703 3788 1742 om-

2138 1778 2242 1818 nes
2272 1766 2540 1838 suscipit,
2575 1773 2629 1825 et
2680 1771 2822 1827 nulli
2872 1773 3157 1830 auxilium
3207 1792 3381 1831 suum
3414 1775 3684 1847 denegat,
3714 1777 3784 1831 ad

2136 1867 2310 1922 quam
2354 1862 2596 1914 cunctos
2629 1867 2902 1930 provocat
2926 1863 3100 1920 Jesus
3148 1865 3351 1921 dicens
3381 1866 3427 1901 5‘
3449 1883 3468 1920 .·
3505 1865 3691 1922 Venite
3717 1865 3788 1921 ad

1375 1897 1384 1906 '
1744 1897 1853 1900 HV"
1897 1897 1974 1903 “V'
2010 1897 2022 1905 '
2138 1897 2310 1922 Ί“’““”⁵³¹
2354 1897 2596 1914 νυηννυο
2631 1897 2902 1930 μιυνυυαιι
2926 1897 3100 1920 υῠυυδ
3148 1897 3351 1921 υιυσιιῠ
3383 1897 3421 1901 “’
3449 1909 3461 1920 ο
3507 1897 3688 1922 ισηιισ
3717 1897 3784 1921 uu

370 1897 568 1958 omn”
598 1909 697 1976 (μιί
724 1919 851 1966 “me
892 1931 982 1970 τηε
1007 1927 1290 1990 venerunt.
1320 1927 1469 1994 fures
1497 1931 1725 1997 fuerunt
1754 1939 1805 1991 et
1853 1937 2024 1994 lalro-
2056 1967 2103 2034 Β
2133 1957 2237 2012 me,
2270 1959 2456 2002 omnes
2483 1951 2580 2019 qui
2609 1950 2878 2008 laborati:
2919 1956 2971 2008 et
3011 1955 3228 2009 onerati
3255 1957 3404 2021 estis,
3437 1963 3488 2010 et
3519 1970 3622 2027 ego
3652 1956 3784 2025 reﬁ-

370 1989 533 2034 nes”
579 1993 996 2034 Vmsumtnmn-
1051 2023 1162 2034 ..--
1215 2011 1416 2034 :___°_I!n
1473 2018 1483 2028 -
1584 2020 1605 2034 ρ
1893 2026 1908 2034 -
1965 2028 1975 2034 .
2178 2033 2182 2034 ,

364 1989 548 2046 nes”.
579 1993 999 2059 Verumtamen
1051 2023 1164 2064 non
1215 2011 1423 2071 incidit
1469 2018 1528 2072 in
1581 2020 1757 2088 fures,

368 2079 559 2138 multo
578 2083 808 2144 furibus
824 2094 1133 2163 nequiores
1157 2099 1432 2168 latrones,
1449 2107 1546 2176 qui
1569 2110 2017 2172 descendentem

364 2178 504 2225 eum
538 2171 608 2228 de
635 2174 960 2236 Jerusalem
1012 2200 1146 2241 cum
1199 2171 1502 2250 incidisset
1530 2197 1587 2252 in
1621 2199 1772 2270 illos,
1803 2205 2016 2276 spolia-

357 2264 577 2315 verunt
603 2267 660 2319 et
686 2263 1096 2340 imposuerunt
1126 2277 1174 2332 ei
1211 2279 1431 2354 plagas.
1458 2286 1592 2349 Quae
1623 2263 1769 2346 sunt,
1793 2263 2015 2365 plagae?

359 2361 492 2418 qua:
523 2350 760 2411 vulnera
801 2359 1016 2429 quibus
1063 2350 1400 2428 vulneratus
1450 2380 1538 2431 est
1593 2377 1811 2436 homo?
1862 2383 2013 2441 Vitia

357 2440 540 2510 atque
577 2450 829 2514 peccata.
864 2449 1084 2509 Deinde
1116 2457 1253 2528 quia
1299 2459 1558 2520 latrones
1602 2468 1702 2539 qui
1752 2472 2006 2529 nudave-

354 2532 493 2583 rant
521 2539 754 2602 eum,et
777 2537 1245 2617 vulneraverant,
1271 2567 1382 2605 non
1408 2555 1670 2612 assident
1699 2561 1877 2629 nudo,
1904 2564 2004 2619 sed

354 2613 548 2688 plagis
606 2635 810 2680 rursus
865 2626 1160 2700 impositis
1214 2636 1556 2711 relinquunt
1595 2661 1752 2712 eum,
1788 2648 2003 2708 idcirco

353 2706 638 2778 scriptum
671 2718 759 2769 est
782 2732 795 2770 :
820 2718 1124 2787 Spnlz'antes
1149 2741 1294 2789 eum,
1331 2706 1397 2784 et-
1409 2735 1636 2790 vulnera
1666 2706 2004 2810 apponentes

349 2795 629 2866 abierunt,
664 2818 724 2859 eo
754 2821 868 2861 non
904 2816 1154 2882 mortuo,
1189 2817 1288 2872 sed
1321 2823 1605 2879 seminare.
1644 2826 1878 2884 Factum
1915 2836 2004 2885 est

351 2889 550 2943 autem
591 2894 656 2946 ut
694 2893 750 2947 in
802 2898 1004 2954 eadem
1056 2901 1148 2958 via
1197 2907 1424 2976 primus
1471 2915 1763 2982 sacerdos,
1793 2918 2002 2976 deinde

352 2971 575 3034 Levites
604 2979 1043 3060 descenderent,
1079 2993 1177 3063 qui
1198 2971 1454 3054 torsitan
1497 3001 1629 3058 aliis
1662 2971 2000 3065 hominibus

347 3061 504 3121 bona
533 3074 797 3140 quaedam
834 3061 1110 3147 fecerant,
1143 3101 1256 3140 non
1298 3090 1493 3144 tamen
1542 3092 1698 3154 huic.
1734 3096 1834 3167 qui
1867 3061 1997 3154 des-

344 3155 620 3214 cenderat
648 3162 719 3216 ab
751 3163 1074 3225 Jerusalem
1107 3172 1166 3228 in
1196 3176 1443 3234 Jericho.
1472 3181 1638 3237 Hunc
1667 3155 1820 3241 enim
1853 3188 1998 3244 vidit

343 3246 637 3318 sacerdos,
672 3256 813 3322 puto
865 3256 977 3312 Lex
1008 3260 1152 3316 vidit
1183 3281 1196 3318 :
1232 3266 1474 3335 Levites,
1511 3276 1576 3326 ut
1620 3290 1766 3340 reor,
1800 3293 1992 3334 sermo

1812 2026 1909 2080 sed
1960 2028 2020 2083 in
2057 2026 2098 2034 '
2130 2033 2273 2087 ciam
2302 2050 2414 2090 vos.
2449 2042 2514 2092 Et
2547 2044 2856 2112 postquam
2895 2044 3184 2101 ειη-ιη
3215 2043 3446 2099 induxit
3475 2026 3632 2113 eum,
3667 2059 3780 2100 non

2130 2122 2328 2178 statim
2362 2127 2598 2195 recedit,
2630 2130 2730 2185 sed
2778 2148 2894 2187 uno
2923 2131 3018 2188 die
3063 2133 3120 2187 in
3172 2133 3403 2190 stabulo
3434 2150 3569 2190 cum
3604 2133 3781 2190 semi-

2127 2225 2267 2267 nece
2297 2223 2644 2286 perseverat,
2667 2223 2723 2274 et
2752 2225 2918 2277 curat
2937 2221 3176 2278 vulnera
3203 2240 3316 2279 non
3345 2223 3536 2279 solum
3569 2223 3629 2278 in
3662 2223 3776 2287 die,

2123 2313 2321 2356 verum
2343 2305 2514 2360 etiam
2537 2305 2592 2361 in
2613 2313 2800 2379 nocte,
2816 2309 3103 2379 reliquam
3123 2312 3582 2368 sollicitudinem
3605 2329 3774 2368 suam

2121 2392 2179 2443 et
2206 2388 2559 2450 industriam
2591 2398 2877 2456 tribuens.
2901 2399 3165 2472 Cumque
3193 2400 3370 2501 vellet
3394 2417 3566 2501 mane
3597 2401 3772 2501 profi-

2120 2476 2279 2549 cisci,
2305 2482 2376 2536 de
2406 2485 2650 2554 probato
2693 2493 2933 2559 argento
2978 2507 3105 2557 suo,
3137 2491 3210 2546 de
3249 2491 3492 2562 probata
3523 2488 3774 2576 pecunia

2117 2582 2224 2622 sua
2271 2570 2420 2626 tollit
2465 2573 2613 2630 duos
2661 2575 2952 2644 denarios,
2985 2583 3043 2634 et
3097 2583 3311 2635 onerat
3354 2574 3769 2642 stabularium,

2117 2655 2271 2712 baud
2307 2659 2552 2717 dubium
2585 2663 2728 2735 quin
2761 2665 3033 2737 angelum
3067 2666 3358 2736 Ecclesiae,
3383 2668 3474 2723 cui
3509 2668 3770 2740 precipit

2116 2749 2181 2800 ut
2212 2747 2522 2821 diligenter
2546 2757 2709 2808 curet
2737 2769 2893 2814 eum.
2918 2760 2975 2810 et
2995 2756 3064 2811 ad
3091 2758 3401 2812 sanitatem
3427 2773 3614 2828 usque
3648 2773 3771 2830 per-

2113 2834 2309 2906 ducat,
2341 2855 2513 2908 quem
2552 2858 2655 2912 pro
2688 2844 2960 2914 angustia
2990 2846 3272 2916 temporis
3300 2847 3476 2902 etiam
3508 2847 3635 2918 ipse
3664 2863 3768 2903 cu-

2111 2931 2355 2982 raverat.
2393 2933 2514 2984 Duo
2547 2932 2770 2988 denarii
2817 2934 3021 2990 notitia
3065 2935 3211 2991 mibi
3243 2936 3482 2991 videtur
3499 2953 3629 2992 esse
3658 2937 3765 2991 Pap-

2108 3013 2216 3069 tris
2248 3020 2303 3070 et
2334 3017 2484 3088 Filii,
2514 3026 2570 3075 et
2602 3022 2848 3078 scientia
2876 3025 3248 3090 sacramenti,
3273 3026 3566 3098 quomodo
3596 3030 3766 3082 Pater

2106 3100 2165 3156 in
2203 3104 2364 3172 Filio,
2395 3111 2451 3162 et
2482 3109 2662 3166 Filius
2692 3111 2751 3166 in
2788 3116 2956 3168 Patre
2998 3113 3094 3183 sit,
3119 3115 3217 3186 qui
3252 3114 3428 3207 velut
3453 3115 3759 3207 mercedes

2106 3192 2403 3250 danantur
2432 3199 2658 3270 angelo,
2685 3205 2750 3255 ut
2771 3201 3113 3273 diligentius
3135 3209 3300 3260 curet
3320 3204 3430 3260 sibi
3453 3202 3781 3261 hominem.

2105 3285 2603 3354 commendatum,
2620 3294 2678 3345 et
2703 3291 3067 3362 promittitur
3084 3292 3137 3350 ei
3161 3293 3446 3366 quidquid
3469 3294 3540 3350 de
3561 3311 3668 3354 suo
3694 3294 3755 3350 in

1463 3333 1468 3335 .
1755 3333 1764 3340 .
1942 3333 1981 3334 η
2112 3333 2372 3339 η----η-
2401 3333 2678 3354 Mum,"
2704 3333 3055 3362 ,...............
3084 3333 3137 3350 υι
3161 3333 3446 3366 Ὶυωηυη.
3469 3333 3540 3350 ..υ
3561 3333 3667 3354 συν
3697 3333 3748 3350 ι..

342 3333 742 3405 Ρτορδθιίουε.
767 3343 990 3402 Etcum
1014 3350 1297 3410 vidissent
1320 3357 1700 3430 reliquerunt,
1726 3368 1783 3419 et
1803 3370 1992 3424 trans-
2021 3343 2066 3410 C
2103 3371 2392 3428 medelam
2427 3377 2739 3433 seminecis
2767 3381 3126 3451 eXpenderit,
3157 3382 3315 3438 illico
3343 3398 3471 3439 esse
3503 3384 3748 3439 redden-

343 3419 540 3451 ἐμηκι
595 3429 796 3451 εμ----ι
821 3449 828 3451 Α
851 3438 862 3451 .
1001 3437 1011 3448 .
1295 3443 1305 3451 .

343 3419 563 3480 ierunt.
595 3429 870 3488 Servabat
913 3437 1130 3509 quippe
1162 3419 1512 3502 seminecem
1547 3419 1986 3519 providentia—vei

335 3510 440 3590 qui
476 3512 677 3573 fortior
704 3526 826 3576 erat
855 3522 980 3595 lege
1009 3531 1066 3582 et
1092 3532 1416 3602 prophetis,
1441 3510 1808 3595 Samaritana
1839 3510 1990 3600 vide-

332 3585 494 3666 licet,
517 3605 618 3675 qui
643 3585 1062 3682 interpretatur
1088 3585 1282 3676 custos.
1322 3585 1431 3680 Iste
1461 3632 1549 3681 est
1577 3629 1677 3699 qui
1709 3647 1820 3686 non
1851 3633 1983 3688 dor-

334 3689 528 3761 mitat,
560 3711 753 3770 neque
807 3701 1026 3760 dormit
1084 3711 1421 3770 custodiens
1475 3689 1646 3774 Israel
1690 3735 1705 3774 :
1753 3727 1988 3795 propter

317 3780 684 3858 seminecem
715 3790 1011 3859 profectus
1040 3803 1130 3852 est
1173 3797 1284 3857 iste
1309 3803 1716 3865 Samaritanus
1765 3827 1876 3868 non
1915 3814 1985 3870 de

329 3866 659 3930 Jewsalem
690 3876 746 3932 in
779 3879 1032 3952 Jericho,
1067 3887 1218 3944 sicut
1244 3895 1516 3952 sacerdos
1555 3903 1612 3952 et
1656 3899 1850 3956 Levita
1879 3901 1983 3958 de-

327 3959 618 4018 scendens
647 3981 660 4020 :
694 3972 796 4022 aut
844 3971 890 4026 si
943 3973 1264 4044 descendit,
1298 3981 1517 4040 idcirco
1565 3987 1885 4057 descendit,
1917 3996 1983 4047 ut

324 4045 579 4106 salvaret
606 4058 1043 4134 custodiretque
1073 4068 1446 4128 moriturum.
1477 4075 1564 4129 Ad
1598 4092 1768 4148 quem
1803 4045 1978 4136 locuti

321 4142 467 4192 sunt
505 4139 690 4197 Judaei
728 4146 1171 4209 :Samarilanus
1198 4173 1255 4213 es
1285 4163 1362 4222 tu,
1391 4165 1444 4216 et
1492 4139 1826 4222 daemonium
1873 4170 1977 4226 ha-

321 4224 413 4280 bes
436 4226 506 4281 εί.
536 4230 646 4294 Qui
675 4247 808 4290 cum
835 4247 1110 4311 negasset
1141 4261 1202 4301 se
1234 4246 1448 4306 habere
1478 4252 1854 4324 daemonium,
1879 4224 1977 4314 8a-

319 4315 592 4373 maritam
615 4335 826 4392 negare
847 4343 909 4382 se
931 4329 1377 4393 noluit.Sciebat
1399 4340 1555 4397 enim
1573 4360 1634 4398 se
1646 4348 1971 4406 custodem.

323 4405 528 4475 itaque
557 4415 691 4465 eum
714 4414 972 4473 venisset
995 4421 1066 4475 ad
1090 4424 1466 4494 seminecem,
1491 4435 1548 4485 et
1573 4431 1815 4490 vidisset
1838 4453 1970 4493 cum

2099 3459 2267 3537 dum;
2291 3461 2436 3517 Vere
2480 3465 2642 3536 Legis
2691 3471 2749 3522 et
2796 3469 3112 3540 prophetiae
3162 3475 3362 3526 custos
3413 3472 3746 3532 animarum

2097 3544 2209 3601 ista
2238 3524 2503 3620 vicinior,
2527 3553 2624 3623 qui
2660 3554 2797 3610 fecit
2828 3557 3292 3615 misericordiam
3316 3560 3366 3615 ei
3395 3560 3494 3631 qui
3524 3561 3747 3618 incide-

2096 3640 2187 3691 rat
2214 3635 2272 3691 in
2306 3636 2582 3712 latrones,
2607 3647 2664 3697 et
2684 3645 2986 3716 proximus
3015 3647 3143 3718 ejus
3166 3649 3442 3721 apparuit
3479 3666 3594 3706 non
3625 3655 3745 3707 tam

2097 3741 2365 3783 sermone
2395 3745 2570 3798 quam
2605 3748 2798 3803 opere.
2825 3735 2970 3801 Quia
2994 3752 3133 3808 ergo
3167 3737 3447 3810 possibile
3467 3744 3556 3796 est
3577 3741 3750 3812 juxta

2092 3809 2236 3870 illud
2269 3818 2421 3886 quod
2479 3820 2766 3889 sequitur,
2799 3823 3015 3881 imitari
3064 3809 3176 3884 nos
3201 3827 3524 3894 Christum,
3547 3809 3604 3886 et
3636 3830 3746 3886 mi-

2093 3905 2274 3961 sereri
2302 3923 2504 3964 eorum
2545 3909 2644 3981 qui
2678 3912 3006 3971 inciderant
3051 3916 3111 3972 in
3159 3916 3438 3985 latrones,
3473 3919 3744 3976 accedere

2091 3993 2164 4048 ad
2195 4009 2316 4058 eos,
2357 3995 2544 4067 ligare
2571 3999 2832 4071 vulnera,
2866 4003 3176 4060 infundere
3203 4005 3396 4062 oleum
3431 4011 3488 4063 et
3516 4007 3740 4079 vinum,

2088 4082 2390 4153 imponere
2412 4101 2590 4158 super
2610 4091 3287 4162 propriumjumentum,
3312 4100 3369 4150 et
3393 4096 3541 4153 ferre
3565 4114 3742 4156 onera

2086 4170 2380 4243 ipsorum;
2418 4181 2725 4248 propterea
2752 4180 2822 4234 ad
2869 4180 3008 4236 talia
3059 4199 3165 4237 nos
3210 4183 3525 4241 cobortans
3556 4185 3740 4265 Filius

2088 4260 2210 4327 Dei,
2245 4278 2362 4318 non
2412 4268 2529 4319 tam
2577 4266 2796 4323 doctori
2855 4266 3001 4342 legis
3049 4287 3228 4343 quam
3287 4272 3455 4328 nobis
3503 4263 3738 4346 quoque

2085 4351 2364 4408 omnibus
2393 4350 2658 4426 loquitur
2687 4372 2702 4411 :
2743 4357 2890 4412 Vade
2916 4367 2968 4414 et
2995 4366 3056 4414 tu
3091 4361 3182 4431 fac
3205 4361 3487 4417 similiter.
3520 4362 3654 4427 Qua:
3684 4364 3734 4420 si

2137 5062 2260 5120 Nisi
2293 5071 2448 5121 esset
2478 5069 2646 5124 nobis
2679 5075 2890 5127 natura
2921 5071 3185 5142 insitum,
3216 5075 3272 5131 id
3307 5078 3461 5148 quod
3486 5079 3716 5148 justum

1816 5115 1822 5116 ,
2141 5115 2155 5117 _
2194 5115 2259 5120 η-
2297 5115 2448 5121 ---η
2480 5115 2646 5124 πη.-
2680 5115 2890 5127 ..η-μ...
2922 5115 3185 5142 ............,
3307 5115 3461 5148 ηυυιι
3486 5115 3716 5148 dum“...

305 5115 378 5176 de
403 5117 731 5182 Jerusalem
763 5129 1127 5192 descendens
1157 5115 1456 5196 inciderat!
1485 5144 1545 5200 in
1595 5144 1872 5214 latrones,
1901 5157 1957 5205 et
2065 5156 2155 5207 est
2193 5153 2525 5227 judicandi,
2579 5175 2882 5231 nunquam
2934 5162 3202 5221 Salvator
3247 5167 3504 5222 diceret:
3541 5165 3720 5233 Quare

305 5204 640 5233 -..Ι...-..-λ.--Α
687 5217 723 5233 Α.
815 5218 826 5230 ν
1038 5225 1047 5233 .
1139 5224 1150 5233 .
1228 5228 1238 5233 -
1317 5229 1332 5233 -

1835 5204 1872 5214 ,,
1913 5204 1952 5205 κέ
2073 5204 2150 5207 ___
2193 5204 2525 5227 '_---_--...,
2579 5204 2882 5231 ...ι-..Ίυ-υιιο.
2934 5204 3191 5221 υυιινιιυυι
3247 5204 3463 5222 υιυυιυι
3490 5208 3502 5220 ι
3541 5204 3712 5267 κ.ωμσ,υ

297 5204 643 5270 vulneratus
673 5217 746 5272 ab
777 5218 883 5287 eis,
903 5224 1273 5283 semianimis
1309 5229 1496 5286 fuerat
1526 5233 1858 5292 derelictus.
1888 5240 1954 5296 Ut
2061 5246 2269 5312 autem,
2300 5249 2352 5300 et
2380 5261 2417 5301 a
2443 5247 2844 5321 vobismetipsis
2888 5270 3000 5308 non
3036 5254 3176 5327 quod
3213 5256 3428 5328 justum
3457 5264 3537 5353 est
3566 5255 3712 5353 miti-

519 5303 675 5353 BCiaS
697 5309 847 5353 mmrl
879 5310 1037 5353 invia
1062 5316 1482 5353 nrnuiﬂnniinm
1508 5321 1606 5353 nn:
1629 5323 1951 5353 Q-M-_:L-_
2069 5333 2199 5353 --.1.ο-
2222 5335 2244 5353 α
2275 5333 2413 5353 ub,“
2441 5351 2470 5353 η
2669 5338 2684 5353 ι
2844 5341 2855 5353 .
2923 5341 2959 5353 ..
3190 5343 3201 5353 .
3275 5344 3286 5353 .

2257 5299 2269 5312 ,
2386 5299 2408 5301 η
2889 5299 2998 5308 -.νη
3036 5299 3176 5327 νην,
3213 5299 3427 5328 rm..."
3457 5299 3535 5311 --.
3566 5299 3688 5319 μη.-

303 5299 497 5355 autem
519 5303 675 5360 ‘scias
697 5309 851 5378 quod
872 5310 1043 5380 juxta
1062 5316 1482 5386 providentiam
1508 5321 1606 5378 Dei
1629 5323 1952 5386 Samarites
2059 5333 2244 5386 catis?
2275 5333 2481 5390 Verum
2515 5353 2587 5392 ne
2617 5338 2686 5393 ad
2734 5341 3137 5410 probationem
3189 5343 3364 5413 hujus
3412 5343 3712 5398 sententiis

303 5383 410 5413 τητι-
445 5389 644 5413 Δμ---η
669 5395 720 5413 j,
769 5398 800 5413 -.
881 5405 888 5413 .
1139 5410 1147 5413 -
1424 5410 1433 5413 _
1474 5411 1480 5413 .

293 5383 411 5441 iste
442 5389 808 5453 descenderit
836 5405 894 5456 ut
927 5383 1156 5461 curaret
1178 5423 1311 5463 eum
1337 5410 1437 5482 qui
1469 5411 1750 5469 inciderat
1782 5415 1839 5471 in
1874 5417 1949 5474 la-

299 5480 515 5551 trones,
538 5485 851 5544 manifesto
887 5490 1186 5552 doceberis
1217 5513 1284 5553 ex
1315 5480 1381 5554 eo
1414 5502 1566 5572 quod
1611 5520 1809 5560 secum
1844 5505 1944 5563 ha-

278 5561 468 5624 bebat
485 5568 855 5645 alligaturas,
876 5593 1075 5637 secum
1098 5581 1313 5653 oleum,
1339 5602 1537 5645 secum
1566 5591 1788 5648 vinum.
1808 5593 1943 5658 Qua:

2053 5419 2294 5493 longius
2323 5439 2657 5496 evagemur,
2692 5429 2944 5486 maxime
2981 5447 3113 5486 cum
3148 5431 3333 5486 multa
3379 5429 3713 5488 difﬁciliora

2056 5506 2195 5563 huic
2227 5509 2482 5584 capitulo
2505 5514 2768 5570 subnexa
2789 5517 2928 5583 sint,
2955 5523 3181 5573 tantum
3207 5517 3493 5590 superbos
3525 5517 3707 5593 signi-

2054 5597 2261 5655 ﬁcasse
2292 5601 2563 5661 sufﬁciet.
2596 5605 2745 5672 Quin
2779 5607 2972 5678 potius
3003 5607 3333 5664 animarum
3368 5612 3705 5672 nostrarum

357 5803 405 5839 ⁸ο
431 5801 601 5862 Joan.
626 5809 692 5879 ὰ,
717 5804 775 5864 8.
851 5807 892 5845 “
925 5804 1092 5868 Joan.
1121 5825 1244 5886 VIII,
1278 5816 1393 5874 48.⁴
1443 5821 1488 5857 ⁵³
1517 5818 1628 5879 Isa.
1661 5841 1701 5892 ι,
1733 5825 1786 5882 6.
1862 5826 1908 5866 ⁵³
1938 5825 1999 5885 Ρε

2117 5843 2242 5898 cm,
2277 5835 2365 5890 15.
2433 5835 2488 5873 ιι
2516 5835 2720 5894 Matth.
2751 5851 2830 5904 xi,
2857 5837 2950 5894 28.
