4304 6586
537 396 660 469 319

1785 414 1849 478 S.
1895 415 2206 482 EUSEBII
2256 417 2695 482 HlERONYMl

3829 412 3950 487 θέο

539 545 609 603 ad
644 548 828 607 Deum
870 548 996 608 vela
1045 555 1395 628 pandemus,
1429 558 1923 637 deprecemurque
1971 562 2184 619 adven-
2214 556 2266 622 Α
2296 561 2405 616 est.
2438 557 2499 614 Si
2530 561 2726 614 autem
2757 555 3102 625 forinsecus,
3139 571 3242 611 nec
3271 554 3342 611 de
3380 552 3502 612 illla
3530 551 3790 612 Ecclesia
3818 571 3949 630 quas

539 640 664 693 tum
690 645 985 701 sermonis
1008 647 1158 718 ejus,
1193 652 1257 705 ut
1297 649 1717 725 interpretetur
1737 656 2076 728 parabolam
2109 658 2181 713 de

539 742 657 799 qua
686 730 967 789 scribitur
996 752 1009 791 :
1043 738 1267 805 Quando
1298 741 1450 799 vadis
1487 761 1611 800 cum
1656 746 1967 802 adversario
2000 753 2089 802 tuo
2117 746 2187 802 ad

533 819 864 891 principem,
900 826 957 880 in
988 828 1077 882 via
1113 828 1183 884 da
1227 845 1479 901 operam,
1510 839 1569 890 ut
1601 835 1792 893 liberes
1822 846 1871 893 te
1899 836 1967 892 ab
2008 853 2087 899 eo,
2118 852 2188 892 ne

535 908 676 976 forte
704 911 888 967 tradat
918 921 969 969 te
1001 915 1201 987 judici,
1234 923 1286 975 et
1305 921 1481 992 judex
1511 925 1693 979 tradat
1748 929 1798 979 te
1843 927 2102 991 exactori,
2135 934 2185 981 et

541 997 600 1050 in.
629 1014 901 1057 carcerem
927 1007 1190 1062 mittaris.
1220 1010 1388 1066 Amen
1419 1011 1538 1067 dico
1563 1016 1683 1080 tibi,
1718 1031 1825 1070 non
1861 1016 1988 1070 inde
2014 1017 2181 1080 amica,

536 1084 703 1143 donec
730 1093 1090 1149 novissimum
1131 1099 1407 1154 minutum
1442 1102 1663 1157 reddas.
1698 1105 1955 1169 Quatuor
1985 1120 2182 1175 perso-

539 1190 645 1231 nas
678 1179 812 1249 poni
842 1180 1027 1252 video,
1059 1186 1398 1253 adversarii,
1423 1191 1722 1263 principis,
1747 1192 1986 1262 judicis,
2019 1209 2184 1247 exac-

537 1265 705 1336 toris,
727 1274 782 1323 et
808 1270 949 1341 quia
995 1273 1222 1331 videtur
1250 1279 1603 1351 evangelista
1653 1282 1961 1337 Matthaeus
1995 1282 2186 1337 simile

538 1356 679 1426 quid
714 1357 943 1417 locutus
972 1362 1030 1418 in
1073 1382 1139 1421 eo
1170 1368 1324 1438 quod
1357 1370 1438 1425 ait
1470 1388 1483 1425 :
1518 1373 1639 1426 Esto
1672 1372 1957 1428 benevolus
1988 1372 2184 1427 adver-

536 1450 685 1502 sario
706 1450 798 1504 tuo
820 1452 958 1507 dum
987 1470 1043 1508 es
1071 1457 1129 1509 in
1150 1458 1241 1511 via
1262 1474 1387 1512 eum
1408 1475 1467 1514 eo
1490 1461 1552 1525 ⁸³,
1581 1478 1775 1531 quaero
1798 1465 1993 1515 utrum
2030 1460 2184 1515 idem

539 1550 750 1590 sensus
798 1539 894 1600 sit.
927 1558 998 1596 an
1048 1542 1245 1615 aliqua
1297 1545 1374 1601 sit
1419 1547 1651 1618 vicinia,
1700 1548 1994 1619 siquidem
2028 1548 2182 1619 apud

537 1622 874 1682 Matthaum
902 1646 1018 1685 una
1049 1648 1298 1702 persona
1322 1637 1715 1706 praetermissa
1745 1638 1839 1702 sit,
1864 1642 1920 1693 et
1941 1636 2054 1692 alia
2082 1636 2187 1692 im-

541 1717 786 1769 mutata.
813 1716 1246 1777 Przetermissus
1277 1728 1365 1778 est
1398 1724 1686 1797 princeps,
1706 1731 1761 1782 et
1793 1743 1895 1799 pro
1925 1731 2187 1782 exactore

540 1801 810 1859 minister
836 1804 1095 1863 insertus
1122 1826 1133 1864 :
1169 1810 1538 1870 adversarius
1568 1832 1702 1871 vero
1732 1820 1790 1871 et
1810 1816 1992 1886 judex
2023 1814 2186 1870 simi-

541 1887 677 1991 liter
697 1893 769 1948 ab
791 1898 1198 1996 utroque-sunt
1217 1901 1411 1972 positi.
1435 1904 1594 1960 Imus
1616 1903 1813 1977 itaque
1836 1921 1967 1960 cum
1992 1904 2189 1959 adver-
2217 1931 2265 1996 Β

539 1979 693 2036 sario
743 1988 943 2040 nostro
991 1987 1062 2042 ad
1114 1989 1456 2063 principem,
1490 1998 1546 2048 et
1592 1999 1815 2065 oportet
1864 2012 1989 2059 nos,
2041 1994 2180 2048 dum

534 2068 728 2126 adhuc
758 2071 812 2126 in
847 2073 939 2129 via
968 2092 1195 2143 sumus,
1222 2078 1450 2137 fortiter
1470 2081 1754 2150 laborare,
1780 2089 1845 2138 ut
1866 2083 2184 2139 liberemur

533 2157 606 2212 ab
636 2176 722 2215 eo.
758 2161 1041 2225 Quoniam
1076 2168 1419 2241 ambiguum
1453 2172 1668 2244 quippe
1694 2174 1907 2245 (94-95)
1936 2172 2180 2227 verbum

535 2251 647 2310 est.
679 2254 737 2304 et
766 2256 957 2322 potest
985 2258 1103 2310 tam
1136 2258 1206 2312 ad
1242 2258 1561 2333 principem
1597 2279 1771 2335 quam
1806 2263 1875 2318 ad
1911 2263 2179 2317 adversa-

535 2334 711 2405 rium.
746 2341 984 2399 referri:
1016 2346 1092 2401 Ne
1117 2348 1261 2417 forte
1288 2350 1478 2404 tradat
1523 2357 1591 2419 te,
1622 2334 1746 2407 sive
1790 2350 2179 2416 advsrsarius,

537 2424 657 2481 sive
680 2428 972 2501 princeps,
980 2434 1179 2506 judiei,
1204 2441 1254 2491 et
1260 2438 1435 2509 jndex
1455 2440 1643 2496 tradat
1664 2448 1716 2496 te
1733 2444 2047 2511 exactori,et
2072 2456 2178 2495 non

535 2514 662 2573 inde
684 2519 854 2590 aries,
878 2520 1045 2578 donec
1080 2528 1444 2584 novissimum
1473 2531 1586 2601 (95)
1617 2535 1889 2586 neutrum
1918 2530 2127 2587 reddas
2162 2548 2175 2585 :

535 2621 641 2677 pro
691 2624 806 2679 quo
860 2610 1163 2669 Mattheus
1196 2616 1276 2671 ait
1308 2632 1321 2672 :
1353 2619 1534 2674 Donec
1579 2620 1774 2675 reddas
1820 2621 2179 2675 novissimum

533 2697 897 2767 quadrantem
933 2702 991 2756 ⁵⁸.
1046 2705 1299 2761 Verbum
1349 2725 1480 2763 vero
1527 2711 1883 2765 novissimum
1936 2716 2178 2780 uter‘Iue

532 2786 739 2843 scribit
767 2807 780 2845 :
817 2790 1147 2864 discrepare
1177 2800 1369 2852 autem
1402 2802 1543 2854 sunt
1573 2799 1701 2867 visi,
1732 2801 1885 2871 quod
1919 2800 2012 2855 hic
2039 2815 2179 2871 qua-

534 2875 823 2946 drantem,
854 2879 951 2936 ille
980 2882 1272 2940 minutum
1306 2887 1533 2957 posuit:
1565 2889 1831 2961 quasdam
1862 2888 2005 2943 mihi
2038 2891 2180 2944 sunt

537 2966 851 3024 secretiora
902 2974 1217 3043 tangenda,
1252 2980 1315 3030 ut
1359 2976 1754 3049 intelligamus
1813 2977 1990 3033 alium
2052 2993 2180 3032 esse

540 3053 959 3129 adversarium,
984 3059 1127 3115 alias
1156 3065 1270 3117 tres
1301 3080 1601 3137 personas,
1626 3067 1681 3120 id
1717 3071 1805 3121 est
1834 3066 2179 3139 principem,

530 3141 816 3213 judicem,
850 3152 1197 3207 exactorem.
1232 3151 1504 3225 Legimus
1534 3154 1604 3225 (si
1639 3160 1833 3210 tamen
1871 3156 1962 3225 cui
1997 3154 2184 3226 placet

541 3229 948 3304 hujuscemodi
970 3238 1323 3312 scripturam
1348 3244 1875 3316 recipere)justitiss
1899 3248 1955 3301 et
1975 3243 2183 3316 iniqui-

539 3321 677 3377 tatis
699 3323 939 3396 angelos
970 3344 1147 3400 super
1166 3330 1409 3387 Abrahaa
1432 3331 1618 3390 salute
1649 3340 1706 3390 et
1735 3333 1970 3390 interitu
1996 3334 2180 3390 disce-

536 3414 789 3484 ptantes,
809 3415 949 3471 dum
985 3421 1243 3490 utraeque
1273 3424 1478 3478 turmae
1502 3441 1607 3479 suo
1629 3441 1761 3480 eum
1786 3423 1989 3480 volunt
2009 3425 2181 3480 αα)ιυί

534 3500 849 3561 vindicare.
882 3506 1176 3566 353-54
1206 3511 1365 3574 Quod
1400 3511 1446 3567 si
1482 3513 1574 3568 cui
1603 3514 1891 3584 displicet,
1924 3517 2184 3569 transeat

536 3591 608 3647 ad
639 3592 912 3651 volumen
945 3599 1100 3668 quod
1130 3597 1302 3655 titulo
1333 3602 1575 3658 Pastoris
1605 3603 1901 3673 scribitur,
1938 3608 1996 3660 et
2022 3603 2181 3660 inve-

539 3680 661 3736 niet
706 3684 933 3740 cunctis
988 3685 1331 3745 hominibus
1360 3691 1471 3761 (97)
1503 3692 1651 3748 duos
1683 3694 1887 3749 adesse
1945 3693 2180 3765 angelos

541 3768 787 3841 malum,
820 3773 920 3843 qui
953 3774 1024 3829 ad
1055 3792 1324 3846 perversa
1355 3779 1712 3849 exhortatur,
1743 3786 1798 3837 et
1831 3782 2047 3837 bonum
2081 3781 2183 3854 qui

540 3857 612 3912 ad
645 3858 869 3930 optima
890 3878 1133 3934 quaeque
1161 3869 1493 3936 persuadet.
1521 3868 1810 3926 Scribitur
1839 3871 2002 3939 alibi,
2027 3873 2181 3943 quod

540 3944 823 4004 assistant
862 3949 1106 4019 homini,
1140 3954 1258 4011 sive
1310 3956 1367 4012 in
1419 3957 1653 4025 bonam,
1687 3960 1805 4016 sive
1857 3960 1916 4016 in
1966 3960 2180 4018 malam

539 4041 763 4109 partem
813 4040 1076 4110 duplices
1117 4045 1325 4116 angeli.
1364 4052 1438 4102 De
1483 4049 1650 4105 bonis
1697 4051 1875 4107 etiam
1923 4051 2185 4107 Salvator

540 4127 809 4183 meminit
868 4129 1064 4188 dicens
1096 4134 1189 4190 ‘7:
1239 4136 1443 4206 Angeli
1493 4155 1680 4194 eorum
1734 4157 1944 4212 semper
1999 4142 2184 4196 vident

536 4217 740 4287 faciem
779 4221 965 4276 Patris
1011 4226 1121 4279 mei
1166 4227 1262 4295 qui
1309 4228 1367 4281 in
1416 4228 1563 4283 cadis
1620 4238 1716 4286 est.
1745 4230 1933 4285 Simul
1992 4247 2185 4303 quaere

540 4309 738 4362 utrum
771 4310 1146 4380 parvulorum
1176 4312 1235 4368 in
1273 4314 1528 4371 Ecclesia
1557 4334 1789 4390 semper
1818 4319 2052 4373 videant
2081 4336 2184 4374 an-

539 4394 648 4464 geli
684 4396 886 4453 faciem
935 4399 1139 4473 Patris,
1171 4406 1228 4459 et
1266 4402 1512 4461 aliorum
1545 4406 1732 4478 angeli
1766 4425 1879 4463 non
1933 4408 2189 4464 habeant

540 4481 867 4542 libertatem
913 4489 1141 4546 vultum
1190 4493 1378 4548 Patris
1427 4496 1765 4553 attendere:
1801 4514 1989 4569 neque
2030 4497 2186 4554 enim

540 4574 897 4643 sperandum
924 4584 1033 4649 est,
1058 4580 1322 4637 omnium
1354 4583 1589 4655 angelos
1619 4586 1810 4658 videre
1842 4570 2045 4642 faciem
2078 4591 2186 4641 Pa-

2295 665 2408 705 non
2451 649 2626 705 habet
2657 646 2944 704 maculam
2996 651 3097 703 aut
3137 662 3343 719 rugam
3367 646 3431 713 ³⁸,
3466 650 3566 702 aut
3596 646 3733 718 quid
3768 646 3944 706 istius

2295 738 2471 810 modi,
2506 744 2561 794 et
2589 738 2714 811 ipsa
2748 753 2807 793 re
2839 737 3050 809 probor
3078 733 3308 792 alienus
3339 752 3467 791 esse
3498 752 3532 791 a
3563 735 3665 791 tali
3697 752 3940 809 congre-

2293 830 2548 902 gatione,
2584 845 2697 884 non
2730 826 2903 883 habet
2957 826 3230 882 ﬁduciam
3262 826 3510 898 angelus
3542 842 3711 883 meus
3760 826 3945 899 respi-

2294 918 2483 974 ciendi
2514 918 2741 974 vultum
2774 916 2960 973 Patris
3003 916 3119 972 mei
3168 915 3265 988 qui
3315 916 3373 970 in
3424 915 3585 972 caelis
3616 921 3722 973 est.
3757 918 3944 984 Quam

2294 1007 2366 1063 ob
2399 1024 2635 1063 causam
2672 1006 2867 1078 angeli
2902 1023 3004 1077 pro
3038 1005 3206 1060 bonis
3239 1004 3475 1060 solliciti
3508 1010 3665 1074 sunt,
3695 1004 3947 1065 scientes

2295 1097 2449 1169 quod
2468 1098 2515 1151 si
2541 1113 2646 1151 nos
2671 1097 2813 1168 bene
2836 1094 3310 1165 gubernaverint,
3326 1100 3383 1150 et
3399 1095 3469 1150 ad
3488 1094 3737 1151 salutem
3758 1113 3945 1168 usque

2295 1186 2691 1259 perduxerint,
2725 1185 2980 1240 habeant
3017 1184 3192 1240 etiam
3242 1184 3354 1256 ipsi
3404 1184 3679 1240 fiduciam
3708 1185 3946 1244 videndi

2295 1275 2501 1330 faciem
2534 1274 2742 1329 Patris.
2769 1274 3067 1339 Quomodo
3099 1273 3254 1329 enim
3286 1273 3336 1329 si
3376 1291 3481 1346 per
3509 1290 3708 1331 curam
3739 1292 3944 1335 eorum

2294 1370 2350 1419 et
2379 1364 2731 1419 industriam
2766 1362 2927 1419 salus
2949 1364 3293 1420 horninibus
3318 1369 3712 1436 comparatur,
3736 1365 3946 1423 faciem

2293 1453 2481 1508 Patris
2513 1469 2744 1524 semper
2774 1454 3083 1508 attendunt
3116 1470 3130 1507 :
3174 1452 3256 1507 sic
3290 1453 3338 1507 si
3381 1470 3482 1525 per
3526 1452 3945 1526 negligentiam

2295 1557 2496 1598 eorum
2530 1542 2705 1598 homo
2738 1542 3040 1608 corruerit,
3068 1542 3242 1597 etiam
3272 1542 3363 1598 sui
3388 1543 3627 1614 periculi
3661 1560 3783 1600 rem
3815 1560 3946 1605 esse

2296 1649 2408 1687 non
2443 1632 2731 1688 nesciunt.
2754 1633 2822 1687 Et
2854 1632 3004 1687 sicut
3037 1633 3224 1687 bonus
3251 1632 3581 1703 episcopus,
3602 1638 3659 1688 et
3687 1632 3947 1704 optimus

2296 1720 2562 1777 Ecclesiae
2587 1720 2957 1793 dispensator
2977 1722 3089 1776 scit
3121 1721 3213 1777 sui
3246 1721 3436 1777 meriti
3468 1739 3595 1778 esse
3626 1726 3803 1795 atque
3831 1722 3945 1778 vir-

2295 1810 2459 1881 tutis,
2492 1812 2538 1867 si
2571 1826 2705 1866 oves
2737 1810 2930 1882 gregis
2972 1810 3083 1866 sibi
3134 1810 3339 1867 crediti
3372 1811 3591 1867 fuerint
3619 1811 3944 1881 custodite,

2297 1900 2377 1955 ita
2406 1900 2665 1973 intelligo
2697 1905 2753 1955 et
2782 1900 2851 1955 de
2896 1899 3140 1972 angelis.
3176 1901 3502 1972 Ignominia
3541 1900 3746 1973 angelo
3776 1907 3867 1958 est
3894 1901 3945 1959 si

2296 1989 2470 2046 homo
2492 1991 2694 2062 justus
2717 1989 2981 2045 creditus
3006 1990 3199 2057 fuerit,
3215 1994 3272 2046 et
3301 1990 3657 2061 peccaverit:
3684 1996 3748 2046 ut
3767 2007 3946 2048 econ-

2290 2079 2469 2134 trario
2499 2079 2683 2151 gloria
2703 2084 2792 2134 est
2822 2077 3030 2151 angelo
3142 2080 3190 2134 si
3304 2080 3563 2137 creditus
3595 2080 3704 2137 sibi
3736 2080 3945 2145 saltem

2292 2168 2575 2224 minimus
2604 2167 2662 2223 in
2696 2168 2953 2224 Ecclesia
2988 2169 3497 2226 fuerit.Videbunt
3517 2170 3675 2226 enim
3699 2188 3815 2227 non
3839 2170 3945 2228 ali-

2290 2257 2660 2330 quando,sed
2689 2275 2940 2330 semper,
2960 2259 3167 2314 faciem
3196 2260 3388 2316 Patris
3417 2260 3518 2333 qui
3549 2264 3639 2317 est
3668 2260 3728 2317 in
3760 2260 3946 2325 castis.

2290 2364 2423 2403 cum
2459 2346 2554 2402 alii
2590 2364 2823 2419 semper
2863 2365 2979 2403 non
3010 2348 3261 2404 videant.
3298 2350 3631 2406 Secundum
3665 2351 3944 2408 meritum

2288 2436 2444 2493 enim
2476 2453 2676 2492 eorum
2715 2454 2965 2509 quorum
2997 2436 3190 2509 angeli
3236 2444 3393 2505 sunt,
3426 2443 3526 2494 aut
3555 2455 3806 2511 semper,
3841 2443 3948 2496 aut

2289 2542 2615 2598 nunquam,
2648 2526 2734 2582 vel
2766 2543 2995 2598 parum,
3028 2526 3111 2582 vel
3155 2526 3308 2598 plus,
3344 2528 3549 2583 faciem
3595 2527 3697 2585 Dei
3746 2526 3944 2599 angeli

2287 2615 2863 2687 contemplabuntur.
2899 2616 3079 2687 Cujus
3110 2616 3191 2671 rei
3231 2617 3303 2672 ad
3336 2616 3625 2689 liquidum
3666 2618 3933 2674 notitiam

2287 2704 2441 2760 Deus
2473 2704 2715 2774 noverit,
2747 2710 2803 2760 et
2835 2705 2880 2760 si
2914 2706 3068 2777 quis,
3102 2704 3237 2761 licet
3272 2723 3421 2773 raro,
3458 2705 3629 2762 fuerit
3660 2706 3934 2763 inventus

2287 2811 2461 2865 quem
2501 2794 2769 2850 Christus
2819 2794 3093 2851 illuxerit.
3125 2795 3441 2851 Videamus
3490 2812 3627 2869 ergo
3675 2796 3937 2868 primum

2288 2882 2424 2953 quis
2448 2882 2522 2937 sit
2545 2883 2915 2940 adversarius
2935 2902 3068 2940 cum
3093 2901 3209 2956 quo
3237 2886 3342 2940 iter
3365 2885 3670 2941 faciamus.
3695 2886 3937 2958 Semper

2291 2971 2600 3028 nobiscum
2623 2977 2711 3029 est
2732 2973 3120 3029 adversarius.
3144 2975 3408 3031 Infelices
3427 2993 3553 3046 nos,
3573 2979 3749 3048 atque
3769 2975 3939 3032 mise-

2291 3060 2531 3117 rabiles!
2570 3062 3040 3135 Quotiescunque
3087 3064 3538 3135 peccaverimus,
3571 3065 3940 3122 adversarius

2292 3154 2490 3205 noster
2515 3150 2786 3219 exsultat,
2820 3153 3011 3208 sciens
3054 3153 3333 3225 quoniam
3379 3153 3555 3209 habet
3603 3153 3938 3211 facultatem

2292 3240 2442 3311 apud
2475 3239 2794 3313 principem
2821 3240 3016 3296 saeculi
3047 3240 3361 3315 hujus,qui
3389 3260 3449 3298 se
3480 3243 3722 3299 miserat
3752 3241 3941 3300 exsul-

2292 3328 2454 3383 tandi
2476 3336 2531 3385 et
2552 3329 2942 3402 gloriandi,eo
2966 3332 3120 3403 quod
3147 3332 3534 3398 adversarius,
3555 3333 3709 3389 verbi
3729 3332 3936 3406 gratia,

2291 3417 2475 3489 hujus
2503 3418 2589 3473 vel
2621 3418 2799 3476 illius.
2834 3436 2966 3475 cum
3001 3421 3201 3477 fecerit
3233 3422 3478 3494 principi
3530 3421 3727 3479 szeculi
3758 3422 3938 3495 hujus

2291 3526 2419 3565 esse
2450 3509 2780 3579 subjectum
2832 3528 2935 3583 per
2962 3510 3103 3567 talia
3152 3515 3357 3583 totque
3387 3518 3644 3583 peccata,
3676 3530 3781 3585 per
3826 3512 3937 3569 hoc

2291 3598 2553 3670 illudque
2603 3599 2903 3656 delictum.
2953 3601 3155 3657 Evenit
3196 3605 3394 3657 autem
3438 3600 3759 3671 interdum,
3791 3606 3859 3659 ut
3887 3602 3937 3659 si

2292 3689 2391 3761 qui
2441 3689 2615 3744 fuerit
2661 3694 3022 3761 praeparatus
3062 3694 3363 3746 armatura
3404 3690 3524 3759 Dei,
3560 3696 3619 3747 et
3664 3708 3734 3748 ex
3776 3691 3937 3748 omni

2293 3782 2455 3852 parte
2488 3796 2549 3834 se
2570 3779 2791 3847 texerit,
2812 3784 3053 3836 conetur
3072 3779 3310 3852 quidem
3335 3780 3704 3838 adversarius
3722 3781 3938 3838 vulnus

2292 3868 2527 3935 inferre,
2568 3869 2668 3923 sed
2719 3868 3058 3925 facultatem
3118 3887 3230 3925 non
3291 3870 3504 3926 habeat
3555 3870 3938 3943 percutiendi,

2290 3961 2531 4029 Semper
2561 3956 2867 4013 nobiscum
2918 3958 3284 4015 adversarius
3315 3960 3600 4032 graditur,
3633 3977 3941 4033 nunquam

2293 4064 2401 4103 nos
2430 4046 2663 4111 deserit,
2699 4048 2904 4118 quaerit
2935 4048 3300 4104 occasionem
3343 4049 3710 4115 insidiamm,
3743 4049 3793 4104 si
3824 4066 3940 4121 quo

2295 4137 2467 4192 modo
2500 4153 2606 4192 nos
2628 4137 2957 4193 subvertere
2983 4143 3180 4208 queat,
3205 4143 3271 4193 ut
3300 4137 3357 4193 in
3380 4137 3685 4211 principali
3714 4140 3943 4212 [ἡγεμο-

2292 4225 2451 4299 νικῷ]
2482 4225 2675 4281 cordis
2706 4226 2889 4281 nostri
2940 4227 3155 4282 malam
3188 4226 3465 4298 subjiciat
3506 4226 3940 4300 cogitationem.

2293 4314 2521 4387 Quando
2552 4315 2704 4371 vadis
2727 4316 2797 4370 ad
2820 4318 3208 4388 principem”.
3231 4317 3511 4380 Quisnam
3540 4316 3649 4373 iste
3671 4317 3944 4389 princeps

2295 4403 2432 4460 est?
2461 4405 2698 4472 Quando
2727 4404 3002 4462 dividebat
3020 4406 3329 4462 Altissimus
3359 4409 3565 4476 gentes,
3589 4406 3803 4479 quando
3828 4406 3944 4462 dis-

2294 4493 2602 4553 seminabth
2629 4492 2778 4565 ﬁlios
2810 4494 2999 4562 Adam,
3031 4496 3219 4549 statuit
3252 4497 3513 4552 terminos
3540 4497 3828 4552 nationum
3856 4512 3939 4552 se-

2295 4583 2534 4640 cundum
2566 4600 2860 4640 numerum
2890 4584 3209 4654 angelorum
3248 4586 3369 4651 Dei,
3401 4591 3453 4641 et
3479 4588 3628 4657 facta
3657 4594 3735 4641 est
3763 4587 3943 4658 portio

540 4660 777 4734 trisfqui
812 4665 867 4719 in
901 4667 1061 4724 oculis
1092 4673 1199 4725 est.
1233 4671 1289 4725 Si
1337 4672 1496 4727 fuero
1526 4674 1597 4729 de
1630 4675 2187 4748 Ecclesia,quamvis
2216 4677 2263 4743 D
2294 4673 2517 4728 Domini
2565 4674 2798 4743 populus
2852 4673 2972 4744 ejus
3036 4675 3221 4741 Iacob,
3269 4674 3556 4744 funiculus
3606 4674 3943 4732 haereditatis

538 4749 825 4808 minimus
847 4757 981 4821 sim,
1004 4757 1180 4814 habet
1210 4759 1536 4817 libertatem
1573 4764 1816 4837 angelus
1847 4782 2012 4821 meus
2040 4769 2095 4821 et
2119 4765 2181 4818 fi-

536 4837 770 4895 duciam
797 4858 1028 4915 semper
1042 4847 1236 4903 videre
1259 4848 1462 4905 faciem
1482 4851 1672 4908 Patris
1696 4853 1809 4908 mei
1828 4854 1925 4924 qui
1950 4853 2007 4908 in
2025 4852 2185 4908 caelis

2292 4762 2411 4833 ejus
2442 4763 2611 4818 Israel
2637 4763 2702 4817 6°.
2724 4762 2835 4833 (9.9)
2871 4761 3055 4834 Igitur
3096 4762 3483 4835 principibus,
3509 4764 3566 4818 id
3600 4768 3691 4821 est
3719 4762 3943 4838 angelis

2296 4851 2408 4923 (99)
2437 4850 2507 4905 ab
2538 4850 2771 4907 exordio
2803 4855 2957 4907 terra
2986 4851 3171 4907 divisa
3200 4855 3309 4907 est.
3334 4850 3535 4908 Daniel
3568 4853 3786 4926 quippe
3816 4868 3945 4909 ma-

610 4986 655 5019 ⁸³
680 4985 885 5043 Matth.
920 5006 974 5053 ν,
1001 4990 1090 5046 25.
1132 4992 1176 5025 ⁵⁸
1207 4992 1352 5049 Ibid.
1385 4996 1474 5048 26.
1517 4996 1558 5028 ⁸⁷
1591 4994 1797 5051 Matth.
1830 5012 1991 5059 xvm,
2028 4997 2109 5050 10.
2152 4995 2184 5029 δε

2293 4992 2433 5050 ibes.
2467 5011 2521 5065 v,
2551 4994 2641 5048 27.
2684 4994 2728 5030 ³9
2756 4994 2892 5051 Luc.
2926 5012 3026 5063 xu,
3057 4996 3147 5051 58.
3196 4996 3241 5029 ⁶⁰
3269 4998 3437 5051 Deut.
3469 5013 3644 5063 xxin,
3675 4996 3729 5051 8.

607 5132 814 5209 (94:95)
846 5132 1111 5209 Graecum
1161 5136 1310 5209 sacri
1358 5141 1551 5193 textus
1599 5138 1863 5204 verbum,
1892 5135 2183 5209 κατασῦρᾳ,

537 5204 1031 5281 substituendum
1052 5206 1145 5262 hic
1177 5208 1419 5281 videtur
1433 5210 1654 5280 Latino,
1687 5211 1902 5281 quippe.

614 5227 1021 5261 nstituenoum
1052 5227 1145 5262 mc
1177 5227 1403 5264 VIOCIUI‘
1433 5227 1654 5280 Latino,
1687 5227 1779 5281 qui
1818 5227 1902 5280 pe.

610 5276 724 5359 (96)
742 5276 986 5359 Videtur
1001 5279 1072 5359 de
1095 5280 1387 5359 industria
1408 5227 1902 5359 lectionemdlfam
1921 5283 2191 5359 prmferre

536 5345 714 5433 Graeci
749 5349 1071 5433 archetypi,
1107 5367 1233 5422 qua:
1272 5351 1335 5433 in
1381 5356 1585 5433 neutro
1635 5352 1810 5433 habet
1837 5351 1899 5433 τρ
1926 5345 2188 5433 ἔσχατον,

538 5417 846 5495 alterian
864 5421 921 5495 in
943 5417 1075 5478 aliis
1093 5417 1917 5495 occurritexcmplaribusnbv
1937 5417 2187 5495 ἔσίλατονζ

609 5490 722 5560 (97)
748 5490 1017 5570 Diximus
1061 5512 1240 5570 supra
1291 5494 1362 5550 ad
1413 5490 1719 5570 honiil._23
1764 5496 1938 5570 videri
1991 5490 2190 5570 Urige-

535 5575 670 5638 nem
702 5563 957 5638 sensisse
989 5563 1157 5621 bonis
1187 5570 1439 5638 tantum,
1464 5565 1802 5638 sanctisque
1831 5567 1969 5625 viris
1997 5563 2192 5626 cus'to-

536 5630 668 5710 dem
728 5635 1001 5710 angelum
1061 5637 1302 5709 adjungi
1357 5655 1369 5693 :
1427 5630 1520 5693 hic
1581 5630 1766 5695 multo
1817 5638 1983 5697 aliter
2041 5642 2189 5697 duos

534 5702 745 5795 quique
769 5702 1074 5795 hominum
1098 5702 1425 5795 assignatos
1451 5710 1921 5795 apocryphorum
1946 5730 2191 5795 quoque

536 5772 802 5831 ibrorum
834 5780 1176 5837 auctoritate
1217 5772 1468 5849 contend
1492 5772 1538 5840 it
1570 5798 1583 5842 :
1619 5772 1685 5841 ἑί
1721 5782 1895 5855 paulo
1942 5772 2191 5842 inferius

2296 5135 2762 5194 luculentissime
2816 5137 2886 5193 iis
2948 5137 3123 5193 etiam
3175 5138 3274 5209 qui
3331 5139 3404 5194 ab
3460 5137 3717 5195 Ecclesia
3772 5138 3948 5198 alieni

2299 5210 2815 5284 sunt,_assignato_s
2848 5209 3190 5284 pronuntiat
3219 5210 3491 5284 custodes
3520 5210 3782 5284 angelos,
3804 5212 3948 5269 dum

2300 5296 2399 5336 eos
2429 5281 2512 5337 ait
2541 5280 2655 5337 non
2683 5281 2897 5337 audere
2926 5282 2997 5337 ad
3046 5280 3295 5337 cmlestis
3342 5284 3532 5339 Patris
3581 5280 3790 5340 faciem
3820 5300 3952 5340 ocu-

2298 5351 2387 5408 los
2442 5352 2734 5420 attollere,
2768 5357 2824 5408 et
2880 5369 2984 5424 pro
3040 5352 3349 5409 hominum
3406 5355 3518 5411 sibi
3576 5355 3950 5413 subditorum

2300 5424 2524 5500 meritis
2555 5429 2651 5500 aut
2677 5439 2928 5500 semper,
2980 5426 3075 5500 aut
3120 5440 3432 5500 nunquam,
3482 5427 3565 5484 vel
3610 5444 3835 5500 parum,
3868 5428 3953 5485 vel

2291 5498 2422 5569 plus
2450 5496 2767 5574 [aciem_Dei
2788 5495 3149 5574 contemplari
3173 5495 3371 5574 poese:
3404 5516 3530 5574 quge
3561 5495 3950 5574 exaggeratio,

2300 5566 2593 5643 quantum
2617 5567 2690 5623 ab
2721 5566 3042 5623 orthodoxa
3085 5566 3376 5626 sententia
3419 5566 3749 5643 abhorreat,
3780 5566 3954 5632 nemo

2301 5638 2414 5694 non
2446 5638 2643 5695 sentit.

2392 5711 2482 5788 ἓξ)
2511 5709 2657 5788 Elide
2688 5725 2815 5788 cap.-
2848 5710 2882 5765 3
2910 5706 3010 5765 lib-
3034 5709 3272 5788 ἐιξᾹΙερὶ
3304 5712 3509 5788 ἀρχῷνε

2392 5784 2483 5854 99)
2511 5782 2657 5839 Vide
2688 5782 2841 5841 nfin
2871 5798 2998 5857 cap.
3029 5783 3063 5841 3
3092 5782 3197 5843 lib.
3220 5782 3293 5843 ἰιι
3327 5782 3458 5862 II'e'pi
3489 5783 3698 5864 ἀρχῶν.
