4304 6622
264 498 404 601 ’321

680 488 1181 557 TRANSLATIO
1227 483 1735 551 HOMILlARUM
1780 476 2147 549 ORIGENIS
2193 491 2271 550 ΙΝ
2315 495 2606 558 LUCAM.
2643 530 2717 543 —
2748 474 3021 561 HOMIL.
3066 498 3306 562 XXXV.

3584 480 3706 564 32s

291 631 573 690 nifestius
594 644 739 702 quos
770 626 997 700 Moyses
1021 622 1260 696 angelos
1283 619 1938 692 nominarat,principes
1974 620 2029 687 Α
2059 619 2266 678 Deum.
2303 626 2527 694 Quando
2556 629 2709 684 vadis
2737 646 2863 685 cum
2890 631 3205 688 adversario
3245 640 3333 688 tuo
3377 634 3451 689 ad
3492 637 3705 707 princi-

293 737 430 780 esse
458 722 725 786 testatur,
760 715 961 771 dicens
997 733 1009 769 :
1048 714 1305 785 Princeps
1332 712 1493 782 regni
1546 711 1866 775 Persarum,
1895 715 1948 764 et
2054 726 2195 783 pem,
2244 715 2303 769 in
2351 718 2440 772 via
2484 716 2555 773 da
2605 734 2843 790 operam.
2877 720 3091 777 Latitat
3129 721 3190 777 in
3220 721 3329 777 hoc
3356 721 3482 779 loco
3513 725 3707 781 nescio

288 814 552 888 princeps
578 807 736 888 regni
766 805 1084 863 Graecorum
1129 804 1181 858 et
1237 801 1466 858 Michael
1509 801 1764 872 princeps
1805 813 1948 872 gen-

297 884 440 961 tium
468 902 534 956 οι.
569 884 749 971 (1)Ἐῐ
779 893 1190 966 unusquisque
1224 898 1488 948 nostrum
1539 906 1739 945 secum
1772 887 1950 943 habet

297 989 702 1051 adversarium
735 986 1142 1049 cohaerentem,
1187 982 1356 1054 cujus
1416 997 1566 1052 opus
1619 982 1709 1035 est
1738 979 1950 1033 ducere

303 1100 413 1141 nos
451 1080 523 1137 ad
556 1077 903 1152 principem,
960 1077 1016 1129 et
1071 1073 1263 1127 dicere
1296 1087 1309 1127 :
1342 1070 1385 1126 Ο
1436 1069 1729 1141 princeps,
1793 1064 1951 1121 verbi

303 1171 512 1249 gratia,
546 1167 712 1241 regni
746 1167 1078 1231 Persarum,
1113 1163 1223 1218 iste
1256 1161 1357 1233 qui
1414 1160 1622 1215 subter
1651 1160 1796 1249 erat
1822 1154 1952 1221 tibi,

306 1247 440 1320 eum
474 1264 540 1316 ut
571 1274 719 1331 opus
749 1256 961 1322 fuerat,
992 1250 1280 1309 custodivi
1314 1268 1326 1306 :
1362 1249 1562 1304 nullus
1580 1247 1735 1304 enim
1767 1247 1839 1301 de
1870 1261 1956 1300 re-

315 1350 497 1424 liquis
518 1345 886 1422 principibus
916 1343 987 1399 ad
1022 1357 1085 1399 se
1106 1339 1297 1415 potuit
1325 1338 1727 1434 transducere,
1761 1350 1832 1390 ne
1864 1349 1959 1434 me

314 1437 681 1515 quidem,qui
713 1436 782 1492 ad
801 1434 911 1491 hoc
935 1449 997 1489 se
1018 1431 1244 1487 venisse
1267 1429 1620 1524 jactabat,ut
1639 1426 1711 1481 de
1736 1426 1961 1524 cunctis

310 1527 750 1588 haereditatibus
767 1524 1099 1589 Persarum,
1134 1520 1254 1576 sive
1283 1518 1637 1587 Graecorum,
1672 1518 1965 1569 omnium-

313 1637 430 1696 que
461 1618 765 1677 nationum
800 1616 1028 1687 raperet
1059 1609 1349 1675 homines,
1381 1612 1438 1664 et
1494 1603 1831 1696 haereditate
1862 1601 1962 1657 Dei

313 1694 533 1768 taceret
561 1722 690 1764 esse
720 1704 1039 1776 subjectos.
1101 1699 1367 1755 Christus
1425 1694 1711 1751 Dominus
1770 1696 1968 1748 noster

317 1816 524 1858 omnes
556 1794 848 1872 principes
869 1791 1091 1862 vicit,et
1120 1788 1403 1845 terminos
1424 1800 1625 1841 eorum
1650 1783 1965 1850 transiens,

316 1890 578 1964 captivos
605 1884 853 1960 p0pulos
884 1882 955 1938 ad
990 1898 1052 1937 se
1081 1877 1387 1935 transtulit
1418 1876 1472 1931 in
1499 1873 1773 1964 salutem,
1809 1872 1876 1927 Et
1905 1876 1968 1964 tu

318 1961 598 2052 tle—parto
647 1974 898 2046 alicujus
947 1968 1228 2044 principis
1284 1982 1413 2022 eras
1448 1981 1461 2021 :
1496 1963 1785 2021 855-56
1816 1961 1973 2017 venit

322 2071 497 2128 Jesus
527 2072 585 2124 et
614 2064 810 2138 rapuit
850 2067 905 2118 te
944 2061 1015 2117 de
1063 2060 1350 2133 potestate
1406 2070 1699 2128 perversa.
1751 2056 1808 2107 et
1860 2053 1972 2107 Deo

322 2159 483 2216 Patri
509 2154 741 2214 obtulit.
775 2148 1166 2209 Adversarius
1186 2162 1323 2219 ergo
1356 2149 1556 2200 noster
1584 2139 1977 2210 ambulat,du-

323 2265 461 2307 cens
475 2263 581 2303 nos
597 2245 665 2301 ad
683 2240 1006 2316 principem
1021 2232 1388 2293 suum.Unde
1399 2248 1505 2304 ego
1522 2230 1764 2286 credens
1780 2225 1978 2283 omnia

325 2337 766 2411 Scripturarum
796 2330 973 2387 verba
990 2327 1207 2383 habere
1239 2322 1669 2416 rationemmon
1692 2322 1841 2416 puto.
1855 2317 1975 2416 lru-

327 2407 729 2498 atra—judicem
748 2420 823 2494 (2)
843 2417 996 2491 apud
1028 2416 1254 2472 Graecos
1285 2426 1418 2466 cum
1444 2407 1688 2498 articulo
1720 2407 1977 2480 positum

328 2516 432 2590 qui
458 2496 887 2586 singularitatis
917 2504 1282 2579 signiﬁcator
1325 2505 1415 2557 est
1449 2517 1463 2568 ;
1492 2496 1813 2590 principem
1846 2509 1978 2590 vero

328 2583 457 2663 dine
478 2583 727 2660 articulo
751 2598 1037 2669 scriptum
1059 2611 1189 2651 esse
1210 2583 1982 2664 simpliciter.Quandovadis

329 2711 456 2753 cum
485 2691 800 2750 adversario
832 2692 943 2744 tuo.
978 2685 1292 2758 Signanter
1321 2681 1419 2747 ait,
1454 2688 1563 2735 tuo.
1595 2677 1793 2748 Neque
1823 2673 1980 2729 enim
2022 2679 2029 2687 '

332 2798 540 2842 omnes
571 2780 838 2839 omnium
869 2780 1009 2833 sunt
1040 2770 1377 2838 adversarii,
1403 2770 1503 2825 sed
1526 2767 1746 2840 singuli
1780 2765 1980 2837 singu-

328 2874 419 2932 los
441 2875 677 2939 habent,
743 2870 841 2944 qui
874 2868 1095 2938 ubique
1119 2882 1219 2922 eos
1245 2866 1594 2935 sequantur,
1653 2866 1711 2916 et
1741 2860 1860 2915 sint
1889 2874 1986 2913 co-

330 2966 525 3022 mites.
549 2961 775 3033 Quando
804 2958 957 3016 vadis
1009 2974 1133 3012 cum
1174 2954 1611 3015 adversarioztuo
1656 2949 1725 3005 ad
1766 2948 1982 3021 princi-

329 3069 484 3126 pem.
516 3054 642 3110 Non
665 3065 800 3107 cum
834 3046 1082 3106 articulo
1115 3044 1440 3118 principem
1501 3040 1718 3114 posuit,
1753 3055 1824 3094 ne
1857 3054 1983 3093 cer-

332 3149 464 3203 tum
491 3143 788 3199 videretur
835 3137 1142 3195 ostendere
1178 3152 1192 3203 ;
1226 3134 1326 3189 sed
1386 3131 1511 3187 sine
1570 3127 1838 3198 articulo,
1872 3131 1936 3182 ut
1957 3142 1988 3183 θ

338 3233 608 3309 pluribus
626 3246 813 3286 unum
832 3243 963 3284 esse
986 3226 1372 3281 monstraret:
1395 3221 1550 3292 quod
1574 3219 1728 3291 apud
1760 3218 1990 3273 Graecos

342 3323 536 3396 magis
564 3313 1360 3392 intelligitur.Unusquisque
1390 3311 1546 3368 enim
1579 3313 1844 3365 nostrum
1872 3324 1986 3364 non

2058 801 2222 872 quid,
2257 808 2311 859 et
2362 812 2647 862 secretum
2700 814 2806 880 est,
2850 809 2909 863 in
2952 812 3042 864 via
3070 810 3143 865 da
3172 827 3412 881 operam.
3446 813 3711 869 Salvator

2059 892 2143 946 ait
2172 893 2261 948 6‘:
2314 897 2423 964 Ego
2470 913 2595 952 sum
2644 900 2755 967 via,
2809 900 3029 967 veritas,
3079 905 3131 955 et
3188 903 3319 956 vita.
3372 903 3424 956 Si
3481 902 3712 960 dederis

2062 997 2320 1051 operam,
2345 990 2410 1041 ut
2443 985 2705 1042 libereris
2738 988 2809 1044 ab
2840 989 3351 1057 adversario,-esto
3381 989 3440 1045 in
3475 991 3568 1047 via
3601 1008 3614 1046 :
3659 996 3719 1047 et

2063 1086 2197 1126 cum
2220 1076 2448 1129 steteris
2468 1075 2524 1129 in
2548 1092 2613 1131 eo
2638 1075 2735 1148 qui
2756 1076 2924 1132 dicit:
2944 1078 3054 1146 Ego
3074 1095 3198 1134 sum
3220 1081 3329 1147 via,
3347 1078 3579 1135 stetisse
3602 1096 3717 1137 non

2064 1160 2300 1229 sufﬁcit,
2336 1165 2435 1219 sed
2469 1164 2543 1220 da
2574 1181 2809 1237 operam
2844 1171 2908 1222 ut
2936 1166 3202 1223 libereris
3244 1170 3315 1224 ab
3365 1170 3716 1227 adversario.

2065 1249 2191 1306 Nisi
2242 1252 2472 1310 dederis
2521 1271 2779 1326 operam,
2817 1259 2879 1310 ut
2934 1257 3005 1310 ab
3055 1257 3386 1312 adversario
3433 1258 3719 1326 libereris,

2066 1354 2194 1410 quae
2227 1344 2281 1396 te
2312 1347 2635 1414 sequantur
2665 1343 2950 1399 ausculta.
2986 1344 3191 1400 Trahit
3238 1351 3290 1401 te
3340 1347 3409 1401 ad
3456 1348 3722 1418 judicem

2071 1428 2462 1498 adversarius,
2488 1432 2607 1487 sive
2639 1431 2911 1504 princeps
2933 1448 3067 1488 cum
3098 1440 3152 1489 te
3184 1436 3510 1507 susceperit
3532 1437 3606 1491 ab
3626 1438 3732 1493 ad-

2070 1515 2347 1582 versario,
2382 1518 2564 1573 trahit
2612 1525 2667 1574 te
2698 1519 2768 1573 ad
2792 1519 3076 1590 judicem.
3110 1523 3293 1587 Quam
3327 1524 3566 1595 elegans
3596 1541 3730 1581 ver-

2071 1602 2242 1674 bum,
2262 1605 2462 1675 trahit,
2489 1612 2554 1662 ut
2584 1609 2855 1663 ostendat
2881 1610 3317 1681 quodammodo
3347 1618 3729 1670 retractantes

2076 1696 2134 1748 et
2166 1692 2430 1752 nolentes
2464 1697 2534 1751 ad
2569 1697 3117 1754 condemnationem
3148 1700 3300 1756 trahi
3350 1707 3406 1758 et
3454 1702 3536 1758 ire
3568 1719 3725 1759 com-

2079 1781 2252 1854 pelli!
2283 1784 2424 1847 Quis
2456 1786 2611 1842 enim
2644 1786 2939 1843 homicida
2966 1789 3192 1844 concito
3221 1792 3407 1863 gradu
3440 1793 3630 1865 pergit
3658 1795 3727 1849 ad

2070 1872 2333 1942 judicem
2356 1874 2385 1929 ‘l
2414 1876 2548 1948 quis
2579 1876 2844 1948 gaudens
2877 1878 2947 1933 ad
2982 1878 3529 1937 condemnationem
3561 1899 3730 1938 suam

2081 1962 2163 2017 ire
2196 1962 2451 2036 festinat,
2476 1970 2532 2021 et
2561 1982 2675 2021 non
2710 1967 2926 2023 invitus
2956 1967 3230 2038 trahitur,
3254 1986 3320 2024 ac
3351 1986 3686 2043 repugnans
3705 1973 3734 2027 ‘.’

2083 2051 2204 2107 Scit
2232 2053 2388 2109 enim
2420 2071 2484 2110 se
2506 2056 2576 2111 ad
2611 2055 2719 2111 hoc
2750 2057 2852 2124 ire,
2877 2062 2943 2112 ut
2971 2059 3321 2115 sententiam
3357 2064 3561 2117 mortis
3584 2062 3733 2117 acci-

2087 2141 2224 2214 piat.
2252 2142 2332 2201 Ne
2363 2144 2508 2199 forte
2538 2144 2731 2200 trahat
2758 2150 2814 2200 to
2841 2145 2907 2200 ad
2935 2146 3219 2216 judicem.
3248 2148 3389 2212 Quis
3417 2156 3590 2221 putas
3623 2151 3732 2206 ista

2077 2232 2260 2304 judex
2313 2232 2449 2288 est?
2497 2234 2613 2305 Ego
2644 2233 2840 2289 nescio
2872 2233 3053 2289 alium
3092 2235 3353 2307 judicem
3386 2238 3500 2293 nisi
3533 2239 3735 2295 Domi-

2087 2337 2228 2376 num
2263 2337 2457 2377 meum
2490 2322 2695 2378 Jesum
2724 2322 3044 2395 Christum,
3069 2325 3139 2380 de
3170 2341 3284 2398 quo
3315 2325 3454 2382 alibi
3486 2328 3733 2386 dicitur:

2087 2415 2164 2466 lit
2216 2413 2419 2467 statuet
2475 2428 2597 2467 oves
2654 2428 2687 2466 a
2744 2412 2975 2483 dextris,
3034 2414 3211 2470 haedos
3264 2425 3449 2471 autem
3505 2435 3535 2473 a
3589 2420 3737 2475 sini-

2087 2502 2217 2557 stris
2243 2502 2308 2555 ⁸⁵.
2361 2502 2429 2556 Et
2478 2502 2691 2557 iterum
2726 2518 2739 2557 :
2791 2503 2897 2571 Qui
2933 2505 3209 2575 confessus
3255 2508 3430 2575 fuerit
3471 2524 3577 2573 me,
3609 2525 3738 2565 cen-

2087 2591 2278 2663 ﬁtebor
2321 2595 2372 2647 et
2409 2607 2503 2662 ego
2533 2607 2655 2648 eum
2686 2608 2873 2648 coram
2906 2594 3072 2648 Patre
3098 2610 3216 2649 meo
3243 2598 3338 2665 qui
3370 2598 3429 2651 in
3456 2598 3608 2653 ccelis
3637 2609 3740 2656 est.

2093 2682 2199 2749 Qui
2246 2686 2429 2736 autem
2469 2685 2750 2752 negaverit
2799 2699 2886 2737 me
2932 2698 3121 2739 coram
3171 2684 3506 2752 hominibus,
3538 2692 3745 2758 negabo

2089 2787 2213 2828 eum
2241 2786 2423 2826 coram
2456 2772 2619 2826 Patre
2647 2788 2767 2827 meo
2796 2774 2894 2843 qui
2923 2774 2981 2827 in
3010 2773 3161 2830 caelis
3198 2782 3278 2830 est
3306 2775 3369 2829 ⁸⁸.
3423 2775 3639 2833 Trahat
3686 2784 3743 2835 te

2092 2861 2161 2916 ad
2188 2860 2471 2931 judicem,
2505 2864 2562 2916 et
2584 2862 2768 2932 judex
2796 2861 2991 2918 trahat
3020 2868 3077 2919 te
3104 2864 3377 2920 exactori.
3411 2865 3740 2941 Unusquis-

2095 2966 2206 3023 que
2227 2955 2491 3006 nostrum
2519 2967 2620 3023 per
2641 2950 2874 3024 singula
2898 2957 3133 3024 peccata
3153 2955 3435 3011 damnum
3462 2959 3738 3030 sustinet,

2094 3044 2152 3096 et
2195 3041 2365 3111 juxta
2424 3039 2766 3112 qualitatem
2824 3041 3226 3116 rationemque
3274 3043 3489 3114 delicti,
3538 3048 3742 3105 damni

2098 3129 2442 3202 magnitudo
2473 3134 2798 3202 reputatur.
2835 3132 3019 3188 Debeo
3051 3132 3286 3205 aliquod
3322 3136 3392 3192 de
3423 3137 3743 3212 Scripturis

2099 3219 2304 3275 afferre
2334 3218 2738 3276 testimonium
2781 3237 2957 3294 super
2988 3223 3203 3279 damno
3237 3225 3541 3299 multaque
3571 3246 3746 3302 pecu-

2104 3309 2232 3364 niae.
2270 3308 2433 3364 Alius
2466 3309 2749 3365 damnum
2783 3312 3035 3369 sustinet
3077 3314 3530 3390 quingentorum
3564 3320 3747 3377 dena-

342 3373 534 3469 {alii
885 3373 1353 3480 principemQui
1385 3402 1567 3474 Syrus
1596 3403 1707 3467 est,
1738 3399 1848 3454 sub
1880 3398 1987 3472 Sy-
2022 3373 2065 3441 (ἶ
2103 3400 2346 3468 riorum,
2380 3403 2436 3455 et
2486 3399 2659 3455 debet
2705 3416 2822 3470 eos,
2857 3400 3007 3457 alius
3039 3373 3464 3477 quinquaginta
3493 3373 3750 3471 denariis

347 3518 551 3560 rorum
579 3498 839 3572 principe
869 3501 976 3565 est,
1010 3501 1068 3552 et
1099 3493 1509 3565 unusquisque
1553 3491 1663 3547 sub
1694 3505 1801 3545 suo
1831 3489 1991 3561 prin-

350 3593 481 3665 cipe
511 3589 699 3664 gentis
731 3596 854 3644 est:
887 3586 934 3643 si
968 3591 1165 3643 tamen
1190 3584 1496 3654 hucusque
1526 3579 1883 3653 processisse
1902 3596 1996 3636 me

349 3680 593 3746 sufﬁcit,
625 3683 682 3735 et
713 3677 784 3734 ab
815 3677 921 3732 hac
952 3675 1349 3748 diSputatione
1401 3672 1471 3728 ad
1532 3671 1706 3726 aliam
1742 3670 1996 3726 transire

352 3771 660 3843 majorem,
683 3772 747 3823 ut
776 3772 1012 3824 crateras
1034 3780 1265 3837 quoque
1297 3766 1500 3836 gentes
1531 3761 1703 3817 etiam
1740 3775 1994 3816 comme‘

354 3875 600 3918 morem.
659 3856 822 3913 Unde
868 3856 1081 3911 dicitur
1111 3854 1201 3908 δίε
1258 3852 1437 3909 Videte
1480 3852 1651 3906 Israel
1704 3848 2001 3906 secundum

355 3964 597 4007 carnem.
632 3944 911 4003 Prudenti
941 3942 1200 4015 coepisse,
1235 3941 1454 3996 dixisse
1484 3944 1609 3996 est:
1643 3938 1778 3994 licet
1806 3944 1863 3994 et
1892 3937 2003 3994 hoc

355 4039 418 4096 in
448 4036 663 4113 populo
694 4035 939 4108 coepisse
968 4047 1319 4089 sermonem.
1354 4029 1464 4095 Qui
1511 4035 1567 4085 te
1614 4028 1757 4100 vult,
1790 4027 2001 4099 inquit,

358 4128 571 4185 ducere
626 4126 699 4182 ad
748 4123 1070 4197 principem
1124 4138 1324 4188 suum,
1356 4124 1413 4176 et
1460 4119 1532 4175 ab
1582 4119 1694 4175 alio
1741 4117 2005 4190 principe

358 4218 702 4279 conducere,
737 4214 972 4287 quando
1020 4212 1185 4267 vadis
1240 4227 1374 4266 cum
1425 4208 1754 4265 adversario
1801 4212 1900 4262 tuo
1931 4206 2004 4263 ad

360 4306 706 4381 principem,
736 4304 797 4359 in
840 4303 932 4359 via
980 4302 1055 4357 da
1099 4316 1333 4373 operam
1377 4304 1443 4355 ut
1489 4297 1755 4355 libereris
1800 4297 1873 4353 ab
1918 4312 2004 4354 eo.

361 4396 488 4455 Nisi
542 4394 703 4451 omni
760 4393 953 4450 studio
1007 4389 1381 4454 laboraveris,
1425 4390 1567 4444 dum
1616 4388 1809 4445 adhuc
1855 4387 2008 4444 viam

362 4486 575 4560 carpis,
607 4489 920 4556 antequam
951 4478 1301 4554 ingrediaris
1330 4478 1400 4534 ad
1432 4477 1777 4551 principem,
1811 4478 2008 4552 prius-

364 4592 542 4649 quam
575 4574 846 4647 princeps
873 4571 1068 4627 tradat
1095 4574 1151 4625 te
1177 4567 1364 4641 judici
1396 4568 1468 4623 ab
1499 4567 1832 4623 adversario
1864 4585 2010 4639 prte-

363 4669 657 4740 paratum,
693 4669 895 4736 postea
934 4661 1152 4716 frustra
1200 4656 1525 4714 conaberis.
1566 4662 1645 4712 Da
1690 4673 1826 4729 ergo
1878 4672 2013 4730 ope-

2103 3490 2571 3545 condemnatur:
2625 3505 2750 3560 quae
2800 3506 3035 3546 summa
3064 3492 3409 3551 ambobusa
3458 3500 3746 3561 creditore

2103 3579 2459 3636 conceditur.
2509 3583 2683 3635 Porro
2733 3579 2903 3648 alius,
2938 3580 3091 3636 sicut
3136 3582 3438 3657 Scriptura
3485 3587 3626 3646 dicit
3653 3592 3750 3653 ατε

2107 3670 2329 3726 Oblatas
2358 3670 2433 3723 est
2461 3669 2517 3724 ei
2544 3685 2688 3725 unus
2717 3671 2815 3740 qui
2840 3669 3062 3726 debebat
3089 3672 3275 3728 decem
3302 3676 3487 3733 millia
3516 3680 3747 3757 talenta,

2109 3761 2303 3814 decem
2340 3757 2602 3813 millibus
2649 3759 2999 3816 talentorum
3042 3763 3487 3824 condemnatur.
3520 3773 3586 3826 Et
3607 3772 3750 3845 quid

2111 3867 2203 3905 me
2234 3864 2469 3904 necesse
2501 3852 2590 3905 est
2622 3848 2789 3921 plura
2820 3852 3140 3925 persequi?
3187 3854 3604 3933 Unusquisque
3648 3880 3755 3936 pro

2112 3938 2391 4011 qualitate
2442 3942 2499 3994 et
2550 3939 2875 4011 quantitate
2932 3942 3174 4014 peccati,
3220 3945 3510 4004 diversam
3560 3953 3757 4009 multa

2113 4028 2463 4084 sententiam
2494 4029 2784 4100 expendit.
2819 4029 2877 4084 Si
2920 4047 3124 4102 parum
3181 4040 3270 4089 est
3319 4039 3472 4106 quod
3529 4032 3760 4111 peccas,

2114 4117 2338 4173 ferieris
2367 4117 2582 4172 damno
2623 4117 2859 4186 minuti,
2896 4123 2959 4173 ut
2990 4119 3172 4177 Lucas
3221 4126 3477 4197 scripsit,
3514 4134 3577 4183 ut
3626 4147 3761 4187 vero
3812 4132 3817 4133 “

2117 4206 2448 4275 Matthaaus,
2482 4205 2844 4279 quadrantis.
2871 4207 3284 4266 Verumtamen
3318 4214 3490 4270 etiam
3526 4233 3763 4275 necesse

2116 4300 2205 4353 est
2252 4295 2361 4351 hoc
2408 4296 2603 4368 ipsum
2646 4297 2799 4368 quod
2834 4296 3056 4353 exstitit
3084 4298 3333 4368 debitor,
3364 4303 3602 4361 solvere.
3635 4306 3761 4363 Non

2118 4386 2274 4443 enim
2297 4387 2433 4441 inde
2457 4384 2612 4441 exies
2634 4386 2745 4441 nisi
2776 4390 2833 4442 et
2861 4387 3107 4444 minima
3129 4405 3371 4463 quaeque
3394 4395 3761 4464 persolveris.

2119 4476 2227 4541 Qui
2280 4493 2415 4532 vero
2462 4476 2650 4532 ﬁdelis
2695 4481 2802 4549 est,
2836 4477 2995 4533 nullo
3041 4479 3255 4536 damno
3287 4485 3632 4554 percutitur,
3665 4486 3767 4544 sed

2122 4564 2381 4638 quotidie
2410 4565 2666 4621 ditatur:
2701 4566 2777 4639 (3)
2809 4567 2959 4624 Totus
2989 4572 3137 4625 enim
3164 4571 3404 4628 mundus
3434 4575 3771 4633 divitiarum

2124 4656 2239 4729 ejus
2271 4656 2561 4712 357-58
2594 4663 2689 4712 (st.
2734 4656 2977 4727 Inﬁdelis
3009 4667 3191 4715 autem
3220 4678 3318 4717 nec
3345 4664 3560 4721 obolum
3588 4667 3768 4723 habet.

368 4772 518 4823 ram,
544 4758 609 4810 ut
637 4752 906 4809 liberaris
936 4750 1009 4807 ab
1037 4767 1128 4820 eo,
1152 4748 1271 4805 sive
1302 4764 1335 4803 a
1365 4745 1629 4820 principe
1651 4746 1722 4802 ad
1755 4762 1928 4817 quem
1959 4751 2016 4803 te
2045 4751 2091 4818 Β
2124 4744 2286 4801 Alius
2309 4745 2624 4801 damnatur
2643 4745 2901 4817 denario,
2922 4746 3072 4805 alius
3095 4766 3253 4820 mna,
3275 4752 3425 4809 alius
3448 4754 3686 4814 talento.
3705 4758 3777 4815 Et

367 4843 554 4902 trahit
601 4842 990 4900 adversarius.
1024 4846 1106 4897 Da
1151 4854 1388 4912 operam
1421 4843 1485 4893 ut
1513 4837 1731 4893 habeas
1783 4838 2015 4910 sapien-

368 4934 537 5003 tiam,
556 4931 873 5006 justitiam,
896 4929 1317 4999 fortitudinem,
1342 4934 1518 5001 atque
1545 4927 2016 5000 temperantiam,

2126 4835 2404 4907 quzesitor
2432 4833 2610 4905 hujus
2642 4835 2876 4908 negotii,
2902 4837 2999 4909 qui
3033 4854 3341 4897 mensuras
3367 4844 3773 4903 universorum

2130 4924 2351 4981 noverit
2380 4929 2773 4996 peccatorum.
2802 4927 2913 4982 lloc
2935 4927 3212 4985 delictum
3247 4931 3464 4990 talento
3486 4934 3773 4992 'condem-

371 5028 431 5081 et
467 5028 609 5080 tunc
646 5020 1080 5095 complebitur:
1134 5022 1266 5076 Ecce
1313 5020 1489 5086 homo,
1522 5035 1685 5090 opera
1734 5020 1850 5089 ejus
1895 5021 2023 5074 ante
2132 5019 2350 5071 natur:
2403 5013 2547 5071 illud
2598 5020 2900 5088 peccatum
2942 5018 3187 5075 multam
3224 5019 3556 5079 istiusmodi
3590 5040 3773 5079 mere-

369 5114 573 5185 faeiem
600 5130 760 5168 suam
787 5112 851 5167 δδ.
904 5110 1028 5167 Nisi
1077 5109 1308 5165 dederis
1357 5125 1617 5181 operam,
1650 5125 1763 5164 non
1806 5108 2022 5180 poteris
2132 5112 2247 5161 tur.
2281 5104 2577 5177 Scriptum
2608 5111 2696 5160 est
2724 5106 2882 5161 enim
2911 5108 2955 5141 ⁸⁸
2990 5125 3002 5162 :
3052 5108 3186 5164 Cum
3215 5114 3399 5167 autem
3427 5113 3662 5183 sapisset
3688 5114 3777 5183 fa-

372 5202 693 5261 adversarii
724 5206 963 5276 pactum
994 5199 1331 5272 infringere,
1355 5200 1526 5268 cujus
1556 5196 1815 5254 amicitia
1845 5203 1935 5252 est
1963 5197 2023 5252 in

2132 5210 2250 5251 cere
2278 5196 2569 5251 rationem.
2602 5196 2983 5267 Supputanda
3012 5203 3102 5253 est
3133 5200 3409 5257 omnibus
3440 5199 3609 5255 nobis
3639 5215 3777 5273 gra-

446 5320 488 5355 ⁶¹
521 5319 667 5375 Dan.
700 5335 756 5389 x,
792 5318 878 5385 13,
911 5317 1003 5386 20,
1034 5317 1124 5372 21.
1200 5316 1245 5351 θ’
1275 5317 1542 5389 lCor._x,
1574 5316 1664 5389 18.
1739 5316 1784 5351 ⁸³
1814 5321 1925 5371 Isa.
1960 5333 1984 5372 ι

2130 5316 2216 5371 11.
2292 5314 2338 5347 ⁵⁸
2365 5312 2536 5368 Joan.
2570 5329 2687 5381 xxv,
2719 5313 2771 5368 6.
2849 5313 2894 5348 ⁸⁸
2926 5312 3132 5372 Matth.
3162 5332 3292 5383 xxv,
3324 5316 3410 5371 33.
3496 5316 3541 5349 ⁶⁸
3569 5313 3777 5373 Matth.

358 5389 433 5468 ἰ,
463 5392 554 5459 32,
588 5391 676 5448 33.
745 5387 797 5426 ’⁸⁷
827 5389 1035 5446 Matth.
1067 5406 1226 5455 xvm,
1257 5388 1348 5443 24.
1433 5387 1476 5422 (⁵⁸
1506 5387 1648 5443 ibid.

451 5510 530 5578 (1)
558 5506 704 5565 Vide
733 5523 859 5579 cap.
892 5508 946 5580 8_,
978 5505 1079 5561 lib.
1116 5524 1154 5575 ι,
1190 5503 1320 5580 ῌερὶ
1354 5503 1558 5579 ἀρχῶν.

2142 5481 2154 5495 1
2205 5506 2279 5577 (3)
2326 5503 2573 5575 Sumpta
2637 5517 2705 5557 ex
2772 5502 3243 5577 Proverbiorpgn__
3278 5499 3425 5577 libgo
3492 5501 3782 5577 sententia

362 5600 374 5608 ν
450 5571 520 5650 (2⁷
562 5581 719 5637 Duas
775 5571 1032 5647 v'oculas,
1082 5595 1113 5633 a
1141 5571 1227 5633 'ud
1268 5571 1522 5648 'Grazebs,
1583 5576 1840 5650 itemque
1893 5575 2025 5632 illas
2136 5571 2270 5647 cap.
2298 5592 2433 5641 xvn,
2469 5571 2601 5658 pgst
2632 5591 2780 5630 vers.
2806 5574 2866 5659 β,
2906 5576 3076 5656 juxta
3296 5575 3392 5661 σςοῦ
3426 5576 3616 5663 πιστλῦ
3649 5571 3781 5637 ὅλος

378 5581 557 5708 mulo
610 5655 761 5708 oost.
794 5648 935 5708 quod
980 5596 1149 5708 apud)
1178 5650 1393 5706 Graecos
1443 5651 1619 5708 magis
1665 5650 2024 5708 intelligitur.
2137 5646 2166 5700 ὁ
2213 5644 2420 5708 κόσμος
2467 5666 2574 5699 των
2625 5663 2952 5708 γρημαιτων,
2984 5663 3080 5696 του
3130 5639 3186 5696 δε
3226 5662 3453 5697 «tamen
3498 5645 3624 5700 oues
3659 5640 3781 5701 ὀϐο-

423 5648 557 5710 aulo
610 5655 761 5725 post,
794 5648 935 5722 quod
980 5666 1052 5721 ap

424 5742 454 5782 Θ
500 5741 608 5781 8110

1178 5650 1393 5706 Graecos
1443 5651 1619 5719 magis
1665 5650 2024 5720 intelligitur,

660 5721 1049 5793 Hieronymus
1094 5721 1444 5792 adjnnxerit.
1476 5722 1580 5778 Est
1628 5738 1762 5779 vero
1812 5722 2026 5789 Graece,

2137 5646 2166 5700 ὁ
2193 5639 2426 5721 idem:
2467 5639 2574 5699 ’τεῶν
2625 5639 2952 5721 χρημᾷτὼῦ,
2984 5646 3080 5696 τοῦ
3130 5639 3186 5696 δὲ
3226 5641 3453 5721 cinia-Eoo
3498 5641 3624 5721 0:33}
3659 5640 3783 5721 66o-

2141 5715 2256 5779 Λός.
2294 5715 3126 5799 Interpretaturnllieronymus
3157 5717 3327 5787 epist.
3357 5718 3452 5799 _53,
3482 5718 3779 5799 adfami-

380 5795 468 5875 ιτς*
498 5792 758 5875 ἄρχοντα,
780 5787 1209 5875 adjrincipem,
1237 5794 1460 5875 absque
1492 5792 1739 5875 articulo
1764 5819 1778 5867 ς
1809 5799 1867 5853 et
1893 5792 1984 5875 πρε

2141 5787 2606 5875 οιξωηῐιξιςήικω
2638 5807 2670 5875 ε,
2708 5787 2969 5875 Credenti
2998 5790 3157 5875 totus
3180 5789 3434 5875 artandas
3460 5791 3791 5851 divitiarum

379 5867 475 5937 τόν
501 5864 692 5959 κρἰέἡν
726 5864 815 5929 m2
847 5864 881 5925 ὁ
903 5864 1118 5949 κριτής,
1150 5880 1283 5923 cum
1317 5864 1582 5926 articulo.

2141 5866 2218 5923 est
2247 5879 2267 5924 :
2306 5862 2546 5941 inﬁdelis
2573 5864 2761 5922 autem
2789 5860 2957 5917 etiam
2986 5859 3138 5922 obolo
3168 5860 3395 5939 indiget.
