4304 6582
543 453 661 516 323

1789 449 1855 510 S.
1901 442 2210 510 EUSEBII
2254 435 2696 508 HIERONYMI

3830 436 3951 506 θεά

544 588 646 643 tia.
679 587 804 643 Non
857 589 949 640 est
997 582 1155 640 aliud
1203 587 1438 656 tempus
1487 581 1764 638 faciendis
1801 580 2045 636 rationis
2076 579 2188 635 nisi
2222 585 2271 650 Α
2301 579 2464 648 liuius
2491 580 2556 633 ⁷⁸.
2607 581 2722 634 Aut
2767 572 3204 648 comparatione
3252 571 3514 644 majoris,
3547 576 3722 630 tenue
3768 577 3948 646 atque

543 683 779 747 tempus
821 673 1053 747 judicii,
1086 673 1322 745 quando
1374 671 1594 744 liquido
1635 675 2020 744 cognoscetur
2048 669 2186 741 quid

545 765 713 822 nobis
765 761 1050 818 creditum
1105 767 1217 826 est,
1248 767 1306 817 et
1353 759 1494 832 quid
1541 759 1712 824 lucri,
1745 759 1958 830 quidve
2010 757 2190 814 detri-

545 853 726 911 menti
760 851 1090 918 fecerimus,
1128 851 1262 922 quis
1311 854 1579 906 nostrum
1633 847 1918 920 acceperit
1965 862 2187 910 mnam,

545 943 679 1014 quis
727 957 911 996 unum
955 943 1266 1009 talentum,
1300 939 1432 1010 quis
1483 939 1619 1002 duo,
1653 941 1784 1008 quis
1833 935 2091 1007 quinque
2121 936 2183 989 θ’.

545 1031 794 1088 Necesse
824 1046 938 1085 non
991 1033 1082 1084 est
1125 1027 1293 1100 plura
1322 1027 1600 1094 indicare,
1633 1040 1766 1079 cum
1799 1025 1905 1079 hoc
1934 1023 1994 1078 in
2026 1039 2186 1077 com-

548 1133 725 1174 mune
754 1117 972 1172 dixisse
1002 1115 1278 1182 sufliciat,
1311 1113 1645 1170 reddituros
1696 1127 1801 1166 nos
1850 1127 1978 1167 esse
2007 1112 2183 1165 ratio-

543 1223 678 1263 nem
711 1221 725 1260 :
757 1211 813 1262 et
843 1205 890 1261 si
922 1204 1210 1260 debitores
1240 1201 1456 1257 inventi
1491 1200 1774 1256 fuerimus
1804 1198 1955 1254 trahi
1987 1199 2058 1254 ad
2093 1200 2181 1270 ju-

533 1295 744 1360 dicem,
769 1301 827 1350 et
855 1310 890 1348 a
912 1292 1114 1364 judice
1141 1291 1396 1346 exactori
1427 1290 1600 1345 tradi.
1627 1288 1854 1360 Singuli
1887 1292 2183 1343 exactores

535 1385 802 1457 proprios
827 1382 1112 1438 habemus
1136 1397 1150 1436 :
1179 1379 1372 1435 omnis
1395 1395 1528 1434 vero
1550 1377 1886 1445 multitudo,
1914 1377 2182 1448 pluribus

534 1472 803 1537 traditur,
853 1470 1178 1526 secundum
1240 1469 1295 1523 id
1359 1468 1514 1539 quod
1571 1469 1630 1521 in
1690 1466 1839 1522 Isaia
1897 1465 2180 1536 scriptum

527 1566 616 1619 est
643 1562 687 1596 7°
720 1579 734 1616 :
792 1561 1035 1632 Populus
1083 1573 1256 1624 meus,
1290 1559 1566 1611 exactores
1610 1557 1776 1610 vestri
1803 1555 2041 1626 spoliant
2068 1569 2179 1619 vos,

525 1656 578 1706 et
614 1651 710 1721 qui
751 1652 992 1715 potentes
1021 1651 1152 1703 sunt
1182 1647 1545 1702 dominantur
1575 1645 1756 1699 vestri.
1793 1642 2182 1698 Dominantur

528 1745 845 1803 exactores,
879 1738 928 1792 si
959 1736 1340 1793 debuerimus
1369 1733 1614 1806 aliquid.
1649 1733 1707 1788 Si
1740 1737 1933 1787 autem
1968 1731 2180 1786 habue-

531 1829 720 1882 rimus
748 1825 1045 1890 ﬁduciam,
1069 1829 1125 1879 et
1152 1823 1339 1878 fronte
1367 1822 1550 1882 libera
1577 1821 1912 1887 vixerimus,
1937 1821 2177 1876 servabo

532 1920 886 1988 praeceptum
919 1914 1105 1968 libens
1130 1928 1143 1966 :
1171 1911 1395 1969 Reddite
1423 1911 1674 1972 omnibus
1705 1909 1888 1965 debita
1914 1925 1932 1961 :
1962 1910 2058 1963 cui
2081 1910 2179 1963 tri-

534 2005 742 2071 butum,
775 2005 1042 2058 tributum
1070 2020 1089 2057 :
1128 2003 1226 2057 cui
1253 2002 1523 2064 timorem,
1558 2002 1806 2058 timorem
1836 2015 1854 2051 :
1899 2000 1990 2053 cui
2020 1999 2176 2052 vecti-

529 2095 643 2166 gal,
676 2092 902 2163 vectigal
935 2109 950 2145 :
980 2092 1072 2144 cui
1099 2091 1377 2156 honorem,
1413 2088 1678 2144 honorem
1709 2089 1776 2140 τί.
1811 2087 1879 2144 Si
1903 2086 2178 2143 omnibus

533 2181 804 2238 universa
833 2179 1160 2245 reddidero,
1194 2177 1359 2233 venio
1401 2177 1471 2232 ad
1515 2181 1861 2243 exactorem,
1895 2180 1953 2230 et
2001 2176 2176 2231 intre-

531 2271 669 2344 pida
699 2275 892 2324 mente
923 2267 1266 2340 respondeo,
1298 2264 1454 2320 Nihil
1485 2265 1586 2319 tibi
1627 2265 1827 2320 debeo.
1867 2264 2034 2318 Venit
2081 2280 2178 2319 ex-

532 2364 692 2415 actor
719 2359 790 2414 ad
823 2356 1277 2429 deposcendum,
1311 2355 1520 2414 resisto
1551 2354 1623 2408 ei.
1658 2353 1788 2408 Scio
1831 2353 1987 2408 enim
2021 2353 2176 2424 quod

534 2450 584 2506 si
640 2447 786 2503 nihil
834 2447 1109 2509 debuero.
1163 2443 1222 2498 in
1275 2459 1368 2498 me
1415 2459 1532 2498 non
1582 2441 1755 2497 habet
1806 2447 2175 2513 potestatem.

532 2538 696 2604 Quod
729 2538 777 2592 si
809 2535 1038 2590 debitor
1069 2534 1248 2602 fuero,
1284 2533 1476 2587 mittet
1507 2548 1598 2586 me
1643 2536 1873 2586 exactor
1901 2547 2072 2586 meus
2119 2531 2177 2585 in

532 2642 845 2692 carcerem,
876 2623 975 2680 illo
1023 2623 1226 2679 ordine
1274 2621 1372 2693 qui
1416 2621 1723 2692 pradictus
1753 2625 1860 2675 est.
1897 2620 2180 2674 Adversa-

532 2719 657 2772 rius
688 2716 844 2772 enim
878 2730 969 2769 me
1000 2711 1162 2767 ducit
1198 2711 1267 2767 ad
1301 2711 1646 2783 principem,
1677 2709 1950 2781 princeps
1979 2710 2050 2764 ad
2076 2711 2175 2781 ju-

531 2807 741 2869 dicem,
791 2810 848 2860 et
894 2803 1077 2874 judex
1123 2801 1314 2856 tradet
1372 2816 1466 2854 me
1524 2798 1798 2864 exactori,
1840 2805 1897 2854 et
1947 2804 2180 2854 exactor

532 2895 724 2951 mittet
751 2893 811 2948 in
845 2907 1155 2947 carcerem.
1179 2890 1312 2953 Quas
1336 2889 1410 2959 (4)
1441 2893 1531 2943 est
1560 2888 1650 2943 lex
1680 2887 1929 2943 carceris
1962 2888 2130 2943 istius
2151 2886 2178 2940 ‘l

532 2985 658 3041 Non
715 2981 980 3054 egredior
1027 2996 1096 3034 ex
1141 2994 1230 3046 eo,
1290 2994 1477 3049 neque
1527 2994 1618 3032 me
1673 2983 1906 3031 exactor
1963 2976 2181 3048 patitur

534 3072 710 3135 exire,
745 3069 856 3125 nisi
905 3067 1170 3124 debitum
1219 3082 1391 3122 omne
1436 3065 1783 3137 persolvero.
1829 3065 1954 3120 Non
2007 3065 2181 3121 habet

534 3168 771 3218 exactor
799 3163 1166 3232 potestatein,
1201 3161 1266 3210 ut
1313 3155 1457 3210 mihi
1510 3153 1716 3210 saltem
1767 3153 2176 3225 quadrantem,

534 3249 621 3307 vel
672 3247 978 3306 minimam
1029 3245 1352 3318 portionem
1407 3241 1598 3298 valeat
1653 3243 1989 3309 concedere,
2025 3260 2177 3299 unus

2300 667 2534 724 subtile.
2570 667 2780 723 Beatus
2811 671 2900 721 est
2928 664 3125 734 igitur,
3150 661 3407 734 primum
3439 663 3537 732 qui
3571 679 3690 720 non
3723 667 3943 735 peccat,

2299 757 2556 814 secundo
2598 761 2662 810 ut
2691 757 2748 811 in
2785 753 3090 810 collatione
3119 750 3333 822 aliquis
3363 751 3573 806 saltem
3606 757 3781 807 tenue
3809 767 3946 823 pec-

2298 853 2490 901 catum
2527 845 2753 900 habeat.
2789 844 2857 897 Et
2901 843 3052 896 inter
3099 840 3227 912 ipsa
3275 855 3507 911 quoque
3537 840 3741 904 tenuia
3763 845 3946 913 atque

2296 933 2555 999 subtilia,
2583 939 2646 987 ut
2673 931 2976 986 diversitas
3012 935 3402 1002 peccatorum.
3430 929 3548 986 Nisi
3580 935 3737 986 esset
3765 946 3943 1002 pecu-

2296 1023 2396 1078 nia
2425 1021 2678 1088 subtilis,
2713 1037 3016 1091 nunquam
3050 1019 3340 1074 diceretur
3371 1035 3382 1072 :
3438 1020 3553 1074 Non
3603 1020 3750 1078 exies
3787 1019 3938 1089 inde,

2294 1111 2464 1168 donec
2508 1110 2698 1165 reddas
2745 1111 3099 1165 novissimum
3128 1108 3495 1179 quadrantem
3523 1109 3587 1162 7‘.
3639 1109 3940 1174 Quomodo

2292 1201 2419 1256 sine
2466 1199 2714 1271 pecunia
2758 1199 2977 1254 diceret
3006 1197 3394 1256 novissimum
3426 1198 3742 1264 minutum,
3776 1199 3933 1270 quod

2291 1294 2382 1345 est
2427 1289 2724 1353 denarius,
2756 1287 2876 1343 sive
2925 1303 3227 1350 nummus,
3268 1286 3389 1341 sive
3435 1286 3667 1357 obuius,
3698 1287 3785 1343 vel
3815 1293 3937 1344 sta-

2291 1383 2434 1433 tera.
2459 1378 2619 1441 Quod
2649 1377 2696 1433 si
2732 1393 3005 1448 magnam
3031 1375 3332 1448 pecuniam
3357 1376 3757 1448 debuerimus,
3781 1378 3940 1434 sicut

2292 1465 2390 1522 ille
2436 1465 2536 1537 qui
2587 1467 2864 1522 scribitur
2894 1467 3095 1520 decem
3130 1465 3291 1520 milia
3320 1463 3538 1520 talenta
3565 1465 3840 1523 debuisse
3868 1467 3932 1535 ⁷⁸,

2290 1561 2509 1626 quanto
2541 1561 2798 1627 tempore
2830 1555 3176 1612 claudamur
3206 1554 3265 1608 in
3307 1569 3554 1621 carcere,
3588 1555 3772 1612 donec
3801 1557 3933 1613 red-

2289 1645 2499 1699 damus
2518 1645 2922 1713 debitum,non
2945 1660 3183 1714 possum
3207 1643 3514 1699 manifeste
3531 1646 3935 1715 pronuntiare.

2285 1736 2343 1790 Si
2391 1734 2545 1790 enim
2598 1733 2696 1805 qui
2753 1751 2958 1805 parum
3012 1734 3203 1799 debet,
3255 1749 3368 1787 non
3419 1734 3770 1805 egredietur,
3819 1737 3934 1794 nisi
4003 1751 4010 1758 '

2286 1823 2543 1880 exsolvat
2575 1824 2868 1878 minutum
2901 1823 3287 1894 quadrantem
3323 1837 3336 1877 :
3392 1823 3594 1894 utique
3638 1823 3740 1894 qui
3771 1828 3934 1883 tante

2285 1913 2480 1968 debito
2531 1912 2703 1966 fuerit
2754 1911 3061 1973 obnoxius,
3093 1910 3323 1966 infinita
3364 1911 3416 1966 ei
3460 1911 3530 1966 ad
3562 1913 3931 1971 reddendum

2287 2002 2549 2058 debitum
2582 2000 2796 2056 saecula
2824 2001 3310 2056 numerabuntur.
3341 2001 3704 2072 Quapropter
3731 2003 3808 2074 (6)
3839 2004 3934 2061 de-

2288 2107 2422 2146 mus
2476 2107 2737 2162 cperam,
2786 2097 2850 2144 ut
2894 2089 3214 2144 liberemur
3265 2090 3336 2144 ab
3390 2090 3739 2162 adversario,
3786 2093 3929 2152 dum

2289 2195 2497 2234 sumus
2550 2179 2607 2233 in
2661 2178 2771 2248 via,
2805 2183 2861 2232 et
2901 2179 3225 2248 jungamur
3254 2177 3500 2233 Domino
3527 2181 3688 2247 Jesu,
3719 2181 3812 2236 cui
3841 2187 3932 2240 est

2289 2267 2475 2341 gloria
2518 2273 2574 2323 et
2623 2268 2931 2339 imperium
2977 2267 3035 2321 in
3069 2267 3285 2322 saecula
3314 2267 3683 2324 seculorum.
3720 2275 3926 2329 Amen.

2651 2373 2941 2430 850-60
2982 2373 3280 2428 HOMILIA
3321 2373 3562 2430 XXXVI.

2287 2464 2362 2519 De
2405 2479 2464 2518 eo
2511 2463 2652 2536 quod
2697 2465 2960 2536 scriptum
3013 2467 3134 2517 est:
3191 2485 3219 2512 «
3253 2463 3359 2531 Qui
3404 2465 3634 2520 voluerit
3675 2468 3932 2524 animum

2355 2534 2780 2599 suamsalvare,
2807 2534 3000 2605 perdet
3045 2551 3185 2600 eam,
3225 2557 3246 2584 ι
3303 2552 3468 2606 usque
3501 2537 3573 2593 ad
3600 2555 3726 2594 eum
3755 2539 3932 2596 locum

2357 2608 2454 2662 ubi
2481 2609 2561 2662 ait
2594 2625 2612 2662 :
2656 2630 2681 2656 «
2719 2607 2962 2676 Regnum
2995 2608 3097 2662 Dei
3125 2609 3275 2662 intra
3307 2623 3393 2663 vos
3418 2617 3519 2666 est.
3555 2631 3582 2658 ››
3624 2613 3760 2683 Cap.
3791 2627 3929 2670 xvu.

2361 2715 2464 2782 Qui
2491 2714 2784 2785 quasiet-it,
2814 2711 3026 2783 inquit,
3055 2715 3308 2769 animam
3342 2730 3503 2772 suam
3538 2718 3778 2786 salvere,
3806 2733 3931 2790 per-

2288 2803 2376 2858 det
2404 2819 2525 2858 eam
2555 2820 2570 2855 :
2617 2812 2668 2857 et
2710 2804 2807 2873 qui
2834 2801 3135 2873 perdiderit
3163 2819 3308 2869 eam,
3342 2805 3582 2862 salvabit
3610 2822 3751 2862 eam.
3784 2811 3931 2864 lar-

2289 2895 2444 2962 tyres
2475 2895 2742 2961 quierunt
2773 2890 2994 2945 salvere
3042 2889 3300 2946 animam
3347 2908 3518 2947 suam
3555 2909 3568 2948 :
3627 2899 3933 2968 propterea

2291 2979 2560 3050 perdunt,
2593 2985 2657 3034 ut
2703 2977 2929 3034 salvent
2975 2995 3126 3034 eam.
3161 2978 3266 3044 Qui
3310 2997 3441 3036 vero
3472 2981 3678 3038 volunt
3707 2983 3936 3041 salvan

2288 3067 2546 3124 animam
2578 3084 2770 3134 suam,
2807 3073 2869 3122 ut
2919 3084 3030 3122 non
3082 3069 3327 3140 perdant
3357 3085 3510 3138 eam,
3542 3070 3603 3128 hi
3631 3077 3687 3127 et
3715 3089 3930 3146 corpus

2287 3163 2345 3213 et
2395 3157 2653 3212 animam
2907 3157 3160 3228 perdunt
3206 3159 3422 3230 pariter
3467 3160 3526 3215 in
3575 3161 3928 3233 gehennam.

2291 3246 2648 3315 Quamobrem
2678 3247 2846 3301 nolite
2875 3248 3069 3301 timere
3096 3262 3205 3312 eos,
3228 3248 3328 3318 ait,
3360 3251 3460 3319 qui
3484 3256 3708 3322 possunt
3735 3267 3932 3324 corpus

534 3344 642 3408 est,
674 3337 774 3411 qui
805 3334 1166 3391 debitoribus
1199 3351 1310 3388 non
1351 3333 1704 3388 habentibus
1756 3332 1908 3387 unde
1957 3333 2173 3404 persol-
2207 3320 2250 3388 C
2287 3337 2543 3402 occidere,
2575 3336 2665 3392 sed
2711 3338 2897 3390 timete
2942 3337 3114 3406 magis
3161 3352 3285 3390 eum
3332 3339 3427 3408 qui
3470 3320 3640 3407 potest
3682 3320 3930 3397 animum

533 3434 692 3500 vant,
716 3431 906 3500 potest
925 3423 1258 3480 concedere.
1283 3423 1534 3490 Accessit,
1563 3421 1772 3492 inquit,
1794 3420 1865 3476 ad
1887 3437 2010 3476 eum
2032 3438 2174 3476 unus

532 3519 626 3603 qui
662 3515 890 3573 debebat
936 3515 1254 3603 quingentos
1296 3512 1582 3575 denarios,
1613 3519 1664 3566 et
1714 3511 1860 3566 alius
1904 3514 2177 3583 quinqua-

531 3600 692 3681 ginta
719 3624 739 3661 :
787 3610 837 3661 et
881 3620 1007 3660 cum
1049 3619 1158 3658 non
1189 3602 1448 3656 haberent
1481 3600 1621 3656 unde
1651 3600 1954 3669 redderent,
1986 3603 2176 3658 ambo-

534 3699 631 3758 bus
661 3697 887 3753 donavit
905 3695 971 3747 τ’.
1005 3694 1110 3758 Qui
1145 3690 1379 3746 donavit
1409 3689 1692 3745 Dominus
1724 3695 1812 3745 est
1843 3706 1855 3744 :
1908 3690 2016 3745 iste
2046 3707 2178 3747 vero

539 3787 638 3859 qui
663 3789 896 3840 exactor
921 3787 1027 3846 est,
1051 3798 1167 3838 non
1199 3786 1287 3835 est
1316 3779 1613 3845 dominus,
1638 3778 1738 3833 sed
1771 3796 1803 3834 a
1828 3778 2074 3834 Domino
2105 3781 2176 3836 ad

538 3873 823 3947 exigenda
852 3871 1048 3926 debila
1078 3869 1443 3942 praepositus.
1476 3869 1598 3924 Non
1645 3867 1805 3923 fuisti
1854 3868 2068 3941 dignus
2118 3876 2180 3924 ut

536 3965 640 4021 tibi
674 3960 997 4036 quingenti,
1032 3959 1152 4014 sive
1182 3955 1610 4030 quinquaginta
1639 3956 1858 4012 denarii
1893 3958 2177 4012 donaren-

535 4060 656 4119 tur,
686 4067 790 4108 nec
819 4048 1024 4104 audire
1053 4047 1343 4116 meruisti,
1377 4045 1636 4101 Dimissa
1666 4050 1804 4100 sunt
1832 4045 1935 4099 tibi
1967 4045 2180 4102 delicta

536 4149 686 4201 tua:
738 4140 837 4197 sed
893 4138 1144 4194 mitteris
1202 4137 1260 4191 in
1318 4151 1630 4206 carcerem,
1681 4140 1737 4190 et
1794 4135 1872 4190 ibi
1930 4137 2178 4207 exigeris

538 4251 639 4307 per
667 4230 924 4286 laborem
976 4233 1034 4283 et
1080 4241 1275 4298 Opera,
1309 4225 1429 4279 sive
1474 4241 1574 4296 per
1606 4239 1805 4296 pmnas
1835 4229 2008 4295 atque
2038 4241 2178 4296 sup-

536 4322 731 4396 plicia,
765 4325 821 4375 et
863 4335 976 4374 non
1027 4317 1161 4370 inde
1197 4315 1352 4369 exies
1384 4313 1496 4368 nisi
1529 4313 1852 4368 reddideris
1883 4313 2174 4384 quadran-

531 4419 677 4476 tem,
728 4410 816 4465 vel
866 4406 1252 4463 novissimum
1303 4401 1620 4466 minutum,
1671 4402 1823 4473 quod
1859 4403 1935 4473 (5)
1984 4403 2176 4460 Graece

533 4499 690 4557 tende
737 4498 847 4552 dici
903 4498 1114 4568 potest,
1155 4496 1394 4548 Peccata
1441 4494 1634 4546 autem
1685 4496 1886 4547 nostra
1937 4490 2178 4564 pinguia

2282 3434 2332 3482 et
2361 3441 2555 3496 corpus
2583 3425 2810 3496 perdere
2841 3427 2900 3480 in
2928 3424 3382 3497 gehennam.Hoe
3421 3429 3491 3484 ad
3537 3430 3928 3502 propositum,

2281 3517 2452 3588 juxta
2482 3516 2632 3570 vires
2666 3513 2881 3586 ingenii
2914 3513 3098 3570 nostri
3143 3515 3394 3572 breviter
3423 3517 3764 3576 dixerimus.
3796 3522 3928 3577 Anio

2286 3608 2447 3661 malis
2493 3614 2677 3661 autem
2727 3621 2837 3660 non
2891 3607 3083 3672 recipit
3127 3620 3190 3659 ea
3237 3622 3356 3676 qua
3402 3611 3528 3664 sunt
3574 3611 3809 3680 spiritus
3837 3611 3881 3646 ⁷⁸
3909 3627 3931 3665 ;

2287 3701 2343 3750 et
2395 3694 2609 3748 idcirco
2659 3693 2868 3748 salvari
2918 3710 3031 3748 non
3091 3699 3298 3764 potest.
3359 3697 3678 3754 Seminatur
3730 3714 3926 3772 corpus

2286 3784 2552 3848 animale,
2593 3784 2770 3854 surgit
2816 3798 3009 3853 corpus
3056 3784 3312 3854 spiritale
3340 3785 3405 3842 ⁷⁷.
3459 3789 3636 3844 Porro
3685 3787 3785 3860 qui
3831 3789 3934 3846 ad-

2289 3872 2465 3928 haeret
2496 3871 2763 3937 Domino,
2799 3871 3038 3942 spiritus
3073 3889 3223 3928 unus
3265 3874 3536 3932 efficitur.
3571 3877 3630 3934 Si
3663 3893 3800 3950 ergo
3829 3876 3931 3950 qui

2289 3961 2533 4017 Domino
2565 3959 2890 4032 copulatur,
2922 3977 3055 4016 cum
3097 3962 3369 4018 animalis
3412 3971 3566 4020 esset
3615 3983 3717 4038 per
3761 3966 3819 4022 id
3869 3966 3930 4023 in

2289 4047 2614 4122 spiritalem
2646 4048 2907 4111 vertitur,
2941 4055 2996 4104 et
3028 4067 3182 4105 unus
3212 4056 3301 4108 est
3331 4051 3572 4124 spiritus
3599 4071 3612 4109 :
3649 4070 3754 4110 nos
3785 4071 3930 4126 quo-

2288 4156 2400 4211 que
2448 4137 2762 4210 perdamus
2809 4138 3065 4192 animam
3118 4144 3401 4212 nostram,
3453 4145 3517 4197 ut
3567 4142 3930 4201 adhaerentes

2288 4227 2531 4282 Domino
2563 4227 2621 4280 in
2655 4243 2838 4281 unum
2870 4225 3140 4297 spiritum
3184 4233 3686 4288 transl‘ormemur.
3717 4233 3826 4289 Sed
3876 4240 3933 4290 et

2286 4317 2357 4372 de
2387 4333 2563 4387 regno
2599 4315 2691 4370 Dei
2723 4316 3133 4389 interrogatus,
3168 4319 3468 4390 respondit
3496 4320 3758 4380 Salvator
3788 4321 3930 4382 Pha-

2287 4405 2513 4461 risaeis:
2570 4404 2794 4473 Quando
2841 4408 3070 4477 venerit,
3105 4406 3316 4478 inquit,
3347 4425 3458 4464 non
3507 4413 3655 4466 venit
3705 4427 3928 4484 regnum

2289 4497 2390 4552 Dei
2440 4512 2562 4550 cum
2609 4494 2994 4558 observatione,
3038 4510 3212 4566 neque
3257 4495 3470 4564 dicunt,
3513 4515 3631 4556 ecce
3674 4499 3782 4570 hic,
3835 4503 3930 4558 aut

535 4594 694 4646 sunt.
749 4585 1038 4641 Scribitur
1083 4581 1260 4637 enim.
1313 4581 1681 4636 lncrassatum
1731 4591 1807 4636 est
1853 4597 1946 4636 cor
1989 4583 2183 4654 populi
2211 4587 2256 4653 Ι)
2287 4600 2402 4642 ecce
2432 4585 2530 4640 ibi.
2569 4585 2810 4657 Regnum
2839 4585 2988 4639 enim
3019 4585 3114 4640 Dei
3143 4587 3293 4642 intra
3335 4605 3428 4644 vos
3455 4593 3551 4644 est.
3585 4589 3708 4646 Non
3737 4585 3930 4646 omni-

601 4723 646 4757 “9
675 4719 874 4776 Matth.
925 4734 1053 4785 xxv,
1105 4717 1224 4789 15._
1269 4713 1479 4789 7°gCap.
1530 4731 1613 4786 ιιι,
1657 4732 1813 4789 vers.
1868 4718 1952 4773 12.
2030 4720 2068 4755 ⁷⁸
2104 4720 2178 4777 Ro

2317 4737 2440 4789 xm,
2492 4721 2546 4774 7.

2623 4718 2669 4753 ⁷⁸
2700 4718 2835 4774 Luc.
2888 4734 2986 4786 v.1,
3035 4719 3123 4790 41,
3183 4721 3269 4776 42.
3347 4722 3392 4757 ’⁷³
3423 4726 3547 4778 Act.
3593 4739 3794 4791 xxvm,
3836 4723 3928 4780 27.

533 4795 578 4830 ’⁷⁸
610 4791 816 4850 Matth.
850 4807 904 4862 γ,
935 4791 1023 4844 26.
1099 4789 1145 4822 ⁷⁵
1173 4787 1375 4843 Matth.
1411 4805 1572 4855 xvm,
1602 4788 1691 4844 24.
1769 4789 1812 4823 ⁷⁶
1843 4789 1862 4845 l
1895 4794 2018 4846 Cor.
2057 4809 2117 4861 ιι,
2152 4794 2176 4847 1

2317 4792 2358 4827 7"
2390 4787 2568 4847 l'Cor.
2600 4807 2692 4857 xv,
2725 4791 2814 4845 44.

607 4926 685 5000 (4)
715 4925 794 4982 Ex
825 4924 933 4980 hoc
964 4921 1117 5000 item
1135 4921 1260 4978 loco
1292 4921 1362 4976 cl.
1397 4921 1644 5000 Huetius
1677 4921 2178 5000 colligit,_putasse

531 4994 867 5073 Origenem,
885 4995 1498 5073 pmnisdamnntorum
1522 4995 1695 5073 tinem
1720 4994 2060 5073 impositum
2084 4999 2175 5063 iri,

523 5080 592 5136 .et
619 5065 817 5129 o'mnia
850 5065 1033 5124 unum
1082 5068 1138 5120 in
1187 5072 1298 5120 Deo
1328 5065 1560 5121 tandem
1594 5065 1908 5136 aliquando
1940 5069 2174 5137 futura;

535 5142 914 5218 nequepdeo
963 5137 1107 5195 alias
1151 5138 2178 5218 quampurgatorias‘pmnas‘admi-

535 5208 704 5275 sisée.
739 5214 875 5280 Nos,
909 5225 1247 5283 quanquam
1297 5214 1352 5262 et
1403 5208 1581 5283 supra
1624 5209 1694 5264 ad
1737 5208 1917 5283 homil
1949 5212 2018 5265 24
2053 5213 2175 5267 ani-

522 5279 980 5348 .madvertimus,
1003 5286 1060 5338 et
1089 5279 1219 5336 aliis
1241 5279 1644 5351 compluribus
1663 5297 1731 5334 ex
1760 5279 1899 5336 locis
1932 5283 2175 5339 manife-

535 5368 690 5418 stum
724 5357 937 5414 erroris
969 5359 1276 5409 teneamus
1307 5351 1610 5422 Origenem
1641 5352 1704 5423 in
1745 5355 2064 5423 quaestione
2107 5355 2178 5410 de

575 5447 835 5490 cenarum
870 5425 1228 5490 aeternitate;
1264 5439 1378 5478 non
1411 5430 1604 5477 tamen
1638 5422 1794 5478 hunc
1843 5425 2044 5482 eadem
2095 5425 2174 5482 la-

579 5518 741 5558 orare
770 5500 944 5571 culpa
973 5494 1778 5571 contextum_existimamus,
1809 5497 1949 5567 quin
1985 5499 2178 5570 potius

536 5565 959 5630 econtrario'ex
990 5570 1062 5625 iis
1100 5584 1254 5623 unus
1285 5565 1568 5630 videatur,
1602 5568 1700 5638 qui
1733 5566 1788 5620 in
1823 5565 1951 5638 ejus
1982 5565 2176 5626 defen-

534 5645 761 5703 sionem
795 5643 1000 5699 adduci
1033 5644 1270 5714 queant.
1296 5643 1620 5714 Certecum
1649 5645 1848 5714 posset
1875 5642 2178 5698 commode

532 5715 920 5789 Adamantius
937 5709 1300 5789 propositam
1314 5709 1728 5789 parabolam’in
1744 5727 1923 5769 suum
1937 5730 2177 5789 sensum

531 5801 800 5877 perverse
829 5782 1190 5866 detorquere,
1217 5782 1502 5844 catholico
1533 5783 1650 5842 fere
1682 5798 1856 5843 sensu
1888 5787 2177 5870 exposuit,

2289 4929 2414 4982 tum
2447 4922 2910 5009 luculentissime
2941 4925 3579 5009 definivit,_graviorum
3611 4928 3928 5009 criminum

2286 5014 2413 5053 reos
2441 4997 3044 5072 aeternisaddicendos
3078 4997 3380 5072 suppliciis
3410 5017 3541 5056 cum
3573 5000 3688 5056 ait:
3723 5000 3784 5056 Si
3811 5017 3931 5059 ma-

2286 5086 2450 5138 gnam
2473 5071 2769 5141 pecuniam
2798 5069 3167 5137 debuerimus,
3195 5069 3346 5127 sicut
3381 5073 3476 5127 ille
3521 5073 3620 5142 qui
3665 5075 3933 5129 scribitur

2285 5142 2463 5196 decem
2511 5141 2696 5196 millia
2725 5141 2936 5197 talenta
2965 5144 3241 5197 debuisse.
3274 5153 3477 5197 auato
3507 5152 3748 5197 temnere
3773 5147 3929 5197 ctam-

2285 5147 2463 5196 decem
2511 5147 2696 5196 millia
2725 5147 2936 5197 talenta
2965 5147 3241 5209 debuisse,
3274 5153 3477 5216 quanto
3507 5152 3748 5215 tempore
3773 5147 3929 5202 claua

2285 5212 2483 5267 damur
2529 5215 2586 5268 in
2641 5229 2876 5296 carcere,
2933 5213 3459 5296 donee-reddamus
3479 5215 3762 5296 debitum,
3786 5291 3796 5296 Α
3821 5232 3931 5296 non

2281 5301 2523 5362 possumA
2548 5287 2842 5362 manifeste
2880 5288 3354 5362 pronuntiare.....
3403 5289 3604 5362 utique
3637 5289 3734 5362 qui
3777 5291 3930 5362 tanta

2286 5356 2462 5412 debito
2491 5357 2664 5426 fuerit
2694 5357 2980 5418 obnoxius,
3016 5372 3264 5412 memmi
3293 5362 3347 5414 ei
3375 5359 3446 5414 ad
3475 5356 3808 5414 reddendum
3834 5359 3930 5414 de-

2288 5429 2461 5482 bitum
2491 5427 2696 5480 sa’cula
2727 5427 3183 5482 numerabantur.

2359 5499 2433 5569 (5)
2463 5497 3148 5580 Additum‘h'oqquoque
3179 5517 3433 5580 comma
3455 5507 3548 5580 est
3593 5502 3700 5580 abs
3734 5501 3930 5580 Hiero-

2289 5563 2483 5642 nymo,
2518 5573 2580 5649 ut
2613 5568 2767 5638 quod
2801 5568 2860 5622 in
2893 5563 3090 5624 λέπτᾶν
3131 5573 3285 5627 vocis
3316 5575 3474 5630 varia
3505 5573 3934 5644 significatione

2288 5640 2440 5698 ludit
2471 5641 2766 5702 Origenes,
2804 5639 3041 5698 Latinus
3072 5640 3251 5702 lector
3280 5653 3715 5702 asseaueretur.
3899 5641 3902 5644 ’

2315 5649 2440 5698 udit
2471 5649 2766 5722 Origenes,
2804 5649 3041 5698 Latinus
3074 5649 3251 5709 Lector
3280 5653 3715 5718 assequeretur.

2360 5712 2434 5786 (6)
2466 5708 2686 5770 Vitiosa
2731 5709 3031 5788 legebatur
3067 5722 3238 5776 antea
3265 5714 3536 5789 debemus,
3569 5735 3673 5792 pro
3719 5715 3928 5783 demat.
