4304 6618
310 443 432 521 325

677 443 1176 510 TRANSLATIO
1221 440 1725 511 HOMILIARUM
1773 445 2138 512 ORIGENIS
2186 449 2263 511 IN
2309 450 2600 516 LUCAM.
2634 488 2711 499 —-
2743 452 3013 518 HOMIL.
3048 451 3376 521 XXXVIII.

3619 451 3741 526 396

311 579 426 650 bus
476 578 738 636 Salvator
787 579 948 651 dicit,
996 595 1231 652 regnum
1279 583 1429 637 intra
1478 598 1568 637 vos
1614 587 1692 637 cst
1735 581 1968 653 :siqui-
2000 585 2050 650 Α
2086 601 2237 652 rum,
2280 589 2337 639 et
2367 585 2586 640 videbit
2617 590 2753 642 tunc
2785 588 3009 645 sedisse
3040 607 3217 663 super
3249 609 3351 648 nos
3399 609 3733 656 sermonem

313 671 450 726 dem
484 668 545 726 in
576 669 977 742 peccatoribus
1011 685 1252 741 regnum
1282 671 1499 743 peccati
1527 678 1633 744 est,
1666 676 1722 728 et
1752 673 1974 744 absque

313 757 438 816 ulla
469 756 873 831 ambiguitate,
907 763 1011 814 aut
1042 775 1287 833 regnum
1323 760 1566 833 peccati,
1595 765 1696 816 aut
1727 777 1972 834 regnum

318 847 417 906 Dei
449 846 509 904 in
542 847 713 903 corde
745 853 944 904 nostro
995 847 1244 921 imperat
1318 849 1478 905 Unde
1523 849 1641 906 sive
1674 867 1799 923 quae
1832 850 1971 906 faci-

321 954 477 1005 mus,
527 936 646 993 sive
706 954 832 1009 quae
876 936 1196 1010 loquimur,
1264 939 1382 995 sive
1449 957 1576 1012 quae
1626 942 1974 1013 cogitamus,

323 1026 787 1100 contemplemur
817 1027 1118 1097 attentius,
1157 1032 1213 1084 et
1245 1031 1384 1084 tunc
1415 1030 1743 1086 videbimus
1775 1034 1974 1085 utrum

322 1116 425 1175 Dei
466 1116 780 1191 imperium
828 1123 1030 1191 regnet
1077 1117 1133 1173 in
1185 1117 1373 1184 nobis,
1415 1136 1486 1174 an
1520 1118 1834 1192 imperium
1863 1117 1976 1174 deli

326 1211 571 1264 ctorum.
599 1206 786 1272 Quam
808 1207 1202 1263 diversitatem
1229 1207 1420 1264 sciens
1440 1207 1774 1280 Apostolus.
1800 1223 1976 1280 quos-

327 1297 460 1354 dam
494 1302 848 1362 commonet,
881 1297 1082 1352 dicens
1145 1315 1158 1352 :
1208 1298 1326 1353 Non
1376 1305 1567 1371 regnct
1591 1302 1878 1370 peccatum
1919 1297 1980 1353 in

324 1387 552 1444 mortali
579 1394 748 1443 vestro
777 1402 998 1460 corpore
1028 1387 1092 1442 ⁷⁸.
1127 1387 1184 1442 Si
1219 1387 1350 1459 quis
1389 1391 1656 1443 nostrum
1689 1387 1982 1442 desiderat

327 1491 574 1550 regnum
607 1475 730 1542 Dei,
783 1479 1061 1548 regnatur
1107 1477 1177 1531 ab
1228 1492 1313 1531 eo.
1350 1475 1407 1531 Si
1442 1476 1575 1548 quis
1606 1475 1857 1531 avarities
1890 1491 1980 1530 ar-

328 1565 466 1622 dore
497 1564 811 1630 cruciatur,
847 1569 1134 1638 regnatur
1164 1564 1235 1620 ab
1265 1564 1528 1621 avaritia.
1582 1565 1754 1620 Porro
1786 1564 1883 1637 qui
1921 1564 1982 1618 in

317 1655 611 1729 justitiam
662 1654 924 1728 reginam
967 1655 1448 1727 habet,regnatur
1475 1655 1546 1709 ab
1573 1671 1658 1710 ea.
1685 1653 1789 1718 Qui
1824 1668 1983 1708 vana

329 1743 529 1820 glorias
562 1744 843 1800 ambition
877 1743 1230 1814 sustollitur,
1282 1749 1485 1816 regnat
1516 1745 1564 1800 ei
1615 1760 1758 1799 aura
1799 1759 1984 1816 popu-

328 1835 492 1893 laris.
527 1833 635 1899 Qui
668 1837 892 1902 moeret,
918 1834 1015 1906 qui
1048 1833 1272 1905 aliquid
1302 1833 1772 1906 reformidat,qui
1805 1836 1984 1901 amat,

313 1926 439 2012 'qui
470 1925 783 1994 desiderat,
817 1925 1112 1998 imperant
1149 1925 1199 1980 ei
1245 1925 1499 1998 singula,
1551 1928 1722 2024 prouot
1759 1927 1985 1994 pertur-
2022 1966 2068 2031 Β

335 2014 672 2072 bationibus
721 2015 898 2071 variis
959 2014 1314 2088 possidetur.
1377 2015 1510 2080 Quae
1543 2011 1743 2069 omnia
1773 2027 1986 2084 cogno-

337 2108 589 2174 scentes,
637 2108 696 2160 et
748 2120 924 2176 quam
975 2105 1168 2161 multa
1217 2104 1336 2159 sint
1379 2119 1593 2176 genera
1651 2116 1986 2175 regnorum,

337 2210 652 2269 surgamus
681 2209 1101 2267 precemurque
1143 2193 1349 2261 Deum,
1395 2198 1460 2248 ut
1505 2191 1729 2248 auferat
1758 2208 1791 2247 a
1821 2190 1990 2247 nobis

339 2301 585 2360 regnum
619 2283 865 2354 inimici,
913 2288 970 2339 et
1000 2284 1297 2356 possimus
1355 2283 1463 2339 sub
1523 2298 1702 2356 regno
1731 2299 1860 2338 esse
1889 2278 1989 2336 Dei

340 2374 784 2447 omnipotentis,
815 2373 873 2427 id
926 2376 1015 2429 est
1071 2373 1180 2428 sub
1232 2388 1409 2445 regno
1453 2371 1773 2445 sapientiae,
1811 2370 1989 2444 pacis,

334 2462 603 2538 justitiaa,
628 2462 910 2531 veritatis,
936 2479 1061 2535 quae
1084 2469 1292 2518 cuncta
1315 2462 1374 2516 in
1401 2460 1700 2534 unigenito
1725 2459 1823 2516 Dei
1851 2458 1993 2514 Filio

339 2553 773 2627 intelliguntur,
808 2553 900 2609 cui
933 2556 1021 2609 est
1050 2551 1236 2626 gloria
1265 2555 1320 2608 et
1351 2550 1662 2624 imperium
1695 2566 1750 2604 1n
1787 2548 1996 2604 saecula

345 2642 720 2703 seculorum.
752 2648 962 2699 Amen.

703 2767 849 2824 801
887 2768 988 2825 62
1031 2766 1335 2822 HOMILIA
1378 2766 1640 2822 XXXVII.

345 2861 422 2918 De
465 2875 527 2917 eo
575 2858 720 2931 quod
765 2876 799 2914 α
846 2857 1130 2984 ἀίδεὶρὲιίδ
1174 2857 1361 2928 pullus
1403 2858 1575 2911 asiiw
1641 2855 1850 2911 solutus
1897 2859 1994 2909 est.

1067 2946 1161 2984 an.
1192 2945 1308 2984 xxx.

1067 2946 1161 3001 ap.
1192 2945 1308 2984 xxx.

423 3057 658 3113 Lectum
691 3058 780 3111 est
807 3053 866 3109 in
898 3053 1210 3126 Evangelio
1241 3053 1565 3108 secundum
1597 3053 1999 3123 Lucam,quo-

352 3147 546 3213 modo,
575 3161 710 3201 cum
749 3145 1006 3200 venisset
1039 3142 1298 3198 Salvator
1328 3141 1688 3213 Bethphage,
1719 3145 1771 3196 et
1805 3139 2004 3195 Betha-

352 3235 510 3292 niam
529 3235 700 3306 juxta
720 3238 978 3288 montem
1001 3230 1208 3287 Oliveti
1232 3230 1456 3286 miserit
1477 3230 1624 3285 duos
1647 3246 1676 3284 e
1698 3227 2004 3300 discipulis

2083 669 2182 729 Dei
2219 677 2392 744 atque
2424 675 2732 742 rationem,
2767 679 3000 749 quando
3038 680 3195 736 venit
3227 681 3507 738 Dominus
3542 684 3739 754 Jesus,

2083 767 2139 819 et
2169 763 2438 836 praecepit
2469 763 2774 837 discipulis
2807 766 2930 822 suis
2961 773 3026 824 ut
3055 774 3259 825 euntes
3292 769 3582 827 solverent
3610 773 3735 845 pul-

2082 851 2207 907 lum
2243 853 2441 918 asinae,
2475 854 2570 926 qui
2605 853 2768 926 prius
2798 856 3027 912 vinctus
3059 858 3266 926 fuerat,
3311 863 3376 914 ut
3409 859 3554 916 liber
3581 862 3736 918 ince-

2087 942 2514 998 deret.Solutus
2546 943 2744 1016 itaque
2775 944 2971 1017 pullus
3002 947 3180 1003 asina
3215 949 3528 1006 adducitur
3556 953 3627 1007 ad
3650 955 3742 1008 Je-

2089 1049 2245 1103 sum,
2279 1033 2346 1087 ad
2382 1034 2552 1103 cujus
2586 1033 2934 1090 solutionem
2970 1036 3210 1093 mittens
3241 1038 3560 1111 discipulos
3593 1039 3741 1096 dixi-

2089 1125 2178 1176 rat
2211 1137 2240 1186 ε,
2256 1121 2316 1177 Si
2345 1123 2462 1192 quis
2490 1138 2581 1177 vos
2612 1123 3028 1195 interrogaverit
3056 1143 3225 1198 quare
3254 1129 3468 1184 solvitis
3496 1133 3741 1198 pullum,

2087 1209 2255 1267 dicite
2291 1211 2345 1266 ei
2400 1212 2532 1282 quid
2583 1212 2848 1267 Dominus
2905 1217 3275 1270 necessarium
3332 1217 3495 1272 illum
3549 1217 3736 1275 habet.

2091 1299 2255 1356 Multi
2285 1305 2443 1355 erant
2479 1299 2700 1354 domini
2757 1299 2936 1372 hujus
2968 1302 3112 1374 pulli
3145 1305 3219 1375 (8)
3253 1312 3571 1378 antequam
3611 1307 3743 1364 Sal—

2090 1392 2252 1444 vator
2308 1403 2442 1442 eum
2501 1387 2742 1443 haberet
2791 1390 3187 1446 necessarium
3246 1399 3556 1466 postquam
3608 1412 3743 1457 vero

2093 1476 2186 1533 ille
2218 1475 2390 1549 ccepit
2418 1493 2546 1532 esse
2577 1477 2873 1544 dominus,
2907 1477 3105 1550 plures
3135 1481 3356 1537 domini
3387 1498 3515 1538 esse
3549 1499 3742 1540 cessa-

2082 1570 2317 1631 ,verunt.
2350 1565 2530 1621 Nemo
2562 1565 2716 1622 enim
2747 1572 2936 1639 potest
2969 1568 3081 1624 Deo
3123 1571 3336 1626 servire
3367 1577 3423 1627 et
3454 1589 3745 1629 mammo-

2096 1673 2202 1712 nze.
2237 1656 2478 1722 Quando
2537 1656 2772 1711 malitias
2828 1657 3221 1730 servierimus,
3285 1660 3487 1716 multis
3537 1679 3747 1718 sumus

2097 1745 2474 1818 passionibus
2497 1745 2770 1818 vitiisque
2801 1747 3070 1818 subjecti.
3093 1747 3346 1805 Solvitur
3367 1767 3504 1823 ergo
3527 1750 3752 1822 pullus,

2098 1834 2236 1910 quia
2297 1835 2581 1890 Dominus
2633 1835 3030 1892 necessarium
3064 1852 3199 1893 eum
3232 1837 3427 1894 habet.
3465 1839 3577 1896 Vos
3608 1840 3752 1897 estis

2099 1923 2299 1997 pullus
2349 1923 2547 1994 asinae,
2599 1925 2740 1997 quid
2791 1926 2962 1981 vestri
2997 1925 3178 1982 Filius
3221 1926 3321 1983 Dei
3358 1928 3755 1986 necessarium

2100 2013 2319 2070 habet?
2351 2014 2489 2086 quid
2525 2031 2556 2069 a
2578 2014 2741 2069 vobis
2773 2014 3030 2086 expetit?
3056 2019 3245 2072 salute
3270 2021 3461 2072 vestra
3482 2035 3631 2090 opus
3661 2019 3756 2075 ha-

2098 2104 2214 2174 bet,
2270 2102 2431 2174 cupit
2456 2119 2556 2158 vos
2604 2102 2746 2159 solvi
2796 2103 3042 2160 vinculis
3094 2112 3484 2177 peccatorum.
3540 2109 3755 2165 Deinde

2103 2192 2340 2248 mittunt
2372 2191 2646 2264 discipuli
2676 2197 2863 2247 vestes
2893 2209 3032 2249 suas
3063 2210 3239 2266 super
3284 2195 3538 2264 asinum,
3571 2202 3628 2252 et
3655 2213 3754 2254 se-

2101 2283 2236 2339 dere
2267 2281 2488 2337 faciunt
2508 2281 2885 2337 Salvatorem.
2911 2287 3239 2339 Assumunt
3269 2301 3598 2341 sermonem
3627 2286 3752 2354 Dei,

2103 2377 2161 2428 et
2189 2371 2501 2443 imponunt
2530 2388 2663 2426 eum
2697 2388 2876 2444 super
2919 2371 3146 2428 animas
3177 2374 3533 2431 auditorum.
3569 2373 3756 2432 Vesti-

2106 2463 2214 2517 bus
2244 2465 2559 2526 exuuntur,
2617 2461 3002 2516 substernunt
3031 2477 3129 2518 eas
3188 2462 3245 2518 in
3275 2463 3384 2519 via.
3435 2467 3622 2537 Super
3653 2480 3760 2521 nos

2106 2554 2246 2608 sunt
2293 2549 2639 2605 vestimenta
2671 2551 3068 2622 apostolorum
3104 2568 3117 2608 :
3154 2568 3330 2624 opera
3358 2570 3560 2610 earum
3586 2554 3758 2622 bona,

2106 2644 2450 2697 ornamenta
2477 2644 2678 2695 nostra
2707 2646 2866 2710 sunt,
2898 2639 3101 2696 volunt
3131 2641 3377 2712 apostoli
3410 2643 3756 2699 indumenta

2108 2747 2215 2786 sua
2245 2729 2452 2785 calcari
2485 2746 2517 2785 a
2545 2730 2733 2785 nobis.
2769 2730 2838 2784 Et
2887 2745 3084 2785 revera
3122 2729 3348 2786 solutus
3382 2748 3416 2787 a
3444 2731 3753 2805 discipulis

2109 2821 2331 2886 asinus,
2364 2825 2421 2875 et
2452 2824 2690 2891 portans
2719 2818 2944 2885 Jesum,
2979 2819 3184 2875 incidit
3204 2837 3381 2892 super
3409 2821 3759 2877 vestimenta

2110 2909 2776 2982 apostolorum,quando
2811 2909 3133 2965 doctrinam
3180 2925 3381 2965 eorum
3415 2910 3680 2966 imitatur
3708 2916 3768 2968 et

2110 3001 2310 3055 vitam.
2346 2999 2484 3063 Quis
2545 3003 2810 3054 nostrum
2843 2999 2925 3054 ita
2956 2998 3159 3054 beatus
3198 3003 3307 3070 est,
3342 3003 3408 3055 ut
3436 2999 3633 3057 sedeat
3664 3017 3765 3056 su-

2116 3107 2216 3163 per
2247 3087 2409 3144 illum
2439 3092 2612 3144 Jesus
2641 3087 2668 3142 ?
2699 3088 2803 3153 Qui
2853 3088 3115 3160 quandiu
3143 3088 3201 3143 in
3236 3093 3431 3144 monte
3465 3087 3596 3158 fuit,
3630 3106 3766 3148 cum

2115 3179 2238 3235 suis
2269 3177 2550 3250 apostolis
2581 3177 2920 3233 morabatur
2953 3195 2965 3234 :
3001 3178 3235 3250 quando
3266 3194 3398 3236 vero
3429 3177 3600 3252 cmpit
3628 3179 3767 3236 vici-

2118 3287 2228 3325 nus
2262 3285 2391 3324 esse
2422 3266 2750 3335 descensui,
2784 3273 2909 3323 tum
2954 3267 3206 3324 occurrit
3236 3268 3286 3322 ei
3319 3269 3494 3325 turba
3523 3267 3766 3342 pepulo-

429 3323 442 3336 .
1267 3321 1277 3330 .
1508 3319 1517 3329 .
1585 3319 1595 3329 .
2119 3319 2226 3325 --_-
2266 3319 2387 3324 η--
2427 3319 2750 3335 τμη-ηπ,
2790 3319 2908 3323 η*
2962 3319 3204 3324 η-------
3241 3319 3285 3322 --
3327 3319 3493 3325 ψη
3523 3319 3733 3342 Γπ---

353 3340 498 3430 sunt
523 3319 2006 3430 ut§levff?flﬂ?_‘{lfﬁ‘f‘_f?'_‘ff1fl‘j‘j‘ﬂcjﬁ’:1353fff,
2035 3344 2078 3412 C
2119 3375 2268 3414 rum.
2304 3359 2358 3412 Si
2391 3373 2505 3412 non
2538 3356 2793 3412 venisset
2821 3357 2891 3411 ad
2919 3356 3288 3425 descensum,
3313 3374 3429 3413 non
3460 3356 3511 3412 ei
3540 3349 3771 3430 poterat

354 3429 532 3487 super
546 3428 721 3484 quem
739 3409 938 3465 nullus
953 3410 1258 3464 hominum
1272 3407 1586 3480 aliquando
1599 3407 2006 3470 sederat.Quod

354 3503 592 3575 quidem
617 3499 762 3554 mihi
787 3498 1018 3554 videtur
1048 3499 1238 3570 magis
1275 3499 1346 3553 ad
1381 3497 1645 3553 altiorem
1677 3496 2008 3567 intelligen-

319 3592 708 3662 ,tiam,quam
742 3588 814 3644 ad
849 3587 1178 3659 simplicem
1213 3586 1519 3642 historiam
1551 3584 1857 3657 pertinere.
1891 3583 2013 3639 Asi-

360 3696 503 3748 nus;
529 3678 760 3735 vinctus
793 3681 934 3733 erat.
970 3675 1218 3732 Ubinam
1245 3675 1272 3730 ?
1319 3675 1529 3730 Contra
1575 3671 1912 3745 Bethphage
1955 3675 2012 3727 et

361 3767 726 3827 Bethaniam.
779 3767 820 3822 E
867 3767 1082 3838 quibus
1129 3765 1409 3820 Bethania
1473 3763 1890 3834 interpretatur
1939 3762 2010 3831 (7)

362 3859 549 3916 domus
574 3856 913 3927 obedientia,
961 3855 1296 3927 Bethphage
1351 3869 1502 3921 vero,
1533 3852 1720 3908 domus
1751 3852 2012 3908 maxilla-

365 3965 493 4005 rum
515 3964 530 4004 ι
553 3944 936 4003 sacerdotalis
959 3945 1199 4016 quidam
1232 3944 1394 4001 locus
1422 3941 1696 3998 :maxillss
1728 3941 1886 3996 enim
1920 3957 2012 3996 sa-

370 4037 706 4095 cerdotibus
736 4035 1048 4104 dabantur,
1083 4034 1235 4089 sicut
1257 4033 1313 4088 in
1347 4033 1472 4106 lege
1493 4030 1843 4104 praecipitur.
1870 4029 2013 4085 Illuc

363 4143 500 4200 ergo
531 4125 632 4181 ubi
663 4122 1014 4193 obedientia,
1040 4123 1137 4178 ubi
1163 4121 1326 4178 locus
1356 4120 1759 4177 sacerdotibus
1791 4119 2012 4176 manci-

371 4222 574 4290 patus,
607 4214 792 4271 mittit
820 4212 1082 4269 Salvator
1129 4210 1453 4283 discipulos
1506 4227 1665 4280 suos,
1699 4214 1764 4264 ut
1794 4209 2023 4264 solvant

366 4305 597 4380 pullum
628 4303 804 4360 asinis
835 4318 1011 4374 super
1061 4317 1234 4372 quem
1287 4299 1486 4355 nullus
1538 4299 1848 4354 hominum
1907 4295 2016 4352 ali-

369 4395 601 4468 quando
633 4393 1066 4450 sederat.Porro
1099 4389 1239 4461 quid
1271 4388 1428 4444 aliud
1462 4404 1640 4458 super
1670 4385 1901 4443 asinum
1935 4401 2020 4443 se-

363 4485 500 4541 dere
529 4487 720 4555 potest
751 4481 975 4553 absque
998 4479 1236 4534 homine
1256 4477 1284 4532 ‘t
1312 4475 1455 4532 Volo
1491 4474 2015 4548 paulisper'exem-

366 4575 532 4648 plum
563 4588 815 4636 sumere,
848 4575 912 4626 ut
944 4569 1099 4642 quod
1134 4568 1402 4623 dicturus
1435 4581 1590 4632 sum,
1623 4565 1811 4637 possit
1842 4562 2017 4619 intel-

363 4663 487 4738 ligi.
513 4662 807 4735 Scriptum
848 4665 937 4716 est
964 4659 1024 4715 in
1054 4659 1208 4714 Isaia
1254 4659 1298 4692 7°
1350 4673 1363 4712 :
1419 4657 1556 4713 Visio
1603 4653 2020 4727 quadrupedum

364 4755 427 4812 in
452 4752 811 4810 tribulatione
838 4754 890 4807 et
919 4750 1258 4821 angustia,et
1289 4745 1534 4818 reliqua,
1568 4759 1758 4816 usque
1780 4744 1852 4798 ad
1884 4758 2019 4798 eum

366 4843 562 4901 locum
615 4841 715 4895 ubi
745 4840 828 4896 ait
859 4856 872 4895 :
906 4842 1026 4895 Non
1056 4837 1356 4910 proderunt
1382 4838 1461 4894 eis
1507 4834 1720 4890 divitia
1748 4831 2023 4904 aspidum.

369 4928 786 5004 Unusquisque
817 4932 1084 4984 nostrum
1127 4926 1452 4983 consideret
1481 4929 1736 4996 quantas
1770 4938 1909 4994 opes
1935 4937 2025 4978 as-

365 5022 570 5095 pidum
594 5023 727 5076 ante
741 5016 1340 5092 portaverit,quantas
1364 5014 1598 5070 divitias
1619 5012 2028 5079 bestiarum,et

374 5111 668 5186 quomodo
728 5124 1033 5181 nunquam
1069 5104 1433 5162 rationabilis
1464 5103 1638 5159 homo
1679 5101 1897 5158 sederit
1926 5117 2025 5156 su-

371 5218 474 5276 per
504 5201 736 5258 asinum
772 5202 1062 5266 nostrum,
1089 5213 1211 5258 non.
1238 5211 1430 5251 sermo
1459 5193 1662 5265 Moysi,
1695 5207 1808 5247 non
1843 5191 2023 5260 Isaias,

370 5307 489 5348 non
521 5288 806 5357 Jeremiae,
858 5303 962 5343 nec
1013 5287 1372 5358 reliquorum
1405 5281 1672 5338 omnium
1715 5279 2023 5353 propheta-

2119 3462 2418 3504 occurrere
2441 3445 2775 3500 multitudo.
2809 3445 3412 3518 Descendit,seditque
3442 3463 3620 3519 super
3640 3446 3768 3520 pul-

2119 3537 2240 3593 lum
2274 3536 2535 3600 asinae,et
2559 3538 2752 3590 omnis
2785 3534 3037 3607 populus
3060 3550 3195 3590 voce
3211 3550 3468 3591 consona
3491 3534 3769 3592 laudabat

2121 3626 2328 3681 Deum.
2361 3623 2521 3690 Quod
2557 3621 2826 3678 Pharisaei
2849 3623 3131 3694 videntes,
3171 3622 3441 3679 dicebant
3466 3623 3714 3680 Domino
3748 3641 3764 3682 :

2125 3718 2356 3786 Increpa
2409 3727 2515 3768 eos.
2570 3713 2794 3777 Quibus
2850 3711 2944 3766 ille
2995 3711 3294 3784 respondit
3342 3713 3405 3769 Si
3451 3717 3544 3768 isti
3584 3721 3770 3771 tacue-

2121 3808 2256 3874 rint,
2298 3802 2510 3876 lapides
2797 3802 3131 3858 clamabunt.
3176 3803 3418 3866 Quando
3453 3819 3556 3859 nos
3589 3802 3775 3877 loqui-

2123 3913 2276 3962 mur,
2310 3893 2533 3966 lapides
2564 3892 2738 3947 silent
2770 3908 2782 3947 :
2821 3892 3054 3966 quando
3095 3907 3200 3948 nos
3229 3896 3513 3964 tacemus,
3545 3892 3770 3966 lapides

2124 3985 2396 4041 clamant.
2431 3983 2626 4038 Potest
2679 3981 2838 4037 enim
2869 3981 3154 4037 Dominus
3185 3982 3256 4037 de
3284 3981 3581 4054 lapidibus
3637 3983 3767 4040 istis

2124 4073 2407 4130 suscitare
2440 4071 2589 4126 filios
2623 4069 2866 4126 Abrahae
2898 4071 2962 4124 ⁸ο.
2996 4071 3118 4136 Quo
3157 4074 3419 4142 tempore
3471 4089 3576 4128 nos
3611 4073 3773 4135 tace-

2125 4160 2351 4220 bimus‘?
2364 4160 2604 4226 Quando
2617 4157 3172 4214 refrixeritcharitas
3189 4161 3505 4216 multorum
3518 4163 3776 4232 ,quando

2121 4251 2267 4307 illud
2297 4250 2452 4322 quod
2485 4266 2519 4304 a
2573 4247 2869 4304 Salvatore
2922 4248 3296 4319 praedicatum
3330 4253 3440 4318 est,
3474 4251 3647 4305 fuerit
3673 4249 3781 4306 im-

2128 4341 2350 4414 pletum
2382 4357 2394 4394 :
2429 4343 2599 4394 Putas
2629 4338 2852 4394 veniens
2879 4338 3052 4392 Filius
3079 4338 3317 4393 hominis
3351 4340 3589 4394 inveniet
3615 4339 3778 4410 fidem

2125 4447 2291 4502 super
2320 4438 2526 4486 terram
2553 4429 2591 4463 ⁸¹
2617 4428 2644 4483 ?
2672 4430 2982 4500 Propterea
3039 4427 3269 4483 Domini
3311 4427 3772 4485 misericordiam

2127 4506 2623 4593 deprecemurme,
2641 4517 2809 4574 nobis
2840 4517 3189 4585 tacentibus,
3221 4517 3446 4590 lapides
3475 4517 3778 4578 clamitent

2129 4611 2227 4665 sed
2260 4608 2572 4681 loquamur
2599 4612 2657 4664 et
2686 4607 2998 4664 laudemus
3029 4612 3208 4664 Deum
3243 4609 3300 4664 in
3333 4608 3584 4676 Patre,et
3613 4607 3783 4677 Filio,

2051 4727 2098 4792 Β
2130 4703 2186 4756 et
2213 4698 2427 4771 Spiritu
2460 4701 2661 4752 sancto
2694 4715 2706 4753 :
2736 4697 2830 4752 cui
2851 4702 2939 4753 est
2961 4697 3146 4771 gloria
3169 4703 3223 4754 et
3249 4698 3560 4772 imperium
3587 4698 3646 4754 in
3678 4715 3784 4756 sa-

2135 4787 2266 4844 cula
2297 4786 2667 4843 saeculorum.
2705 4789 2901 4842 Amen.

2453 4877 2607 4932 363
2639 4877 2740 4932 64
2807 4877 3111 4932 HOMILIA
3170 4877 3463 4936 XXXVIII.

2139 4974 2213 5025 De
2237 4983 2296 5023 eo
2329 4965 2464 5038 quod
2519 4969 2782 5044 scriptum
2810 4969 2915 5044 est
2973 4985 2991 5020 :
3051 4990 3077 5044 ξ
3115 4967 3249 5044 Cum
3279 4978 3460 5025 autem
3489 4972 3784 5044 αρρνορίη-

2205 5049 2435 5115 quasset,
2467 5040 2606 5115 indit
2630 5039 2927 5115 ciuitatem,
2960 5047 3009 5093 et
3038 5040 3188 5115 flevit
3215 5057 3380 5112 super
3397 5039 3537 5108 eam,
3559 5039 3587 5090 ἰ
3614 5039 3786 5115 ilqu

2205 5113 2275 5167 ad
2302 5129 2426 5168 eum
2455 5113 2630 5166 locum
2661 5111 2754 5165 ubi
2781 5111 2862 5166 ait
2918 5129 2937 5165 :
2987 5131 3013 5162 α
3042 5113 3216 5184 Ejecit
3264 5111 3448 5169 amnes
3498 5111 3786 5170 vendente:

2205 5184 2503 5240 columbas.
2537 5200 2664 5254 cap.
2698 5200 2812 5237 xix.

2136 5277 2269 5332 Cum
2325 5275 2812 5345 apprOpinquasset
2876 5273 3184 5331 Jerusalem
3257 5276 3519 5331 Dominus
3582 5278 3787 5345 noster,

444 5441 488 5478 ⁷⁸
537 5439 704 5497 Rom.
737 5455 814 5507 v1,
868 5439 953 5496 12.
1015 5438 1057 5474 7°
1087 5438 1226 5512 Cap.
1259 5453 1390 5505 xxx,
1423 5451 1574 5491 vers.
1607 5433 1660 5489 5.
1725 5433 1769 5468 ⁸ο
1803 5431 1936 5513 Luc.
1973 5447 2003 5486 ι]

2107 5431 2152 5486 Β.
2222 5429 2264 5464 ⁸¹
2299 5426 2436 5483 Luc.
2469 5441 2627 5493 xviii,
2660 5425 2713 5478 8.

378 5651 384 5656 -
449 5611 522 5688 (7)
555 5609 764 5688 Confer
792 5609 849 5665 S.
901 5607 1232 5681 Hieronymi
1256 5607 1443 5688 libros
1486 5605 1779 5688 Dominum
1841 5602 2032 5688 Hebr},

379 5675 594 5759 etquae
623 5683 694 5740 ad
728 5681 939 5738 harum
973 5675 1177 5759 vocu'm
1208 5677 1608 5759 etymologias
1630 5693 1735 5744 nos
1767 5675 2033 5759 animad-

363 5747 654 5818 vertimus
689 5771 703 5813 :
743 5771 858 5812 non
892 5751 1072 5826 semel
1125 5747 1460 5826 Bethphage
1475 5747 1701 5808 'villam
1727 5747 2032 5807 sacerdota-

375 5831 520 5900 lium
543 5827 916 5891 maxillarum
943 5825 1382 5903 interpretatur.

2216 5601 2292 5672 (8)
2325 5597 2652 5655 Rccolenda
2684 5595 2860 5672 hujus
2890 5593 2999 5652 loci
3037 5596 3480 5672 Hieronymiana
3501 5560 3792 5672 expositio

2145 5672 2202 5728 in
2239 5671 2632 5747 Comment.__in
2664 5669 3008 5727 Matt/laeum.
3059 5684 3185 5742 qua:
3217 5668 3426 5727 iisdem
3459 5668 3630 5747 plane
3661 5685 3796 5732 con-

2145 5745 2362 5803 texitur
2393 5741 2685 5802 sensibus.
