4304 6580
561 476 678 539 327

1813 467 1878 526 S.
1924 462 2236 527 EUSEBII
2281 456 2723 525 HIERONYMI

3856 452 3979 523 328

564 608 753 665 videns
782 622 905 661 eam
935 605 1083 675 [iecit
1111 607 1163 659 et
1207 600 1353 657 dixit
1396 618 1414 655 :
1465 599 1525 655 Si
1571 615 1907 670 cognosceres
1940 603 1989 654 et
2038 607 2096 653 tu
2147 599 2205 652 in
2235 600 2290 665 Α
2318 597 2456 653 riosi
2491 597 2614 668 filii,
2650 598 2747 670 qui
2780 596 3174 654 substantiam
3208 610 3377 652 suam
3398 594 3624 666 accepit
3656 611 3690 650 a
3718 598 3905 667 patre,
3921 599 3983 653 et

568 699 658 754 die
690 699 794 752 ista
823 712 942 768 quae
973 694 1043 749 ad
1069 708 1260 765 pacem
1286 698 1414 747 sunt
1442 690 1576 751 tibi;
1606 706 1754 744 nunc
1781 697 1962 743 autem
1990 688 2215 743 abscon-

569 788 688 843 dita
717 794 845 841 sunt
869 785 935 838 ab
965 783 1137 838 oculis
1166 782 1297 850 tuis,
1346 795 1607 851 quoniam
1660 778 1875 832 venient
1908 777 2026 832 dies
2054 792 2219 847 super

562 881 633 943 te,
667 879 719 931 et
740 871 1180 929 circumdabant
1207 874 1257 924 te
1288 868 1503 923 inimici
1530 870 1616 921 tui
1646 867 1809 921 vallo.
1842 866 2217 920 Sacramenta

562 973 702 1021 sunt
727 981 852 1036 qua:
911 961 1207 1025 dicuntur,
1258 962 1316 1013 et
1373 972 1699 1027 speramus,
1747 954 2037 1025 pandente
2079 958 2212 1022 Deo,

556 1055 781 1126 aperire
840 1068 1011 1123 posse
1059 1049 1211 1120 quod
1256 1046 1466 1101 latitat.
1512 1045 1772 1098 Primum
1806 1059 1942 1114 ergo
1973 1043 2044 1095 de
2076 1042 2212 1096 ﬂetu

561 1145 691 1215 ejus
713 1140 1026 1197 videndum
1042 1138 1280 1193 .Omnes
1297 1132 1694 1205 longitudines
1707 1149 1854 1204 quas
1876 1131 2106 1186 locutus
2126 1134 2215 1185 est

559 1234 616 1287 in
652 1229 959 1300 Evangelia
989 1231 1299 1297 Jesus,suo
1332 1224 1529 1277 ﬂrmat
1549 1220 1833 1293 exemplo,
1858 1224 1912 1275 et
1932 1219 2086 1291 quod
2117 1219 2212 1273 do-

560 1319 698 1389 cuit,
750 1333 851 1390 pro
899 1314 1235 1371 testimonio
1290 1310 1515 1384 probat.
1564 1311 1741 1378 Beati,
1800 1307 1990 1381 inquit
2011 1310 2055 1342 ⁸³
2098 1310 2213 1362 mi-

556 1415 651 1466 tes.
686 1407 831 1462 Huic
862 1403 1055 1460 simile
1085 1407 1174 1458 est
1226 1402 1296 1456 de
1343 1399 1658 1472 semetipso
1713 1416 1725 1453 :
1783 1400 1981 1453 Discite
2010 1415 2043 1452 α
2100 1413 2208 1463 me,

556 1499 824 1571 quoniam
858 1496 1011 1549 mitis
1058 1509 1178 1546 sum
1208 1492 1271 1547 ⁸³.
1318 1492 1473 1546 Beati
1514 1489 1734 1557 paciﬁci
1781 1488 1825 1522 ⁸⁸
1877 1504 1889 1542 :
1953 1491 2009 1542 et
2058 1486 2208 1541 alius

556 1586 637 1642 ita
668 1584 971 1657 pacificus,
1020 1589 1084 1635 ut
1113 1579 1395 1635 Dominus
1454 1594 1619 1633 meus
1650 1576 1951 1646 Jesus,qui
1982 1581 2071 1631 est
2101 1593 2209 1645 pax

559 1682 781 1739 nostra,
810 1672 910 1745 qui
941 1670 1111 1726 solvit
1139 1667 1529 1735 inimicitiam,
1563 1673 1618 1721 et
1648 1667 1704 1721 in
1741 1683 1848 1720 sua
1876 1682 1999 1719 eam
2037 1682 2208 1719 carne

557 1760 895 1819 destruxit?
926 1760 1079 1814 Beati
1099 1759 1196 1830 qui
1218 1758 1648 1829 persecutionem
1670 1757 1963 1826 patiuntur
1990 1757 2209 1825 propter

547 1854 832 1925 justitiam
888 1851 951 1904 ⁸⁸.
1014 1847 1192 1902 Nemo
1251 1846 1331 1900 sic
1382 1843 1845 1917 persecutionem
1878 1858 2089 1913 passus
2118 1848 2207 1897 est

558 1937 1131 2014 propterjustitiam,
1160 1940 1224 1989 ut
1262 1934 1544 1989 Dominus
1571 1936 1766 1997 Jesus,
1800 1930 1897 2001 qui
1940 1947 2042 2002 pro
2074 1948 2203 2002 pec-
2239 1968 2284 2032 B

559 2029 705 2086 catis
739 2028 956 2083 nostris
986 2025 1299 2080 crucilixus
1350 2028 1457 2077 est.
1504 2022 1719 2077 Omnes
1752 2020 1932 2091 igitur
1962 2020 2208 2075 beatitu-

558 2119 724 2175 dines
755 2117 814 2172 in
848 2114 1161 2186 semetipso
1194 2111 1477 2168 Dominus
1510 2110 1783 2165 ostendit.
1821 2110 1897 2164 Ad
1932 2126 2106 2180 quam
2140 2108 2215 2163 si-

559 2205 952 2264 militudinem
1007 2202 1180 2258 etiam
1241 2200 1386 2255 illud
1418 2200 1569 2272 quod
1604 2199 1844 2266 dixerat,
1878 2199 2036 2252 Beati
2067 2198 2212 2253 ﬂen-

560 2302 639 2353 tes
658 2297 722 2360 ⁸⁸,
756 2294 880 2366 ipse
914 2291 1086 2357 ﬂevit,
1122 2296 1186 2346 ut
1215 2290 1393 2359 hujus
1442 2304 1673 2360 quoque
1720 2287 2098 2342 beatitudinis
2116 2286 2209 2358 ja-

562 2391 717 2441 cerct
746 2384 1146 2438 fundamenta.
1206 2379 1388 2433 Flevit
1419 2382 1612 2431 autem
1645 2392 1822 2446 super
1858 2375 2205 2442 Jerusalem,

562 2475 767 2530 dicens
804 2489 817 2527 :
852 2472 911 2525 Si
965 2469 1297 2540 cognovisses
1316 2450 1375 2521 ξι
1416 2470 1473 2520 tu
1508 2468 1565 2518 in
1594 2465 1681 2519 die
1710 2467 1813 2518 ista
1842 2480 1967 2534 qua?
2003 2464 2072 2519 ad
2117 2481 2210 2535 pa-

555 2580 671 2619 cem
714 2572 841 2617 sunt
871 2558 991 2624 tibi,
1026 2573 1171 2611 nunc
1200 2565 1379 2610 autem
1437 2553 1748 2609 abscondita
1783 2557 1909 2607 sunt
1935 2553 2002 2607 ab
2032 2554 2206 2608 oculis

555 2654 683 2721 tuis,
719 2656 775 2706 et
820 2648 1065 2719 reliqua,
1120 2662 1305 2716 usque
1356 2644 1426 2698 ad
1461 2659 1593 2698 eum
1630 2642 1821 2697 locum
1847 2641 1944 2696 ubi
1977 2643 2056 2697 ait
2091 2660 2102 2697 :
2132 2644 2205 2699 E0

556 2742 700 2813 quod
731 2756 838 2794 non
890 2736 1199 2807 cognoveris
1250 2741 1455 2805 tempus
1510 2733 1839 2787 visitationis
1876 2735 2008 2787 tuae.
2043 2731 2207 2803 Dicat

548 2830 768 2903 aliquis
801 2828 1137 2883 auditorum
1188 2841 1201 2877 :
1239 2824 1543 2877 Manifesta
1576 2827 1711 2875 sunt
1744 2836 1870 2891 quae
1903 2821 2200 2892 dicuntur,

550 2927 607 2976 et
637 2935 808 2991 opere
837 2915 1131 2986 completa
1160 2914 1229 2967 de
1252 2911 1599 2967 Jerusalem.
1620 2910 2016 2964 Circumdedit
2046 2909 2202 2963 enim

460 3022 469 3035 '
554 3023 685 3063 eam
719 3005 1017 3061 Romanus
1042 3002 1414 3067 exercitus,ct
1434 3000 1505 3054 ad
1526 2998 1988 3053 internecionum
2014 3014 2203 3069 usque

553 3094 1178 3164 vastavit,tempusque
1207 3089 1396 3143 veniet
1417 3089 1653 3159 quando
1682 3086 1831 3159 lapis
1859 3104 2033 3158 super
2063 3086 2202 3159 lapi-

554 3187 688 3242 dem
723 3199 837 3239 non
872 3180 1236 3251 relinquetur
1261 3195 1437 3249 super
1457 3193 1606 3232 eam.
1635 3176 1756 3232 Non
1782 3191 1928 3248 nego
1960 3181 2015 3230 et
2036 3174 2198 3230 illam

557 3274 793 3347 quidem
824 3268 1148 3327 Jerusalem
1180 3272 1415 3340 prOpter
1446 3266 1836 3321 habitatorum
1871 3263 2088 3320 scelera
2118 3266 2199 3320 fu-

2326 687 2598 742 universa
2647 687 2898 759 perdidit
2943 685 3122 741 nimie
3178 685 3431 757 potando
3474 686 3537 738 ⁸⁸.
3571 682 3630 739 Si
3663 684 3797 756 quis
3844 700 3981 756 ergo

2323 775 2541 844 vendit,
2573 775 2822 843 eiicitur,
2884 774 3170 847 praecipue
3218 774 3266 829 si
3318 772 3605 829 vendebat
3652 772 3981 830 columbas.

2326 864 2514 927 Quare
2544 863 2689 919 alios
2721 881 2853 919 aves
2903 881 3018 919 non
3053 862 3249 935 posuit
3295 862 3408 917 nisi
3457 861 3760 918 columbas
3788 862 3817 918 ?
3866 863 3983 919 Hoc

2326 952 2539 1008 animal
2581 952 2832 1024 simplex
2881 959 2988 1017 est,
3042 957 3098 1007 et
3145 954 3446 1007 decorum.
3479 951 3691 1007 Vereor
3732 966 3805 1007 ne
3833 956 3891 1008 et
3919 951 3983 1008 in

2325 1043 2493 1096 nobis
2523 1041 2727 1095 vitium
2753 1040 2925 1097 istius
2952 1042 3109 1095 modi
3132 1041 3625 1113 deprehendatur.
3649 1040 3708 1096 Si
3736 1041 3890 1097 enim
3914 1056 3986 1097 ea

2322 1147 2450 1201 quae
2483 1129 2625 1184 mihi
2647 1148 2679 1184 a
2706 1136 2910 1185 sancto
2941 1129 3163 1202 Spiritu
3200 1128 3451 1185 revelata
3481 1134 3704 1195 sunt,et
3732 1128 3980 1199 credita,

2323 1224 2387 1274 ut
2428 1220 2487 1273 in
2519 1218 2730 1292 vulgus
2761 1220 3049 1285 eﬂerrem,
3084 1218 3271 1291 pretio
3303 1219 3634 1287 vendidero,
3667 1226 3723 1275 et
3752 1219 3981 1291 absque

2322 1309 2587 1364 mercede
2619 1326 2732 1364 non
2766 1310 3186 1380 docuero,quid
3220 1309 3378 1364 aliud
3414 1309 3587 1379 facio,
3621 1308 3735 1365 nisi
3760 1307 3984 1364 colum-

2321 1398 2446 1463 bas,
2472 1398 2530 1452 id
2561 1404 2651 1453 est
2676 1398 2955 1469 Spiritum
3006 1403 3272 1453 sanctum
3323 1397 3561 1453 vendo?
3617 1397 3800 1461 Quem
3842 1412 3977 1452 cum

2318 1486 2651 1552 vendidero,
2682 1487 2881 1557 ejicior
2910 1488 2980 1541 de
3011 1486 3225 1559 templo
3255 1486 3373 1541 Dei.
3408 1487 3771 1558 Quapropter
3798 1501 3970 1559 roge-

2320 1592 2453 1631 mus
2478 1575 2880 1645 Dominum,ut
2899 1592 3101 1631 omnes
3130 1592 3376 1631 emanus
3412 1576 3603 1646 potius
3634 1591 3809 1646 quam
3844 1591 3975 1631 ven-

2317 1665 2547 1719 damus.
2584 1665 2639 1720 Si
2672 1665 2827 1719 enim
2861 1681 2976 1719 non
3009 1662 3893 1735 vendiderimus,cognoscimus
3919 1668 3979 1720 et

2316 1752 2703 1825 intelligimus
2727 1753 2976 1809 salutem
3011 1758 3307 1810 nostram:
3338 1753 3600 1825 alioquin
3627 1752 3847 1809 inimici
3871 1752 3981 1808 cir-

2316 1842 2679 1897 cumdabuut
2731 1843 2935 1896 urbem
2992 1848 3276 1897 nostram.
3330 1842 3491 1908 Quod
3545 1842 3593 1897 si
3646 1841 3824 1898 semel
3862 1858 3971 1898 nos

2314 1932 2596 1987 exercitus
2627 1930 2855 1986 hostilis
2885 1931 3444 2003 cinxerit,lacrymas
3478 1931 3577 1986 Dei
3617 1949 3733 1987 non
3777 1947 3967 1987 mere-

2322 2021 2535 2075 bimur.
2570 2021 2893 2091 Surgamus
2923 2037 3058 2091 ergo
3085 2020 3428 2090 diluculo,et
3458 2021 3831 2076 obsecramus
3863 2024 3965 2075 Do-

2323 2110 2642 2176 minum,ut
2665 2109 2871 2164 saltem
2895 2110 3076 2164 micas
3099 2127 3223 2181 qua:
3254 2111 3323 2165 de
3351 2127 3553 2165 mensa
3577 2111 3704 2180 ejus
3726 2110 3968 2175 cadunt,

2321 2202 2621 2254 comedere
2656 2200 2969 2270 possimus.
3006 2199 3252 2254 Miratur
3304 2199 3605 2272 Scriptura
3632 2200 3678 2234 ⁸⁸
3709 2199 3973 2271 reginam

2320 2289 2473 2343 Saba
2502 2289 2728 2343 venisse
2758 2289 2829 2343 ab
2874 2294 3132 2343 extremo
3183 2294 3346 2343 terra:
3388 2288 3587 2344 audire
3619 2288 3970 2361 sapientiam

2320 2378 2647 2433 Salomonis
2681 2395 2693 2432 :
2730 2394 2855 2448 qua)
2886 2394 3019 2431 cum
3051 2376 3291 2431 vidisset
3322 2376 3735 2449 prandiuni,et
3766 2376 3969 2448 supel-

2318 2465 2591 2533 lectilem,
2625 2472 2681 2521 et
2723 2466 3049 2521 ministeria
3079 2466 3289 2521 domus
3330 2467 3477 2537 ejus,
3528 2466 3856 2539 obstupuit,
3910 2469 3971 2522 et

2314 2562 2433 2611 tota
2464 2556 2522 2609 in
2558 2554 2837 2610 miraculo
2873 2556 2999 2609 fuit.
3050 2555 3166 2610 Nos
3197 2555 3245 2611 si
3288 2560 3483 2610 tantas
3515 2554 3746 2610 Domini
3779 2555 3966 2611 nostri

2315 2662 2475 2717 opes,
2516 2650 2738 2699 tantam
2781 2643 3067 2698 sermonis
3098 2642 3542 2715 supellcctilem,
3574 2649 3629 2699 et
3660 2643 3963 2699 abundan-

2312 2736 2451 2789 tiam
2487 2734 2887 2789 doctrinarum
2918 2749 3030 2787 non
3053 2731 3302 2788 libenter
3322 2732 3810 2804 amplectimur,si
3840 2748 3957 2790 non

2312 2824 2672 2879 comedimus
2706 2838 2913 2893 panem
2947 2820 3153 2883 vitae.si
3178 2837 3288 2876 non
3322 2822 3598 2877 carnibus
3629 2821 3839 2877 Christi
3863 2837 3955 2879 ve-

2311 2914 2551 2979 scimur,
2576 2918 2631 2967 et
2659 2927 2861 2966 cruore
2898 2916 3203 2981 putamur;
3237 2911 3283 2966 si
3312 2912 3744 2967 contemnimus
3775 2912 3953 2984 dapes

2309 3001 2626 3056 Salvatoris
2659 3001 3016 3066 nostri,scire
3049 3000 3328 3055 debemus
3351 3000 3505 3071 quod
3538 3000 3749 3056 habeat
3780 2999 3955 3066 Deus,

2309 3097 2365 3146 et
2393 3090 2833 3161 benignitatem,
2868 3094 2924 3143 et
2954 3088 3341 3144 severitatem.
3371 3090 3411 3144 E
3445 3089 3660 3159 quibus
3691 3086 3961 3161 benigni-

2309 3185 2512 3246 tatem,
2544 3180 2671 3250 ejus
2723 3178 2911 3250 magis
2941 3194 3105 3232 orare
3135 3177 3436 3243 debemus,
3470 3178 3528 3233 in
3557 3178 3785 3233 Christo
3813 3177 3955 3233 Jesu

2310 3269 2555 3325 Domino
2587 3273 2784 3323 nostro
2818 3285 2830 3324 :
2864 3268 2956 3322 cui
2988 3272 3076 3322 est
3106 3266 3290 3339 gloria
3318 3271 3375 3323 et
3404 3266 3719 3340 imperium
3748 3265 3809 3323 in
3839 3283 3948 3323 saa-

560 3341 679 3420 i-sse
710 3363 1093 3426 destructam,
1126 3358 1226 3412 sed
1259 3372 1453 3428 quaero
1485 3356 1530 3410 si
1567 3361 1621 3410 et
1652 3355 1721 3409 ad
1755 3354 1903 3409 hanc
1935 3360 2195 3410 nostram
2229 3341 2271 3408 C
2311 3359 2434 3415 CUlIt
2468 3357 2836 3413 sazculorum.
2871 3357 3075 3411 Amen.

554 3450 881 3511 Jerusalem
933 3450 1103 3504 ﬂetus
1144 3448 1253 3501 iste
1285 3445 1588 3518 pertineat.
1633 3444 1745 3499 Nos
1776 3446 1929 3500 enim
1991 3462 2199 3500 sumus

558 3541 880 3600 Jerusalem
905 3556 1029 3611 qua:
1054 3535 1425 3607 deﬂetur,qui
1449 3535 1616 3589 nobis
1635 3535 1899 3589 videmur
1921 3534 2198 3590 intuitum

560 3635 773 3690 habere
830 3631 1132 3700 majorem.
1165 3626 1323 3689 Quod
1360 3625 1406 3680 si
1442 3630 1573 3696 post
1604 3624 1879 3696 mysteria
1919 3625 2195 3695 veritatis,

561 3729 694 3796 post
724 3734 1050 3777 sermonem
1088 3713 1534 3784 Evangelii,post
1562 3713 1885 3767 doctrinam
1912 3713 2199 3783 Ecclesia),

557 3815 689 3884 post
718 3808 999 3863 visionem
1034 3806 1535 3859 sacramentorum
1557 3802 1704 3871 ejus,
1729 3800 1941 3872 aliquis
1971 3819 2001 3856 e
2034 3803 2200 3859 nobis

553 3892 1208 3973 peccaverit,plangitur
1236 3895 1411 3962 atque
1444 3889 1632 3945 ﬂetur.
1665 3890 1844 3945 Nemo
1874 3890 2030 3946 enim
2062 3908 2199 3963 gen-

556 3989 679 4045 tilis
729 3988 919 4052 ﬂetur,
971 3983 1071 4039 sed
1105 3981 1201 4037 ille
1250 3980 1349 4053 qui
1408 3980 1517 4034 fuit
1564 3979 1634 4034 de
1662 3978 2008 4047 Jerusalem,
2043 3982 2198 4052 quod

556 4083 688 4153 post
719 4079 953 4150 peccata
978 4072 1346 4128 circumdant
1373 4086 1500 4125 eam
1530 4068 2087 4135 inimici,contraria:
2117 4069 2199 4125 vi-

557 4166 767 4224 delicet
798 4163 1190 4229 fortitudines,
1238 4159 1481 4231 spiritus
1514 4175 1762 4231 nequam
1796 4164 1852 4214 et
1881 4159 2204 4215 immittunt

553 4258 614 4314 in
646 4254 891 4313 circuitu
923 4254 1049 4324 ejus
1100 4248 1342 4314 vallum,
1375 4254 1432 4303 et
1462 4247 1767 4303 obsideant
1795 4264 1945 4315 eam,
1978 4254 2033 4303 et
2053 4246 2200 4320 lapi-

553 4341 1149 4417 demsuperlapidem
1183 4355 1297 4393 non
1323 4336 1690 4407 relinquant:
1714 4336 1965 4390 maxime
1992 4336 2040 4391 si
2073 4342 2203 4408 post

554 4434 801 4490 multam
833 4427 1275 4495 continentiam,
1304 4431 1437 4498 post
1457 4425 1681 4495 aliquot
1704 4441 1889 4479 annos
1919 4427 2203 4485 castitatis

554 4525 743 4579 victus
776 4521 908 4592 quis
940 4518 1132 4587 fuerit,
1168 4514 1702 4585 blandimentisque
1751 4514 1943 4569 carnis
1974 4514 2201 4571 illectus

554 4611 898 4685 patientiam
928 4604 1390 4680 pudicitiamque
1419 4602 1699 4659 amiserit.
1724 4603 1780 4658 Si
1814 4603 1994 4659 fueris
2028 4605 2202 4662 forni-

557 4698 1006 4770 catus,lapidem
1036 4693 1485 4765 superlapidem
1518 4709 1631 4747 non
1664 4692 1994 4764 relinquent
2024 4711 2203 4767 super

560 4796 635 4847 te.
665 4789 757 4844 Ait
786 4788 938 4842 enim
974 4785 1033 4840 in
1077 4782 1189 4838 alio
1241 4784 1361 4837 loco
1390 4783 1433 4815 ⁸⁷
1485 4800 1497 4837 :
1548 4787 1666 4838 Non
1694 4784 2019 4839 recordabor
2043 4788 2200 4856 prio-

558 4896 682 4936 rum
715 4878 1053 4946 iustitiarum
1081 4874 1198 4944 ejus
1229 4890 1246 4927 :
1278 4874 1338 4926 in
1366 4876 1576 4944 peccato
1603 4887 1718 4939 suo,
1751 4873 1807 4926 in
1840 4888 1944 4944 quo
1999 4875 2198 4945 depre-

559 4969 758 5027 hensus
794 4965 985 5036 fuerit,
1018 4964 1077 5017 in
1107 4966 1222 5035 ipso
1244 4962 1509 5033 judicabo
1550 4977 1693 5016 eum.
1740 4966 1870 5015 Haec
1921 4967 2009 5017 est
2063 4978 2198 5035 ergo

557 5077 686 5134 quas
717 5055 964 5113 deﬂetur
990 5051 1338 5118 Jerusalem,
1371 5056 1502 5123 post
1543 5066 1668 5121 quae
1700 5048 1914 5105 dicitur
1944 5068 1957 5105 :
1990 5052 2199 5122 Ingres-

555 5166 648 5206 sus
676 5148 755 5203 est
808 5146 1086 5215 templum.
1144 5140 1293 5208 Quod
1330 5156 1457 5194 cum
1500 5141 1691 5207 fuisset
1711 5140 2007 5207 ingressus,
2041 5142 2199 5212 ejccit

556 5253 644 5296 eos
689 5236 787 5308 qui
827 5232 1128 5289 vendebant
1174 5228 1469 5283 columbas.
1519 5227 1641 5282 Non
1689 5228 1860 5298 ejecit
1889 5234 2194 5298 ementes;

558 5328 656 5399 qui
688 5324 844 5382 enim
876 5324 1099 5388 emunt,
1132 5323 1189 5374 et
1226 5318 1379 5389 quod
1428 5317 1677 5372 emerint
1706 5316 2027 5387 possident.
2062 5317 2197 5374 Illos

557 5415 727 5487 ejecit
757 5415 827 5469 de
850 5410 1066 5483 templo
1098 5407 1287 5463 Patris
1315 5406 1510 5473 Jesus,
1544 5405 1641 5477 qui
1676 5407 1931 5461 vendunt
1962 5411 2017 5461 et
2046 5409 2196 5479 abji-

557 5504 720 5558 ciunt
741 5501 894 5573 quod
928 5497 1337 5566 habuerant,in
1363 5494 1807 5550 similitudinem
1842 5494 1999 5551 illius
2030 5496 2195 5552 luxu-

2661 3472 2950 3528 865-80
3009 3472 3303 3528 HOMILIA
3363 3471 3600 3530 XXXIX.

2309 3567 2381 3622 De
2410 3565 2707 3636 quastione
2735 3561 3179 3636 Sadduca’orum,
3236 3579 3402 3633 quam
3424 3571 3818 3635 proposuerant
3848 3562 3957 3619 Do-

2379 3635 2551 3701 mino,
2588 3636 2839 3689 mulieris
2885 3635 3001 3703 ejus
3048 3649 3173 3704 quae
3223 3644 3424 3704 septem
3464 3638 3611 3689 viros
3640 3635 3838 3689 habuit
3869 3639 3949 3700 ;et

2380 3724 2574 3762 rursus
2601 3706 2668 3760 de
2686 3706 2922 3760 denario
2943 3722 3102 3775 quem
3128 3706 3236 3760 sibi
3256 3707 3507 3761 Salvator
3524 3706 3692 3777 jussit
3718 3706 3950 3762 ostendi.

2379 3783 2514 3851 Cap.
2546 3795 2637 3832 xx.

2381 3896 2480 3951 Est
2501 3892 2735 3949 haeresis
2758 3892 2817 3947 in
2837 3892 3210 3965 Judaeis,quzs
3232 3891 3444 3949 dicitur
3465 3893 3952 3951 Sadducteorum:

2312 3984 2430 4038 haec
2463 3980 2945 4038 resurrectionem
2980 3986 3345 4037 mortuorum
3378 3988 3630 4054 negat,et
3651 3987 3816 4054 putat
3835 3984 3956 4040 ani-

2312 4090 2465 4128 mam
2501 4070 2734 4125 interire
2764 4086 2898 4125 cum
2929 4086 3187 4142 corpore,
3220 4087 3325 4125 nec
3357 4078 3487 4143 post
3526 4078 3771 4128 mortem
3803 4072 3957 4129 ultra

2311 4160 2614 4233 respirare.
2642 4158 2825 4230 Igitur
2852 4160 3231 4230 quazstionem
3265 4159 3511 4215 Domino
3544 4166 3954 4234 proponentes,

2310 4251 2763 4321 composuerunt
2814 4247 3071 4303 fabulam
3128 4247 3391 4304 mulieris
3420 4255 3643 4321 septem
3676 4251 3955 4320 virorum,

2312 4357 2440 4413 qua:
2488 4345 2618 4411 post
2650 4338 2902 4409 primum
2934 4338 3122 4392 virum
3157 4339 3228 4393 ad
3258 4339 3726 4395 resuscitandum
3753 4357 3954 4399 semen

2312 4429 2523 4502 prioris
2552 4427 2800 4482 alterum
2828 4427 3057 4482 duxerit
3090 4443 3102 4481 :
3132 4443 3247 4499 quo
3279 4434 3532 4496 mortuo,
3550 4429 3786 4484 tertium
3817 4444 3956 4502 quo-

2310 4536 2445 4592 que,
2477 4524 2533 4574 et
2563 4533 2797 4573 rursum
2829 4522 3305 4588 quartum,atque
3334 4516 3394 4572 in
3429 4518 3582 4575 hunc
3614 4519 3852 4574 modum
3879 4519 3952 4575 ad

2311 4609 2625 4680 septimum
2659 4623 2845 4677 usque
2877 4612 3233 4678 pervenerat.
3293 4608 3580 4674 Quaeritur
3607 4623 3742 4679 ergo
3771 4607 3831 4663 in
3862 4624 3953 4664 re-

2308 4697 2665 4753 surrectione
2712 4699 3099 4775 mortuorum,
3149 4694 3280 4765 quis
3323 4712 3451 4751 eam
3499 4695 3611 4751 sibi
3647 4702 3704 4751 et
3729 4702 3954 4769 septem

2308 4787 2587 4842 fratribus
2620 4784 2697 4839 sit
2728 4783 3127 4839 vindicaturus
3159 4800 3415 4839 uxorem.
3450 4784 3566 4840 Hoc
3594 4792 3790 4842 autem
3822 4802 3955 4859 pro-

2306 4876 2502 4931 blema
2543 4872 2891 4928 insidiantes
2939 4872 3134 4928 verbis
3181 4871 3523 4943 Salvatoris,
3580 4891 3647 4930 eo
3696 4880 3956 4948 tempore
4030 4872 4035 4879 ’

2308 4967 2756 5038 proposuerunt,
2808 4978 2922 5034 quo
2971 4979 3103 5017 eum
3127 4962 3391 5018 viderant
3435 4963 3506 5019 de
3534 4965 3957 5022 resurrectione

2308 5056 2511 5110 docere
2539 5051 2878 5125 discipulos.
2912 5051 3136 5116 Quibus
3167 5052 3521 5123 respondens
3551 5052 3814 5110 Salvator
3840 5054 3952 5111 ait:

2305 5145 2551 5213 Erratis,
2584 5144 2882 5198 nescientes
2911 5142 3242 5213 Scripturas,
3295 5157 3468 5212 neque
3514 5144 3769 5199 virtutem
3829 5145 3953 5200 Dei.

2307 5235 2369 5290 In
2409 5234 2805 5290 resurrectione
2833 5232 2981 5285 enim
3012 5239 3350 5287 mortuorum
3376 5247 3549 5302 neque
3574 5233 3797 5300 nubent,
3858 5250 3952 5289 ne-

2305 5341 2409 5396 que
2440 5326 2731 5387 nubentur,
2761 5319 2852 5376 sed
2880 5324 3040 5374 erunt
3066 5322 3210 5376 sicut
3237 5322 3423 5391 angeli
3453 5324 3512 5376 in
3542 5323 3691 5378 ccetis
3720 5323 3783 5377 9°.
3844 5320 3951 5386 Qui

2305 5416 2475 5469 erunt
2514 5412 2664 5466 sicut
2713 5407 2924 5481 angeli,
2960 5407 3158 5479 utique
3189 5408 3264 5479 (9)
3292 5408 3483 5481 angeli
3512 5415 3702 5467 erunt.
3733 5408 3953 5464 Simul-

2305 5518 2417 5573 que
2447 5496 2973 5567 discendum,quod
3002 5496 3191 5566 angeli
3225 5500 3521 5554 connubia
3539 5516 3653 5554 non
3680 5498 3951 5553 habeant.

628 5599 674 5635 ⁸⁸
728 5598 931 5654 Matth.
992 5615 1045 5661 ν,
1105 5598 1135 5651 4
1192 5596 1236 5629 ⁸³
1294 5593 1496 5649 Matth.
1558 5611 1632 5655 χι,
1678 5593 1767 5647 29.
1844 5594 1888 5628 ⁸⁴
1920 5595 2119 5651 Matth.
2153 5615 2203 5666 v,

2350 5599 2394 5633 ⁸³
2441 5597 2582 5652 ibid.
2628 5597 2711 5650 10.
2789 5594 2833 5628 ⁸⁸
2905 5592 3046 5651 ibid.
3104 5596 3156 5649 5.
3224 5594 3266 5629 ⁸⁷
3344 5596 3546 5653 Ezech.
3624 5612 3785 5665 XVIII,
3858 5596 3950 5653 24.

554 5671 598 5708 ⁸⁸
629 5677 764 5726 Luc.
788 5686 881 5736 xv,
916 5671 1000 5725 13.
1032 5671 1077 5704 ⁸9
1109 5668 1181 5723 l[I
1214 5668 1352 5739 Reg.
1386 5682 1442 5734 x,
1470 5666 1577 5719 1-9.
1625 5667 1667 5699 ⁰⁰
1699 5665 1898 5721 Matth.
1931 5684 2070 5736 xxn,
2102 5665 2195 5742 29,
2232 5672 2321 5725 30.

625 5770 699 5840 (9)
730 5766 880 5833 Quin
909 5767 1252 5834 econtrario,
1298 5771 1360 5822 ut
1419 5781 1701 5895 plerquam
1760 5765 1984 5823 erudite
2038 5772 2201 5826 notat

625 5854 936 5895 eronvmus
964 5840 1135 5895 enist.
1160 5839 1252 5895 75.
1285 5839 1356 5895 ad
1384 5838 1425 5895 E
1472 5837 1765 5895 eodoram.
1800 5855 1857 5895 n.
1888 5840 1945 5895 2.
1972 5840 2197 5895 Quando

547 5837 936 5917 Hieronymus
964 5840 1135 5915 epist.
1160 5839 1252 5913 75,
1285 5839 1356 5896 ad
1384 5837 1765 5911 Eheodoram,
1800 5855 1857 5898 n.
1888 5840 1945 5907 2,
1972 5840 2197 5918 Quando

750 6036 785 6057 δ

2308 5766 2459 5852 dicit.
2531 5788 2558 5816 «
2614 5765 2792 5852 Neque
2852 5763 3079 5852 nubent,
3119 5782 3290 5840 neque
3326 5768 3628 5852 nubentur,
3666 5766 3955 5852 sed

2303 5841 2446 5901 sicut
2504 5837 2712 5915 augeti‘
2742 5840 2807 5899 in
2858 5838 3032 5911 castis,
3091 5860 3120 5890 ››
3171 5837 3281 5898 non
3318 5848 3524 5897 natura
3560 5848 3613 5901 et
3646 5837 3956 5929 substantia
