4304 6636
280 548 289 555 ἰ
350 458 474 520 329

730 454 1233 519 THANSLATIO
1274 455 1781 518 HOMILIARUM
1828 453 2199 517 ORIGENIS
2244 454 2324 514 IN
2367 457 2662 519 LUCAM.
2698 490 2774 503 -—-
2805 456 3076 520 HOMIL.
3121 458 3395 523 XXXIX.

3656 460 3777 521 330

278 566 303 601 τ’
351 589 459 645 Hic
486 588 622 644 vero
652 586 753 643 ubi
817 603 998 658 mors,
1065 591 1123 644 et
1186 587 1424 660 nuptiae,
1480 590 1537 643 et
1590 586 1757 643 liberi
1805 602 2001 642 neces-
2032 586 2089 654 Α
2117 587 3784 663 vatoremdictumessesimplieiter:RedditequmsuntCaeo

350 679 495 736 sarii
525 681 700 746 sunt;
752 676 891 748 illic,
944 677 1045 733 ubi
1091 676 1527 746 immortalitas,
1581 693 1686 733 nec
1731 676 2004 749 conjugio
2115 678 2280 745 saris,
2303 679 2532 745 Caesari,
2556 678 2613 733 id
2645 681 2734 733 est
2759 678 3048 735 tributum
3080 679 3306 735 reddite
3336 681 3492 751 quod
3524 671 3773 737 debetis.

350 785 502 842 opus
533 771 641 835 est,
695 782 799 823 nec
848 766 1007 823 ﬁliis.
1057 767 1384 840 Proponam
1434 766 1580 822 mihi
1621 766 2004 839 quaestionem

348 858 517 914 valde
547 855 876 921 molestam,
909 861 965 912 et
996 874 1124 929 quae
1157 874 1273 912 non
1306 856 1476 912 facile
1494 856 1759 925 solvitur,
1784 872 1853 912 ex
1883 871 2008 928 per-

349 964 497 1005 sona
519 963 744 1014 eorum,
772 945 874 1019 qui
906 945 1327 1002 studiosissimi
1359 946 1795 1017 Scripturarum
1844 948 2006 1010 sunt,

351 1042 410 1095 et
437 1037 531 1093 die
559 1052 626 1092 ac
655 1040 822 1092 nocte
855 1028 1220 1091 meditantur
1247 1034 1305 1089 in
1340 1035 1465 1108 lege
1513 1035 1743 1092 Domini
1772 1037 1845 1090 91;
1876 1033 2005 1106 Ubi,

292 1178 299 1181 _
350 1126 650 1199 inquiunt,
683 1124 970 1198 scriptum
1022 1128 1111 1180 est
1162 1124 1304 1197 quia
1348 1140 1522 1195 neque
1572 1125 1803 1196 nubent,
1833 1140 2008 1195 neque

350 1214 675 1274 nubentur‘?
702 1215 851 1271 Tam
882 1217 1066 1271 Vetus
1096 1231 1275 1287 quam
1308 1214 1535 1271 Novum
1565 1215 2009 1271 Testamentum

353 1305 638 1363 memoria
666 1321 733 1360 ac
765 1308 960 1360 mente
991 1297 1381 1376 perlustrans,
1416 1320 1716 1376 nusquam
1768 1302 2010 1359 memini

349 1395 468 1453 tale
496 1395 638 1469 quid
665 1393 939 1450 relatum.
975 1394 1139 1458 Quod
1172 1395 1221 1450 si
1253 1394 1401 1449 forte
1435 1410 1528 1449 me
1554 1393 1721 1465 fallit,
1755 1393 1854 1466 qui
1878 1393 2012 1466 plus

352 1484 515 1541 novit
534 1484 758 1540 doceat.
785 1482 1058 1538 Libenter
1078 1482 1238 1539 disco
1263 1483 1419 1556 quod
1446 1483 1661 1539 nescio.
1689 1483 1801 1539 Sed
1826 1499 2011 1555 quan-

352 1579 482 1632 tum
512 1589 618 1646 ego
649 1571 939 1644 existimo,
972 1589 1078 1628 nec
1109 1573 1169 1628 in
1199 1572 1415 1641 Veteri,
1468 1588 1573 1629 nec
1625 1573 1684 1628 in
1735 1573 1893 1631 Novo
1920 1574 2011 1627 In-

353 1667 682 1722 strumento
715 1662 1039 1736 quidquam
1071 1662 1186 1718 tale
1219 1662 1485 1734 reperiet.
1521 1662 1725 1718 Omnis
1753 1679 1890 1735 ergo
1922 1677 2014 1718 eo-

353 1770 487 1810 rum
534 1769 696 1809 error
749 1752 819 1808 de
863 1752 1192 1825 prophetia,
1256 1768 1435 1823 quam
1486 1768 1603 1808 non
1654 1751 2010 1824 intelligunt,

284 1872 291 1878 ν
357 1842 606 1900 lectione
630 1840 922 1898 surrexit:
956 1856 989 1896 e
1016 1840 1234 1913 quibus
1267 1840 1413 1895 illud
1442 1845 1531 1896 est
1562 1841 1622 1895 in
1651 1841 1838 1896 Isaia:
1867 1840 2016 1895 Lecti

2118 766 2258 831 Quis
2288 767 2449 843 enim
2474 771 2740 823 nostrum
2788 767 2859 823 de
2904 768 3143 825 tributis
3194 768 3513 825 reddendis
3562 769 3775 827 Casari

2120 856 2513 913 contradicit?
2534 858 2717 913 Habet
2745 856 2927 930 igitur
2946 856 3108 914 locus
3127 858 3410 931 quiddam
3436 857 3667 932 mystici
3685 862 3772 915 at-

2120 962 2233 1017 que
2255 947 2480 1002 secreti.
2515 951 2648 1003 Duae
2680 950 2819 1002 sunt
2840 946 3127 1019 imagines
3146 946 3427 1017 hominis,
3450 964 3570 1004 una
3591 963 3771 1021 quam

2120 1036 2342 1109 accepit
2371 1054 2405 1092 a
2432 1036 2548 1092 Deo
2580 1037 2768 1092 factus
2799 1036 2860 1091 in
2891 1035 3198 1109 principio,
3249 1038 3404 1094 sicut
3447 1036 3507 1093 in
3555 1040 3765 1096 Genesi

2121 1126 2407 1199 scriptum
2441 1130 2529 1182 est
2545 1127 2626 1181 99:
2661 1129 2831 1183 Juxta
2877 1128 3179 1199 imaginem
3233 1131 3286 1182 et
3338 1126 3773 1186 similitudinem

2121 1216 2256 1276 Dei;
2289 1215 2472 1271 altera
2500 1215 2706 1281 choici,
2761 1215 2818 1270 id
2869 1219 2961 1271 est
3008 1215 3246 1285 terreni,
3292 1220 3608 1290 postquam
3638 1235 3773 1292 pro-

2121 1308 2249 1376 pter
2269 1303 2726 1360 inobedientiam
2760 1308 2935 1376 atque
2965 1309 3271 1376 peccatum
3303 1306 3527 1377 ejectus
3558 1308 3630 1365 de
3669 1324 3772 1381 pa-

2121 1394 2316 1450 radiso
2334 1393 2662 1465 assumpsit
2681 1410 2832 1461 eam,
2856 1392 3140 1466 principis
3154 1393 3350 1450 saeculi
3363 1395 3544 1468 hujus
3558 1413 3774 1455 suasua

2121 1483 2430 1541 illecebris.
2466 1483 2631 1540 Sicut
2658 1483 2817 1540 enim
2848 1499 3131 1539 nummus
3162 1491 3334 1556 atque
3365 1485 3646 1544 denarius
3668 1486 3774 1545 ha-

2122 1574 2220 1630 bet
2250 1572 2566 1646 imaginem
2598 1574 3023 1646 imperatorum
3076 1573 3322 1643 mundi;
3374 1574 3457 1631 sic
3505 1576 3605 1648 qui
3637 1576 3777 1635 facit

2122 1680 2298 1736 opera
2314 1663 2555 1719 rectoris
2567 1663 2940 1719 tenebrarum
2958 1662 3200 1719 istarum
3212 1706 3225 1732 ,
3246 1666 3439 1736 portat
3452 1663 3776 1739 imaginem

2122 1753 2251 1824 ejus
2284 1753 2456 1824 cujus
2484 1751 2661 1807 habet
2683 1767 2858 1823 opera
2889 1768 2903 1819 ;
2934 1768 3110 1824 quam
3144 1753 3418 1826 praecepit
3445 1753 3620 1811 Jesus
3644 1771 3776 1814 esse

2123 1842 2478 1898 reddendam
2515 1845 2571 1897 et
2599 1839 3021 1912 projiciendam
3054 1840 3125 1896 de
3156 1840 3318 1897 vultu
3352 1846 3575 1916 nostro,
3608 1861 3776 1902 assu-

354 1934 468 1989 mei
493 1948 602 1989 non
625 1931 903 1987 habebunt
930 1930 1133 1985 liberos
1170 1931 1232 1984 in
1257 1928 1702 1985 maledictionem
1740 1929 1803 1984 θ’.
1854 1929 1920 1984 Et
1951 1929 2012 1984 in
2042 1965 2089 2030 B
2126 1932 2517 2003 mendamque
2538 1929 3022 2002 eamimaginem,
3040 1931 3215 2001 juxta
3237 1947 3414 2003 quam
3434 1948 3469 1988 a
3487 1931 3774 2007 principio

360 2019 811 2081 Deuteronomio
844 2019 903 2075 in
934 2018 1446 2075 benedictionibus
1476 2020 1557 2074 οδε
1593 2018 1872 2074 Benedicti
1900 2017 2016 2090 ﬁlii

358 2113 504 2168 uteri
532 2113 633 2168 tui.
666 2111 738 2166 Et
782 2113 993 2182 putant
1042 2108 1161 2164 haec
1213 2109 1412 2164 futura
1461 2110 1520 2164 in
1563 2108 2010 2178 resurrectione,

360 2218 477 2258 non
507 2198 901 2273 intelligentes
933 2197 1229 2271 spiritales
1258 2198 1697 2254 benedictiones
1727 2214 1854 2254 esse
1874 2214 2018 2270 prae-

304 2308 305 2311 ‘
362 2290 570 2351 dictas.
602 2288 819 2345 Paulus
850 2287 1009 2344 enim
1038 2304 1140 2344 vas
1170 2287 1496 2356 electionis,
1528 2302 1732 2343 omnes
1758 2287 1866 2343 has
1910 2287 2014 2344 be-

361 2378 740 2446 nedictiones,
774 2393 901 2450 quae
931 2381 1234 2449 ponuntur
1264 2376 1322 2431 in
1356 2377 1531 2448 Lege,
1565 2376 1910 2449 spiritaliter
1932 2377 2015 2430 in-

360 2472 716 2541 terpretans,
746 2471 805 2523 et
833 2466 1027 2523 sciens
1059 2482 1176 2521 non
1208 2481 1339 2521 esse
1370 2464 1657 2537 carnales,
1710 2466 1782 2522 ad
1825 2465 2015 2538 Ephe-

362 2558 481 2615 sios
511 2557 773 2629 loquitur
798 2558 890 2612 9‘z
963 2555 1293 2612 Benedictus
1360 2557 1503 2610 Deus
1567 2565 1622 2611 et
1670 2557 1841 2611 Pater
1903 2556 2011 2610 Do-

361 2648 509 2703 mini
530 2647 706 2702 nostri
734 2647 860 2702 Jesu
886 2646 1121 2712 Christi,
1153 2646 1250 2715 qui
1281 2644 1562 2700 benedixit
1610 2660 1708 2700 nos
1757 2646 1819 2699 in
1861 2645 2018 2700 omni

365 2735 743 2793 benedictione
798 2735 1069 2806 spiritali,
1123 2751 1247 2790 cum
1300 2751 1332 2789 α
1384 2735 1624 2789 mortuis
1666 2736 2018 2806 resurgentes

341 2819 637 2883 externam
666 2825 1057 2881 beatitudinem
1119 2839 1593 2896 consequeremur.
1659 2823 1770 2879 Sed
1836 2828 1892 2878 et
1956 2823 2016 2878 in

360 2914 613 2972 Psalmis
643 2914 841 2971 simile
870 2913 1011 2987 quid
1060 2914 1438 2986 reperientes,
1491 2915 1697 2970 eodem
1739 2912 2020 2968 labuntur

360 3022 574 3062 errore.
632 3006 799 3076 Uxor,
850 3003 1061 3076 inquit,
1113 3012 1210 3059 tua
1250 3004 1389 3059 sicut
1434 3005 1565 3058 vitis
1623 3001 1910 3058 abundans
1956 3005 2019 3057 in

363 3096 629 3151 lateribus
682 3094 875 3151 domus
930 3097 1062 3166 tuae,
1123 3094 1237 3165 ﬁlii
1293 3095 1380 3149 tui
1434 3094 1577 3148 sicut
1632 3093 1863 3149 novella:
1920 3092 2021 3147 oli-

363 3200 561 3241 varum
591 3184 649 3240 in
679 3185 919 3240 circuitu
948 3197 1158 3240 mensae
1188 3190 1320 3251 tuae,
1352 3199 1541 3255 usque
1563 3184 1636 3239 ad
1658 3200 1793 3239 eum
1820 3181 2016 3247 locum

366 3274 467 3331 ubi
499 3273 618 3330 ait:
663 3273 960 3330 Benedicat
989 3278 1040 3329 te
1096 3274 1361 3329 Dominus
1408 3289 1477 3329 ex
1534 3273 1685 3340 Sion,
1747 3276 1802 3328 et
1828 3271 2018 3327 videas

2124 2022 2193 2076 ad
2228 2019 2681 2076 similitudinem
2710 2019 2812 2076 Dei
2842 2019 3061 2076 conditi
3093 2035 3324 2077 sumus.
3358 2024 3548 2096 Atque
3576 2023 3661 2080 ita
3685 2023 3773 2098 fit,

2123 2114 2189 2166 ut
2217 2127 2344 2182 quae
2376 2109 2617 2165 Caesaris
2648 2113 2812 2175 sunt,
2843 2109 3073 2178 Caesari,
3125 2113 3183 2165 et
3230 2126 3361 2182 quae
3410 2111 3531 2182 Dei,
3564 2113 3776 2171 redda-

2124 2217 2258 2256 mus
2284 2200 2421 2255 Deo.
2475 2198 2765 2267 Ostendite,
2818 2198 3034 2271 inquit,
3088 2198 3231 2255 mihi
3274 2217 3611 2259 mummum.
3662 2207 3775 2262 Pro

2124 2305 2240 2361 quo
2271 2289 2331 2345 in
2363 2288 2630 2344 Matthan
2654 2290 2671 2323 ¹
2705 2287 2981 2344 scribitur
3009 2288 3306 2346 denarius.
3343 2291 3515 2359 Quem
3532 2308 3657 2348 cum
3684 2310 3776 2351 uc-

2123 2381 2369 2451 cepisset,
2402 2380 2521 2435 ait:
2553 2377 2720 2449 Cujus
2749 2378 3105 2448 scriptionem
3162 2377 3361 2434 habet?
3421 2380 3528 2448 Qui
3551 2396 3777 2454 respon-

2124 2468 2328 2539 dentes,
2356 2468 2620 2524 dixerunt
2638 2485 2656 2521 :
2692 2466 2951 2524 Ctesaris.
2990 2467 3079 2522 Ad
3108 2483 3240 2539 quos
3268 2485 3495 2525 rursum
3517 2487 3535 2525 :
3554 2471 3779 2528 Reddite

2124 2575 2267 2631 ergo,
2301 2558 2514 2630 inquit,
2546 2572 2668 2629 quae
2691 2564 2822 2613 sunt
2855 2556 3089 2613 Caesaris
3122 2556 3354 2628 Caesari,
3398 2567 3453 2616 et
3495 2576 3615 2632 qua
3653 2569 3783 2618 sunt

2126 2650 2224 2703 Dei
2243 2650 2373 2703 Deo.
2398 2647 2658 2710 Quorum
2689 2645 3170 2716 consequentiam
3201 2650 3258 2702 et
3287 2647 3508 2704 Paulus
3545 2647 3781 2707 locutus

2126 2742 2234 2809 est,
2270 2738 2550 2793 dicens’:
2612 2735 2765 2791 Sicut
2815 2736 3167 2806 portavimus
3206 2737 3526 2807 imaginem
3577 2739 3777 2809 choici,

2124 2831 2401 2899 portemus
2429 2829 2480 2880 et
2509 2827 2816 2894 imaginem
2844 2824 3096 2880 celestis.
3125 2826 3289 2890 Quod
3316 2842 3453 2899 ergo
3485 2827 3568 2882 ait
3593 2843 3606 2884 :
3640 2828 3779 2884 Red-

2127 2917 2239 2972 dite
2268 2930 2391 2987 quze
2417 2918 2545 2970 sunt
2568 2913 2807 2970 Ceesaris
2838 2913 3060 2981 Caesari,
3116 2912 3227 2970 hoc
3275 2913 3451 2970 dicit:
3500 2917 3780 2987 Deponite

2129 3022 2440 3079 personam
2472 3003 2679 3073 cboici,
2728 3002 2962 3074 abjicite
2998 3003 3322 3075 imaginem
3372 3007 3667 3062 terrenam
3713 3010 3782 3063 ut

2127 3095 2369 3168 possitis
2396 3093 2561 3149 vobis
2586 3108 2898 3165 personam
2931 3091 3183 3149 caelestis
3212 3091 3604 3166 imponentes,
3646 3097 3778 3153 red-

2128 3186 2265 3241 dere
2286 3201 2414 3256 quae
2436 3186 2575 3239 sunt
2597 3182 2698 3237 Dei
2726 3183 2857 3238 Deo.
2882 3181 3110 3254 Repetit
3139 3199 3245 3239 nos
3274 3183 3451 3241 Deus.
3485 3184 3777 3251 Quidnam

2129 3271 2388 3345 repetit?
2420 3272 2568 3345 Lege
2596 3274 2830 3343 Moysen
2858 3287 2870 3326 :
2905 3271 2973 3326 Et
3000 3288 3150 3327 nunc
3198 3272 3333 3342 quid
3386 3273 3657 3331 Dominus
3685 3291 3778 3331 re-

366 3378 492 3436 quee
558 3363 699 3419 bona
762 3362 1242 3418 sunt'Jerusalem
1266 3363 1310 3397 ³⁵
1358 3362 1507 3433 Ergo
1567 3333 1702 3417 cum
1731 3361 2020 3417 instructa
2049 3333 2092 3401 Ο
2127 3333 2266 3436 petit
2297 3380 2329 3417 a
2382 3333 2531 3417 te“?
2567 3365 2624 3417 et
2674 3333 2903 3432 reliqua
2948 3377 3077 3432 qua:
3129 3333 3477 3433 sequuntur.
3509 3363 3780 3422 Postulat

367 3450 906 3517 fueritJerusalem,
936 3452 993 3506 et
1012 3450 1341 3506 instaurata
1360 3450 1420 3505 in
1444 3450 1757 3522 antiquum
1775 3455 2018 3522 statum,

367 3545 510 3598 tunc
540 3540 776 3595 visurus
806 3543 895 3595 est
924 3539 1078 3594 bona
1106 3555 1234 3610 quae
1255 3538 1558 3610 Scriptura
1579 3544 2021 3596 commemorat.

369 3630 479 3698 Qui
509 3627 851 3702 spiritaliter
879 3626 1221 3699 intelligunt
1243 3627 1593 3696 Jerusalem,
1625 3632 1682 3684 et
1710 3629 1781 3683 de
1811 3645 1879 3683 ea
1907 3628 2024 3684 dici

368 3718 567 3777 sciunt
595 3734 721 3790 quae
752 3716 1003 3773 caelestis
1034 3721 1141 3785 est,
1179 3734 1308 3790 quae
1339 3734 1579 3773 sursum
1614 3721 1722 3785 est,
1777 3734 1905 3790 quae
1936 3722 2025 3774 est

296 3800 301 3805 ’
366 3813 557 3866 mater
575 3813 779 3865 nostra
808 3809 853 3843 9°
885 3824 899 3865 :
933 3807 1217 3864 videbunt
1267 3808 1423 3864 bona
1464 3806 1645 3875 illius,
1696 3808 1767 3863 de
1807 3808 2022 3880 quibus

364 3916 518 3973 saepe
549 3898 829 3970 diximus,
861 3903 920 3954 et
951 3897 1011 3953 id
1042 3899 1196 3970 quod
1232 3915 1390 3954 nunc
1439 3898 1510 3954 de
1561 3896 1790 3969 psalmo
1822 3898 2021 3970 posui-

330 4030 335 4035 .
371 4005 509 4045 mus
531 3990 607 4044 9"z
664 3989 810 4046 Uxor
838 3992 932 4043 tua
961 3989 1105 4043 sicut
1160 3990 1290 4043 vitis
1346 3987 1640 4044 abundans
1669 3990 1727 4043 in
1760 3989 2023 4045 lateribus

364 4077 561 4134 domus
592 4087 706 4136 tum
733 4079 843 4148 ﬁlii
871 4078 956 4134 tui
982 4078 1121 4133 sicut
1146 4078 1382 4134 novellae
1400 4078 1681 4133 olivarum
1704 4080 1765 4133 in
1783 4080 2023 4133 circuitu

362 4183 569 4226 mensae
588 4173 726 4225 tuae.
752 4172 888 4236 Qua:
919 4167 1119 4224 omnia
1147 4166 1531 4240 corporaliter
1553 4165 2021 4239 intelligentibus

362 4258 718 4328 Sadducaeis,
753 4258 867 4330 (10)
900 4256 1000 4329 qui
1032 4262 1199 4313 erant
1226 4256 1415 4329 portio
1462 4255 1824 4324 Judaeorum,
1880 4255 2022 4311 dicit

363 4347 622 4404 Salvator
642 4348 717 4403 πε
772 4347 1007 4403 Nescitis
1053 4346 1389 4417 Scripturas,
1423 4360 1598 4417 neque
1626 4347 1887 4402 virtutem
1902 4347 2018 4401 Dei.

364 4438 496 4495 Haec
525 4436 598 4495 de
626 4436 974 4510 quaestione,
1009 4451 1189 4507 quam
1220 4434 1523 4491 Sadducmi
1548 4435 1792 4491 Domino
1814 4452 2020 4508 propo-

364 4529 631 4598 suerunt,
659 4525 907 4583 breviter
938 4525 1094 4580 dicta
1123 4523 1262 4579 sint.
1313 4527 1493 4579 Porro
1551 4524 1707 4594 quod
1759 4524 1871 4596 (ll)
1913 4525 2019 4579 ad-

358 4617 582 4688 jectum
614 4620 703 4672 est
742 4616 813 4672 de
866 4613 1120 4686 imagine
1167 4612 1413 4669 Caesaris
1459 4611 1636 4667 etiam
1685 4628 1866 4685 super
1912 4613 2021 4669 hoc

364 4706 648 4762 debemus
678 4721 865 4777 pauca
895 4703 1310 4778 perstringere.
1345 4702 1557 4759 Putant
1579 4701 1819 4774 quidam
1852 4702 2022 4759 aSal.

438 4822 481 4857 ⁹¹
515 4821 669 4893 Psal.
702 4838 743 4890 ι,
768 4824 823 4876 2.
864 4822 909 4856 ⁹²
938 4837 1067 4893 cap,

2132 3453 2313 3525 igitur
2339 3468 2373 3507 a
2401 3450 2569 3506 nobis
2602 3450 2777 3519 Deus,
2801 3454 2858 3505 et
2882 3450 3247 3521 deprecatur,
3272 3467 3390 3506 non
3412 3451 3553 3523 quia
3575 3466 3781 3510 neces-

2133 3542 2355 3598 sarium
2384 3540 2561 3595 habet
2591 3537 2838 3610 aliquid,
2870 3542 2937 3593 ut
2966 3538 3017 3593 ei
3045 3539 3378 3595 tribuamus
3405 3557 3419 3594 :
3446 3541 3708 3613 postulat
3727 3546 3786 3599 et

2132 3634 2447 3704 postquam
2464 3629 2517 3684 ei
2544 3627 2901 3695 dederimus,
2924 3626 3183 3699 idipsum
3198 3628 3489 3684 tribuatin
3504 3629 3782 3688 salutem.

2133 3721 2294 3784 Quod
2371 3722 2437 3775 ut
2510 3716 2883 3774 manifestius
2958 3717 3079 3783 flat,
3155 3733 3371 3790 ponam
3445 3720 3786 3792 parabolam

2133 3825 2429 3866 mnarum.
2462 3809 2571 3873 Qui
2618 3823 2800 3863 unam
2851 3810 3156 3879 acceperat
3212 3823 3436 3874 mnam,
3487 3812 3545 3867 et
3574 3809 3789 3867 fecerat

2131 3900 2371 3967 decem;
2401 3904 2458 3954 et
2488 3896 2703 3954 obtulit
2733 3897 2994 3963 domino,
3027 3913 3061 3952 a
3088 3914 3206 3969 quo
3238 3896 3351 3953 sibi
3396 3898 3616 3955 credita
3644 3915 3787 3957 mna

2131 3990 2339 4061 fuerat,
2374 3987 2662 4059 acceperit
2687 3991 2743 4041 et
2772 3985 2947 4043 aliam
2970 4002 3147 4059 quam
3173 3990 3346 4043 antea
3366 4004 3481 4043 non
3505 3988 3782 4046 habebat.

2130 4078 2295 4134 Illius
2324 4077 2480 4132 enim
2513 4092 2737 4142 mnam,
2772 4075 2874 4146 qui
2923 4091 3039 4130 non
3091 4074 3581 4147 multiplicaverat
3623 4078 3781 4151 quod

2131 4167 2372 4239 accepit,
2399 4166 2571 4238 jubet
2601 4164 2879 4218 dominus
2911 4162 3148 4233 auferri,
3183 4168 3240 4218 et
3267 4165 3393 4219 dari
3425 4166 3476 4221 ei
3506 4167 3607 4238 qui
3633 4166 3782 4224 alias

2130 4259 2325 4314 habet.
2353 4255 2561 4320 Tollite,
2602 4251 2818 4323 inquit,
2861 4266 3071 4319 mnam,
3127 4259 3179 4307 et
3224 4251 3348 4307 date
3400 4255 3454 4309 ei
3491 4257 3587 4324 qui
3613 4255 3783 4312 habet

2128 4349 2313 4405 decem
2341 4361 2507 4401 mnas
2528 4345 2569 4398 ‘.
2605 4346 2799 4414 Atque
2828 4342 2889 4395 in
2917 4340 3075 4396 hunc
3108 4340 3347 4397 modum
3392 4358 3518 4414 quae
3551 4344 3780 4401 dederi-

2131 4455 2267 4494 mus
2287 4437 2427 4507 Deo,
2448 4432 2616 4489 nobis
2640 4449 2709 4488 ea
2727 4432 2858 4503 ipsa
2878 4429 3149 4486 restituet
3188 4447 3324 4487 cum
3364 4430 3456 4489 his
3488 4448 3615 4504 quae
3646 4436 3782 4490 ante

2130 4545 2248 4584 non
2280 4526 2699 4581 habueramus.
2732 4516 2924 4594 Exigit
2952 4524 3009 4575 et
3035 4518 3297 4591 postulat
3325 4538 3360 4576 a
3407 4521 3577 4579 nobis
3607 4526 3782 4593 Deus,

2131 4620 2196 4672 ut
2224 4615 2435 4670 habeat
2465 4611 2836 4668 occasionem
2871 4608 3152 4676 donandi,
3187 4613 3252 4665 ut
3278 4608 3392 4682 ipsi
3431 4610 3655 4668 tribuat
3684 4612 3789 4685 qui

2130 4703 2404 4777 erogavit.
2438 4701 2632 4774 Ipsius
2660 4700 2818 4755 enim
2847 4700 3036 4771 gratia
3069 4697 3369 4772 duplicata
3397 4704 3489 4757 est
3533 4718 3693 4772 mna,
3727 4706 3788 4759 et

1109 4835 1237 4889 va,
1270 4835 1420 4875 vers.
1468 4819 1559 4874 23.
1611 4819 1656 4853 9³
1700 4823 1846 4875 Deut
1872 4824 2018 4876 XXVI]

2128 4823 2178 4876 1.
2246 4820 2292 4853 9‘
2321 4835 2448 4889 cap.
2485 4834 2523 4885 ι,
2590 4833 2753 4889 vers:
2812 4815 3045 4889 1-6.-ξὃ
3110 4814 3266 4889 _Psa1.
3337 4831 3545 4886 CXXVII,
3591 4817 3646 4889 3,
3706 4817 3789 4873 l9.

363 4894 411 4930 9³
446 4892 568 4949 Gal.
642 4886 738 4961 1v,
782 4894 875 4948 26.
943 4886 1450 4960 97'Psal.'cxxvn,
1517 4891 1571 4946 3.
1605 4891 1647 4926 ’3
1677 4891 1879 4947 Matth.
1920 4909 2059 4963 xxu,
2098 4893 2190 4949 29.
2223 4892 2267 4926 99
2297 4886 2424 4962 cap.
2456 4905 2496 4955 ι,
2542 4903 2690 4944 vers.
2731 4888 2822 4942 27.
2895 4890 2911 4921 ¹
2964 4886 3168 4944 Matth.
3219 4902 3361 4959 xxn,
3415 4889 3502 4945 10.
3535 4889 3557 4924 ³
3602 4886 3787 4947 ἶσον.

368 4981 472 5032 xv,
507 4965 594 5021 49.
628 4964 650 4999 ³
680 4964 848 5020 Deut.
879 4981 934 5036 x,
970 4964 1055 5020 12.
1086 4966 1108 4999 ⁴
1141 4965 1276 5019 Luc.
1308 4980 1426 5031 XIX,
1457 4964 1550 5019 24.

369 5096 659 5153 corporum
689 5081 929 5149 tollitur,
991 5080 1086 5138 sed
1139 5080 1337 5153 gloriae
1394 5079 1714 5151 magnitudo
1750 5085 2025 5137 monstra-
2060 5086 2106 5151 1)
2138 5079 2301 5153 Isaiae
2328 5081 2518 5153 va__et
2547 5073 2967 5153 psalmicxxvii
2987 5074 3358 5153 testimonia,
3392 5091 3520 5153 quae
3562 5074 3783 5153 laudat,

371 5156 483 5208 tur.
540 5153 720 5226 Neque
758 5154 939 5226 enim
974 5154 1262 5226 scriptum
1315 5154 1418 5226 est,
1452 5160 1617 5226 erunt
1667 5155 1892 5226 angeli,
1924 5153 2027 5209 sed

368 5247 401 5291 ρ(
434 5225 578 5280 sicut
608 5223 831 5295 angeli;
860 5246 887 5276 ιι
922 5223 1022 5279 ubi
1049 5223 1365 5280 similitudo
1416 5223 1787 5295 promittitur,
1817 5226 2028 5281 veritas

370 5295 692 5371 denegatur.
728 5299 997 5371 «AErunt,
1061 5298 1265 5369 inquit,
1302 5298 1469 5371 sicut
1526 5296 1735 5364 angeli,
1774 5318 1794 5371 »ξ
1865 5296 1922 5371 id
1950 5306 2028 5353 est

370 5369 594 5443 similes
617 5366 942 5443 angelorum
958 5366 1406 5443 {ergo'liomines
1440 5383 1550 5443 esse
1596 5382 1704 5443 non
1758 5366 2027 5424 desinent.

375 5443 665 5496 Caeterum
682 5437 887 5497 multis
907 5437 1223 5511 saepe'locis
1248 5439 1424 5495 hocce
1445 5438 1713 5511 Origenis
1731 5455 2032 5496 commen-

370 5516 501 5567 tum
534 5513 594 5567 S.
631 5511 834 5566 doctor
862 5511 1096 5567 refellit.

444 5584 557 5656 (10)
588 5581 1046 5656 Nonnulli‘post
1093 5581 1377 5639 Dallaeum
1425 5583 1590 5656 visus
1636 5586 1727 5638 est
1755 5581 2034 5656 Origenes

371 5653 709 5712 existimare
742 5653 1027 5727 hociloco,
1060 5656 1411 5711 Sadducaeos
1435 5655 1607 5727 (quos
1629 5653 1884 5727 constat,
1909 5655 2035 5727 ipso

373 5729 723 5800 neutiquam
748 5725 1053 5793 dil‘litente,
1071 5726 1225 5800 solos
1238 5725 1449 5800 Moysis
1464 5725 1646 5800 libros
1662 5726 1723 5800 in
1735 5725 2037 5783 sacrarum

371 5798 814 5872 Scripturarum
836 5798 1436 5872 censumpadmisis'se)
1459 5798 1761 5872 prophetis
1781 5814 2037 5872 quoque,

2138 5154 2210 5208 ab
2233 5151 2305 5207 iis
2325 5149 2503 5205 tradit
2518 5145 2895 5219 corporaliter
2917 5145 3232 5219 intellecta,
3248 5145 3427 5219 cujus
3442 5145 3786 5219 ignorantiae

2137 5241 2171 5279 a
2199 5222 2491 5278 Salvatore
2519 5217 2890 5275 accusantur.
2920 5217 3137 5273 Verum
3170 5218 3278 5274 etsi
3324 5217 3664 5273 dederimus
3704 5217 3789 5275 ita

2138 5297 2297 5351 hunc
2328 5291 2980 5365 superioripcontextum
3012 5289 3250 5365 hierere,
3284 5294 3367 5365 ut,
3423 5306 3550 5361 quae
3587 5289 3791 5346 laudat

2139 5360 2444 5439 Origenes,
2475 5362 2768 5439 prophetae
2813 5378 2879 5418 ac
2930 5361 3174 5439 Davidis
3206 5360 3389 5439 verba
3426 5360 3791 5439 perperama

2141 5431 2724 5495 Sadvduczeis'diceret
2744 5437 3002 5507 accepta,
3022 5450 3138 5507 non
3162 5431 3297 5507 hinc
3314 5435 3531 5507 tamen
3542 5431 3789 5507 colligas

2142 5511 2400 5567 sensisse
2429 5508 2597 5564 illum
2631 5522 2729 5562 eos
2756 5502 2934 5561 libros
2966 5522 3000 5560 a
3027 5502 3362 5559 Sadducseis
3391 5502 3450 5557 in
3495 5502 3792 5562 Canonem

2146 5584 2579 5655 Scripturarum
2612 5578 2847 5655 relatos.
2878 5576 3073 5655 Potuit
3120 5590 3258 5655 “vero
3315 5571 3459 5655 illud
3508 5578 3796 5655 duntaxat

2146 5647 2792 5728 Deuteronomiixxvnr
2834 5647 3260 5728 testimonium,
3306 5647 3461 5715 quod
3508 5649 3708 5722 utique
3739 5654 3800 5708 et

2146 5726 2446 5783 Sadducaai
2478 5723 2821 5796 reciperent,
2855 5723 3200 5789 respexisse.

2220 5787 2619 5881 (l_1)Lectum'
2664 5787 2835 5850 antea
2889 5787 3035 5864 quae,
3094 5787 3406 5851 manifesto
3437 5808 3653 5872 errore,
3697 5809 3806 5881 ρης

373 5875 430 5936 et
446 5869 703 5943 Psalmis
715 5870 988 5928 eamdem
1002 5869 1280 5926 tribuisse
1296 5869 1727 5957 auctoritatem;
1746 5869 2041 5947 siquidem
2149 5869 2321 5950 quod,
2343 5874 2445 5929 aut
2474 5869 2625 5944 quia.

704 6000 975 6071 ΡΑταοι.
1016 5995 1240 6065 XXVI.

3410 6001 3482 6067 11
