  <div class='ocr_page' id='page_1' title='image "/cluster/home/n/w/nwhite01/storage/ocr_20150623/26/umn.31951002477320a/172.png"; bbox 0 0 4304 6612; ppageno 0'>
   <div class='ocr_carea' id='block_1_1' title="bbox 351 513 480 576">
    <p class='ocr_par' dir='ltr' id='par_1_1' title="bbox 351 513 480 576">
     <span class='ocr_line' id='line_1_1' title="bbox 351 513 480 576; baseline -0.016 0"><span class='ocrx_word' id='word_1_1' title='bbox 351 513 480 576; x_wconf 83' lang='lat'>333</span> 
     </span>
    </p>
   </div>
   <div class='ocr_carea' id='block_1_2' title="bbox 1359 515 2771 581">
    <p class='ocr_par' dir='ltr' id='par_1_2' title="bbox 1359 515 2771 581">
     <span class='ocr_line' id='line_1_2' title="bbox 1359 515 2771 581; baseline 0 0"><span class='ocrx_word' id='word_1_2' title='bbox 1359 517 1873 581; x_wconf 78' lang='lat' dir='ltr'>COMMENTAR.</span> <span class='ocrx_word' id='word_1_3' title='bbox 1919 516 1999 577; x_wconf 85' lang='grc' dir='ltr'><strong>ΙΝ</strong></span> <span class='ocrx_word' id='word_1_4' title='bbox 2042 515 2292 578; x_wconf 82' lang='lat' dir='ltr'>EPIST.</span> <span class='ocrx_word' id='word_1_5' title='bbox 2336 520 2440 579; x_wconf 89' lang='lat' dir='ltr'><strong>AD</strong></span> <span class='ocrx_word' id='word_1_6' title='bbox 2487 520 2771 581; x_wconf 81' lang='lat' dir='ltr'>GALAT.</span> 
     </span>
    </p>
   </div>
   <div class='ocr_carea' id='block_1_3' title="bbox 3656 529 3775 591">
    <p class='ocr_par' dir='ltr' id='par_1_3' title="bbox 3656 529 3775 591">
     <span class='ocr_line' id='line_1_3' title="bbox 3656 529 3775 591; baseline 0.025 -3"><span class='ocrx_word' id='word_1_7' title='bbox 3656 529 3775 591; x_wconf 65' lang='lat'>334</span> 
     </span>
    </p>
   </div>
   <div class='ocr_carea' id='block_1_4' title="bbox 350 628 3776 731">
    <p class='ocr_par' dir='ltr' id='par_1_4' title="bbox 350 628 3776 731">
     <span class='ocr_line' id='line_1_4' title="bbox 350 628 3776 731; baseline 0.005 -29"><span class='ocrx_word' id='word_1_8' title='bbox 350 628 821 706; x_wconf 76' lang='lat' dir='ltr'>Commentarios</span> <span class='ocrx_word' id='word_1_9' title='bbox 851 664 985 706; x_wconf 89' lang='lat' dir='ltr'>sum</span> <span class='ocrx_word' id='word_1_10' title='bbox 1026 654 1284 708; x_wconf 88' lang='lat' dir='ltr'>secutus.</span> <span class='ocrx_word' id='word_1_11' title='bbox 1319 650 1568 725; x_wconf 76' lang='lat' dir='ltr'>Scripsit</span> <span class='ocrx_word' id='word_1_12' title='bbox 1610 651 1768 708; x_wconf 90' lang='lat' dir='ltr'>enim</span> <span class='ocrx_word' id='word_1_13' title='bbox 1798 649 1899 706; x_wconf 89' lang='lat' dir='ltr'>ille</span> <span class='ocrx_word' id='word_1_14' title='bbox 1926 649 2015 705; x_wconf 90' lang='lat' dir='ltr'>vir</span> <span class='ocrx_word' id='word_1_15' title='bbox 2042 650 2094 718; x_wconf 84' lang='grc' dir='ltr'><strong>Α</strong></span> <span class='ocrx_word' id='word_1_16' title='bbox 2126 648 2262 718; x_wconf 87' lang='lat' dir='ltr'>sita,</span> <span class='ocrx_word' id='word_1_17' title='bbox 2296 653 2352 706; x_wconf 89' lang='lat' dir='ltr'>et</span> <span class='ocrx_word' id='word_1_18' title='bbox 2381 651 2579 707; x_wconf 83' lang='lat' dir='ltr'>omnia</span> <span class='ocrx_word' id='word_1_19' title='bbox 2607 650 2708 707; x_wconf 89' lang='lat' dir='ltr'>illa</span> <span class='ocrx_word' id='word_1_20' title='bbox 2737 668 2867 724; x_wconf 73' lang='lat' dir='ltr'>quas</span> <span class='ocrx_word' id='word_1_21' title='bbox 2895 652 2955 709; x_wconf 88' lang='lat' dir='ltr'>in</span> <span class='ocrx_word' id='word_1_22' title='bbox 2975 653 3130 728; x_wconf 82' lang='lat' dir='ltr'>typis</span> <span class='ocrx_word' id='word_1_23' title='bbox 3159 656 3217 710; x_wconf 91' lang='lat' dir='ltr'>et</span> <span class='ocrx_word' id='word_1_24' title='bbox 3244 653 3603 728; x_wconf 82' lang='lat' dir='ltr'>imaginibus</span> <span class='ocrx_word' id='word_1_25' title='bbox 3633 674 3776 731; x_wconf 72' lang='lat' dir='ltr'>pras-</span> 
     </span>
    </p>
   </div>
   <div class='ocr_carea' id='block_1_5' title="bbox 347 735 2005 815">
    <p class='ocr_par' dir='ltr' id='par_1_5' title="bbox 347 735 2005 815">
     <span class='ocr_line' id='line_1_5' title="bbox 347 735 2005 815; baseline 0.002 -23"><span class='ocrx_word' id='word_1_26' title='bbox 347 736 419 793; x_wconf 87' lang='lat' dir='ltr'>in</span> <span class='ocrx_word' id='word_1_27' title='bbox 452 735 768 809; x_wconf 83' lang='lat' dir='ltr'>Epistolam</span> <span class='ocrx_word' id='word_1_28' title='bbox 819 738 985 795; x_wconf 83' lang='lat' dir='ltr'>Pauli</span> <span class='ocrx_word' id='word_1_29' title='bbox 1015 740 1088 797; x_wconf 88' lang='lat' dir='ltr'>ad</span> <span class='ocrx_word' id='word_1_30' title='bbox 1138 739 1395 808; x_wconf 81' lang='lat' dir='ltr'>Galatas,</span> <span class='ocrx_word' id='word_1_31' title='bbox 1427 740 1687 814; x_wconf 89' lang='lat' dir='ltr'>quinque</span> <span class='ocrx_word' id='word_1_32' title='bbox 1734 739 2005 815; x_wconf 70' lang='lat' dir='ltr'>proprie‘</span> 
     </span>
    </p>
   </div>
   <div class='ocr_carea' id='block_1_6' title="bbox 346 825 2006 900">
    <p class='ocr_par' dir='ltr' id='par_1_6' title="bbox 346 825 2006 900">
     <span class='ocr_line' id='line_1_6' title="bbox 346 825 2006 900; baseline 0.001 -16"><span class='ocrx_word' id='word_1_33' title='bbox 346 825 674 900; x_wconf 74' lang='lat' dir='ltr'>volumina,</span> <span class='ocrx_word' id='word_1_34' title='bbox 707 832 764 884; x_wconf 86' lang='lat' dir='ltr'>et</span> <span class='ocrx_word' id='word_1_35' title='bbox 791 828 1087 886; x_wconf 86' lang='lat' dir='ltr'>decimum</span> <span class='ocrx_word' id='word_1_36' title='bbox 1120 831 1483 888; x_wconf 84' lang='lat' dir='ltr'>Stromatum</span> <span class='ocrx_word' id='word_1_37' title='bbox 1515 846 1759 888; x_wconf 88' lang='lat' dir='ltr'>suorum</span> <span class='ocrx_word' id='word_1_38' title='bbox 1788 830 2006 887; x_wconf 90' lang='lat' dir='ltr'>librum</span> 
     </span>
    </p>
   </div>
   <div class='ocr_carea' id='block_1_7' title="bbox 318 918 2007 992">
    <p class='ocr_par' dir='ltr' id='par_1_7' title="bbox 318 918 2007 992">
     <span class='ocr_line' id='line_1_7' title="bbox 318 918 2007 992; baseline 0.002 -20"><span class='ocrx_word' id='word_1_39' title='bbox 318 956 321 961; x_wconf 65' lang='grc' dir='ltr'><em>ς</em></span> <span class='ocrx_word' id='word_1_40' title='bbox 349 918 704 974; x_wconf 85' lang='lat' dir='ltr'>oommatico</span> <span class='ocrx_word' id='word_1_41' title='bbox 734 935 913 991; x_wconf 81' lang='lat' dir='ltr'>super</span> <span class='ocrx_word' id='word_1_42' title='bbox 941 919 1353 992; x_wconf 79' lang='lat' dir='ltr'>explanatione</span> <span class='ocrx_word' id='word_1_43' title='bbox 1381 921 1512 992; x_wconf 89' lang='lat' dir='ltr'>ejus</span> <span class='ocrx_word' id='word_1_44' title='bbox 1546 937 1816 978; x_wconf 84' lang='lat' dir='ltr'>sermone</span> <span class='ocrx_word' id='word_1_45' title='bbox 1845 936 2007 976; x_wconf 89' lang='lat' dir='ltr'>com-</span> 
     </span>
    </p>
   </div>
   <div class='ocr_carea' id='block_1_8' title="bbox 346 1002 2006 1081">
    <p class='ocr_par' dir='ltr' id='par_1_8' title="bbox 346 1002 2006 1081">
     <span class='ocr_line' id='line_1_8' title="bbox 346 1002 2006 1081; baseline 0.002 -21"><span class='ocrx_word' id='word_1_46' title='bbox 346 1002 535 1077; x_wconf 90' lang='lat' dir='ltr'>plevit</span> <span class='ocrx_word' id='word_1_47' title='bbox 593 1023 606 1062; x_wconf 92' lang='lat'><strong>:</strong></span> <span class='ocrx_word' id='word_1_48' title='bbox 659 1007 968 1065; x_wconf 89' lang='lat' dir='ltr'>Tractatus</span> <span class='ocrx_word' id='word_1_49' title='bbox 1025 1024 1259 1080; x_wconf 90' lang='lat' dir='ltr'>quoque</span> <span class='ocrx_word' id='word_1_50' title='bbox 1317 1009 1529 1076; x_wconf 90' lang='lat' dir='ltr'>varios,</span> <span class='ocrx_word' id='word_1_51' title='bbox 1593 1013 1650 1064; x_wconf 90' lang='lat' dir='ltr'>et</span> <span class='ocrx_word' id='word_1_52' title='bbox 1702 1010 2006 1081; x_wconf 71' lang='lat' dir='ltr'>Excerpta,</span> 
     </span>
    </p>
   </div>
   <div class='ocr_carea' id='block_1_9' title="bbox 347 1094 2006 1170">
    <p class='ocr_par' dir='ltr' id='par_1_9' title="bbox 347 1094 2006 1170">
     <span class='ocr_line' id='line_1_9' title="bbox 347 1094 2006 1170; baseline 0.001 -20"><span class='ocrx_word' id='word_1_53' title='bbox 347 1109 483 1167; x_wconf 65' lang='lat' dir='ltr'>qua:</span> <span class='ocrx_word' id='word_1_54' title='bbox 510 1094 599 1152; x_wconf 89' lang='lat' dir='ltr'>vel</span> <span class='ocrx_word' id='word_1_55' title='bbox 648 1095 774 1153; x_wconf 89' lang='lat' dir='ltr'>sola</span> <span class='ocrx_word' id='word_1_56' title='bbox 820 1098 1051 1170; x_wconf 85' lang='lat' dir='ltr'>possint</span> <span class='ocrx_word' id='word_1_57' title='bbox 1090 1096 1198 1168; x_wconf 75' lang='grc' dir='ltr'>[ΑΙ.</span> <span class='ocrx_word' id='word_1_58' title='bbox 1233 1098 1495 1168; x_wconf 82' lang='lat' dir='ltr'>possent]</span> <span class='ocrx_word' id='word_1_59' title='bbox 1527 1098 1815 1169; x_wconf 78' lang='lat' dir='ltr'>sufﬁcere,</span> <span class='ocrx_word' id='word_1_60' title='bbox 1849 1114 2006 1153; x_wconf 89' lang='lat' dir='ltr'>com-</span> 
     </span>
    </p>
   </div>
   <div class='ocr_carea' id='block_1_10' title="bbox 344 1184 2005 1258">
    <p class='ocr_par' dir='ltr' id='par_1_10' title="bbox 344 1184 2005 1258">
     <span class='ocr_line' id='line_1_10' title="bbox 344 1184 2005 1258; baseline 0.001 -17"><span class='ocrx_word' id='word_1_61' title='bbox 344 1184 568 1256; x_wconf 81' lang='lat' dir='ltr'>posuit.</span> <span class='ocrx_word' id='word_1_62' title='bbox 622 1186 1008 1242; x_wconf 75' lang='lat' dir='ltr'>Praetermitto</span> <span class='ocrx_word' id='word_1_63' title='bbox 1065 1186 1401 1258; x_wconf 86' lang='lat' dir='ltr'>Didymum,</span> <span class='ocrx_word' id='word_1_64' title='bbox 1445 1187 1735 1243; x_wconf 80' lang='lat' dir='ltr'>videntem</span> <span class='ocrx_word' id='word_1_65' title='bbox 1785 1203 2005 1256; x_wconf 91' lang='lat' dir='ltr'>meum,</span> 
     </span>
    </p>
   </div>
   <div class='ocr_carea' id='block_1_11' title="bbox 343 1273 2008 1347">
    <p class='ocr_par' dir='ltr' id='par_1_11' title="bbox 343 1273 2008 1347">
     <span class='ocr_line' id='line_1_11' title="bbox 343 1273 2008 1347; baseline 0.002 -19"><span class='ocrx_word' id='word_1_66' title='bbox 343 1277 411 1328; x_wconf 75' lang='lat' dir='ltr'>et</span> <span class='ocrx_word' id='word_1_67' title='bbox 462 1273 855 1330; x_wconf 86' lang='lat' dir='ltr'>Laodicenum</span> <span class='ocrx_word' id='word_1_68' title='bbox 911 1273 1353 1347; x_wconf 81' lang='lat' dir='ltr'>(Apollinarem)</span> <span class='ocrx_word' id='word_1_69' title='bbox 1386 1275 1457 1330; x_wconf 89' lang='lat' dir='ltr'>de</span> <span class='ocrx_word' id='word_1_70' title='bbox 1507 1275 1764 1331; x_wconf 88' lang='lat' dir='ltr'>Ecclesia</span> <span class='ocrx_word' id='word_1_71' title='bbox 1820 1291 2008 1346; x_wconf 80' lang='lat' dir='ltr'>nuper</span> 
     </span>
    </p>
   </div>
   <div class='ocr_carea' id='block_1_12' title="bbox 341 1362 2006 1436">
    <p class='ocr_par' dir='ltr' id='par_1_12' title="bbox 341 1362 2006 1436">
     <span class='ocr_line' id='line_1_12' title="bbox 341 1362 2006 1436; baseline 0.001 -19"><span class='ocrx_word' id='word_1_72' title='bbox 341 1375 677 1436; x_wconf 87' lang='lat' dir='ltr'>egressum,</span> <span class='ocrx_word' id='word_1_73' title='bbox 711 1367 768 1420; x_wconf 93' lang='lat' dir='ltr'>et</span> <span class='ocrx_word' id='word_1_74' title='bbox 793 1362 1190 1421; x_wconf 83' lang='lat' dir='ltr'>Alexandrum</span> <span class='ocrx_word' id='word_1_75' title='bbox 1225 1368 1478 1420; x_wconf 87' lang='lat' dir='ltr'>veterem</span> <span class='ocrx_word' id='word_1_76' title='bbox 1508 1363 1868 1431; x_wconf 74' lang='lat' dir='ltr'>haereticum,</span> <span class='ocrx_word' id='word_1_77' title='bbox 1892 1365 2006 1420; x_wconf 89' lang='lat' dir='ltr'>Eu-</span> 
     </span>
    </p>
   </div>
   <div class='ocr_carea' id='block_1_13' title="bbox 340 1452 2006 1525">
    <p class='ocr_par' dir='ltr' id='par_1_13' title="bbox 340 1452 2006 1525">
     <span class='ocr_line' id='line_1_13' title="bbox 340 1452 2006 1525; baseline 0 -17"><span class='ocrx_word' id='word_1_78' title='bbox 340 1452 583 1509; x_wconf 87' lang='lat' dir='ltr'>sebium</span> <span class='ocrx_word' id='word_1_79' title='bbox 632 1467 866 1525; x_wconf 88' lang='lat' dir='ltr'>quoque</span> <span class='ocrx_word' id='word_1_80' title='bbox 912 1452 1286 1521; x_wconf 90' lang='lat' dir='ltr'>Emesenum,</span> <span class='ocrx_word' id='word_1_81' title='bbox 1318 1457 1373 1509; x_wconf 89' lang='lat' dir='ltr'>et</span> <span class='ocrx_word' id='word_1_82' title='bbox 1405 1453 1779 1510; x_wconf 81' lang='lat' dir='ltr'>Theodorum</span> <span class='ocrx_word' id='word_1_83' title='bbox 1830 1452 2006 1509; x_wconf 84' lang='lat' dir='ltr'>Hera-</span> 
     </span>
    </p>
   </div>
   <div class='ocr_carea' id='block_1_14' title="bbox 340 1540 2006 1615">
    <p class='ocr_par' dir='ltr' id='par_1_14' title="bbox 340 1540 2006 1615">
     <span class='ocr_line' id='line_1_14' title="bbox 340 1540 2006 1615; baseline 0.001 -18"><span class='ocrx_word' id='word_1_84' title='bbox 340 1540 599 1610; x_wconf 89' lang='lat' dir='ltr'>cleoten,</span> <span class='ocrx_word' id='word_1_85' title='bbox 633 1541 734 1614; x_wconf 86' lang='lat' dir='ltr'>qui</span> <span class='ocrx_word' id='word_1_86' title='bbox 764 1546 823 1598; x_wconf 90' lang='lat' dir='ltr'>et</span> <span class='ocrx_word' id='word_1_87' title='bbox 866 1542 978 1615; x_wconf 89' lang='lat' dir='ltr'>ipsi</span> <span class='ocrx_word' id='word_1_88' title='bbox 1007 1541 1323 1599; x_wconf 89' lang='lat' dir='ltr'>nonnullos</span> <span class='ocrx_word' id='word_1_89' title='bbox 1371 1560 1548 1615; x_wconf 85' lang='lat' dir='ltr'>super</span> <span class='ocrx_word' id='word_1_90' title='bbox 1594 1543 1717 1599; x_wconf 64' lang='lat' dir='ltr'>haec</span> <span class='ocrx_word' id='word_1_91' title='bbox 1747 1559 1809 1599; x_wconf 90' lang='lat' dir='ltr'>re</span> <span class='ocrx_word' id='word_1_92' title='bbox 1838 1545 2006 1599; x_wconf 87' lang='lat' dir='ltr'>Com-</span> 
     </span>
    </p>
   </div>
   <div class='ocr_carea' id='block_1_15' title="bbox 338 1630 2007 1705">
    <p class='ocr_par' dir='ltr' id='par_1_15' title="bbox 338 1630 2007 1705">
     <span class='ocr_line' id='line_1_15' title="bbox 338 1630 2007 1705; baseline 0.001 -19"><span class='ocrx_word' id='word_1_93' title='bbox 338 1630 733 1688; x_wconf 84' lang='lat' dir='ltr'>mentariolos</span> <span class='ocrx_word' id='word_1_94' title='bbox 752 1630 860 1705; x_wconf 70' lang='grc' dir='ltr'>με.</span> <span class='ocrx_word' id='word_1_95' title='bbox 885 1632 1371 1704; x_wconf 85' lang='lat' dir='ltr'>Commentarios]</span> <span class='ocrx_word' id='word_1_96' title='bbox 1403 1632 1784 1705; x_wconf 90' lang='lat' dir='ltr'>reliquerunt.</span> <span class='ocrx_word' id='word_1_97' title='bbox 1810 1633 1853 1688; x_wconf 88' lang='lat' dir='ltr'>E</span> <span class='ocrx_word' id='word_1_98' title='bbox 1883 1632 2007 1704; x_wconf 89' lang='lat' dir='ltr'>qui-</span> 
     </span>
    </p>
   </div>
   <div class='ocr_carea' id='block_1_16' title="bbox 338 1719 2002 1796">
    <p class='ocr_par' dir='ltr' id='par_1_16' title="bbox 338 1719 2002 1796">
     <span class='ocr_line' id='line_1_16' title="bbox 338 1719 2002 1796; baseline 0.002 -21"><span class='ocrx_word' id='word_1_99' title='bbox 338 1719 461 1776; x_wconf 87' lang='lat' dir='ltr'>bus</span> <span class='ocrx_word' id='word_1_100' title='bbox 505 1720 553 1785; x_wconf 87' lang='lat' dir='ltr'>si</span> <span class='ocrx_word' id='word_1_101' title='bbox 583 1719 671 1777; x_wconf 86' lang='lat' dir='ltr'>vel</span> <span class='ocrx_word' id='word_1_102' title='bbox 719 1738 907 1795; x_wconf 90' lang='lat' dir='ltr'>pauca</span> <span class='ocrx_word' id='word_1_103' title='bbox 955 1722 1348 1795; x_wconf 86' lang='lat' dir='ltr'>decerpercm,</span> <span class='ocrx_word' id='word_1_104' title='bbox 1380 1723 1546 1780; x_wconf 91' lang='lat' dir='ltr'>ﬁeret</span> <span class='ocrx_word' id='word_1_105' title='bbox 1588 1721 1815 1796; x_wconf 87' lang='lat' dir='ltr'>aliquid</span> <span class='ocrx_word' id='word_1_106' title='bbox 1847 1722 2002 1795; x_wconf 91' lang='lat' dir='ltr'>quod</span> 
     </span>
    </p>
   </div>
   <div class='ocr_carea' id='block_1_17' title="bbox 338 1809 2006 1886">
    <p class='ocr_par' dir='ltr' id='par_1_17' title="bbox 338 1809 2006 1886">
     <span class='ocr_line' id='line_1_17' title="bbox 338 1809 2006 1886; baseline 0.002 -22"><span class='ocrx_word' id='word_1_107' title='bbox 338 1824 467 1865; x_wconf 88' lang='lat' dir='ltr'>non</span> <span class='ocrx_word' id='word_1_108' title='bbox 499 1809 735 1883; x_wconf 85' lang='lat' dir='ltr'>penitus</span> <span class='ocrx_word' id='word_1_109' title='bbox 783 1814 1274 1869; x_wconf 83' lang='lat' dir='ltr'>contemneretur.</span> <span class='ocrx_word' id='word_1_110' title='bbox 1300 1813 1506 1886; x_wconf 84' lang='lat' dir='ltr'>Itaque</span> <span class='ocrx_word' id='word_1_111' title='bbox 1551 1816 1618 1869; x_wconf 91' lang='lat' dir='ltr'>ut</span> <span class='ocrx_word' id='word_1_112' title='bbox 1658 1810 2006 1884; x_wconf 85' lang='lat' dir='ltr'>simpliciter</span> 
     </span>
    </p>
   </div>
   <div class='ocr_carea' id='block_1_18' title="bbox 338 1898 2005 1974">
    <p class='ocr_par' dir='ltr' id='par_1_18' title="bbox 338 1898 2005 1974">
     <span class='ocr_line' id='line_1_18' title="bbox 338 1898 2005 1974; baseline 0.002 -20"><span class='ocrx_word' id='word_1_113' title='bbox 338 1898 553 1972; x_wconf 80' lang='lat' dir='ltr'>fatear,</span> <span class='ocrx_word' id='word_1_114' title='bbox 584 1898 701 1972; x_wconf 92' lang='lat' dir='ltr'>legi</span> <span class='ocrx_word' id='word_1_115' title='bbox 745 1899 867 1956; x_wconf 62' lang='lat' dir='ltr'>haec</span> <span class='ocrx_word' id='word_1_116' title='bbox 897 1898 1115 1970; x_wconf 89' lang='lat' dir='ltr'>omnia,</span> <span class='ocrx_word' id='word_1_117' title='bbox 1147 1904 1204 1957; x_wconf 91' lang='lat' dir='ltr'>et</span> <span class='ocrx_word' id='word_1_118' title='bbox 1232 1900 1292 1957; x_wconf 91' lang='lat' dir='ltr'>in</span> <span class='ocrx_word' id='word_1_119' title='bbox 1324 1904 1517 1958; x_wconf 88' lang='lat' dir='ltr'>mente</span> <span class='ocrx_word' id='word_1_120' title='bbox 1567 1918 1699 1958; x_wconf 87' lang='lat' dir='ltr'>mea</span> <span class='ocrx_word' id='word_1_121' title='bbox 1748 1900 2005 1974; x_wconf 87' lang='lat' dir='ltr'>plurima</span> 
     </span>
    </p>
   </div>
   <div class='ocr_carea' id='block_1_19' title="bbox 336 1988 2082 2093">
    <p class='ocr_par' dir='ltr' id='par_1_19' title="bbox 336 1988 2082 2093">
     <span class='ocr_line' id='line_1_19' title="bbox 336 1988 2082 2093; baseline 0.002 -50"><span class='ocrx_word' id='word_1_122' title='bbox 336 2003 717 2058; x_wconf 85' lang='lat' dir='ltr'>coacervans,</span> <span class='ocrx_word' id='word_1_123' title='bbox 775 1989 958 2046; x_wconf 89' lang='lat' dir='ltr'>accito</span> <span class='ocrx_word' id='word_1_124' title='bbox 1016 1990 1265 2059; x_wconf 89' lang='lat' dir='ltr'>notario,</span> <span class='ocrx_word' id='word_1_125' title='bbox 1318 1989 1405 2046; x_wconf 87' lang='lat' dir='ltr'>vel</span> <span class='ocrx_word' id='word_1_126' title='bbox 1463 2007 1614 2058; x_wconf 88' lang='lat' dir='ltr'>mea,</span> <span class='ocrx_word' id='word_1_127' title='bbox 1664 1989 1753 2046; x_wconf 87' lang='lat' dir='ltr'>vel</span> <span class='ocrx_word' id='word_1_128' title='bbox 1812 1988 2004 2047; x_wconf 87' lang='lat' dir='ltr'>aliena</span> <span class='ocrx_word' id='word_1_129' title='bbox 2034 2028 2082 2093; x_wconf 83' lang='lat' dir='ltr'><strong>B</strong></span> 
     </span>
    </p>
   </div>
   <div class='ocr_carea' id='block_1_20' title="bbox 337 2076 2005 2151">
    <p class='ocr_par' dir='ltr' id='par_1_20' title="bbox 337 2076 2005 2151">
     <span class='ocr_line' id='line_1_20' title="bbox 337 2076 2005 2151; baseline 0.002 -19"><span class='ocrx_word' id='word_1_130' title='bbox 337 2076 582 2148; x_wconf 87' lang='lat' dir='ltr'>dictavi,</span> <span class='ocrx_word' id='word_1_131' title='bbox 617 2095 724 2135; x_wconf 90' lang='lat' dir='ltr'>nec</span> <span class='ocrx_word' id='word_1_132' title='bbox 768 2079 1011 2151; x_wconf 86' lang='lat' dir='ltr'>ordinis,</span> <span class='ocrx_word' id='word_1_133' title='bbox 1043 2096 1152 2135; x_wconf 89' lang='lat' dir='ltr'>nec</span> <span class='ocrx_word' id='word_1_134' title='bbox 1187 2080 1499 2136; x_wconf 88' lang='lat' dir='ltr'>verborum</span> <span class='ocrx_word' id='word_1_135' title='bbox 1547 2078 1865 2149; x_wconf 86' lang='lat' dir='ltr'>interdum,</span> <span class='ocrx_word' id='word_1_136' title='bbox 1898 2096 2005 2136; x_wconf 91' lang='lat' dir='ltr'>nec</span> 
     </span>
    </p>
   </div>
   <div class='ocr_carea' id='block_1_21' title="bbox 337 2168 2002 2226">
    <p class='ocr_par' dir='ltr' id='par_1_21' title="bbox 337 2168 2002 2226">
     <span class='ocr_line' id='line_1_21' title="bbox 337 2168 2002 2226; baseline 0 -2"><span class='ocrx_word' id='word_1_137' title='bbox 337 2184 633 2225; x_wconf 87' lang='lat' dir='ltr'>sensuum</span> <span class='ocrx_word' id='word_1_138' title='bbox 665 2169 1009 2225; x_wconf 86' lang='lat' dir='ltr'>memoriam</span> <span class='ocrx_word' id='word_1_139' title='bbox 1032 2168 1054 2203; x_wconf 80' lang='grc'>²</span> <span class='ocrx_word' id='word_1_140' title='bbox 1093 2172 1410 2226; x_wconf 88' lang='lat' dir='ltr'>retentans.</span> <span class='ocrx_word' id='word_1_141' title='bbox 1442 2168 1474 2225; x_wconf 89' lang='lat' dir='ltr'><strong>J</strong></span> <span class='ocrx_word' id='word_1_142' title='bbox 1482 2186 1578 2226; x_wconf 90' lang='lat' dir='ltr'>am</span> <span class='ocrx_word' id='word_1_143' title='bbox 1607 2168 1843 2226; x_wconf 78' lang='lat' dir='ltr'>Domini</span> <span class='ocrx_word' id='word_1_144' title='bbox 1872 2173 2002 2225; x_wconf 90' lang='lat' dir='ltr'>tan-</span> 
     </span>
    </p>
   </div>
   <div class='ocr_carea' id='block_1_22' title="bbox 334 2256 1999 2332">
    <p class='ocr_par' dir='ltr' id='par_1_22' title="bbox 334 2256 1999 2332">
     <span class='ocr_line' id='line_1_22' title="bbox 334 2256 1999 2332; baseline 0.001 -20"><span class='ocrx_word' id='word_1_145' title='bbox 334 2260 475 2314; x_wconf 87' lang='lat' dir='ltr'>tum</span> <span class='ocrx_word' id='word_1_146' title='bbox 507 2256 915 2316; x_wconf 78' lang='lat' dir='ltr'>misericordiae</span> <span class='ocrx_word' id='word_1_147' title='bbox 952 2262 1065 2327; x_wconf 87' lang='lat' dir='ltr'>est,</span> <span class='ocrx_word' id='word_1_148' title='bbox 1098 2275 1169 2315; x_wconf 90' lang='lat' dir='ltr'>ne</span> <span class='ocrx_word' id='word_1_149' title='bbox 1202 2275 1304 2332; x_wconf 90' lang='lat' dir='ltr'>per</span> <span class='ocrx_word' id='word_1_150' title='bbox 1348 2258 1706 2332; x_wconf 88' lang='lat' dir='ltr'>imperitiam</span> <span class='ocrx_word' id='word_1_151' title='bbox 1738 2261 1999 2315; x_wconf 90' lang='lat' dir='ltr'>nostram</span> 
     </span>
    </p>
   </div>
   <div class='ocr_carea' id='block_1_23' title="bbox 335 2344 2002 2421">
    <p class='ocr_par' dir='ltr' id='par_1_23' title="bbox 335 2344 2002 2421">
     <span class='ocr_line' id='line_1_23' title="bbox 335 2344 2002 2421; baseline 0.002 -20"><span class='ocrx_word' id='word_1_152' title='bbox 335 2346 419 2401; x_wconf 86' lang='lat' dir='ltr'>ab</span> <span class='ocrx_word' id='word_1_153' title='bbox 452 2344 582 2403; x_wconf 89' lang='lat' dir='ltr'>aliis</span> <span class='ocrx_word' id='word_1_154' title='bbox 611 2347 760 2403; x_wconf 90' lang='lat' dir='ltr'>bene</span> <span class='ocrx_word' id='word_1_155' title='bbox 791 2346 952 2404; x_wconf 90' lang='lat' dir='ltr'>dicta</span> <span class='ocrx_word' id='word_1_156' title='bbox 974 2347 1335 2420; x_wconf 89' lang='lat' dir='ltr'>dispereant,</span> <span class='ocrx_word' id='word_1_157' title='bbox 1368 2353 1423 2404; x_wconf 89' lang='lat' dir='ltr'>et</span> <span class='ocrx_word' id='word_1_158' title='bbox 1454 2364 1569 2404; x_wconf 90' lang='lat' dir='ltr'>non</span> <span class='ocrx_word' id='word_1_159' title='bbox 1611 2348 1882 2421; x_wconf 88' lang='lat' dir='ltr'>placeant</span> <span class='ocrx_word' id='word_1_160' title='bbox 1911 2349 2002 2405; x_wconf 92' lang='lat' dir='ltr'>in-</span> 
     </span>
    </p>
   </div>
   <div class='ocr_carea' id='block_1_24' title="bbox 334 2435 2003 2510">
    <p class='ocr_par' dir='ltr' id='par_1_24' title="bbox 334 2435 2003 2510">
     <span class='ocr_line' id='line_1_24' title="bbox 334 2435 2003 2510; baseline 0.001 -19"><span class='ocrx_word' id='word_1_161' title='bbox 334 2439 438 2492; x_wconf 87' lang='lat' dir='ltr'>ter</span> <span class='ocrx_word' id='word_1_162' title='bbox 457 2440 787 2505; x_wconf 86' lang='lat' dir='ltr'>extraneos,</span> <span class='ocrx_word' id='word_1_163' title='bbox 812 2453 939 2510; x_wconf 61' lang='lat' dir='ltr'>quae</span> <span class='ocrx_word' id='word_1_164' title='bbox 960 2436 1193 2509; x_wconf 89' lang='lat' dir='ltr'>placent</span> <span class='ocrx_word' id='word_1_165' title='bbox 1212 2435 1366 2493; x_wconf 83' lang='lat' dir='ltr'>inter</span> <span class='ocrx_word' id='word_1_166' title='bbox 1385 2453 1545 2494; x_wconf 91' lang='lat' dir='ltr'>suos.</span> <span class='ocrx_word' id='word_1_167' title='bbox 1568 2441 2003 2509; x_wconf 85' lang='lat' dir='ltr'>Argumentum</span> 
     </span>
    </p>
   </div>
   <div class='ocr_carea' id='block_1_25' title="bbox 333 2524 2001 2599">
    <p class='ocr_par' dir='ltr' id='par_1_25' title="bbox 333 2524 2001 2599">
     <span class='ocr_line' id='line_1_25' title="bbox 333 2524 2001 2599; baseline 0.001 -19"><span class='ocrx_word' id='word_1_168' title='bbox 333 2524 547 2598; x_wconf 88' lang='lat' dir='ltr'>itaque</span> <span class='ocrx_word' id='word_1_169' title='bbox 596 2524 870 2599; x_wconf 82' lang='lat' dir='ltr'>Epistolas</span> <span class='ocrx_word' id='word_1_170' title='bbox 930 2525 1109 2598; x_wconf 87' lang='lat' dir='ltr'>hujus</span> <span class='ocrx_word' id='word_1_171' title='bbox 1167 2525 1418 2582; x_wconf 87' lang='lat' dir='ltr'>breviter</span> <span class='ocrx_word' id='word_1_172' title='bbox 1477 2526 2001 2599; x_wconf 88' lang='lat' dir='ltr'>comprehendens,</span> 
     </span>
    </p>
   </div>
   <div class='ocr_carea' id='block_1_26' title="bbox 338 2614 2003 2689">
    <p class='ocr_par' dir='ltr' id='par_1_26' title="bbox 338 2614 2003 2689">
     <span class='ocr_line' id='line_1_26' title="bbox 338 2614 2003 2689; baseline 0.001 -19"><span class='ocrx_word' id='word_1_173' title='bbox 338 2614 473 2671; x_wconf 82' lang='lat' dir='ltr'>haec</span> <span class='ocrx_word' id='word_1_174' title='bbox 521 2615 862 2689; x_wconf 69' lang='lat' dir='ltr'>praefatione</span> <span class='ocrx_word' id='word_1_175' title='bbox 919 2631 1262 2672; x_wconf 89' lang='lat' dir='ltr'>commoneo</span> <span class='ocrx_word' id='word_1_176' title='bbox 1282 2615 1324 2686; x_wconf 72' lang='lat'>3,</span> <span class='ocrx_word' id='word_1_177' title='bbox 1357 2620 1423 2671; x_wconf 91' lang='lat' dir='ltr'>ut</span> <span class='ocrx_word' id='word_1_178' title='bbox 1478 2615 1677 2672; x_wconf 88' lang='lat' dir='ltr'>sciatis</span> <span class='ocrx_word' id='word_1_179' title='bbox 1735 2615 2003 2671; x_wconf 89' lang='lat' dir='ltr'>eamdem</span> 
     </span>
    </p>
   </div>
   <div class='ocr_carea' id='block_1_27' title="bbox 336 2699 2003 2778">
    <p class='ocr_par' dir='ltr' id='par_1_27' title="bbox 336 2699 2003 2778">
     <span class='ocr_line' id='line_1_27' title="bbox 336 2699 2003 2778; baseline 0 -17"><span class='ocrx_word' id='word_1_180' title='bbox 336 2720 477 2761; x_wconf 88' lang='lat' dir='ltr'>esse</span> <span class='ocrx_word' id='word_1_181' title='bbox 507 2704 815 2762; x_wconf 87' lang='lat' dir='ltr'>materiam</span> <span class='ocrx_word' id='word_1_182' title='bbox 838 2708 897 2761; x_wconf 89' lang='lat' dir='ltr'>et</span> <span class='ocrx_word' id='word_1_183' title='bbox 916 2703 1187 2778; x_wconf 80' lang='lat' dir='ltr'>Epistolas</span> <span class='ocrx_word' id='word_1_184' title='bbox 1211 2699 1376 2762; x_wconf 82' lang='lat' dir='ltr'>Pauli</span> <span class='ocrx_word' id='word_1_185' title='bbox 1404 2706 1477 2762; x_wconf 89' lang='lat' dir='ltr'>ad</span> <span class='ocrx_word' id='word_1_186' title='bbox 1510 2705 1762 2773; x_wconf 82' lang='lat' dir='ltr'>Galatas,</span> <span class='ocrx_word' id='word_1_187' title='bbox 1788 2708 1845 2761; x_wconf 88' lang='lat' dir='ltr'>et</span> <span class='ocrx_word' id='word_1_188' title='bbox 1876 2722 2003 2778; x_wconf 66' lang='lat' dir='ltr'>qua:</span> 
     </span>
    </p>
   </div>
   <div class='ocr_carea' id='block_1_28' title="bbox 343 2793 2006 2867">
    <p class='ocr_par' dir='ltr' id='par_1_28' title="bbox 343 2793 2006 2867">
     <span class='ocr_line' id='line_1_28' title="bbox 343 2793 2006 2867; baseline 0.001 -19"><span class='ocrx_word' id='word_1_189' title='bbox 343 2794 422 2849; x_wconf 89' lang='lat' dir='ltr'>ad</span> <span class='ocrx_word' id='word_1_190' title='bbox 471 2796 769 2851; x_wconf 86' lang='lat' dir='ltr'>Romanos</span> <span class='ocrx_word' id='word_1_191' title='bbox 817 2793 1037 2867; x_wconf 87' lang='lat' dir='ltr'>scripta</span> <span class='ocrx_word' id='word_1_192' title='bbox 1091 2798 1198 2851; x_wconf 88' lang='lat' dir='ltr'>est.</span> <span class='ocrx_word' id='word_1_193' title='bbox 1232 2794 1343 2851; x_wconf 87' lang='lat' dir='ltr'>Sed</span> <span class='ocrx_word' id='word_1_194' title='bbox 1402 2795 1511 2851; x_wconf 90' lang='lat' dir='ltr'>hoc</span> <span class='ocrx_word' id='word_1_195' title='bbox 1564 2795 1795 2851; x_wconf 82' lang='lat' dir='ltr'>diﬂ‘erre</span> <span class='ocrx_word' id='word_1_196' title='bbox 1850 2794 2006 2850; x_wconf 90' lang='lat' dir='ltr'>inter</span> 
     </span>
    </p>
   </div>
   <div class='ocr_carea' id='block_1_29' title="bbox 337 2882 2005 2957">
    <p class='ocr_par' dir='ltr' id='par_1_29' title="bbox 337 2882 2005 2957">
     <span class='ocr_line' id='line_1_29' title="bbox 337 2882 2005 2957; baseline 0 -18"><span class='ocrx_word' id='word_1_197' title='bbox 337 2887 677 2953; x_wconf 88' lang='lat' dir='ltr'>utramque,</span> <span class='ocrx_word' id='word_1_198' title='bbox 713 2884 868 2955; x_wconf 91' lang='lat' dir='ltr'>quod</span> <span class='ocrx_word' id='word_1_199' title='bbox 900 2884 960 2939; x_wconf 91' lang='lat' dir='ltr'>in</span> <span class='ocrx_word' id='word_1_200' title='bbox 994 2883 1094 2940; x_wconf 90' lang='lat' dir='ltr'>illa</span> <span class='ocrx_word' id='word_1_201' title='bbox 1138 2882 1327 2940; x_wconf 89' lang='lat' dir='ltr'>altiori</span> <span class='ocrx_word' id='word_1_202' title='bbox 1372 2900 1550 2941; x_wconf 90' lang='lat' dir='ltr'>sensu</span> <span class='ocrx_word' id='word_1_203' title='bbox 1581 2887 1639 2940; x_wconf 89' lang='lat' dir='ltr'>et</span> <span class='ocrx_word' id='word_1_204' title='bbox 1667 2883 2005 2957; x_wconf 83' lang='lat' dir='ltr'>profundio-</span> 
     </span>
    </p>
   </div>
   <div class='ocr_carea' id='block_1_30' title="bbox 335 2971 2002 3047">
    <p class='ocr_par' dir='ltr' id='par_1_30' title="bbox 335 2971 2002 3047">
     <span class='ocr_line' id='line_1_30' title="bbox 335 2971 2002 3047; baseline -0.001 -18"><span class='ocrx_word' id='word_1_205' title='bbox 335 2971 515 3029; x_wconf 84' lang='lat' dir='ltr'>ribus</span> <span class='ocrx_word' id='word_1_206' title='bbox 543 2989 690 3029; x_wconf 90' lang='lat' dir='ltr'>usus</span> <span class='ocrx_word' id='word_1_207' title='bbox 731 2976 821 3030; x_wconf 87' lang='lat' dir='ltr'>est</span> <span class='ocrx_word' id='word_1_208' title='bbox 849 2972 1232 3047; x_wconf 86' lang='lat' dir='ltr'>argumentis,</span> <span class='ocrx_word' id='word_1_209' title='bbox 1264 2973 1359 3030; x_wconf 89' lang='lat' dir='ltr'>hic</span> <span class='ocrx_word' id='word_1_210' title='bbox 1391 2975 1560 3046; x_wconf 89' lang='lat' dir='ltr'>quasi</span> <span class='ocrx_word' id='word_1_211' title='bbox 1590 2974 1662 3030; x_wconf 87' lang='lat' dir='ltr'>ad</span> <span class='ocrx_word' id='word_1_212' title='bbox 1711 2990 1811 3030; x_wconf 91' lang='lat' dir='ltr'>eos</span> <span class='ocrx_word' id='word_1_213' title='bbox 1859 2972 2002 3030; x_wconf 83' lang='lat' dir='ltr'>scri-</span> 
     </span>
    </p>
   </div>
   <div class='ocr_carea' id='block_1_31' title="bbox 338 3062 2001 3136">
    <p class='ocr_par' dir='ltr' id='par_1_31' title="bbox 338 3062 2001 3136">
     <span class='ocr_line' id='line_1_31' title="bbox 338 3062 2001 3136; baseline -0.001 -17"><span class='ocrx_word' id='word_1_214' title='bbox 338 3062 517 3133; x_wconf 81' lang='lat' dir='ltr'>bene,</span> <span class='ocrx_word' id='word_1_215' title='bbox 551 3062 621 3119; x_wconf 89' lang='lat' dir='ltr'>de</span> <span class='ocrx_word' id='word_1_216' title='bbox 660 3062 877 3135; x_wconf 89' lang='lat' dir='ltr'>quibus</span> <span class='ocrx_word' id='word_1_217' title='bbox 924 3063 984 3119; x_wconf 90' lang='lat' dir='ltr'>in</span> <span class='ocrx_word' id='word_1_218' title='bbox 1033 3063 1531 3136; x_wconf 87' lang='lat' dir='ltr'>consequentibus</span> <span class='ocrx_word' id='word_1_219' title='bbox 1581 3063 1662 3119; x_wconf 86' lang='lat' dir='ltr'>ait</span> <span class='ocrx_word' id='word_1_220' title='bbox 1693 3081 1706 3118; x_wconf 90' lang='lat'>:</span> <span class='ocrx_word' id='word_1_221' title='bbox 1743 3063 1782 3119; x_wconf 93' lang='lat'><em>0</em></span> <span class='ocrx_word' id='word_1_222' title='bbox 1813 3064 2001 3119; x_wconf 80' lang='lat' dir='ltr'>insen-</span> 
     </span>
    </p>
   </div>
   <div class='ocr_carea' id='block_1_32' title="bbox 335 3148 2004 3226">
    <p class='ocr_par' dir='ltr' id='par_1_32' title="bbox 335 3148 2004 3226">
     <span class='ocr_line' id='line_1_32' title="bbox 335 3148 2004 3226; baseline -0.001 -17"><span class='ocrx_word' id='word_1_223' title='bbox 335 3152 458 3209; x_wconf 80' lang='lat' dir='ltr'>sati</span> <span class='ocrx_word' id='word_1_224' title='bbox 487 3148 707 3210; x_wconf 57' lang='lat' dir='ltr'>Galam</span> <span class='ocrx_word' id='word_1_225' title='bbox 757 3153 971 3223; x_wconf 81' lang='lat' dir='ltr'>(Galat.</span> <span class='ocrx_word' id='word_1_226' title='bbox 1006 3170 1092 3222; x_wconf 78' lang='grc' dir='ltr'>ΠΙ,</span> <span class='ocrx_word' id='word_1_227' title='bbox 1127 3151 1212 3226; x_wconf 79' lang='lat'>1)!</span> <span class='ocrx_word' id='word_1_228' title='bbox 1246 3156 1314 3209; x_wconf 87' lang='lat' dir='ltr'>Et</span> <span class='ocrx_word' id='word_1_229' title='bbox 1344 3171 1357 3209; x_wconf 90' lang='lat'><strong>:</strong></span> <span class='ocrx_word' id='word_1_230' title='bbox 1392 3152 1482 3209; x_wconf 84' lang='lat' dir='ltr'>Sic</span> <span class='ocrx_word' id='word_1_231' title='bbox 1509 3153 1830 3225; x_wconf 77' lang='lat' dir='ltr'>insipientes</span> <span class='ocrx_word' id='word_1_232' title='bbox 1877 3155 2004 3208; x_wconf 80' lang='lat' dir='ltr'>estis</span> 
     </span>
    </p>
   </div>
   <div class='ocr_carea' id='block_1_33' title="bbox 338 3238 2005 3314">
    <p class='ocr_par' dir='ltr' id='par_1_33' title="bbox 338 3238 2005 3314">
     <span class='ocr_line' id='line_1_33' title="bbox 338 3238 2005 3314; baseline 0 -17"><span class='ocrx_word' id='word_1_233' title='bbox 338 3241 505 3312; x_wconf 79' lang='lat' dir='ltr'>(ibid.</span> <span class='ocrx_word' id='word_1_234' title='bbox 531 3238 609 3312; x_wconf 85' lang='lat'>3),</span> <span class='ocrx_word' id='word_1_235' title='bbox 630 3240 736 3299; x_wconf 85' lang='lat' dir='ltr'>tali</span> <span class='ocrx_word' id='word_1_236' title='bbox 761 3257 824 3298; x_wconf 91' lang='lat' dir='ltr'>se</span> <span class='ocrx_word' id='word_1_237' title='bbox 847 3258 1120 3299; x_wconf 89' lang='lat' dir='ltr'>sermone</span> <span class='ocrx_word' id='word_1_238' title='bbox 1147 3242 1489 3299; x_wconf 89' lang='lat' dir='ltr'>moderatus</span> <span class='ocrx_word' id='word_1_239' title='bbox 1510 3246 1618 3311; x_wconf 91' lang='lat' dir='ltr'>est,</span> <span class='ocrx_word' id='word_1_240' title='bbox 1635 3242 1791 3314; x_wconf 90' lang='lat' dir='ltr'>quod</span> <span class='ocrx_word' id='word_1_241' title='bbox 1825 3241 2005 3297; x_wconf 86' lang='lat' dir='ltr'>i&#39;ncre—</span> 
     </span>
    </p>
   </div>
   <div class='ocr_carea' id='block_1_34' title="bbox 338 3330 2004 3405">
    <p class='ocr_par' dir='ltr' id='par_1_34' title="bbox 338 3330 2004 3405">
     <span class='ocr_line' id='line_1_34' title="bbox 338 3330 2004 3405; baseline -0.002 -17"><span class='ocrx_word' id='word_1_242' title='bbox 338 3335 513 3404; x_wconf 88' lang='lat' dir='ltr'>paret</span> <span class='ocrx_word' id='word_1_243' title='bbox 544 3331 740 3405; x_wconf 88' lang='lat' dir='ltr'>potius</span> <span class='ocrx_word' id='word_1_244' title='bbox 770 3347 948 3404; x_wconf 88' lang='lat' dir='ltr'>quam</span> <span class='ocrx_word' id='word_1_245' title='bbox 980 3331 1243 3400; x_wconf 90' lang='lat' dir='ltr'>doceret;</span> <span class='ocrx_word' id='word_1_246' title='bbox 1275 3335 1332 3386; x_wconf 92' lang='lat' dir='ltr'>et</span> <span class='ocrx_word' id='word_1_247' title='bbox 1360 3347 1535 3403; x_wconf 87' lang='lat' dir='ltr'>quem</span> <span class='ocrx_word' id='word_1_248' title='bbox 1570 3335 1810 3404; x_wconf 88' lang='lat' dir='ltr'>possent</span> <span class='ocrx_word' id='word_1_249' title='bbox 1839 3330 2004 3388; x_wconf 87' lang='lat' dir='ltr'>stulti</span> 
     </span>
    </p>
   </div>
   <div class='ocr_carea' id='block_1_35' title="bbox 2119 741 3775 814">
    <p class='ocr_par' dir='ltr' id='par_1_35' title="bbox 2119 741 3775 814">
     <span class='ocr_line' id='line_1_35' title="bbox 2119 741 3775 814; baseline 0.008 -20"><span class='ocrx_word' id='word_1_250' title='bbox 2119 743 2441 811; x_wconf 87' lang='lat' dir='ltr'>cesserunt,</span> <span class='ocrx_word' id='word_1_251' title='bbox 2501 741 2558 795; x_wconf 87' lang='lat' dir='ltr'>id</span> <span class='ocrx_word' id='word_1_252' title='bbox 2607 746 2716 809; x_wconf 90' lang='lat' dir='ltr'>est,</span> <span class='ocrx_word' id='word_1_253' title='bbox 2767 742 2951 799; x_wconf 86' lang='lat' dir='ltr'>otium</span> <span class='ocrx_word' id='word_1_254' title='bbox 2995 744 3255 814; x_wconf 87' lang='lat' dir='ltr'>Sabbati,</span> <span class='ocrx_word' id='word_1_255' title='bbox 3308 745 3775 809; x_wconf 83' lang='lat' dir='ltr'>circumcisionis</span> 
     </span>
    </p>
   </div>
   <div class='ocr_carea' id='block_1_36' title="bbox 2118 828 3770 907">
    <p class='ocr_par' dir='ltr' id='par_1_36' title="bbox 2118 828 3770 907">
     <span class='ocr_line' id='line_1_36' title="bbox 2118 828 3770 907; baseline 0.007 -24"><span class='ocrx_word' id='word_1_256' title='bbox 2118 828 2419 899; x_wconf 86' lang='lat' dir='ltr'>injuriam,</span> <span class='ocrx_word' id='word_1_257' title='bbox 2443 830 2837 888; x_wconf 88' lang='lat' dir='ltr'>Kalendarum</span> <span class='ocrx_word' id='word_1_258' title='bbox 2869 833 2926 888; x_wconf 86' lang='lat' dir='ltr'>et</span> <span class='ocrx_word' id='word_1_259' title='bbox 2954 832 3137 889; x_wconf 88' lang='lat' dir='ltr'>trium</span> <span class='ocrx_word' id='word_1_260' title='bbox 3169 850 3273 907; x_wconf 88' lang='lat' dir='ltr'>per</span> <span class='ocrx_word' id='word_1_261' title='bbox 3303 852 3524 892; x_wconf 89' lang='lat' dir='ltr'>annum</span> <span class='ocrx_word' id='word_1_262' title='bbox 3555 835 3770 895; x_wconf 84' lang='lat' dir='ltr'>solem-</span> 
     </span>
    </p>
   </div>
   <div class='ocr_carea' id='block_1_37' title="bbox 2118 917 3774 1000">
    <p class='ocr_par' dir='ltr' id='par_1_37' title="bbox 2118 917 3774 1000">
     <span class='ocr_line' id='line_1_37' title="bbox 2118 917 3774 1000; baseline 0.007 -27"><span class='ocrx_word' id='word_1_263' title='bbox 2118 917 2369 975; x_wconf 86' lang='lat' dir='ltr'>nitatum</span> <span class='ocrx_word' id='word_1_264' title='bbox 2402 935 2697 989; x_wconf 89' lang='lat' dir='ltr'>recursus,</span> <span class='ocrx_word' id='word_1_265' title='bbox 2729 921 3244 994; x_wconf 86' lang='lat' dir='ltr'>scrupulositatem</span> <span class='ocrx_word' id='word_1_266' title='bbox 3274 924 3645 994; x_wconf 82' lang='lat' dir='ltr'>ciborum,-et</span> <span class='ocrx_word' id='word_1_267' title='bbox 3666 943 3774 1000; x_wconf 83' lang='lat' dir='ltr'>per</span> 
     </span>
    </p>
   </div>
   <div class='ocr_carea' id='block_1_38' title="bbox 2117 1006 3769 1085">
    <p class='ocr_par' dir='ltr' id='par_1_38' title="bbox 2117 1006 3769 1085">
     <span class='ocr_line' id='line_1_38' title="bbox 2117 1006 3769 1085; baseline 0.006 -23"><span class='ocrx_word' id='word_1_268' title='bbox 2117 1007 2243 1064; x_wconf 88' lang='lat' dir='ltr'>dies</span> <span class='ocrx_word' id='word_1_269' title='bbox 2291 1006 2559 1079; x_wconf 86' lang='lat' dir='ltr'>singulos</span> <span class='ocrx_word' id='word_1_270' title='bbox 2614 1008 2844 1066; x_wconf 88' lang='lat' dir='ltr'>lavacra</span> <span class='ocrx_word' id='word_1_271' title='bbox 2890 1009 3106 1067; x_wconf 82' lang='lat' dir='ltr'>iterum</span> <span class='ocrx_word' id='word_1_272' title='bbox 3154 1012 3531 1085; x_wconf 88' lang='lat' dir='ltr'>sordidanda,</span> <span class='ocrx_word' id='word_1_273' title='bbox 3576 1016 3769 1081; x_wconf 70' lang='lat'>871-</span> 
     </span>
    </p>
   </div>
   <div class='ocr_carea' id='block_1_39' title="bbox 2118 1096 3769 1178">
    <p class='ocr_par' dir='ltr' id='par_1_39' title="bbox 2118 1096 3769 1178">
     <span class='ocr_line' id='line_1_39' title="bbox 2118 1096 3769 1178; baseline 0.01 -26"><span class='ocrx_word' id='word_1_274' title='bbox 2118 1096 2271 1152; x_wconf 74' lang='lat'>872</span> <span class='ocrx_word' id='word_1_275' title='bbox 2300 1097 2492 1169; x_wconf 86' lang='lat' dir='ltr'>gratia</span> <span class='ocrx_word' id='word_1_276' title='bbox 2534 1098 2832 1172; x_wconf 86' lang='lat' dir='ltr'>Evangelii</span> <span class='ocrx_word' id='word_1_277' title='bbox 2880 1102 3233 1175; x_wconf 83' lang='lat' dir='ltr'>subrepente</span> <span class='ocrx_word' id='word_1_278' title='bbox 3268 1119 3554 1177; x_wconf 86' lang='lat' dir='ltr'>cessasse,</span> <span class='ocrx_word' id='word_1_279' title='bbox 3585 1121 3769 1178; x_wconf 75' lang='lat' dir='ltr'>quam</span> 
     </span>
    </p>
   </div>
   <div class='ocr_carea' id='block_1_40' title="bbox 2118 1185 3769 1257">
    <p class='ocr_par' dir='ltr' id='par_1_40' title="bbox 2118 1185 3769 1257">
     <span class='ocr_line' id='line_1_40' title="bbox 2118 1185 3769 1257; baseline 0.009 -19"><span class='ocrx_word' id='word_1_280' title='bbox 2118 1200 2234 1239; x_wconf 90' lang='lat' dir='ltr'>non</span> <span class='ocrx_word' id='word_1_281' title='bbox 2257 1185 2499 1257; x_wconf 85' lang='lat' dir='ltr'>sanguis</span> <span class='ocrx_word' id='word_1_282' title='bbox 2521 1185 2917 1256; x_wconf 89' lang='lat' dir='ltr'>victimarum,</span> <span class='ocrx_word' id='word_1_283' title='bbox 2941 1192 3043 1247; x_wconf 89' lang='lat' dir='ltr'>sed</span> <span class='ocrx_word' id='word_1_284' title='bbox 3066 1191 3212 1249; x_wconf 86' lang='lat' dir='ltr'>ﬁdes</span> <span class='ocrx_word' id='word_1_285' title='bbox 3243 1194 3451 1250; x_wconf 67' lang='lat' dir='ltr'>animas</span> <span class='ocrx_word' id='word_1_286' title='bbox 3478 1195 3769 1253; x_wconf 89' lang='lat' dir='ltr'>credentis</span> 
     </span>
    </p>
   </div>
   <div class='ocr_carea' id='block_1_41' title="bbox 2114 1272 3771 1352">
    <p class='ocr_par' dir='ltr' id='par_1_41' title="bbox 2114 1272 3771 1352">
     <span class='ocr_line' id='line_1_41' title="bbox 2114 1272 3771 1352; baseline 0.009 -25"><span class='ocrx_word' id='word_1_287' title='bbox 2114 1272 2404 1346; x_wconf 88' lang='lat' dir='ltr'>impleret.</span> <span class='ocrx_word' id='word_1_288' title='bbox 2436 1274 2655 1330; x_wconf 89' lang='lat' dir='ltr'>Verum</span> <span class='ocrx_word' id='word_1_289' title='bbox 2706 1276 2845 1332; x_wconf 83' lang='lat' dir='ltr'>alibi</span> <span class='ocrx_word' id='word_1_290' title='bbox 2896 1295 2999 1349; x_wconf 87' lang='lat' dir='ltr'>pro</span> <span class='ocrx_word' id='word_1_291' title='bbox 3049 1284 3233 1352; x_wconf 87' lang='lat' dir='ltr'>parte,</span> <span class='ocrx_word' id='word_1_292' title='bbox 3280 1286 3339 1338; x_wconf 91' lang='lat' dir='ltr'>et</span> <span class='ocrx_word' id='word_1_293' title='bbox 3388 1288 3455 1339; x_wconf 90' lang='lat' dir='ltr'>ut</span> <span class='ocrx_word' id='word_1_294' title='bbox 3500 1301 3564 1341; x_wconf 91' lang='lat' dir='ltr'>se</span> <span class='ocrx_word' id='word_1_295' title='bbox 3611 1284 3771 1342; x_wconf 81' lang='lat' dir='ltr'>aliud</span> 
     </span>
    </p>
   </div>
   <div class='ocr_carea' id='block_1_42' title="bbox 2117 1363 3771 1445">
    <p class='ocr_par' dir='ltr' id='par_1_42' title="bbox 2117 1363 3771 1445">
     <span class='ocr_line' id='line_1_42' title="bbox 2117 1363 3771 1445; baseline 0.008 -28"><span class='ocrx_word' id='word_1_296' title='bbox 2117 1363 2309 1435; x_wconf 87' lang='lat' dir='ltr'>agenti</span> <span class='ocrx_word' id='word_1_297' title='bbox 2340 1363 2463 1419; x_wconf 61' lang='lat' dir='ltr'>hac</span> <span class='ocrx_word' id='word_1_298' title='bbox 2491 1364 2737 1436; x_wconf 82' lang='lat' dir='ltr'>quaestio</span> <span class='ocrx_word' id='word_1_299' title='bbox 2760 1366 3070 1439; x_wconf 88' lang='lat' dir='ltr'>obtulerat,</span> <span class='ocrx_word' id='word_1_300' title='bbox 3095 1385 3164 1425; x_wconf 81' lang='lat' dir='ltr'>ex</span> <span class='ocrx_word' id='word_1_301' title='bbox 3192 1369 3372 1426; x_wconf 90' lang='lat' dir='ltr'>latere</span> <span class='ocrx_word' id='word_1_302' title='bbox 3402 1372 3771 1445; x_wconf 89' lang='lat' dir='ltr'>disputatum</span> 
     </span>
    </p>
   </div>
   <div class='ocr_carea' id='block_1_43' title="bbox 2116 1454 3767 1535">
    <p class='ocr_par' dir='ltr' id='par_1_43' title="bbox 2116 1454 3767 1535">
     <span class='ocr_line' id='line_1_43' title="bbox 2116 1454 3767 1535; baseline 0.008 -28"><span class='ocrx_word' id='word_1_303' title='bbox 2116 1457 2224 1522; x_wconf 90' lang='lat' dir='ltr'>est,</span> <span class='ocrx_word' id='word_1_304' title='bbox 2274 1454 2331 1507; x_wconf 89' lang='lat' dir='ltr'>et</span> <span class='ocrx_word' id='word_1_305' title='bbox 2378 1468 2525 1524; x_wconf 83' lang='lat' dir='ltr'>pene</span> <span class='ocrx_word' id='word_1_306' title='bbox 2581 1455 2979 1526; x_wconf 87' lang='lat' dir='ltr'>perstrictum.</span> <span class='ocrx_word' id='word_1_307' title='bbox 3014 1457 3079 1512; x_wconf 90' lang='lat' dir='ltr'>In</span> <span class='ocrx_word' id='word_1_308' title='bbox 3136 1457 3230 1513; x_wconf 91' lang='lat' dir='ltr'>his</span> <span class='ocrx_word' id='word_1_309' title='bbox 3288 1463 3485 1516; x_wconf 87' lang='lat' dir='ltr'>autem</span> <span class='ocrx_word' id='word_1_310' title='bbox 3516 1462 3767 1535; x_wconf 90' lang='lat' dir='ltr'>duabus,</span> 
     </span>
    </p>
   </div>
   <div class='ocr_carea' id='block_1_44' title="bbox 2117 1540 3769 1623">
    <p class='ocr_par' dir='ltr' id='par_1_44' title="bbox 2117 1540 3769 1623">
     <span class='ocr_line' id='line_1_44' title="bbox 2117 1540 3769 1623; baseline 0.008 -29"><span class='ocrx_word' id='word_1_311' title='bbox 2117 1543 2182 1595; x_wconf 86' lang='lat' dir='ltr'>ut</span> <span class='ocrx_word' id='word_1_312' title='bbox 2206 1540 2348 1607; x_wconf 83' lang='lat' dir='ltr'>dixi,</span> <span class='ocrx_word' id='word_1_313' title='bbox 2385 1540 2682 1614; x_wconf 90' lang='lat' dir='ltr'>Epistolis,</span> <span class='ocrx_word' id='word_1_314' title='bbox 2716 1542 3053 1615; x_wconf 88' lang='lat' dir='ltr'>specialiter</span> <span class='ocrx_word' id='word_1_315' title='bbox 3097 1545 3352 1619; x_wconf 73' lang='lat' dir='ltr'>antiquas</span> <span class='ocrx_word' id='word_1_316' title='bbox 3396 1547 3545 1623; x_wconf 84' lang='lat' dir='ltr'>legis</span> <span class='ocrx_word' id='word_1_317' title='bbox 3575 1567 3769 1608; x_wconf 88' lang='lat' dir='ltr'>cessa-</span> 
     </span>
    </p>
   </div>
   <div class='ocr_carea' id='block_1_45' title="bbox 2115 1628 3768 1699">
    <p class='ocr_par' dir='ltr' id='par_1_45' title="bbox 2115 1628 3768 1699">
     <span class='ocr_line' id='line_1_45' title="bbox 2115 1628 3768 1699; baseline 0.009 -15"><span class='ocrx_word' id='word_1_318' title='bbox 2115 1628 2217 1698; x_wconf 87' lang='lat' dir='ltr'>tio,</span> <span class='ocrx_word' id='word_1_319' title='bbox 2250 1634 2307 1685; x_wconf 88' lang='lat' dir='ltr'>et</span> <span class='ocrx_word' id='word_1_320' title='bbox 2346 1647 2503 1686; x_wconf 71' lang='lat' dir='ltr'>novas</span> <span class='ocrx_word' id='word_1_321' title='bbox 2553 1630 2907 1689; x_wconf 86' lang='lat' dir='ltr'>introductio</span> <span class='ocrx_word' id='word_1_322' title='bbox 2939 1634 3290 1691; x_wconf 86' lang='lat' dir='ltr'>continetur.</span> <span class='ocrx_word' id='word_1_323' title='bbox 3324 1637 3435 1694; x_wconf 89' lang='lat' dir='ltr'>Sed</span> <span class='ocrx_word' id='word_1_324' title='bbox 3487 1638 3559 1696; x_wconf 90' lang='lat' dir='ltr'>ad</span> <span class='ocrx_word' id='word_1_325' title='bbox 3591 1637 3768 1699; x_wconf 82' lang='lat' dir='ltr'>Gala-</span> 
     </span>
    </p>
   </div>
   <div class='ocr_carea' id='block_1_46' title="bbox 2114 1718 3766 1795">
    <p class='ocr_par' dir='ltr' id='par_1_46' title="bbox 2114 1718 3766 1795">
     <span class='ocr_line' id='line_1_46' title="bbox 2114 1718 3766 1795; baseline 0.007 -22"><span class='ocrx_word' id='word_1_326' title='bbox 2114 1721 2205 1775; x_wconf 89' lang='lat' dir='ltr'>tas</span> <span class='ocrx_word' id='word_1_327' title='bbox 2236 1718 2346 1775; x_wconf 90' lang='lat' dir='ltr'>hoc</span> <span class='ocrx_word' id='word_1_328' title='bbox 2398 1720 2700 1792; x_wconf 90' lang='lat' dir='ltr'>proprium</span> <span class='ocrx_word' id='word_1_329' title='bbox 2730 1720 2928 1792; x_wconf 90' lang='lat' dir='ltr'>habet,</span> <span class='ocrx_word' id='word_1_330' title='bbox 2963 1724 3116 1795; x_wconf 91' lang='lat' dir='ltr'>quod</span> <span class='ocrx_word' id='word_1_331' title='bbox 3151 1742 3279 1791; x_wconf 35' lang='lat' dir='ltr'>non,</span> <span class='ocrx_word' id='word_1_332' title='bbox 3298 1724 3503 1781; x_wconf 87' lang='lat' dir='ltr'>scribit</span> <span class='ocrx_word' id='word_1_333' title='bbox 3544 1728 3618 1783; x_wconf 88' lang='lat' dir='ltr'>ad</span> <span class='ocrx_word' id='word_1_334' title='bbox 3668 1740 3766 1786; x_wconf 91' lang='lat' dir='ltr'>eos</span> 
     </span>
    </p>
   </div>
   <div class='ocr_carea' id='block_1_47' title="bbox 2115 1807 3765 1889">
    <p class='ocr_par' dir='ltr' id='par_1_47' title="bbox 2115 1807 3765 1889">
     <span class='ocr_line' id='line_1_47' title="bbox 2115 1807 3765 1889; baseline 0.007 -27"><span class='ocrx_word' id='word_1_335' title='bbox 2115 1807 2213 1879; x_wconf 91' lang='lat' dir='ltr'>qui</span> <span class='ocrx_word' id='word_1_336' title='bbox 2245 1824 2313 1864; x_wconf 79' lang='lat' dir='ltr'>ex</span> <span class='ocrx_word' id='word_1_337' title='bbox 2342 1808 2561 1865; x_wconf 85' lang='lat' dir='ltr'>Judaeis</span> <span class='ocrx_word' id='word_1_338' title='bbox 2601 1810 2661 1865; x_wconf 94' lang='lat' dir='ltr'>in</span> <span class='ocrx_word' id='word_1_339' title='bbox 2694 1810 3005 1889; x_wconf 79' lang='lat' dir='ltr'>Christum</span> <span class='ocrx_word' id='word_1_340' title='bbox 3053 1813 3441 1885; x_wconf 84' lang='lat' dir='ltr'>crediderant,</span> <span class='ocrx_word' id='word_1_341' title='bbox 3472 1819 3529 1872; x_wconf 88' lang='lat' dir='ltr'>et</span> <span class='ocrx_word' id='word_1_342' title='bbox 3574 1820 3765 1889; x_wconf 89' lang='lat' dir='ltr'>pater-</span> 
     </span>
    </p>
   </div>
   <div class='ocr_carea' id='block_1_48' title="bbox 2113 1886 3765 1970">
    <p class='ocr_par' dir='ltr' id='par_1_48' title="bbox 2113 1886 3765 1970">
     <span class='ocr_line' id='line_1_48' title="bbox 2113 1886 3765 1970; baseline 0.008 -19"><span class='ocrx_word' id='word_1_343' title='bbox 2113 1912 2221 1953; x_wconf 91' lang='lat' dir='ltr'>nas</span> <span class='ocrx_word' id='word_1_344' title='bbox 2276 1899 2565 1970; x_wconf 88' lang='lat' dir='ltr'>putabant</span> <span class='ocrx_word' id='word_1_345' title='bbox 2611 1886 2989 1957; x_wconf 70' lang='lat' dir='ltr'>caeremonias</span> <span class='ocrx_word' id='word_1_346' title='bbox 3041 1903 3440 1961; x_wconf 85' lang='lat' dir='ltr'>observandas</span> <span class='ocrx_word' id='word_1_347' title='bbox 3481 1921 3495 1961; x_wconf 89' lang='lat'><strong>:</strong></span> <span class='ocrx_word' id='word_1_348' title='bbox 3531 1886 3648 1963; x_wconf 70' lang='lat' dir='ltr'>sed</span> <span class='ocrx_word' id='word_1_349' title='bbox 3692 1907 3765 1964; x_wconf 88' lang='lat' dir='ltr'>ad</span> 
     </span>
    </p>
   </div>
   <div class='ocr_carea' id='block_1_49' title="bbox 2113 1986 3763 2070">
    <p class='ocr_par' dir='ltr' id='par_1_49' title="bbox 2113 1986 3763 2070">
     <span class='ocr_line' id='line_1_49' title="bbox 2113 1986 3763 2070; baseline 0.007 -29"><span class='ocrx_word' id='word_1_350' title='bbox 2113 2001 2213 2042; x_wconf 90' lang='lat' dir='ltr'>cos</span> <span class='ocrx_word' id='word_1_351' title='bbox 2245 1986 2344 2059; x_wconf 90' lang='lat' dir='ltr'>qui</span> <span class='ocrx_word' id='word_1_352' title='bbox 2394 2003 2462 2043; x_wconf 87' lang='lat' dir='ltr'>ex</span> <span class='ocrx_word' id='word_1_353' title='bbox 2500 1988 2775 2060; x_wconf 88' lang='lat' dir='ltr'>gentibus</span> <span class='ocrx_word' id='word_1_354' title='bbox 2821 1990 2999 2047; x_wconf 88' lang='lat' dir='ltr'>ﬁdem</span> <span class='ocrx_word' id='word_1_355' title='bbox 3054 1992 3349 2066; x_wconf 87' lang='lat' dir='ltr'>Evangelii</span> <span class='ocrx_word' id='word_1_356' title='bbox 3408 1999 3763 2070; x_wconf 87' lang='lat' dir='ltr'>receperant,</span> 
     </span>
    </p>
   </div>
   <div class='ocr_carea' id='block_1_50' title="bbox 2112 2078 3763 2153">
    <p class='ocr_par' dir='ltr' id='par_1_50' title="bbox 2112 2078 3763 2153">
     <span class='ocr_line' id='line_1_50' title="bbox 2112 2078 3763 2153; baseline 0.008 -23"><span class='ocrx_word' id='word_1_357' title='bbox 2112 2079 2171 2130; x_wconf 89' lang='lat' dir='ltr'>et</span> <span class='ocrx_word' id='word_1_358' title='bbox 2201 2092 2438 2133; x_wconf 88' lang='lat' dir='ltr'>rursum</span> <span class='ocrx_word' id='word_1_359' title='bbox 2480 2082 2632 2133; x_wconf 89' lang='lat' dir='ltr'>retro</span> <span class='ocrx_word' id='word_1_360' title='bbox 2670 2078 2846 2151; x_wconf 89' lang='lat' dir='ltr'>lapsi,</span> <span class='ocrx_word' id='word_1_361' title='bbox 2880 2083 3270 2153; x_wconf 81' lang='lat' dir='ltr'>quorumdam</span> <span class='ocrx_word' id='word_1_362' title='bbox 3301 2083 3535 2141; x_wconf 87' lang='lat' dir='ltr'>fuerant</span> <span class='ocrx_word' id='word_1_363' title='bbox 3564 2086 3763 2142; x_wconf 88' lang='lat' dir='ltr'>aucto-</span> 
     </span>
    </p>
   </div>
   <div class='ocr_carea' id='block_1_51' title="bbox 2112 2164 3764 2246">
    <p class='ocr_par' dir='ltr' id='par_1_51' title="bbox 2112 2164 3764 2246">
     <span class='ocr_line' id='line_1_51' title="bbox 2112 2164 3764 2246; baseline 0.007 -27"><span class='ocrx_word' id='word_1_364' title='bbox 2112 2164 2283 2221; x_wconf 90' lang='lat' dir='ltr'>ritate</span> <span class='ocrx_word' id='word_1_365' title='bbox 2312 2165 2595 2237; x_wconf 88' lang='lat' dir='ltr'>deterriti,</span> <span class='ocrx_word' id='word_1_366' title='bbox 2629 2170 3019 2225; x_wconf 90' lang='lat' dir='ltr'>asserentium</span> <span class='ocrx_word' id='word_1_367' title='bbox 3050 2170 3285 2227; x_wconf 82' lang='lat' dir='ltr'>Petrum</span> <span class='ocrx_word' id='word_1_368' title='bbox 3318 2188 3551 2246; x_wconf 91' lang='lat' dir='ltr'>quoque</span> <span class='ocrx_word' id='word_1_369' title='bbox 3581 2178 3640 2230; x_wconf 92' lang='lat' dir='ltr'>et</span> <span class='ocrx_word' id='word_1_370' title='bbox 3665 2177 3764 2231; x_wconf 86' lang='lat' dir='ltr'>Ja-</span> 
     </span>
    </p>
   </div>
   <div class='ocr_carea' id='block_1_52' title="bbox 2114 2255 3763 2336">
    <p class='ocr_par' dir='ltr' id='par_1_52' title="bbox 2114 2255 3763 2336">
     <span class='ocr_line' id='line_1_52' title="bbox 2114 2255 3763 2336; baseline 0.006 -27"><span class='ocrx_word' id='word_1_371' title='bbox 2114 2255 2356 2323; x_wconf 89' lang='lat' dir='ltr'>cobum,</span> <span class='ocrx_word' id='word_1_372' title='bbox 2412 2259 2469 2310; x_wconf 90' lang='lat' dir='ltr'>et</span> <span class='ocrx_word' id='word_1_373' title='bbox 2519 2259 2670 2312; x_wconf 85' lang='lat' dir='ltr'>totas</span> <span class='ocrx_word' id='word_1_374' title='bbox 2739 2257 2953 2313; x_wconf 70' lang='lat' dir='ltr'>Judaeaa</span> <span class='ocrx_word' id='word_1_375' title='bbox 3010 2258 3321 2329; x_wconf 87' lang='lat' dir='ltr'>Ecclesias,</span> <span class='ocrx_word' id='word_1_376' title='bbox 3381 2261 3763 2336; x_wconf 87' lang='lat' dir='ltr'>Evangelium</span> 
     </span>
    </p>
   </div>
   <div class='ocr_carea' id='block_1_53' title="bbox 2111 2344 3766 2424">
    <p class='ocr_par' dir='ltr' id='par_1_53' title="bbox 2111 2344 3766 2424">
     <span class='ocr_line' id='line_1_53' title="bbox 2111 2344 3766 2424; baseline 0.005 -24"><span class='ocrx_word' id='word_1_377' title='bbox 2111 2344 2327 2400; x_wconf 89' lang='lat' dir='ltr'>Christi</span> <span class='ocrx_word' id='word_1_378' title='bbox 2365 2361 2498 2400; x_wconf 92' lang='lat' dir='ltr'>cum</span> <span class='ocrx_word' id='word_1_379' title='bbox 2555 2345 2682 2417; x_wconf 88' lang='lat' dir='ltr'>lege</span> <span class='ocrx_word' id='word_1_380' title='bbox 2728 2347 2906 2402; x_wconf 86' lang='lat' dir='ltr'>veteri</span> <span class='ocrx_word' id='word_1_381' title='bbox 2964 2349 3294 2406; x_wconf 88' lang='lat' dir='ltr'>miscuisse.</span> <span class='ocrx_word' id='word_1_382' title='bbox 3326 2350 3530 2424; x_wconf 90' lang='lat' dir='ltr'>Ipsum</span> <span class='ocrx_word' id='word_1_383' title='bbox 3587 2352 3766 2409; x_wconf 89' lang='lat' dir='ltr'>etiam</span> 
     </span>
    </p>
   </div>
   <div class='ocr_carea' id='block_1_54' title="bbox 2112 2432 3766 2507">
    <p class='ocr_par' dir='ltr' id='par_1_54' title="bbox 2112 2432 3766 2507">
     <span class='ocr_line' id='line_1_54' title="bbox 2112 2432 3766 2507; baseline 0.006 -19"><span class='ocrx_word' id='word_1_384' title='bbox 2112 2432 2358 2488; x_wconf 91' lang='lat' dir='ltr'>Paulum</span> <span class='ocrx_word' id='word_1_385' title='bbox 2409 2433 2568 2490; x_wconf 87' lang='lat' dir='ltr'>aliud</span> <span class='ocrx_word' id='word_1_386' title='bbox 2615 2436 2673 2491; x_wconf 90' lang='lat' dir='ltr'>in</span> <span class='ocrx_word' id='word_1_387' title='bbox 2705 2436 2909 2491; x_wconf 70' lang='lat' dir='ltr'>Judma</span> <span class='ocrx_word' id='word_1_388' title='bbox 2956 2437 3166 2507; x_wconf 83' lang='lat' dir='ltr'>facere,</span> <span class='ocrx_word' id='word_1_389' title='bbox 3217 2437 3378 2496; x_wconf 89' lang='lat' dir='ltr'>aliud</span> <span class='ocrx_word' id='word_1_390' title='bbox 3427 2439 3766 2507; x_wconf 79' lang='lat' dir='ltr'>nationibus</span> 
     </span>
    </p>
   </div>
   <div class='ocr_carea' id='block_1_55' title="bbox 2112 2524 3764 2601">
    <p class='ocr_par' dir='ltr' id='par_1_55' title="bbox 2112 2524 3764 2601">
     <span class='ocr_line' id='line_1_55' title="bbox 2112 2524 3764 2601; baseline 0.006 -22"><span class='ocrx_word' id='word_1_391' title='bbox 2112 2524 2434 2596; x_wconf 68' lang='lat' dir='ltr'>pazedicare</span> <span class='ocrx_word' id='word_1_392' title='bbox 2466 2541 2478 2579; x_wconf 90' lang='lat'><strong>:</strong></span> <span class='ocrx_word' id='word_1_393' title='bbox 2516 2529 2575 2580; x_wconf 89' lang='lat' dir='ltr'>et</span> <span class='ocrx_word' id='word_1_394' title='bbox 2616 2525 2837 2582; x_wconf 87' lang='lat' dir='ltr'>frustra</span> <span class='ocrx_word' id='word_1_395' title='bbox 2882 2543 2981 2584; x_wconf 90' lang='lat' dir='ltr'>eos</span> <span class='ocrx_word' id='word_1_396' title='bbox 3009 2527 3070 2582; x_wconf 89' lang='lat' dir='ltr'>in</span> <span class='ocrx_word' id='word_1_397' title='bbox 3101 2528 3458 2586; x_wconf 87' lang='lat' dir='ltr'>Cruciﬁxum</span> <span class='ocrx_word' id='word_1_398' title='bbox 3508 2530 3764 2601; x_wconf 89' lang='lat' dir='ltr'>credere,</span> 
     </span>
    </p>
   </div>
   <div class='ocr_carea' id='block_1_56' title="bbox 2114 2612 3763 2691">
    <p class='ocr_par' dir='ltr' id='par_1_56' title="bbox 2114 2612 3763 2691">
     <span class='ocr_line' id='line_1_56' title="bbox 2114 2612 3763 2691; baseline 0.007 -25"><span class='ocrx_word' id='word_1_399' title='bbox 2114 2612 2162 2667; x_wconf 90' lang='lat' dir='ltr'>si</span> <span class='ocrx_word' id='word_1_400' title='bbox 2222 2612 2280 2668; x_wconf 92' lang='lat' dir='ltr'>id</span> <span class='ocrx_word' id='word_1_401' title='bbox 2340 2613 2758 2686; x_wconf 86' lang='lat' dir='ltr'>negligendum</span> <span class='ocrx_word' id='word_1_402' title='bbox 2814 2618 3092 2687; x_wconf 89' lang='lat' dir='ltr'>putarent</span> <span class='ocrx_word' id='word_1_403' title='bbox 3145 2618 3303 2689; x_wconf 91' lang='lat' dir='ltr'>quod</span> <span class='ocrx_word' id='word_1_404' title='bbox 3364 2618 3763 2691; x_wconf 84' lang='lat' dir='ltr'>apostolorum</span> 
     </span>
    </p>
   </div>
   <div class='ocr_carea' id='block_1_57' title="bbox 2110 2701 3765 2774">
    <p class='ocr_par' dir='ltr' id='par_1_57' title="bbox 2110 2701 3765 2774">
     <span class='ocr_line' id='line_1_57' title="bbox 2110 2701 3765 2774; baseline 0.004 -18"><span class='ocrx_word' id='word_1_405' title='bbox 2110 2701 2407 2774; x_wconf 88' lang='lat' dir='ltr'>principes</span> <span class='ocrx_word' id='word_1_406' title='bbox 2456 2703 2832 2759; x_wconf 85' lang='lat' dir='ltr'>observarent</span> <span class='ocrx_word' id='word_1_407' title='bbox 2848 2704 2890 2759; x_wconf 78' lang='grc'>³.</span> <span class='ocrx_word' id='word_1_408' title='bbox 2924 2704 3315 2768; x_wconf 89' lang='lat' dir='ltr'>Quamobrem</span> <span class='ocrx_word' id='word_1_409' title='bbox 3347 2705 3430 2763; x_wconf 87' lang='lat' dir='ltr'>ita</span> <span class='ocrx_word' id='word_1_410' title='bbox 3475 2712 3644 2765; x_wconf 86' lang='lat' dir='ltr'>caute</span> <span class='ocrx_word' id='word_1_411' title='bbox 3672 2708 3765 2763; x_wconf 88' lang='lat' dir='ltr'>in-</span> 
     </span>
    </p>
   </div>
   <div class='ocr_carea' id='block_1_58' title="bbox 2111 2794 3765 2872">
    <p class='ocr_par' dir='ltr' id='par_1_58' title="bbox 2111 2794 3765 2872">
     <span class='ocr_line' id='line_1_58' title="bbox 2111 2794 3765 2872; baseline 0.005 -27"><span class='ocrx_word' id='word_1_412' title='bbox 2111 2794 2200 2846; x_wconf 90' lang='lat' dir='ltr'>ter</span> <span class='ocrx_word' id='word_1_413' title='bbox 2228 2795 2547 2863; x_wconf 89' lang='lat' dir='ltr'>utrumque</span> <span class='ocrx_word' id='word_1_414' title='bbox 2577 2796 2635 2847; x_wconf 92' lang='lat' dir='ltr'>et</span> <span class='ocrx_word' id='word_1_415' title='bbox 2677 2794 2909 2848; x_wconf 90' lang='lat' dir='ltr'>medius</span> <span class='ocrx_word' id='word_1_416' title='bbox 2955 2794 3192 2863; x_wconf 88' lang='lat' dir='ltr'>incedit,</span> <span class='ocrx_word' id='word_1_417' title='bbox 3221 2798 3287 2850; x_wconf 91' lang='lat' dir='ltr'>ut</span> <span class='ocrx_word' id='word_1_418' title='bbox 3332 2810 3438 2852; x_wconf 88' lang='lat' dir='ltr'>nec</span> <span class='ocrx_word' id='word_1_419' title='bbox 3468 2794 3765 2872; x_wconf 78' lang='lat' dir='ltr'>Evangelii</span> 
     </span>
    </p>
   </div>
   <div class='ocr_carea' id='block_1_59' title="bbox 2111 2879 3766 2956">
    <p class='ocr_par' dir='ltr' id='par_1_59' title="bbox 2111 2879 3766 2956">
     <span class='ocr_line' id='line_1_59' title="bbox 2111 2879 3766 2956; baseline 0.005 -21"><span class='ocrx_word' id='word_1_420' title='bbox 2111 2880 2322 2953; x_wconf 87' lang='lat' dir='ltr'>prodat</span> <span class='ocrx_word' id='word_1_421' title='bbox 2377 2879 2648 2953; x_wconf 88' lang='lat' dir='ltr'>gratiam,</span> <span class='ocrx_word' id='word_1_422' title='bbox 2690 2898 2931 2954; x_wconf 89' lang='lat' dir='ltr'>pressus</span> <span class='ocrx_word' id='word_1_423' title='bbox 2987 2883 3244 2956; x_wconf 91' lang='lat' dir='ltr'>pondere</span> <span class='ocrx_word' id='word_1_424' title='bbox 3302 2889 3359 2940; x_wconf 86' lang='lat' dir='ltr'>et</span> <span class='ocrx_word' id='word_1_425' title='bbox 3416 2885 3766 2943; x_wconf 81' lang='lat' dir='ltr'>auctoritate</span> 
     </span>
    </p>
   </div>
   <div class='ocr_carea' id='block_1_60' title="bbox 2112 2970 3764 3045">
    <p class='ocr_par' dir='ltr' id='par_1_60' title="bbox 2112 2970 3764 3045">
     <span class='ocr_line' id='line_1_60' title="bbox 2112 2970 3764 3045; baseline 0.004 -20"><span class='ocrx_word' id='word_1_426' title='bbox 2112 2970 2426 3041; x_wconf 84' lang='lat' dir='ltr'>majorum,</span> <span class='ocrx_word' id='word_1_427' title='bbox 2451 2986 2556 3026; x_wconf 90' lang='lat' dir='ltr'>nec</span> <span class='ocrx_word' id='word_1_428' title='bbox 2593 2971 3034 3042; x_wconf 88' lang='lat' dir='ltr'>precessoribus</span> <span class='ocrx_word' id='word_1_429' title='bbox 3081 2971 3253 3028; x_wconf 84' lang='lat' dir='ltr'>faciat</span> <span class='ocrx_word' id='word_1_430' title='bbox 3281 2972 3585 3045; x_wconf 72' lang='lat' dir='ltr'>iniuriam,</span> <span class='ocrx_word' id='word_1_431' title='bbox 3619 2976 3764 3032; x_wconf 87' lang='lat' dir='ltr'>dum</span> 
     </span>
    </p>
   </div>
   <div class='ocr_carea' id='block_1_61' title="bbox 2111 3060 3768 3137">
    <p class='ocr_par' dir='ltr' id='par_1_61' title="bbox 2111 3060 3768 3137">
     <span class='ocr_line' id='line_1_61' title="bbox 2111 3060 3768 3137; baseline 0.004 -21"><span class='ocrx_word' id='word_1_432' title='bbox 2111 3063 2371 3116; x_wconf 84' lang='lat' dir='ltr'>assertor</span> <span class='ocrx_word' id='word_1_433' title='bbox 2399 3063 2489 3115; x_wconf 90' lang='lat' dir='ltr'>est</span> <span class='ocrx_word' id='word_1_434' title='bbox 2519 3061 2720 3133; x_wconf 81' lang='lat' dir='ltr'>gratiae</span> <span class='ocrx_word' id='word_1_435' title='bbox 2763 3060 2997 3133; x_wconf 91' lang='lat' dir='ltr'>oblique</span> <span class='ocrx_word' id='word_1_436' title='bbox 3043 3077 3176 3118; x_wconf 89' lang='lat' dir='ltr'>vero</span> <span class='ocrx_word' id='word_1_437' title='bbox 3208 3066 3267 3118; x_wconf 89' lang='lat' dir='ltr'>et</span> <span class='ocrx_word' id='word_1_438' title='bbox 3295 3064 3465 3134; x_wconf 84' lang='lat' dir='ltr'>quasi</span> <span class='ocrx_word' id='word_1_439' title='bbox 3514 3080 3619 3137; x_wconf 90' lang='lat' dir='ltr'>per</span> <span class='ocrx_word' id='word_1_440' title='bbox 3665 3081 3768 3122; x_wconf 92' lang='lat' dir='ltr'>cu-</span> 
     </span>
    </p>
   </div>
   <div class='ocr_carea' id='block_1_62' title="bbox 2112 3147 3765 3224">
    <p class='ocr_par' dir='ltr' id='par_1_62' title="bbox 2112 3147 3765 3224">
     <span class='ocr_line' id='line_1_62' title="bbox 2112 3147 3765 3224; baseline 0.004 -20"><span class='ocrx_word' id='word_1_441' title='bbox 2112 3147 2341 3204; x_wconf 89' lang='lat' dir='ltr'>niculos</span> <span class='ocrx_word' id='word_1_442' title='bbox 2372 3147 2623 3204; x_wconf 86' lang='lat' dir='ltr'>latenter</span> <span class='ocrx_word' id='word_1_443' title='bbox 2672 3149 2953 3205; x_wconf 83' lang='lat' dir='ltr'>incedens</span> <span class='ocrx_word' id='word_1_444' title='bbox 2986 3166 2999 3206; x_wconf 91' lang='lat'>:</span> <span class='ocrx_word' id='word_1_445' title='bbox 3034 3154 3098 3205; x_wconf 91' lang='lat' dir='ltr'>ut</span> <span class='ocrx_word' id='word_1_446' title='bbox 3126 3150 3233 3223; x_wconf 83' lang='grc' dir='ltr'>[Αι.</span> <span class='ocrx_word' id='word_1_447' title='bbox 3268 3153 3345 3224; x_wconf 88' lang='lat' dir='ltr'>et]</span> <span class='ocrx_word' id='word_1_448' title='bbox 3392 3155 3631 3210; x_wconf 90' lang='lat' dir='ltr'>Petrum</span> <span class='ocrx_word' id='word_1_449' title='bbox 3662 3155 3765 3211; x_wconf 86' lang='lat' dir='ltr'>do-</span> 
     </span>
    </p>
   </div>
   <div class='ocr_carea' id='block_1_63' title="bbox 2112 3237 3764 3315">
    <p class='ocr_par' dir='ltr' id='par_1_63' title="bbox 2112 3237 3764 3315">
     <span class='ocr_line' id='line_1_63' title="bbox 2112 3237 3764 3315; baseline 0.003 -20"><span class='ocrx_word' id='word_1_450' title='bbox 2112 3242 2239 3295; x_wconf 88' lang='lat' dir='ltr'>ceat</span> <span class='ocrx_word' id='word_1_451' title='bbox 2262 3254 2366 3310; x_wconf 90' lang='lat' dir='ltr'>pro</span> <span class='ocrx_word' id='word_1_452' title='bbox 2397 3237 2714 3294; x_wconf 89' lang='lat' dir='ltr'>commissa</span> <span class='ocrx_word' id='word_1_453' title='bbox 2739 3238 2850 3294; x_wconf 91' lang='lat' dir='ltr'>sibi</span> <span class='ocrx_word' id='word_1_454' title='bbox 2877 3239 3345 3297; x_wconf 88' lang='lat' dir='ltr'>circumcisionis</span> <span class='ocrx_word' id='word_1_455' title='bbox 3363 3241 3533 3315; x_wconf 88' lang='lat' dir='ltr'>plebe</span> <span class='ocrx_word' id='word_1_456' title='bbox 3556 3243 3764 3313; x_wconf 85' lang='lat' dir='ltr'>facere,</span> 
     </span>
    </p>
   </div>
   <div class='ocr_carea' id='block_1_64' title="bbox 2112 3327 3763 3407">
    <p class='ocr_par' dir='ltr' id='par_1_64' title="bbox 2112 3327 3763 3407">
     <span class='ocr_line' id='line_1_64' title="bbox 2112 3327 3763 3407; baseline 0.004 -24"><span class='ocrx_word' id='word_1_457' title='bbox 2112 3344 2185 3384; x_wconf 89' lang='lat' dir='ltr'>ne</span> <span class='ocrx_word' id='word_1_458' title='bbox 2233 3329 2305 3383; x_wconf 90' lang='lat' dir='ltr'>ab</span> <span class='ocrx_word' id='word_1_459' title='bbox 2354 3327 2596 3400; x_wconf 88' lang='lat' dir='ltr'>antiquo</span> <span class='ocrx_word' id='word_1_460' title='bbox 2644 3332 2883 3400; x_wconf 86' lang='lat' dir='ltr'>repente</span> <span class='ocrx_word' id='word_1_461' title='bbox 2923 3328 3149 3385; x_wconf 89' lang='lat' dir='ltr'>vivendi</span> <span class='ocrx_word' id='word_1_462' title='bbox 3190 3346 3352 3386; x_wconf 89' lang='lat' dir='ltr'>more</span> <span class='ocrx_word' id='word_1_463' title='bbox 3408 3331 3763 3407; x_wconf 86' lang='lat' dir='ltr'>desciscens,</span> 
     </span>
    </p>
   </div>
   <div class='ocr_carea' id='block_1_65' title="bbox 336 3405 3765 3494">
    <p class='ocr_par' dir='ltr' id='par_1_65' title="bbox 336 3405 3765 3494">
     <span class='ocr_line' id='line_1_65' title="bbox 336 3405 3765 3494; baseline 0.001 -19"><span class='ocrx_word' id='word_1_464' title='bbox 336 3418 694 3492; x_wconf 88' lang='lat' dir='ltr'>intelligere,</span> <span class='ocrx_word' id='word_1_465' title='bbox 717 3423 785 3474; x_wconf 90' lang='lat' dir='ltr'>ut</span> <span class='ocrx_word' id='word_1_466' title='bbox 815 3432 1160 3476; x_wconf 88' lang='lat' dir='ltr'>communes</span> <span class='ocrx_word' id='word_1_467' title='bbox 1180 3420 1523 3490; x_wconf 88' lang='lat' dir='ltr'>sententias,</span> <span class='ocrx_word' id='word_1_468' title='bbox 1548 3419 1848 3476; x_wconf 89' lang='lat' dir='ltr'>communi</span> <span class='ocrx_word' id='word_1_469' title='bbox 1878 3437 2002 3476; x_wconf 90' lang='lat' dir='ltr'>ora-</span> <span class='ocrx_word' id='word_1_470' title='bbox 2031 3405 2075 3472; x_wconf 86' lang='lat' dir='ltr'>C</span> <span class='ocrx_word' id='word_1_471' title='bbox 2112 3418 2173 3473; x_wconf 90' lang='lat' dir='ltr'>in</span> <span class='ocrx_word' id='word_1_472' title='bbox 2206 3433 2438 3473; x_wconf 92' lang='lat' dir='ltr'>crucem</span> <span class='ocrx_word' id='word_1_473' title='bbox 2470 3417 2862 3473; x_wconf 89' lang='lat' dir='ltr'>scandalizata</span> <span class='ocrx_word' id='word_1_474' title='bbox 2902 3434 3019 3473; x_wconf 89' lang='lat' dir='ltr'>non</span> <span class='ocrx_word' id='word_1_475' title='bbox 3069 3419 3348 3489; x_wconf 83' lang='lat' dir='ltr'>crederet,</span> <span class='ocrx_word' id='word_1_476' title='bbox 3382 3423 3440 3475; x_wconf 87' lang='lat' dir='ltr'>et</span> <span class='ocrx_word' id='word_1_477' title='bbox 3467 3420 3580 3476; x_wconf 87' lang='lat' dir='ltr'>sibi</span> <span class='ocrx_word' id='word_1_478' title='bbox 3610 3405 3765 3494; x_wconf 43' lang='lat' dir='ltr'>pris;</span> 
     </span>
    </p>
   </div>
   <div class='ocr_carea' id='block_1_66' title="bbox 254 3507 1995 3581">
    <p class='ocr_par' dir='ltr' id='par_1_66' title="bbox 254 3507 1995 3581">
     <span class='ocr_line' id='line_1_66' title="bbox 254 3507 1995 3581; baseline -0.001 -17"><span class='ocrx_word' id='word_1_479' title='bbox 254 3526 263 3529; x_wconf 79' lang='lat'><em>&#39;</em></span> <span class='ocrx_word' id='word_1_480' title='bbox 336 3507 506 3565; x_wconf 81' lang='lat' dir='ltr'>tione</span> <span class='ocrx_word' id='word_1_481' title='bbox 550 3508 812 3574; x_wconf 87' lang='lat' dir='ltr'>vestiret,</span> <span class='ocrx_word' id='word_1_482' title='bbox 843 3512 901 3563; x_wconf 89' lang='lat' dir='ltr'>et</span> <span class='ocrx_word' id='word_1_483' title='bbox 930 3523 1080 3579; x_wconf 89' lang='lat' dir='ltr'>quos</span> <span class='ocrx_word' id='word_1_484' title='bbox 1110 3507 1257 3564; x_wconf 88' lang='lat' dir='ltr'>ratio</span> <span class='ocrx_word' id='word_1_485' title='bbox 1289 3509 1536 3564; x_wconf 90' lang='lat' dir='ltr'>suadere</span> <span class='ocrx_word' id='word_1_486' title='bbox 1583 3526 1700 3564; x_wconf 90' lang='lat' dir='ltr'>non</span> <span class='ocrx_word' id='word_1_487' title='bbox 1749 3512 1995 3581; x_wconf 86' lang='lat' dir='ltr'>poterat,</span> 
     </span>
    </p>
   </div>
   <div class='ocr_carea' id='block_1_67' title="bbox 334 3594 1998 3669">
    <p class='ocr_par' dir='ltr' id='par_1_67' title="bbox 334 3594 1998 3669">
     <span class='ocr_line' id='line_1_67' title="bbox 334 3594 1998 3669; baseline 0 -16"><span class='ocrx_word' id='word_1_488' title='bbox 334 3598 641 3653; x_wconf 89' lang='lat' dir='ltr'>revocaret</span> <span class='ocrx_word' id='word_1_489' title='bbox 669 3595 1005 3652; x_wconf 88' lang='lat' dir='ltr'>auctoritas.</span> <span class='ocrx_word' id='word_1_490' title='bbox 1039 3594 1251 3653; x_wconf 85' lang='lat' dir='ltr'>Nullus</span> <span class='ocrx_word' id='word_1_491' title='bbox 1293 3595 1532 3669; x_wconf 90' lang='lat' dir='ltr'>quidem</span> <span class='ocrx_word' id='word_1_492' title='bbox 1576 3597 1841 3669; x_wconf 89' lang='lat' dir='ltr'>Apostoli</span> <span class='ocrx_word' id='word_1_493' title='bbox 1873 3614 1998 3653; x_wconf 89' lang='lat' dir='ltr'>ser-</span> 
     </span>
    </p>
   </div>
   <div class='ocr_carea' id='block_1_68' title="bbox 336 3683 1998 3759">
    <p class='ocr_par' dir='ltr' id='par_1_68' title="bbox 336 3683 1998 3759">
     <span class='ocr_line' id='line_1_68' title="bbox 336 3683 1998 3759; baseline 0 -16"><span class='ocrx_word' id='word_1_494' title='bbox 336 3701 441 3743; x_wconf 88' lang='lat' dir='ltr'>mo</span> <span class='ocrx_word' id='word_1_495' title='bbox 480 3688 590 3757; x_wconf 88' lang='lat' dir='ltr'>est,</span> <span class='ocrx_word' id='word_1_496' title='bbox 622 3683 712 3741; x_wconf 88' lang='lat' dir='ltr'>vel</span> <span class='ocrx_word' id='word_1_497' title='bbox 755 3700 860 3759; x_wconf 89' lang='lat' dir='ltr'>per</span> <span class='ocrx_word' id='word_1_498' title='bbox 908 3684 1253 3758; x_wconf 88' lang='lat' dir='ltr'>Epistolam,</span> <span class='ocrx_word' id='word_1_499' title='bbox 1283 3685 1371 3743; x_wconf 92' lang='lat' dir='ltr'>vel</span> <span class='ocrx_word' id='word_1_500' title='bbox 1414 3687 1738 3759; x_wconf 74' lang='lat' dir='ltr'>praesentis,</span> <span class='ocrx_word' id='word_1_501' title='bbox 1773 3687 1834 3744; x_wconf 89' lang='lat' dir='ltr'>in</span> <span class='ocrx_word' id='word_1_502' title='bbox 1883 3704 1998 3759; x_wconf 90' lang='lat' dir='ltr'>quo</span> 
     </span>
    </p>
   </div>
   <div class='ocr_carea' id='block_1_69' title="bbox 336 3773 1997 3851">
    <p class='ocr_par' dir='ltr' id='par_1_69' title="bbox 336 3773 1997 3851">
     <span class='ocr_line' id='line_1_69' title="bbox 336 3773 1997 3851; baseline 0 -18"><span class='ocrx_word' id='word_1_503' title='bbox 336 3793 460 3834; x_wconf 89' lang='lat' dir='ltr'>non</span> <span class='ocrx_word' id='word_1_504' title='bbox 500 3773 769 3832; x_wconf 74' lang='lat' dir='ltr'>laboret‘</span> <span class='ocrx_word' id='word_1_505' title='bbox 819 3775 1022 3832; x_wconf 88' lang='lat' dir='ltr'>docere</span> <span class='ocrx_word' id='word_1_506' title='bbox 1078 3776 1333 3850; x_wconf 67' lang='lat' dir='ltr'>antiquas</span> <span class='ocrx_word' id='word_1_507' title='bbox 1393 3775 1539 3851; x_wconf 85' lang='lat' dir='ltr'>legis</span> <span class='ocrx_word' id='word_1_508' title='bbox 1596 3793 1773 3833; x_wconf 84' lang='lat' dir='ltr'>onera</span> <span class='ocrx_word' id='word_1_509' title='bbox 1819 3777 1997 3851; x_wconf 91' lang='lat' dir='ltr'>depo-</span> 
     </span>
    </p>
   </div>
   <div class='ocr_carea' id='block_1_70' title="bbox 413 3874 1538 3973">
    <p class='ocr_par' dir='ltr' id='par_1_70' title="bbox 413 3884 1538 3973">
     <span class='ocr_line' id='line_1_70' title="bbox 413 3884 1538 3973; baseline 0.003 -17"><span class='ocrx_word' id='word_1_510' title='bbox 413 3903 433 3936; x_wconf 76' lang='grc'>¹</span> <span class='ocrx_word' id='word_1_511' title='bbox 465 3902 652 3973; x_wconf 80' lang='lat' dir='ltr'>Antea</span> <span class='ocrx_word' id='word_1_512' title='bbox 680 3884 824 3971; x_wconf 83' lang='lat' dir='ltr'>erat,</span> <span class='ocrx_word' id='word_1_513' title='bbox 855 3903 1104 3973; x_wconf 81' lang='lat' dir='ltr'>propria,</span> <span class='ocrx_word' id='word_1_514' title='bbox 1134 3901 1335 3959; x_wconf 88' lang='lat' dir='ltr'>minus</span> <span class='ocrx_word' id='word_1_515' title='bbox 1360 3906 1538 3959; x_wconf 84' lang='lat' dir='ltr'>recte.</span> 
     </span>
    </p>
   </div>
   <div class='ocr_carea' id='block_1_71' title="bbox 416 3971 2001 4048">
    <p class='ocr_par' dir='ltr' id='par_1_71' title="bbox 416 3971 2001 4048">
     <span class='ocr_line' id='line_1_71' title="bbox 416 3971 2001 4048; baseline 0.001 -19"><span class='ocrx_word' id='word_1_516' title='bbox 416 3973 439 4007; x_wconf 74' lang='grc'>³</span> <span class='ocrx_word' id='word_1_517' title='bbox 468 3973 531 4029; x_wconf 89' lang='lat' dir='ltr'>In</span> <span class='ocrx_word' id='word_1_518' title='bbox 566 3971 808 4030; x_wconf 80' lang='lat' dir='ltr'>laudata</span> <span class='ocrx_word' id='word_1_519' title='bbox 832 3971 1331 4048; x_wconf 16' lang='lat' dir='ltr'>adgAugustinum</span> <span class='ocrx_word' id='word_1_520' title='bbox 1373 3975 1547 4048; x_wconf 88' lang='lat' dir='ltr'>epist.</span> <span class='ocrx_word' id='word_1_521' title='bbox 1579 3975 1818 4048; x_wconf 81' lang='lat' dir='ltr'>brevius</span> <span class='ocrx_word' id='word_1_522' title='bbox 1849 3991 1861 4030; x_wconf 95' lang='lat'>:</span> <span class='ocrx_word' id='word_1_523' title='bbox 1896 3975 2001 4030; x_wconf 87' lang='lat' dir='ltr'>Nec</span> 
     </span>
    </p>
   </div>
   <div class='ocr_carea' id='block_1_72' title="bbox 343 4046 1998 4115">
    <p class='ocr_par' dir='ltr' id='par_1_72' title="bbox 343 4046 1998 4115">
     <span class='ocr_line' id='line_1_72' title="bbox 343 4046 1998 4115; baseline 0.001 -16"><span class='ocrx_word' id='word_1_524' title='bbox 343 4060 604 4100; x_wconf 81' lang='lat' dir='ltr'>sensuum</span> <span class='ocrx_word' id='word_1_525' title='bbox 630 4061 859 4102; x_wconf 88' lang='lat' dir='ltr'>memor.</span> <span class='ocrx_word' id='word_1_526' title='bbox 900 4046 1050 4102; x_wconf 35' lang='lat' dir='ltr'>Jam’</span> <span class='ocrx_word' id='word_1_527' title='bbox 1073 4046 1294 4102; x_wconf 81' lang='lat' dir='ltr'>Domini</span> <span class='ocrx_word' id='word_1_528' title='bbox 1336 4046 1729 4104; x_wconf 56' lang='lat' dir='ltr'>misericordia</span> <span class='ocrx_word' id='word_1_529' title='bbox 1756 4051 1853 4115; x_wconf 82' lang='lat' dir='ltr'>est,</span> <span class='ocrx_word' id='word_1_530' title='bbox 1886 4051 1998 4102; x_wconf 89' lang='lat' dir='ltr'>etc.</span> 
     </span>
    </p>
   </div>
   <div class='ocr_carea' id='block_1_73' title="bbox 417 4116 2000 4204">
    <p class='ocr_par' dir='ltr' id='par_1_73' title="bbox 417 4116 2000 4204">
     <span class='ocr_line' id='line_1_73' title="bbox 417 4116 2000 4204; baseline 0.001 -32"><span class='ocrx_word' id='word_1_531' title='bbox 417 4116 647 4204; x_wconf 71' lang='lat' dir='ltr'>3Palat.</span> <span class='ocrx_word' id='word_1_532' title='bbox 680 4130 802 4204; x_wconf 51' lang='lat' dir='ltr'>ms.</span> <span class='ocrx_word' id='word_1_533' title='bbox 828 4117 926 4204; x_wconf 61' lang='grc' dir='ltr'>Ιξοε</span> <span class='ocrx_word' id='word_1_534' title='bbox 970 4120 1306 4204; x_wconf 51' lang='lat' dir='ltr'>pra/ctione</span> <span class='ocrx_word' id='word_1_535' title='bbox 1341 4134 1687 4204; x_wconf 65' lang='lat' dir='ltr'>commoneo;</span> <span class='ocrx_word' id='word_1_536' title='bbox 1739 4125 1796 4174; x_wconf 91' lang='lat' dir='ltr'>et</span> <span class='ocrx_word' id='word_1_537' title='bbox 1843 4134 2000 4186; x_wconf 84' lang='lat' dir='ltr'>mox,</span> 
     </span>
    </p>
   </div>
   <div class='ocr_carea' id='block_1_74' title="bbox 345 4188 2005 4345">
    <p class='ocr_par' dir='ltr' id='par_1_74' title="bbox 345 4188 2005 4345">
     <span class='ocr_line' id='line_1_74' title="bbox 345 4188 1508 4316; baseline 0.005 -75"><span class='ocrx_word' id='word_1_538' title='bbox 345 4188 636 4244; x_wconf 77' lang='lat' dir='ltr'>materiam</span> <span class='ocrx_word' id='word_1_539' title='bbox 661 4188 917 4316; x_wconf 55' lang='lat' dir='ltr'>egi-stolae</span> <span class='ocrx_word' id='word_1_540' title='bbox 946 4188 1169 4262; x_wconf 77' lang='lat' dir='ltr'>absque</span> <span class='ocrx_word' id='word_1_541' title='bbox 1196 4199 1249 4246; x_wconf 79' lang='lat' dir='ltr'>et</span> <span class='ocrx_word' id='word_1_542' title='bbox 1282 4191 1508 4263; x_wconf 89' lang='lat' dir='ltr'>copula.</span> 
     </span>
     <span class='ocr_line' id='line_1_75' title="bbox 364 4259 2005 4345; baseline 0.002 -32"><span class='ocrx_word' id='word_1_543' title='bbox 364 4260 440 4345; x_wconf 9' lang='lat'>77‘</span> <span class='ocrx_word' id='word_1_544' title='bbox 471 4259 641 4345; x_wconf 43' lang='lat' dir='ltr'>idem.</span> <span class='ocrx_word' id='word_1_545' title='bbox 688 4260 868 4345; x_wconf 35' lang='grc' dir='ltr'>βιῳ.</span> <span class='ocrx_word' id='word_1_546' title='bbox 918 4261 1122 4345; x_wconf 76' lang='lat' dir='ltr'>codex,</span> <span class='ocrx_word' id='word_1_547' title='bbox 1167 4278 1344 4345; x_wconf 58' lang='lat' dir='ltr'>seruio</span> <span class='ocrx_word' id='word_1_548' title='bbox 1393 4268 1489 4345; x_wconf 76' lang='lat' dir='ltr'>est,</span> <span class='ocrx_word' id='word_1_549' title='bbox 1523 4262 1606 4345; x_wconf 70' lang='lat' dir='ltr'>vel</span> <span class='ocrx_word' id='word_1_550' title='bbox 1655 4262 2005 4345; x_wconf 51' lang='lat' dir='ltr'>epistola,“in</span> 
     </span>
    </p>
   </div>
   <div class='ocr_carea' id='block_1_75' title="bbox 346 4331 2002 4416">
    <p class='ocr_par' dir='ltr' id='par_1_75' title="bbox 346 4331 2002 4416">
     <span class='ocr_line' id='line_1_76' title="bbox 346 4331 2002 4416; baseline 0.002 -32"><span class='ocrx_word' id='word_1_551' title='bbox 346 4344 452 4416; x_wconf 60' lang='lat' dir='ltr'>qu?</span> <span class='ocrx_word' id='word_1_552' title='bbox 479 4346 592 4416; x_wconf 61' lang='lat' dir='ltr'>non</span> <span class='ocrx_word' id='word_1_553' title='bbox 623 4331 846 4416; x_wconf 67' lang='lat' dir='ltr'>laboret,</span> <span class='ocrx_word' id='word_1_554' title='bbox 888 4337 1023 4402; x_wconf 88' lang='lat' dir='ltr'>etc.,</span> <span class='ocrx_word' id='word_1_555' title='bbox 1067 4334 1375 4405; x_wconf 87' lang='lat' dir='ltr'>expunctis</span> <span class='ocrx_word' id='word_1_556' title='bbox 1404 4331 1727 4405; x_wconf 85' lang='lat' dir='ltr'>interjectis</span> <span class='ocrx_word' id='word_1_557' title='bbox 1757 4332 2002 4404; x_wconf 89' lang='lat' dir='ltr'>voculis,</span> 
     </span>
    </p>
   </div>
   <div class='ocr_carea' id='block_1_76' title="bbox 348 4400 861 4474">
    <p class='ocr_par' dir='ltr' id='par_1_76' title="bbox 348 4400 861 4474">
     <span class='ocr_line' id='line_1_77' title="bbox 348 4400 861 4474; baseline 0.004 -18"><span class='ocrx_word' id='word_1_558' title='bbox 348 4400 435 4474; x_wconf 67' lang='lat' dir='ltr'>vel</span> <span class='ocrx_word' id='word_1_559' title='bbox 448 4409 512 4458; x_wconf 30' lang='lat' dir='ltr'>vel</span> <span class='ocrx_word' id='word_1_560' title='bbox 548 4400 861 4474; x_wconf 54' lang='lat' dir='ltr'>prgsentis.</span> 
     </span>
    </p>
   </div>
   <div class='ocr_carea' id='block_1_77' title="bbox 382 4473 2008 4602">
    <p class='ocr_par' dir='ltr' id='par_1_77' title="bbox 382 4473 2008 4602">
     <span class='ocr_line' id='line_1_78' title="bbox 421 4473 2008 4602; baseline 0 -71"><span class='ocrx_word' id='word_1_561' title='bbox 421 4473 442 4508; x_wconf 76' lang='grc'>⁵</span> <span class='ocrx_word' id='word_1_562' title='bbox 470 4478 657 4602; x_wconf 55' lang='lat' dir='ltr'>Penes</span> <span class='ocrx_word' id='word_1_563' title='bbox 684 4474 995 4534; x_wconf 72' lang='lat' dir='ltr'>‘Rabanum</span> <span class='ocrx_word' id='word_1_564' title='bbox 1020 4476 1233 4532; x_wconf 90' lang='lat' dir='ltr'>minori</span> <span class='ocrx_word' id='word_1_565' title='bbox 1260 4493 1528 4543; x_wconf 87' lang='lat' dir='ltr'>numero,</span> <span class='ocrx_word' id='word_1_566' title='bbox 1549 4478 1802 4549; x_wconf 79' lang='lat' dir='ltr'>princeps</span> <span class='ocrx_word' id='word_1_567' title='bbox 1832 4476 2008 4532; x_wconf 82' lang='lat' dir='ltr'>obser-</span> 
     </span>
     <span class='ocr_line' id='line_1_79' title="bbox 382 4558 522 4602; baseline 0.007 -1"><span class='ocrx_word' id='word_1_568' title='bbox 382 4558 483 4602; x_wconf 81' lang='lat' dir='ltr'>‘are</span> <span class='ocrx_word' id='word_1_569' title='bbox 509 4586 522 4602; x_wconf 92' lang='lat'>.</span> 
     </span>
    </p>
   </div>
   <div class='ocr_carea' id='block_1_78' title="bbox 344 4561 2008 4693">
    <p class='ocr_par' dir='ltr' id='par_1_78' title="bbox 344 4561 2008 4693">
     <span class='ocr_line' id='line_1_80' title="bbox 344 4561 2008 4693; baseline 0.001 -19"><span class='ocrx_word' id='word_1_570' title='bbox 344 4561 733 4677; x_wconf 47' lang='lat' dir='ltr'>ergalatin.</span> <span class='ocrx_word' id='word_1_571' title='bbox 762 4635 901 4688; x_wconf 87' lang='lat' dir='ltr'>ms.,</span> <span class='ocrx_word' id='word_1_572' title='bbox 934 4634 1159 4693; x_wconf 55' lang='lat' dir='ltr'>equum</span> <span class='ocrx_word' id='word_1_573' title='bbox 1204 4622 1343 4677; x_wconf 82' lang='lat' dir='ltr'>esset</span> <span class='ocrx_word' id='word_1_574' title='bbox 1383 4635 1486 4692; x_wconf 83' lang='lat' dir='ltr'>pro</span> <span class='ocrx_word' id='word_1_575' title='bbox 1532 4619 1772 4677; x_wconf 79' lang='lat' dir='ltr'>veritate</span> <span class='ocrx_word' id='word_1_576' title='bbox 1816 4620 2008 4691; x_wconf 78' lang='lat' dir='ltr'>defen-</span> 
     </span>
    </p>
   </div>
   <div class='ocr_carea' id='block_1_79' title="bbox 356 4695 641 4761">
    <p class='ocr_par' dir='ltr' id='par_1_79' title="bbox 356 4695 641 4761">
     <span class='ocr_line' id='line_1_81' title="bbox 356 4695 641 4761; baseline -0.004 -13"><span class='ocrx_word' id='word_1_577' title='bbox 356 4695 498 4761; x_wconf 66' lang='lat' dir='ltr'>dere,</span> <span class='ocrx_word' id='word_1_578' title='bbox 531 4696 641 4747; x_wconf 87' lang='lat' dir='ltr'>etc.</span> 
     </span>
    </p>
   </div>
   <div class='ocr_carea' id='block_1_80' title="bbox 2106 3506 3761 3582">
    <p class='ocr_par' dir='ltr' id='par_1_80' title="bbox 2106 3506 3761 3582">
     <span class='ocr_line' id='line_1_82' title="bbox 2106 3506 3761 3582; baseline 0.002 -20"><span class='ocrx_word' id='word_1_579' title='bbox 2106 3506 2397 3563; x_wconf 87' lang='lat' dir='ltr'>dicatione</span> <span class='ocrx_word' id='word_1_580' title='bbox 2450 3506 2717 3579; x_wconf 87' lang='lat' dir='ltr'>gentium</span> <span class='ocrx_word' id='word_1_581' title='bbox 2765 3506 3005 3574; x_wconf 89' lang='lat' dir='ltr'>credita,</span> <span class='ocrx_word' id='word_1_582' title='bbox 3048 3509 3325 3579; x_wconf 67' lang='lat' dir='ltr'>aequum6</span> <span class='ocrx_word' id='word_1_583' title='bbox 3367 3522 3498 3564; x_wconf 89' lang='lat' dir='ltr'>esse</span> <span class='ocrx_word' id='word_1_584' title='bbox 3544 3508 3608 3564; x_wconf 89' lang='lat' dir='ltr'>id</span> <span class='ocrx_word' id='word_1_585' title='bbox 3655 3524 3761 3582; x_wconf 91' lang='lat' dir='ltr'>pro</span> 
     </span>
    </p>
   </div>
   <div class='ocr_carea' id='block_1_81' title="bbox 2106 3595 3762 3670">
    <p class='ocr_par' dir='ltr' id='par_1_81' title="bbox 2106 3595 3762 3670">
     <span class='ocr_line' id='line_1_83' title="bbox 2106 3595 3762 3670; baseline 0.002 -17"><span class='ocrx_word' id='word_1_586' title='bbox 2106 3597 2345 3653; x_wconf 84' lang='lat' dir='ltr'>veritate</span> <span class='ocrx_word' id='word_1_587' title='bbox 2386 3596 2716 3665; x_wconf 79' lang='lat' dir='ltr'>defendere,</span> <span class='ocrx_word' id='word_1_588' title='bbox 2766 3596 2918 3667; x_wconf 90' lang='lat' dir='ltr'>quod</span> <span class='ocrx_word' id='word_1_589' title='bbox 2968 3595 3121 3652; x_wconf 89' lang='lat' dir='ltr'>alius</span> <span class='ocrx_word' id='word_1_590' title='bbox 3170 3613 3273 3670; x_wconf 93' lang='lat' dir='ltr'>pro</span> <span class='ocrx_word' id='word_1_591' title='bbox 3321 3596 3762 3670; x_wconf 80' lang='lat' dir='ltr'>dispensatione</span> 
     </span>
    </p>
   </div>
   <div class='ocr_carea' id='block_1_82' title="bbox 2108 3684 3801 3760">
    <p class='ocr_par' dir='ltr' id='par_1_82' title="bbox 2108 3684 3801 3760">
     <span class='ocr_line' id='line_1_84' title="bbox 2108 3684 3801 3760; baseline 0.002 -18"><span class='ocrx_word' id='word_1_592' title='bbox 2108 3684 2435 3743; x_wconf 89' lang='lat' dir='ltr'>simularet.</span> <span class='ocrx_word' id='word_1_593' title='bbox 2465 3684 2629 3749; x_wconf 85' lang='lat' dir='ltr'>Quod</span> <span class='ocrx_word' id='word_1_594' title='bbox 2668 3700 3043 3758; x_wconf 85' lang='lat' dir='ltr'>nequaquam</span> <span class='ocrx_word' id='word_1_595' title='bbox 3088 3684 3426 3760; x_wconf 87' lang='lat' dir='ltr'>intelligens</span> <span class='ocrx_word' id='word_1_596' title='bbox 3474 3690 3760 3745; x_wconf 85' lang='lat' dir='ltr'>Bataneo-</span> <span class='ocrx_word' id='word_1_597' title='bbox 3798 3724 3801 3727; x_wconf 98' lang='lat'><strong><em>-</em></strong></span> 
     </span>
    </p>
   </div>
   <div class='ocr_carea' id='block_1_83' title="bbox 2107 3773 3759 3851">
    <p class='ocr_par' dir='ltr' id='par_1_83' title="bbox 2107 3773 3759 3851">
     <span class='ocr_line' id='line_1_85' title="bbox 2107 3773 3759 3851; baseline 0.002 -19"><span class='ocrx_word' id='word_1_598' title='bbox 2107 3780 2195 3832; x_wconf 91' lang='lat' dir='ltr'>tes</span> <span class='ocrx_word' id='word_1_599' title='bbox 2216 3776 2236 3810; x_wconf 83' lang='grc'>⁷</span> <span class='ocrx_word' id='word_1_600' title='bbox 2268 3779 2325 3831; x_wconf 89' lang='lat' dir='ltr'>et</span> <span class='ocrx_word' id='word_1_601' title='bbox 2353 3773 2670 3832; x_wconf 88' lang='lat' dir='ltr'>sceleratus</span> <span class='ocrx_word' id='word_1_602' title='bbox 2703 3773 2804 3830; x_wconf 90' lang='lat' dir='ltr'>ille</span> <span class='ocrx_word' id='word_1_603' title='bbox 2844 3774 3224 3848; x_wconf 77' lang='lat' dir='ltr'>Porphyrius,</span> <span class='ocrx_word' id='word_1_604' title='bbox 3250 3775 3311 3831; x_wconf 92' lang='lat' dir='ltr'>in</span> <span class='ocrx_word' id='word_1_605' title='bbox 3341 3776 3534 3849; x_wconf 90' lang='lat' dir='ltr'>primo</span> <span class='ocrx_word' id='word_1_606' title='bbox 3564 3777 3759 3851; x_wconf 84' lang='lat' dir='ltr'>operis</span> 
     </span>
    </p>
   </div>
   <div class='ocr_carea' id='block_1_84' title="bbox 2109 3901 3759 3974">
    <p class='ocr_par' dir='ltr' id='par_1_84' title="bbox 2109 3901 3759 3974">
     <span class='ocr_line' id='line_1_86' title="bbox 2109 3901 3759 3974; baseline 0.001 -16"><span class='ocrx_word' id='word_1_607' title='bbox 2109 3901 2397 3959; x_wconf 89' lang='lat' dir='ltr'>coloniam</span> <span class='ocrx_word' id='word_1_608' title='bbox 2434 3917 2447 3956; x_wconf 90' lang='lat'><strong>:</strong></span> <span class='ocrx_word' id='word_1_609' title='bbox 2481 3918 2663 3974; x_wconf 88' lang='lat' dir='ltr'>quare</span> <span class='ocrx_word' id='word_1_610' title='bbox 2693 3906 2750 3957; x_wconf 89' lang='lat' dir='ltr'>et</span> <span class='ocrx_word' id='word_1_611' title='bbox 2790 3901 3021 3958; x_wconf 85' lang='lat' dir='ltr'>civitate</span> <span class='ocrx_word' id='word_1_612' title='bbox 3060 3901 3315 3959; x_wconf 88' lang='lat' dir='ltr'>donatus</span> <span class='ocrx_word' id='word_1_613' title='bbox 3344 3919 3385 3959; x_wconf 84' lang='lat' dir='ltr'>a</span> <span class='ocrx_word' id='word_1_614' title='bbox 3406 3902 3594 3974; x_wconf 82' lang='lat' dir='ltr'>Tyriis</span> <span class='ocrx_word' id='word_1_615' title='bbox 3619 3903 3759 3960; x_wconf 92' lang='lat' dir='ltr'>Por-</span> 
     </span>
    </p>
   </div>
   <div class='ocr_carea' id='block_1_85' title="bbox 2110 3973 3765 4048">
    <p class='ocr_par' dir='ltr' id='par_1_85' title="bbox 2110 3973 3765 4048">
     <span class='ocr_line' id='line_1_87' title="bbox 2110 3973 3765 4048; baseline 0.001 -19"><span class='ocrx_word' id='word_1_616' title='bbox 2110 3974 2355 4048; x_wconf 79' lang='lat' dir='ltr'>phyrius</span> <span class='ocrx_word' id='word_1_617' title='bbox 2386 3973 2577 4048; x_wconf 78' lang='lat' dir='ltr'>fuerit,</span> <span class='ocrx_word' id='word_1_618' title='bbox 2603 3973 3082 4048; x_wconf 64' lang='lat' dir='ltr'>quandoquidem</span> <span class='ocrx_word' id='word_1_619' title='bbox 3115 3974 3355 4048; x_wconf 59' lang='lat' dir='ltr'>Tyrium</span> <span class='ocrx_word' id='word_1_620' title='bbox 3388 3973 3560 4048; x_wconf 84' lang='lat' dir='ltr'>vulgo</span> <span class='ocrx_word' id='word_1_621' title='bbox 3591 3974 3765 4031; x_wconf 78' lang='lat' dir='ltr'>exsti-</span> 
     </span>
    </p>
   </div>
   <div class='ocr_carea' id='block_1_86' title="bbox 2110 4045 3760 4127">
    <p class='ocr_par' dir='ltr' id='par_1_86' title="bbox 2110 4045 3760 4127">
     <span class='ocr_line' id='line_1_88' title="bbox 2110 4045 3760 4127; baseline 0.001 -27"><span class='ocrx_word' id='word_1_622' title='bbox 2110 4045 2253 4127; x_wconf 48' lang='lat' dir='ltr'>tnisse</span> <span class='ocrx_word' id='word_1_623' title='bbox 2283 4061 2417 4099; x_wconf 90' lang='lat' dir='ltr'>eum</span> <span class='ocrx_word' id='word_1_624' title='bbox 2450 4045 2692 4124; x_wconf 77' lang='lat' dir='ltr'>tradunt</span> <span class='ocrx_word' id='word_1_625' title='bbox 2709 4045 3033 4127; x_wconf 47' lang='lat' dir='ltr'>Eun‘apius‘,</span> <span class='ocrx_word' id='word_1_626' title='bbox 3052 4048 3109 4127; x_wconf 83' lang='lat' dir='ltr'>et</span> <span class='ocrx_word' id='word_1_627' title='bbox 3140 4045 3350 4127; x_wconf 78' lang='lat' dir='ltr'>Plotini</span> <span class='ocrx_word' id='word_1_628' title='bbox 3375 4045 3529 4113; x_wconf 73' lang='lat' dir='ltr'>Vitd,</span> <span class='ocrx_word' id='word_1_629' title='bbox 3552 4062 3680 4119; x_wconf 90' lang='lat' dir='ltr'>cap.</span> 
     </span>
    </p>
   </div>
   <div class='ocr_carea' id='block_1_87' title="bbox 2115 4115 3768 4186">
    <p class='ocr_par' dir='ltr' id='par_1_87' title="bbox 2115 4115 3768 4186">
     <span class='ocr_line' id='line_1_89' title="bbox 2115 4115 3768 4186; baseline 0.001 -15"><span class='ocrx_word' id='word_1_630' title='bbox 2115 4115 2371 4186; x_wconf 88' lang='lat' dir='ltr'>Denique</span> <span class='ocrx_word' id='word_1_631' title='bbox 2417 4115 2610 4169; x_wconf 88' lang='lat' dir='ltr'>visum</span> <span class='ocrx_word' id='word_1_632' title='bbox 2660 4119 2751 4169; x_wconf 90' lang='lat' dir='ltr'>est</span> <span class='ocrx_word' id='word_1_633' title='bbox 2799 4115 2950 4181; x_wconf 89' lang='lat' dir='ltr'>aliis,</span> <span class='ocrx_word' id='word_1_634' title='bbox 2992 4115 3359 4171; x_wconf 77' lang='lat' dir='ltr'>Bataneotem</span> <span class='ocrx_word' id='word_1_635' title='bbox 3412 4132 3517 4186; x_wconf 89' lang='lat' dir='ltr'>per</span> <span class='ocrx_word' id='word_1_636' title='bbox 3563 4115 3768 4174; x_wconf 58' lang='lat' dir='ltr'>ce&#39;nvi-</span> 
     </span>
    </p>
   </div>
   <div class='ocr_carea' id='block_1_88' title="bbox 2113 4185 3765 4313">
    <p class='ocr_par' dir='ltr' id='par_1_88' title="bbox 2113 4185 3765 4313">
     <span class='ocr_line' id='line_1_90' title="bbox 2113 4185 3765 4313; baseline 0.001 -70"><span class='ocrx_word' id='word_1_637' title='bbox 2113 4185 2435 4251; x_wconf 14' lang='lat' dir='ltr'>ciumwdiei,</span> <span class='ocrx_word' id='word_1_638' title='bbox 2459 4186 2616 4255; x_wconf 78' lang='lat' dir='ltr'>quod</span> <span class='ocrx_word' id='word_1_639' title='bbox 2646 4189 2953 4241; x_wconf 81' lang='lat' dir='ltr'>taurorum</span> <span class='ocrx_word' id='word_1_640' title='bbox 2985 4185 3175 4242; x_wconf 88' lang='lat' dir='ltr'>instar</span> <span class='ocrx_word' id='word_1_641' title='bbox 3178 4186 3543 4313; x_wconf 50' lang='lat' dir='ltr'>famvem‘cﬁw</span> <span class='ocrx_word' id='word_1_642' title='bbox 3572 4187 3765 4259; x_wconf 81' lang='lat' dir='ltr'>petul-</span> 
     </span>
     <span class='ocr_line' id='line_1_91' title="bbox 2114 4257 3765 4313; baseline 0 0"><span class='ocrx_word' id='word_1_643' title='bbox 2114 4277 2179 4313; x_wconf 91' lang='lat' dir='ltr'>co</span> <span class='ocrx_word' id='word_1_644' title='bbox 2211 4275 2359 4313; x_wconf 89' lang='lat' dir='ltr'>ausu</span> <span class='ocrx_word' id='word_1_645' title='bbox 2390 4258 2449 4313; x_wconf 93' lang='lat' dir='ltr'>in</span> <span class='ocrx_word' id='word_1_646' title='bbox 2495 4257 2793 4313; x_wconf 86' lang='lat' dir='ltr'>Christum</span> <span class='ocrx_word' id='word_1_647' title='bbox 2843 4258 3088 4313; x_wconf 84' lang='lat' dir='ltr'>eiusaue</span> <span class='ocrx_word' id='word_1_648' title='bbox 3136 4258 3171 4311; x_wconf 87' lang='lat' dir='ltr'>ﬁ</span> <span class='ocrx_word' id='word_1_649' title='bbox 3220 4274 3313 4313; x_wconf 91' lang='lat' dir='ltr'>em</span> <span class='ocrx_word' id='word_1_650' title='bbox 3361 4258 3765 4313; x_wconf 87' lang='lat' dir='ltr'>insurrexerit.</span> 
     </span>
    </p>
   </div>
   <div class='ocr_carea' id='block_1_89' title="bbox 2114 4257 3765 4329">
    <p class='ocr_par' dir='ltr' id='par_1_89' title="bbox 2114 4257 3765 4329">
     <span class='ocr_line' id='line_1_92' title="bbox 2114 4257 3765 4329; baseline -0.001 -14"><span class='ocrx_word' id='word_1_651' title='bbox 2114 4277 2179 4315; x_wconf 92' lang='lat' dir='ltr'>co</span> <span class='ocrx_word' id='word_1_652' title='bbox 2211 4275 2359 4314; x_wconf 89' lang='lat' dir='ltr'>ausu</span> <span class='ocrx_word' id='word_1_653' title='bbox 2390 4258 2449 4313; x_wconf 93' lang='lat' dir='ltr'>in</span> <span class='ocrx_word' id='word_1_654' title='bbox 2495 4257 2793 4313; x_wconf 88' lang='lat' dir='ltr'>Christum</span> <span class='ocrx_word' id='word_1_655' title='bbox 2843 4258 3088 4329; x_wconf 81' lang='lat' dir='ltr'>ejusque</span> <span class='ocrx_word' id='word_1_656' title='bbox 3136 4257 3313 4313; x_wconf 87' lang='lat' dir='ltr'>ﬁdem</span> <span class='ocrx_word' id='word_1_657' title='bbox 3361 4257 3765 4329; x_wconf 79' lang='lat' dir='ltr'>insurrexerit.</span> 
     </span>
    </p>
   </div>
   <div class='ocr_carea' id='block_1_90' title="bbox 2114 4328 3769 4404">
    <p class='ocr_par' dir='ltr' id='par_1_90' title="bbox 2114 4328 3769 4404">
     <span class='ocr_line' id='line_1_93' title="bbox 2114 4328 3769 4404; baseline -0.001 -17"><span class='ocrx_word' id='word_1_658' title='bbox 2114 4334 2302 4404; x_wconf 88' lang='lat' dir='ltr'>Atque</span> <span class='ocrx_word' id='word_1_659' title='bbox 2331 4346 2437 4404; x_wconf 84' lang='lat' dir='ltr'>ego</span> <span class='ocrx_word' id='word_1_660' title='bbox 2459 4329 2754 4401; x_wconf 88' lang='lat' dir='ltr'>equidem,</span> <span class='ocrx_word' id='word_1_661' title='bbox 2778 4335 2840 4404; x_wconf 81' lang='lat' dir='ltr'>ut</span> <span class='ocrx_word' id='word_1_662' title='bbox 2870 4328 3074 4404; x_wconf 71' lang='lat' dir='ltr'>Sedulo</span> <span class='ocrx_word' id='word_1_663' title='bbox 3104 4329 3319 4404; x_wconf 81' lang='lat' dir='ltr'>dicam,</span> <span class='ocrx_word' id='word_1_664' title='bbox 3348 4328 3581 4404; x_wconf 85' lang='lat' dir='ltr'>duabus</span> <span class='ocrx_word' id='word_1_665' title='bbox 3604 4328 3769 4404; x_wconf 78' lang='lat' dir='ltr'>hisce</span> 
     </span>
    </p>
   </div>
   <div class='ocr_carea' id='block_1_91' title="bbox 2115 4400 3770 4474">
    <p class='ocr_par' dir='ltr' id='par_1_91' title="bbox 2115 4400 3770 4474">
     <span class='ocr_line' id='line_1_94' title="bbox 2115 4400 3770 4474; baseline -0.003 -13"><span class='ocrx_word' id='word_1_666' title='bbox 2115 4400 2465 4474; x_wconf 50' lang='lat' dir='ltr'>conjectu&#39;ris</span> <span class='ocrx_word' id='word_1_667' title='bbox 2495 4400 2556 4474; x_wconf 80' lang='lat' dir='ltr'>in</span> <span class='ocrx_word' id='word_1_668' title='bbox 2596 4417 2776 4457; x_wconf 91' lang='lat' dir='ltr'>unam</span> <span class='ocrx_word' id='word_1_669' title='bbox 2813 4402 3061 4473; x_wconf 85' lang='lat' dir='ltr'>junctis,</span> <span class='ocrx_word' id='word_1_670' title='bbox 3094 4401 3323 4474; x_wconf 88' lang='lat' dir='ltr'>sibique</span> <span class='ocrx_word' id='word_1_671' title='bbox 3364 4400 3618 4474; x_wconf 17' lang='lat' dir='ltr'>invicem,</span> <span class='ocrx_word' id='word_1_672' title='bbox 3644 4400 3770 4474; x_wconf 43' lang='lat' dir='ltr'>sui:</span> 
     </span>
    </p>
   </div>
   <div class='ocr_carea' id='block_1_92' title="bbox 2115 4472 3771 4547">
    <p class='ocr_par' dir='ltr' id='par_1_92' title="bbox 2115 4472 3771 4547">
     <span class='ocr_line' id='line_1_95' title="bbox 2115 4472 3771 4547; baseline -0.001 -16"><span class='ocrx_word' id='word_1_673' title='bbox 2115 4472 2486 4547; x_wconf 79' lang='lat' dir='ltr'>fragantibus</span> <span class='ocrx_word' id='word_1_674' title='bbox 2517 4473 2795 4530; x_wconf 89' lang='lat' dir='ltr'>libentius</span> <span class='ocrx_word' id='word_1_675' title='bbox 2821 4472 3116 4547; x_wconf 83' lang='lat' dir='ltr'>accedam.</span> <span class='ocrx_word' id='word_1_676' title='bbox 3139 4472 3338 4547; x_wconf 77' lang='lat' dir='ltr'>Neque</span> <span class='ocrx_word' id='word_1_677' title='bbox 3365 4472 3524 4547; x_wconf 83' lang='lat' dir='ltr'>enim</span> <span class='ocrx_word' id='word_1_678' title='bbox 3556 4473 3771 4547; x_wconf 72' lang='lat' dir='ltr'>adduci</span> 
     </span>
    </p>
   </div>
   <div class='ocr_carea' id='block_1_93' title="bbox 2117 4544 3776 4619">
    <p class='ocr_par' dir='ltr' id='par_1_93' title="bbox 2117 4544 3776 4619">
     <span class='ocr_line' id='line_1_96' title="bbox 2117 4544 3776 4619; baseline 0 -17"><span class='ocrx_word' id='word_1_679' title='bbox 2117 4544 2391 4619; x_wconf 58' lang='lat' dir='ltr'>pos&#39;sum,</span> <span class='ocrx_word' id='word_1_680' title='bbox 2444 4550 2509 4601; x_wconf 90' lang='lat' dir='ltr'>ut</span> <span class='ocrx_word' id='word_1_681' title='bbox 2568 4550 2768 4617; x_wconf 90' lang='lat' dir='ltr'>putem</span> <span class='ocrx_word' id='word_1_682' title='bbox 2818 4545 2942 4619; x_wconf 82' lang='lat' dir='ltr'>vitii</span> <span class='ocrx_word' id='word_1_683' title='bbox 2989 4545 3211 4618; x_wconf 88' lang='lat' dir='ltr'>aliquid</span> <span class='ocrx_word' id='word_1_684' title='bbox 3236 4544 3544 4619; x_wconf 53' lang='lat' dir='ltr'>:vocabulo</span> <span class='ocrx_word' id='word_1_685' title='bbox 3594 4544 3776 4619; x_wconf 76' lang='lat' dir='ltr'>inple-</span> 
     </span>
    </p>
   </div>
   <div class='ocr_carea' id='block_1_94' title="bbox 2117 4615 3773 4690">
    <p class='ocr_par' dir='ltr' id='par_1_94' title="bbox 2117 4615 3773 4690">
     <span class='ocr_line' id='line_1_97' title="bbox 2117 4615 3773 4690; baseline 0.001 -16"><span class='ocrx_word' id='word_1_686' title='bbox 2117 4615 2292 4690; x_wconf 74' lang='lat' dir='ltr'>visse,</span> <span class='ocrx_word' id='word_1_687' title='bbox 2318 4615 2789 4690; x_wconf 15' lang='lat' dir='ltr'>Acorruptumque</span> <span class='ocrx_word' id='word_1_688' title='bbox 2819 4615 3129 4674; x_wconf 83' lang='lat' dir='ltr'>librarium</span> <span class='ocrx_word' id='word_1_689' title='bbox 3161 4615 3334 4690; x_wconf 90' lang='lat' dir='ltr'>culpa</span> <span class='ocrx_word' id='word_1_690' title='bbox 3364 4634 3599 4690; x_wconf 84' lang='lat' dir='ltr'>nomen.</span> <span class='ocrx_word' id='word_1_691' title='bbox 3622 4617 3773 4690; x_wconf 85' lang='lat' dir='ltr'>Nam</span> 
     </span>
    </p>
   </div>
   <div class='ocr_carea' id='block_1_95' title="bbox 2119 4688 3774 4762">
    <p class='ocr_par' dir='ltr' id='par_1_95' title="bbox 2119 4688 3774 4762">
     <span class='ocr_line' id='line_1_98' title="bbox 2119 4688 3774 4762; baseline 0 -16"><span class='ocrx_word' id='word_1_692' title='bbox 2119 4695 2177 4746; x_wconf 89' lang='lat' dir='ltr'>et</span> <span class='ocrx_word' id='word_1_693' title='bbox 2206 4707 2240 4746; x_wconf 87' lang='lat' dir='ltr'>a</span> <span class='ocrx_word' id='word_1_694' title='bbox 2268 4688 2708 4762; x_wconf 71' lang='lat' dir='ltr'>Chrysostomo,</span> <span class='ocrx_word' id='word_1_695' title='bbox 2753 4694 2914 4762; x_wconf 85' lang='lat' dir='ltr'>hom.</span> <span class='ocrx_word' id='word_1_696' title='bbox 2947 4691 2982 4744; x_wconf 86' lang='lat'>6</span> <span class='ocrx_word' id='word_1_697' title='bbox 3009 4690 3070 4745; x_wconf 89' lang='lat' dir='ltr'>in</span> <span class='ocrx_word' id='word_1_698' title='bbox 3101 4690 3124 4762; x_wconf 91' lang='grc' dir='ltr'><strong>Ι</strong></span> <span class='ocrx_word' id='word_1_699' title='bbox 3156 4690 3227 4746; x_wconf 88' lang='lat' dir='ltr'>ad</span> <span class='ocrx_word' id='word_1_700' title='bbox 3259 4688 3518 4762; x_wconf 78' lang='lat' dir='ltr'>Corinth.</span> <span class='ocrx_word' id='word_1_701' title='bbox 3545 4689 3774 4762; x_wconf 88' lang='lat' dir='ltr'>Episto-</span> 
     </span>
    </p>
   </div>
   <div class='ocr_carea' id='block_1_96' title="bbox 427 4760 3778 4847">
    <p class='ocr_par' dir='ltr' id='par_1_96' title="bbox 427 4760 3778 4847">
     <span class='ocr_line' id='line_1_99' title="bbox 427 4760 3778 4847; baseline -0.001 -27"><span class='ocrx_word' id='word_1_702' title='bbox 427 4760 591 4847; x_wconf 45' lang='grc' dir='ltr'>[εἰμι-</span> <span class='ocrx_word' id='word_1_703' title='bbox 620 4764 963 4847; x_wconf 50' lang='grc' dir='ltr'>Βᾳςρεωθοῐςξε</span> <span class='ocrx_word' id='word_1_704' title='bbox 1003 4763 1074 4820; x_wconf 91' lang='lat' dir='ltr'>ab</span> <span class='ocrx_word' id='word_1_705' title='bbox 1122 4762 1859 4847; x_wconf 41' lang='lat' dir='ltr'>Hieronymo‘Porphxrius</span> <span class='ocrx_word' id='word_1_706' title='bbox 1898 4778 2008 4847; x_wconf 44' lang='lat' dir='ltr'>ap:</span> <span class='ocrx_word' id='word_1_707' title='bbox 2042 4780 2088 4847; x_wconf 78' lang='lat' dir='ltr'><strong>D</strong></span> <span class='ocrx_word' id='word_1_708' title='bbox 2118 4762 2260 4845; x_wconf 78' lang='lat' dir='ltr'>1am,</span> <span class='ocrx_word' id='word_1_709' title='bbox 2294 4764 2350 4816; x_wconf 91' lang='lat' dir='ltr'>et</span> <span class='ocrx_word' id='word_1_710' title='bbox 2391 4760 2463 4815; x_wconf 81' lang='lat' dir='ltr'>ab</span> <span class='ocrx_word' id='word_1_711' title='bbox 2508 4760 3167 4847; x_wconf 51' lang='lat' dir='ltr'>Anastasiohsmaitain</span> <span class='ocrx_word' id='word_1_712' title='bbox 3196 4761 3438 4847; x_wconf 42' lang='lat' dir='ltr'>Hodeg‘o,</span> <span class='ocrx_word' id='word_1_713' title='bbox 3595 4760 3778 4847; x_wconf 60' lang='lat' dir='ltr'>Seve-</span> 
     </span>
    </p>
   </div>
   <div class='ocr_carea' id='block_1_97' title="bbox 400 4833 2007 4908">
    <p class='ocr_par' dir='ltr' id='par_1_97' title="bbox 400 4833 2007 4908">
     <span class='ocr_line' id='line_1_100' title="bbox 400 4833 2007 4908; baseline -0.003 -14"><span class='ocrx_word' id='word_1_714' title='bbox 400 4836 630 4900; x_wconf 78' lang='lat' dir='ltr'>ellet‘ur,</span> <span class='ocrx_word' id='word_1_715' title='bbox 662 4835 765 4889; x_wconf 91' lang='lat' dir='ltr'>diu</span> <span class='ocrx_word' id='word_1_716' title='bbox 795 4835 1172 4908; x_wconf 86' lang='lat' dir='ltr'>multumque</span> <span class='ocrx_word' id='word_1_717' title='bbox 1211 4841 1302 4892; x_wconf 88' lang='lat' dir='ltr'>est</span> <span class='ocrx_word' id='word_1_718' title='bbox 1331 4833 1487 4908; x_wconf 79' lang='lat' dir='ltr'>quod</span> <span class='ocrx_word' id='word_1_719' title='bbox 1520 4833 1745 4892; x_wconf 81' lang='lat' dir='ltr'>certant</span> <span class='ocrx_word' id='word_1_720' title='bbox 1773 4833 2007 4890; x_wconf 81' lang='lat' dir='ltr'>eruditi.</span> 
     </span>
    </p>
   </div>
   <div class='ocr_carea' id='block_1_98' title="bbox 403 4907 2016 4979">
    <p class='ocr_par' dir='ltr' id='par_1_98' title="bbox 403 4907 2016 4979">
     <span class='ocr_line' id='line_1_101' title="bbox 403 4907 2016 4979; baseline -0.002 -14"><span class='ocrx_word' id='word_1_721' title='bbox 403 4908 626 4979; x_wconf 6' lang='lat' dir='ltr'>leriqupe</span> <span class='ocrx_word' id='word_1_722' title='bbox 654 4910 853 4979; x_wconf 84' lang='lat' dir='ltr'>autem</span> <span class='ocrx_word' id='word_1_723' title='bbox 893 4907 952 4962; x_wconf 91' lang='lat' dir='ltr'>in</span> <span class='ocrx_word' id='word_1_724' title='bbox 995 4907 1125 4964; x_wconf 86' lang='lat' dir='ltr'>eam</span> <span class='ocrx_word' id='word_1_725' title='bbox 1174 4907 1513 4964; x_wconf 89' lang='lat' dir='ltr'>concessere</span> <span class='ocrx_word' id='word_1_726' title='bbox 1557 4908 1916 4979; x_wconf 88' lang='lat' dir='ltr'>opinionem,</span> <span class='ocrx_word' id='word_1_727' title='bbox 1949 4911 2016 4962; x_wconf 91' lang='lat' dir='ltr'>ut</span> 
     </span>
    </p>
   </div>
   <div class='ocr_carea' id='block_1_99' title="bbox 355 4977 2012 5049">
    <p class='ocr_par' dir='ltr' id='par_1_99' title="bbox 355 4977 2012 5049">
     <span class='ocr_line' id='line_1_102' title="bbox 355 4977 2012 5049; baseline -0.002 -11"><span class='ocrx_word' id='word_1_728' title='bbox 355 4977 709 5038; x_wconf 78' lang='lat' dir='ltr'>vocabulum</span> <span class='ocrx_word' id='word_1_729' title='bbox 740 4977 936 5049; x_wconf 88' lang='lat' dir='ltr'>ipsum</span> <span class='ocrx_word' id='word_1_730' title='bbox 975 4980 1191 5036; x_wconf 90' lang='lat' dir='ltr'>cubare</span> <span class='ocrx_word' id='word_1_731' title='bbox 1223 4981 1281 5036; x_wconf 89' lang='lat' dir='ltr'>in</span> <span class='ocrx_word' id='word_1_732' title='bbox 1314 4981 1527 5035; x_wconf 87' lang='lat' dir='ltr'>mendo</span> <span class='ocrx_word' id='word_1_733' title='bbox 1571 4977 1837 5035; x_wconf 74' lang='lat' dir='ltr'>arbitrati</span> <span class='ocrx_word' id='word_1_734' title='bbox 1870 4979 2012 5049; x_wconf 89' lang='lat' dir='ltr'>sint,</span> 
     </span>
    </p>
   </div>
   <div class='ocr_carea' id='block_1_100' title="bbox 358 5049 2011 5126">
    <p class='ocr_par' dir='ltr' id='par_1_100' title="bbox 358 5049 2011 5126">
     <span class='ocr_line' id='line_1_103' title="bbox 358 5049 2011 5126; baseline -0.001 -19"><span class='ocrx_word' id='word_1_735' title='bbox 358 5059 417 5126; x_wconf 71' lang='lat' dir='ltr'>et</span> <span class='ocrx_word' id='word_1_736' title='bbox 447 5067 550 5126; x_wconf 85' lang='lat' dir='ltr'>pro</span> <span class='ocrx_word' id='word_1_737' title='bbox 583 5066 691 5126; x_wconf 79' lang='lat' dir='ltr'>suo</span> <span class='ocrx_word' id='word_1_738' title='bbox 710 5049 964 5126; x_wconf 78' lang='lat' dir='ltr'>quisque</span> <span class='ocrx_word' id='word_1_739' title='bbox 996 5051 1228 5126; x_wconf 85' lang='lat' dir='ltr'>ingenio</span> <span class='ocrx_word' id='word_1_740' title='bbox 1250 5051 2011 5126; x_wconf 80' lang='lat' dir='ltr'>contenderintemendare,</span> 
     </span>
    </p>
   </div>
   <div class='ocr_carea' id='block_1_101' title="bbox 357 5122 2015 5196">
    <p class='ocr_par' dir='ltr' id='par_1_101' title="bbox 357 5122 2015 5196">
     <span class='ocr_line' id='line_1_104' title="bbox 357 5122 2015 5196; baseline -0.004 -15"><span class='ocrx_word' id='word_1_741' title='bbox 357 5122 732 5196; x_wconf 60' lang='lat' dir='ltr'>Sir&#39;mondus,</span> <span class='ocrx_word' id='word_1_742' title='bbox 767 5122 945 5196; x_wconf 75' lang='lat' dir='ltr'>epist.</span> <span class='ocrx_word' id='word_1_743' title='bbox 990 5122 1244 5196; x_wconf 77' lang='lat' dir='ltr'>quadam</span> <span class='ocrx_word' id='word_1_744' title='bbox 1294 5125 1367 5196; x_wconf 88' lang='lat' dir='ltr'>ad</span> <span class='ocrx_word' id='word_1_745' title='bbox 1417 5122 2015 5196; x_wconf 35' lang='grc' dir='ltr'>Ηοιειθηίυωλβαλαο</span> 
     </span>
    </p>
   </div>
   <div class='ocr_carea' id='block_1_102' title="bbox 360 5194 2016 5267">
    <p class='ocr_par' dir='ltr' id='par_1_102' title="bbox 360 5194 2016 5267">
     <span class='ocr_line' id='line_1_105' title="bbox 360 5194 2016 5267; baseline -0.002 -16"><span class='ocrx_word' id='word_1_746' title='bbox 360 5194 1043 5267; x_wconf 68' lang='lat' dir='ltr'>vadnnvrescribendum</span> <span class='ocrx_word' id='word_1_747' title='bbox 1091 5195 1358 5267; x_wconf 87' lang='lat' dir='ltr'>conjecit,</span> <span class='ocrx_word' id='word_1_748' title='bbox 1392 5196 1564 5267; x_wconf 87' lang='lat' dir='ltr'>cujus</span> <span class='ocrx_word' id='word_1_749' title='bbox 1600 5195 1761 5251; x_wconf 89' lang='lat' dir='ltr'>verbi</span> <span class='ocrx_word' id='word_1_750' title='bbox 1787 5194 2016 5267; x_wconf 80' lang='lat' dir='ltr'>signiﬁ-</span> 
     </span>
    </p>
   </div>
   <div class='ocr_carea' id='block_1_103' title="bbox 361 5264 2018 5341">
    <p class='ocr_par' dir='ltr' id='par_1_103' title="bbox 361 5264 2018 5341">
     <span class='ocr_line' id='line_1_106' title="bbox 361 5264 2018 5341; baseline -0.001 -17"><span class='ocrx_word' id='word_1_751' title='bbox 361 5271 554 5341; x_wconf 72' lang='lat' dir='ltr'>catus,</span> <span class='ocrx_word' id='word_1_752' title='bbox 584 5264 789 5341; x_wconf 73' lang='lat' dir='ltr'>idest,</span> <span class='ocrx_word' id='word_1_753' title='bbox 825 5266 1057 5341; x_wconf 67' lang='lat' dir='ltr'>ardalio,</span> <span class='ocrx_word' id='word_1_754' title='bbox 1102 5264 1443 5341; x_wconf 34' lang='lat' dir='ltr'>pefversus,“</span> <span class='ocrx_word' id='word_1_755' title='bbox 1466 5264 1772 5339; x_wconf 72' lang='lat' dir='ltr'>affectatus,</span> <span class='ocrx_word' id='word_1_756' title='bbox 1802 5264 2018 5341; x_wconf 73' lang='lat' dir='ltr'>hisque</span> 
     </span>
    </p>
   </div>
   <div class='ocr_carea' id='block_1_104' title="bbox 361 5336 2013 5412">
    <p class='ocr_par' dir='ltr' id='par_1_104' title="bbox 361 5336 2013 5412">
     <span class='ocr_line' id='line_1_107' title="bbox 361 5336 2013 5412; baseline -0.001 -18"><span class='ocrx_word' id='word_1_757' title='bbox 361 5336 869 5412; x_wconf 56' lang='lat' dir='ltr'>simi_lia,_abejus</span> <span class='ocrx_word' id='word_1_758' title='bbox 917 5336 1250 5412; x_wconf 77' lang='lat' dir='ltr'>philosophi</span> <span class='ocrx_word' id='word_1_759' title='bbox 1272 5336 1546 5412; x_wconf 85' lang='lat' dir='ltr'>moribus</span> <span class='ocrx_word' id='word_1_760' title='bbox 1595 5356 1731 5412; x_wconf 89' lang='lat' dir='ltr'>non_</span> <span class='ocrx_word' id='word_1_761' title='bbox 1763 5336 2013 5412; x_wconf 83' lang='lat' dir='ltr'>abludit.</span> 
     </span>
    </p>
   </div>
   <div class='ocr_carea' id='block_1_105' title="bbox 361 5408 2018 5484">
    <p class='ocr_par' dir='ltr' id='par_1_105' title="bbox 361 5408 2018 5484">
     <span class='ocr_line' id='line_1_108' title="bbox 361 5408 2018 5484; baseline -0.004 -15"><span class='ocrx_word' id='word_1_762' title='bbox 361 5410 772 5484; x_wconf 68' lang='lat' dir='ltr'>Minimevero</span> <span class='ocrx_word' id='word_1_763' title='bbox 814 5408 1118 5484; x_wconf 25' lang='lat' dir='ltr'>‘Holstenio</span> <span class='ocrx_word' id='word_1_764' title='bbox 1152 5408 1280 5484; x_wconf 60' lang='lat' dir='ltr'>&#39;ipsi</span> <span class='ocrx_word' id='word_1_765' title='bbox 1336 5413 1691 5484; x_wconf 76' lang='lat' dir='ltr'>conjectura</span> <span class='ocrx_word' id='word_1_766' title='bbox 1719 5409 1839 5465; x_wconf 73' lang='lat' dir='ltr'>haec</span> <span class='ocrx_word' id='word_1_767' title='bbox 1867 5408 2018 5484; x_wconf 76' lang='lat' dir='ltr'>pla-</span> 
     </span>
    </p>
   </div>
   <div class='ocr_carea' id='block_1_106' title="bbox 361 5479 2019 5558">
    <p class='ocr_par' dir='ltr' id='par_1_106' title="bbox 361 5479 2019 5558">
     <span class='ocr_line' id='line_1_109' title="bbox 361 5479 2019 5558; baseline -0.001 -20"><span class='ocrx_word' id='word_1_768' title='bbox 361 5482 502 5558; x_wconf 77' lang='lat' dir='ltr'>cuit,</span> <span class='ocrx_word' id='word_1_769' title='bbox 530 5479 633 5558; x_wconf 71' lang='lat' dir='ltr'>qui</span> <span class='ocrx_word' id='word_1_770' title='bbox 655 5479 866 5558; x_wconf 77' lang='lat' dir='ltr'>maluit</span> <span class='ocrx_word' id='word_1_771' title='bbox 897 5479 1225 5558; x_wconf 59' lang='grc' dir='ltr'>βιαθάγατοξ</span> <span class='ocrx_word' id='word_1_772' title='bbox 1253 5479 1476 5558; x_wconf 81' lang='lat' dir='ltr'>reponi,</span> <span class='ocrx_word' id='word_1_773' title='bbox 1500 5483 1655 5555; x_wconf 89' lang='lat' dir='ltr'>quod</span> <span class='ocrx_word' id='word_1_774' title='bbox 1679 5481 1737 5558; x_wconf 90' lang='lat' dir='ltr'>i_n</span> <span class='ocrx_word' id='word_1_775' title='bbox 1760 5479 2019 5553; x_wconf 79' lang='lat' dir='ltr'>antiquis</span> 
     </span>
    </p>
   </div>
   <div class='ocr_carea' id='block_1_107' title="bbox 362 5553 2020 5626">
    <p class='ocr_par' dir='ltr' id='par_1_107' title="bbox 362 5553 2020 5626">
     <span class='ocr_line' id='line_1_110' title="bbox 362 5553 2020 5626; baseline -0.002 -15"><span class='ocrx_word' id='word_1_776' title='bbox 362 5554 551 5626; x_wconf 85' lang='lat' dir='ltr'>libris,</span> <span class='ocrx_word' id='word_1_777' title='bbox 598 5553 992 5626; x_wconf 72' lang='lat' dir='ltr'>Riothanioles,</span> <span class='ocrx_word' id='word_1_778' title='bbox 1039 5556 1157 5612; x_wconf 86' lang='lat' dir='ltr'>sive</span> <span class='ocrx_word' id='word_1_779' title='bbox 1204 5553 1547 5612; x_wconf 66' lang='lat' dir='ltr'>Bellianz&#39;ctes</span> <span class='ocrx_word' id='word_1_780' title='bbox 1596 5554 1896 5626; x_wconf 88' lang='lat' dir='ltr'>scriptum</span> <span class='ocrx_word' id='word_1_781' title='bbox 1930 5568 2020 5608; x_wconf 88' lang='lat' dir='ltr'>re-</span> 
     </span>
    </p>
   </div>
   <div class='ocr_carea' id='block_1_108' title="bbox 362 5625 2021 5712">
    <p class='ocr_par' dir='ltr' id='par_1_108' title="bbox 362 5625 2021 5712">
     <span class='ocr_line' id='line_1_111' title="bbox 362 5625 2021 5712; baseline -0.002 -29"><span class='ocrx_word' id='word_1_782' title='bbox 362 5625 741 5712; x_wconf 41' lang='lat' dir='ltr'>pere.rit‘.&quot;l-loc</span> <span class='ocrx_word' id='word_1_783' title='bbox 773 5642 1011 5712; x_wconf 85' lang='lat' dir='ltr'>quoque</span> <span class='ocrx_word' id='word_1_784' title='bbox 1030 5627 1379 5712; x_wconf 73' lang='lat' dir='ltr'>vocabulum</span> <span class='ocrx_word' id='word_1_785' title='bbox 1404 5625 1729 5712; x_wconf 32' lang='lat' dir='ltr'>Porphyrio’</span> <span class='ocrx_word' id='word_1_786' title='bbox 1749 5625 2021 5712; x_wconf 76' lang='lat' dir='ltr'>quadrat,</span> 
     </span>
    </p>
   </div>
   <div class='ocr_carea' id='block_1_109' title="bbox 363 5697 2023 5772">
    <p class='ocr_par' dir='ltr' id='par_1_109' title="bbox 363 5697 2023 5772">
     <span class='ocr_line' id='line_1_112' title="bbox 363 5697 2023 5772; baseline -0.002 -17"><span class='ocrx_word' id='word_1_787' title='bbox 363 5697 546 5772; x_wconf 83' lang='lat' dir='ltr'>impio</span> <span class='ocrx_word' id='word_1_788' title='bbox 571 5697 829 5772; x_wconf 71' lang='lat' dir='ltr'>homini,</span> <span class='ocrx_word' id='word_1_789' title='bbox 862 5697 929 5753; x_wconf 80' lang='lat' dir='ltr'>et</span> <span class='ocrx_word' id='word_1_790' title='bbox 965 5700 1066 5772; x_wconf 76' lang='lat' dir='ltr'>cui</span> <span class='ocrx_word' id='word_1_791' title='bbox 1091 5697 1341 5772; x_wconf 85' lang='lat' dir='ltr'>violenta</span> <span class='ocrx_word' id='word_1_792' title='bbox 1372 5697 1558 5772; x_wconf 80' lang='lat' dir='ltr'>morte</span> <span class='ocrx_word' id='word_1_793' title='bbox 1604 5697 1723 5772; x_wconf 79' lang='lat' dir='ltr'>vita</span> <span class='ocrx_word' id='word_1_794' title='bbox 1763 5698 2023 5772; x_wconf 88' lang='lat' dir='ltr'>eripere-</span> 
     </span>
    </p>
   </div>
   <div class='ocr_carea' id='block_1_110' title="bbox 364 5769 2022 5853">
    <p class='ocr_par' dir='ltr' id='par_1_110' title="bbox 364 5769 2022 5853">
     <span class='ocr_line' id='line_1_113' title="bbox 364 5769 2022 5853; baseline -0.002 -26"><span class='ocrx_word' id='word_1_795' title='bbox 364 5769 483 5853; x_wconf 71' lang='lat' dir='ltr'>tur,</span> <span class='ocrx_word' id='word_1_796' title='bbox 526 5769 905 5853; x_wconf 60' lang='lat' dir='ltr'>dignissimo.</span> <span class='ocrx_word' id='word_1_797' title='bbox 956 5769 1104 5825; x_wconf 84' lang='lat' dir='ltr'>Aliis</span> <span class='ocrx_word' id='word_1_798' title='bbox 1149 5770 1589 5853; x_wconf 54' lang='lat' dir='ltr'>placetmatale</span> <span class='ocrx_word' id='word_1_799' title='bbox 1643 5770 1773 5853; x_wconf 75' lang='lat' dir='ltr'>ejus</span> <span class='ocrx_word' id='word_1_800' title='bbox 1830 5771 2022 5853; x_wconf 77' lang='lat' dir='ltr'>solum</span> 
     </span>
    </p>
   </div>
   <div class='ocr_carea' id='block_1_111' title="bbox 368 5841 2024 5916">
    <p class='ocr_par' dir='ltr' id='par_1_111' title="bbox 368 5841 2024 5916">
     <span class='ocr_line' id='line_1_114' title="bbox 368 5841 2024 5916; baseline -0.003 -16"><span class='ocrx_word' id='word_1_801' title='bbox 368 5841 671 5916; x_wconf 84' lang='lat' dir='ltr'>denotari._</span> <span class='ocrx_word' id='word_1_802' title='bbox 702 5841 1021 5916; x_wconf 67' lang='lat' dir='ltr'>Bataneam</span> <span class='ocrx_word' id='word_1_803' title='bbox 1078 5841 1303 5916; x_wconf 79' lang='lat' dir='ltr'>scilicet</span> <span class='ocrx_word' id='word_1_804' title='bbox 1336 5843 1543 5916; x_wconf 53' lang='lat' dir='ltr'>Syria:</span> <span class='ocrx_word' id='word_1_805' title='bbox 1587 5841 1892 5916; x_wconf 83' lang='lat' dir='ltr'>oppidum,</span> <span class='ocrx_word' id='word_1_806' title='bbox 1952 5841 2024 5916; x_wconf 73' lang='lat' dir='ltr'>de</span> 
     </span>
    </p>
   </div>
   <div class='ocr_carea' id='block_1_112' title="bbox 370 5887 2026 6002">
    <p class='ocr_par' dir='ltr' id='par_1_112' title="bbox 370 5887 2026 6002">
     <span class='ocr_line' id='line_1_115' title="bbox 370 5887 2026 6002; baseline -0.004 -25"><span class='ocrx_word' id='word_1_807' title='bbox 370 5887 2026 6002; x_wconf 54' lang='grc' dir='ltr'>ἷιῖιῗέἷὲῇδέιῖῐιῖῐῇαηῖῗ’ίόἷιὶιίῖιῗιῖ,’τ1“γὲί¹ὀ¹ἑίιὶιῖ’“ίθαοῇἑ</span> 
     </span>
    </p>
   </div>
   <div class='ocr_carea' id='block_1_113' title="bbox 2122 4830 3781 4909">
    <p class='ocr_par' dir='ltr' id='par_1_113' title="bbox 2122 4830 3781 4909">
     <span class='ocr_line' id='line_1_116' title="bbox 2122 4830 3781 4909; baseline -0.001 -20"><span class='ocrx_word' id='word_1_808' title='bbox 2122 4834 2351 4909; x_wconf 84' lang='lat' dir='ltr'>rianum</span> <span class='ocrx_word' id='word_1_809' title='bbox 2377 4834 2556 4909; x_wconf 69' lang='lat' dir='ltr'>quasi</span> <span class='ocrx_word' id='word_1_810' title='bbox 2577 4848 2793 4888; x_wconf 88' lang='lat' dir='ltr'>novum</span> <span class='ocrx_word' id='word_1_811' title='bbox 2817 4830 3202 4909; x_wconf 74' lang='lat' dir='ltr'>Porphyrium</span> <span class='ocrx_word' id='word_1_812' title='bbox 3227 4830 3592 4909; x_wconf 79' lang='lat' dir='ltr'>perstringit,</span> <span class='ocrx_word' id='word_1_813' title='bbox 3618 4834 3781 4909; x_wconf 71' lang='grc' dir='ltr'>βατᾳ-</span> 
     </span>
    </p>
   </div>
   <div class='ocr_carea' id='block_1_114' title="bbox 2126 4849 3781 4977">
    <p class='ocr_par' dir='ltr' id='par_1_114' title="bbox 2126 4849 3781 4977">
     <span class='ocr_line' id='line_1_117' title="bbox 2126 4849 3781 4961; baseline -0.001 -72"><span class='ocrx_word' id='word_1_814' title='bbox 2126 4849 2351 4889; x_wconf 81' lang='lat' dir='ltr'>nanum</span> <span class='ocrx_word' id='word_1_815' title='bbox 2377 4849 2542 4902; x_wconf 72' lang='lat' dir='ltr'>quasi</span> <span class='ocrx_word' id='word_1_816' title='bbox 2577 4849 2793 4888; x_wconf 88' lang='lat' dir='ltr'>novum</span> <span class='ocrx_word' id='word_1_817' title='bbox 2818 4849 3202 4906; x_wconf 59' lang='lat' dir='ltr'>Porphyrium</span> <span class='ocrx_word' id='word_1_818' title='bbox 3227 4849 3592 4961; x_wconf 49' lang='lat' dir='ltr'>perstringit,</span> <span class='ocrx_word' id='word_1_819' title='bbox 3618 4849 3781 4909; x_wconf 72' lang='grc' dir='ltr'>ματα-</span> 
     </span>
     <span class='ocr_line' id='line_1_118' title="bbox 2126 4904 3781 4977; baseline 0.001 -19"><span class='ocrx_word' id='word_1_820' title='bbox 2126 4904 2330 4973; x_wconf 78' lang='grc' dir='ltr'>νεώτης</span> <span class='ocrx_word' id='word_1_821' title='bbox 2371 4904 2833 4977; x_wconf 52' lang='lat' dir='ltr'>appellaturret</span> <span class='ocrx_word' id='word_1_822' title='bbox 2878 4904 2929 4959; x_wconf 91' lang='lat' dir='ltr'>si</span> <span class='ocrx_word' id='word_1_823' title='bbox 2979 4904 3220 4977; x_wconf 89' lang='lat' dir='ltr'>quidem</span> <span class='ocrx_word' id='word_1_824' title='bbox 3276 4904 3423 4962; x_wconf 88' lang='lat' dir='ltr'>velis</span> <span class='ocrx_word' id='word_1_825' title='bbox 3504 4906 3658 4962; x_wconf 90' lang='lat' dir='ltr'>alsos</span> <span class='ocrx_word' id='word_1_826' title='bbox 3718 4906 3781 4960; x_wconf 89' lang='lat' dir='ltr'>in</span> 
     </span>
    </p>
   </div>
   <div class='ocr_carea' id='block_1_115' title="bbox 2124 4975 3780 5035">
    <p class='ocr_par' dir='ltr' id='par_1_115' title="bbox 2124 4975 3780 5035">
     <span class='ocr_line' id='line_1_119' title="bbox 2124 4975 3780 5035; baseline 0.001 -2"><span class='ocrx_word' id='word_1_827' title='bbox 2124 4977 2347 5033; x_wconf 84' lang='lat' dir='ltr'>exotica</span> <span class='ocrx_word' id='word_1_828' title='bbox 2375 4975 2512 5032; x_wconf 75' lang='lat' dir='ltr'>voCe</span> <span class='ocrx_word' id='word_1_829' title='bbox 2560 4975 2946 5033; x_wconf 86' lang='lat' dir='ltr'>describenda</span> <span class='ocrx_word' id='word_1_830' title='bbox 2993 4975 3230 5033; x_wconf 89' lang='lat' dir='ltr'>Latinos</span> <span class='ocrx_word' id='word_1_831' title='bbox 3278 4993 3671 5034; x_wconf 86' lang='lat' dir='ltr'>amanuenses</span> <span class='ocrx_word' id='word_1_832' title='bbox 3718 4976 3780 5035; x_wconf 91' lang='lat' dir='ltr'>in</span> 
     </span>
    </p>
   </div>
   <div class='ocr_carea' id='block_1_116' title="bbox 2123 5047 3784 5121">
    <p class='ocr_par' dir='ltr' id='par_1_116' title="bbox 2123 5047 3784 5121">
     <span class='ocr_line' id='line_1_120' title="bbox 2123 5047 3784 5121; baseline -0.002 -16"><span class='ocrx_word' id='word_1_833' title='bbox 2123 5050 2496 5120; x_wconf 80' lang='lat' dir='ltr'>Hieronymo,</span> <span class='ocrx_word' id='word_1_834' title='bbox 2530 5047 2792 5121; x_wconf 75' lang='lat' dir='ltr'>idipsum</span> <span class='ocrx_word' id='word_1_835' title='bbox 2823 5053 2879 5104; x_wconf 89' lang='lat' dir='ltr'>et</span> <span class='ocrx_word' id='word_1_836' title='bbox 2919 5049 2989 5104; x_wconf 91' lang='lat' dir='ltr'>de</span> <span class='ocrx_word' id='word_1_837' title='bbox 3035 5049 3365 5105; x_wconf 89' lang='lat' dir='ltr'>vernaculis</span> <span class='ocrx_word' id='word_1_838' title='bbox 3414 5048 3629 5105; x_wconf 66' lang='lat' dir='ltr'>Graecis</span> <span class='ocrx_word' id='word_1_839' title='bbox 3677 5063 3784 5121; x_wconf 71' lang='lat' dir='ltr'>pu-</span> 
     </span>
    </p>
   </div>
   <div class='ocr_carea' id='block_1_117' title="bbox 2125 5117 3784 5194">
    <p class='ocr_par' dir='ltr' id='par_1_117' title="bbox 2125 5117 3784 5194">
     <span class='ocr_line' id='line_1_121' title="bbox 2125 5117 3784 5194; baseline -0.004 -17"><span class='ocrx_word' id='word_1_840' title='bbox 2125 5128 2252 5194; x_wconf 84' lang='lat' dir='ltr'>tare</span> <span class='ocrx_word' id='word_1_841' title='bbox 2301 5117 2551 5194; x_wconf 78' lang='lat' dir='ltr'>necesse</span> <span class='ocrx_word' id='word_1_842' title='bbox 2588 5117 2805 5194; x_wconf 73' lang='lat' dir='ltr'>habeas</span> <span class='ocrx_word' id='word_1_843' title='bbox 2845 5135 3023 5194; x_wconf 86' lang='lat' dir='ltr'>penes</span> <span class='ocrx_word' id='word_1_844' title='bbox 3054 5121 3558 5194; x_wconf 77' lang='lat' dir='ltr'>Cbrysostomum_</span> <span class='ocrx_word' id='word_1_845' title='bbox 3585 5122 3641 5194; x_wconf 80' lang='lat' dir='ltr'>et</span> <span class='ocrx_word' id='word_1_846' title='bbox 3680 5117 3784 5194; x_wconf 52' lang='lat' dir='ltr'>&#39;Si-g</span> 
     </span>
    </p>
   </div>
   <div class='ocr_carea' id='block_1_118' title="bbox 2127 5189 3786 5265">
    <p class='ocr_par' dir='ltr' id='par_1_118' title="bbox 2127 5189 3786 5265">
     <span class='ocr_line' id='line_1_122' title="bbox 2127 5189 3786 5265; baseline -0.003 -16"><span class='ocrx_word' id='word_1_847' title='bbox 2127 5192 2370 5256; x_wconf 86' lang='lat' dir='ltr'>naitam,</span> <span class='ocrx_word' id='word_1_848' title='bbox 2404 5193 2561 5264; x_wconf 89' lang='lat' dir='ltr'>quod</span> <span class='ocrx_word' id='word_1_849' title='bbox 2609 5191 2679 5247; x_wconf 89' lang='lat' dir='ltr'>ab</span> <span class='ocrx_word' id='word_1_850' title='bbox 2733 5189 2891 5265; x_wconf 74' lang='lat' dir='ltr'>omni</span> <span class='ocrx_word' id='word_1_851' title='bbox 2949 5189 3210 5249; x_wconf 72' lang='lat' dir='ltr'>veritatis</span> <span class='ocrx_word' id='word_1_852' title='bbox 3269 5191 3461 5265; x_wconf 82' lang='lat' dir='ltr'>specie</span> <span class='ocrx_word' id='word_1_853' title='bbox 3510 5189 3786 5265; x_wconf 74' lang='lat' dir='ltr'>abhorret</span> 
     </span>
    </p>
   </div>
   <div class='ocr_carea' id='block_1_119' title="bbox 2128 5260 3783 5336">
    <p class='ocr_par' dir='ltr' id='par_1_119' title="bbox 2128 5260 3783 5336">
     <span class='ocr_line' id='line_1_123' title="bbox 2128 5260 3783 5336; baseline -0.004 -15"><span class='ocrx_word' id='word_1_854' title='bbox 2128 5266 2387 5336; x_wconf 88' lang='lat' dir='ltr'>immane</span> <span class='ocrx_word' id='word_1_855' title='bbox 2421 5260 2753 5336; x_wconf 57' lang='lat' dir='ltr'>&#39;quantum.</span> <span class='ocrx_word' id='word_1_856' title='bbox 2804 5264 2915 5336; x_wconf 88' lang='lat' dir='ltr'>Sic</span> <span class='ocrx_word' id='word_1_857' title='bbox 2957 5268 3153 5321; x_wconf 89' lang='lat' dir='ltr'>autem</span> <span class='ocrx_word' id='word_1_858' title='bbox 3212 5260 3502 5330; x_wconf 76' lang='lat' dir='ltr'>existimo,</span> <span class='ocrx_word' id='word_1_859' title='bbox 3544 5260 3783 5336; x_wconf 70' lang='lat' dir='ltr'>quando</span> 
     </span>
    </p>
   </div>
   <div class='ocr_carea' id='block_1_120' title="bbox 2130 5332 3788 5410">
    <p class='ocr_par' dir='ltr' id='par_1_120' title="bbox 2130 5332 3788 5410">
     <span class='ocr_line' id='line_1_124' title="bbox 2130 5332 3788 5410; baseline -0.002 -18"><span class='ocrx_word' id='word_1_860' title='bbox 2130 5335 2328 5410; x_wconf 65' lang='lat' dir='ltr'>patria:</span> <span class='ocrx_word' id='word_1_861' title='bbox 2359 5332 2573 5410; x_wconf 78' lang='lat' dir='ltr'>nomen</span> <span class='ocrx_word' id='word_1_862' title='bbox 2617 5336 2676 5410; x_wconf 84' lang='lat' dir='ltr'>in</span> <span class='ocrx_word' id='word_1_863' title='bbox 2708 5334 3087 5410; x_wconf 82' lang='lat' dir='ltr'>maledictum</span> <span class='ocrx_word' id='word_1_864' title='bbox 3136 5341 3520 5406; x_wconf 88' lang='lat' dir='ltr'>contorquere</span> <span class='ocrx_word' id='word_1_865' title='bbox 3550 5332 3651 5410; x_wconf 81' lang='lat' dir='ltr'>per</span> <span class='ocrx_word' id='word_1_866' title='bbox 3692 5332 3788 5410; x_wconf 75' lang='lat' dir='ltr'>ip-</span> 
     </span>
    </p>
   </div>
   <div class='ocr_carea' id='block_1_121' title="bbox 2131 5404 3789 5480">
    <p class='ocr_par' dir='ltr' id='par_1_121' title="bbox 2131 5404 3789 5480">
     <span class='ocr_line' id='line_1_125' title="bbox 2131 5404 3789 5480; baseline -0.003 -16"><span class='ocrx_word' id='word_1_867' title='bbox 2131 5404 2381 5465; x_wconf 78' lang='lat' dir='ltr'>siusmet</span> <span class='ocrx_word' id='word_1_868' title='bbox 2420 5409 2579 5464; x_wconf 90' lang='lat' dir='ltr'>vocis</span> <span class='ocrx_word' id='word_1_869' title='bbox 2623 5407 3019 5480; x_wconf 81' lang='lat' dir='ltr'>signiﬁcatum</span> <span class='ocrx_word' id='word_1_870' title='bbox 3068 5408 3134 5463; x_wconf 85' lang='lat' dir='ltr'>in</span> <span class='ocrx_word' id='word_1_871' title='bbox 3183 5404 3457 5480; x_wconf 83' lang='lat' dir='ltr'>promptu</span> <span class='ocrx_word' id='word_1_872' title='bbox 3508 5408 3653 5480; x_wconf 79' lang='lat' dir='ltr'>erat,</span> <span class='ocrx_word' id='word_1_873' title='bbox 3703 5404 3789 5480; x_wconf 65' lang='lat' dir='ltr'>ita</span> 
     </span>
    </p>
   </div>
   <div class='ocr_carea' id='block_1_122' title="bbox 2132 5473 3792 5553">
    <p class='ocr_par' dir='ltr' id='par_1_122' title="bbox 2132 5473 3792 5553">
     <span class='ocr_line' id='line_1_126' title="bbox 2132 5473 3792 5553; baseline -0.004 -17"><span class='ocrx_word' id='word_1_874' title='bbox 2132 5483 2531 5553; x_wconf 85' lang='lat' dir='ltr'>Batoneotem,</span> <span class='ocrx_word' id='word_1_875' title='bbox 2555 5473 2707 5553; x_wconf 51' lang='lat' dir='ltr'>uim&quot;</span> <span class='ocrx_word' id='word_1_876' title='bbox 2722 5480 2793 5535; x_wconf 86' lang='lat' dir='ltr'>ab</span> <span class='ocrx_word' id='word_1_877' title='bbox 2826 5473 3201 5553; x_wconf 64' lang='lat' dir='ltr'>Hieronymo,</span> <span class='ocrx_word' id='word_1_878' title='bbox 3223 5473 3455 5553; x_wconf 55' lang='lat' dir='ltr'>tum&#39;ab</span> <span class='ocrx_word' id='word_1_879' title='bbox 3485 5473 3620 5553; x_wconf 75' lang='lat' dir='ltr'>aliis</span> <span class='ocrx_word' id='word_1_880' title='bbox 3651 5475 3792 5553; x_wconf 79' lang='lat' dir='ltr'>scri-</span> 
     </span>
    </p>
   </div>
   <div class='ocr_carea' id='block_1_123' title="bbox 2133 5548 3792 5625">
    <p class='ocr_par' dir='ltr' id='par_1_123' title="bbox 2133 5548 3792 5625">
     <span class='ocr_line' id='line_1_127' title="bbox 2133 5548 3792 5625; baseline -0.002 -18"><span class='ocrx_word' id='word_1_881' title='bbox 2133 5552 2400 5625; x_wconf 86' lang='lat' dir='ltr'>ptoribus</span> <span class='ocrx_word' id='word_1_882' title='bbox 2458 5550 2817 5625; x_wconf 81' lang='lat' dir='ltr'>appellatum</span> <span class='ocrx_word' id='word_1_883' title='bbox 2871 5548 3274 5625; x_wconf 69' lang='lat' dir='ltr'>Porphyrium,</span> <span class='ocrx_word' id='word_1_884' title='bbox 3326 5551 3392 5603; x_wconf 90' lang='lat' dir='ltr'>ut</span> <span class='ocrx_word' id='word_1_885' title='bbox 3438 5548 3627 5625; x_wconf 74' lang='lat' dir='ltr'>magis</span> <span class='ocrx_word' id='word_1_886' title='bbox 3674 5548 3792 5625; x_wconf 10' lang='lat' dir='ltr'>imi-</span> 
     </span>
    </p>
   </div>
   <div class='ocr_carea' id='block_1_124' title="bbox 2132 5620 3795 5702">
    <p class='ocr_par' dir='ltr' id='par_1_124' title="bbox 2132 5620 3795 5702">
     <span class='ocr_line' id='line_1_128' title="bbox 2132 5620 3795 5702; baseline -0.002 -23"><span class='ocrx_word' id='word_1_887' title='bbox 2132 5620 2296 5702; x_wconf 75' lang='lat' dir='ltr'>pium</span> <span class='ocrx_word' id='word_1_888' title='bbox 2319 5620 2735 5702; x_wconf 56' lang='lat' dir='ltr'>atque&#39;e&#39;ll‘rene</span> <span class='ocrx_word' id='word_1_889' title='bbox 2754 5620 3013 5702; x_wconf 74' lang='lat' dir='ltr'>hominis</span> <span class='ocrx_word' id='word_1_890' title='bbox 3034 5620 3335 5702; x_wconf 74' lang='lat' dir='ltr'>ingenium</span> <span class='ocrx_word' id='word_1_891' title='bbox 3355 5621 3795 5702; x_wconf 60' lang='lat' dir='ltr'>exprobrarent.</span> 
     </span>
    </p>
   </div>
   <div class='ocr_carea' id='block_1_125' title="bbox 2131 5691 3796 5769">
    <p class='ocr_par' dir='ltr' id='par_1_125' title="bbox 2131 5691 3796 5769">
     <span class='ocr_line' id='line_1_129' title="bbox 2131 5691 3796 5769; baseline -0.001 -19"><span class='ocrx_word' id='word_1_892' title='bbox 2131 5691 2280 5769; x_wconf 76' lang='lat' dir='ltr'>Huic</span> <span class='ocrx_word' id='word_1_893' title='bbox 2314 5691 2430 5751; x_wconf 77' lang='lat' dir='ltr'>fere</span> <span class='ocrx_word' id='word_1_894' title='bbox 2461 5696 2765 5769; x_wconf 88' lang='lat' dir='ltr'>geminum</span> <span class='ocrx_word' id='word_1_895' title='bbox 2811 5694 2955 5769; x_wconf 66' lang='lat' dir='ltr'>illud</span> <span class='ocrx_word' id='word_1_896' title='bbox 3006 5691 3121 5769; x_wconf 62' lang='lat' dir='ltr'>est,</span> <span class='ocrx_word' id='word_1_897' title='bbox 3148 5693 3305 5769; x_wconf 74' lang='lat' dir='ltr'>quod</span> <span class='ocrx_word' id='word_1_898' title='bbox 3354 5691 3526 5769; x_wconf 74' lang='lat' dir='ltr'>cpist.</span> <span class='ocrx_word' id='word_1_899' title='bbox 3559 5691 3631 5748; x_wconf 87' lang='lat' dir='ltr'>ad</span> <span class='ocrx_word' id='word_1_900' title='bbox 3679 5693 3796 5769; x_wconf 56' lang='lat' dir='ltr'>Clee</span> 
     </span>
    </p>
   </div>
   <div class='ocr_carea' id='block_1_126' title="bbox 2132 5762 3800 5839">
    <p class='ocr_par' dir='ltr' id='par_1_126' title="bbox 2132 5762 3800 5839">
     <span class='ocr_line' id='line_1_130' title="bbox 2132 5762 3800 5839; baseline -0.001 -16"><span class='ocrx_word' id='word_1_901' title='bbox 2132 5762 2632 5839; x_wconf 53' lang='lat' dir='ltr'>siphontemf133,</span> <span class='ocrx_word' id='word_1_902' title='bbox 2666 5770 2863 5839; x_wconf 86' lang='lat' dir='ltr'>noster</span> <span class='ocrx_word' id='word_1_903' title='bbox 2908 5762 3245 5839; x_wconf 60' lang='lat' dir='ltr'>Evagriuin</span> <span class='ocrx_word' id='word_1_904' title='bbox 3273 5762 3581 5839; x_wconf 78' lang='lat' dir='ltr'>Ponticum</span> <span class='ocrx_word' id='word_1_905' title='bbox 3628 5768 3800 5839; x_wconf 75' lang='lat' dir='ltr'>vocat</span> 
     </span>
    </p>
   </div>
   <div class='ocr_carea' id='block_1_127' title="bbox 2132 5835 3798 5966">
    <p class='ocr_par' dir='ltr' id='par_1_127' title="bbox 2132 5835 3798 5966">
     <span class='ocr_line' id='line_1_131' title="bbox 2132 5835 3798 5918; baseline 0 -23"><span class='ocrx_word' id='word_1_906' title='bbox 2132 5835 2623 5914; x_wconf 66' lang='lat' dir='ltr'>Hyperiboritam,</span> <span class='ocrx_word' id='word_1_907' title='bbox 2654 5838 2811 5913; x_wconf 89' lang='lat' dir='ltr'>quod</span> <span class='ocrx_word' id='word_1_908' title='bbox 2845 5841 2955 5907; x_wconf 86' lang='lat' dir='ltr'>est,</span> <span class='ocrx_word' id='word_1_909' title='bbox 2989 5835 3166 5915; x_wconf 78' lang='lat' dir='ltr'>super</span> <span class='ocrx_word' id='word_1_910' title='bbox 3207 5835 3453 5898; x_wconf 87' lang='lat' dir='ltr'>Iberitas</span> <span class='ocrx_word' id='word_1_911' title='bbox 3484 5836 3798 5918; x_wconf 81' lang='lat' dir='ltr'>populares</span> 
     </span>
     <span class='ocr_line' id='line_1_132' title="bbox 2133 5910 2554 5966; baseline 0 0"><span class='ocrx_word' id='word_1_912' title='bbox 2133 5928 2274 5966; x_wconf 86' lang='lat' dir='ltr'>suos</span> <span class='ocrx_word' id='word_1_913' title='bbox 2305 5910 2554 5966; x_wconf 89' lang='lat' dir='ltr'>malum.</span> 
     </span>
    </p>
   </div>
   <div class='ocr_carea' id='block_1_128' title="bbox 2133 5926 2554 5972">
    <p class='ocr_par' dir='ltr' id='par_1_128' title="bbox 2133 5926 2554 5972">
     <span class='ocr_line' id='line_1_133' title="bbox 2133 5926 2554 5972; baseline -0.007 0"><span class='ocrx_word' id='word_1_914' title='bbox 2133 5928 2274 5972; x_wconf 72' lang='grc' dir='ltr'>ειιοε</span> <span class='ocrx_word' id='word_1_915' title='bbox 2305 5926 2554 5969; x_wconf 79' lang='lat' dir='ltr'>malum.</span> 
     </span>
    </p>
   </div>
  </div>
