4304 6628
510 518 624 578 335

1757 521 1821 581 S.
1868 519 2183 581 EUSEBll
2228 518 2675 582 HIERONYMI

3811 522 3928 585 336

509 648 600 705 sui
649 647 959 704 adversum
1010 665 1116 704 nos
1165 647 1334 719 libro,
1369 647 1605 704 Petrum
1649 667 1682 705 a
1722 650 1901 706 Paulo
1945 650 2155 722 objecit
2182 653 2237 719 Α
2270 652 2441 723 rent].
2477 652 2609 716 Quae
2641 652 2877 724 quidem
2918 654 2975 708 et
3011 668 3189 718 nunc,
3225 653 3534 710 orantibus
3564 655 3753 728 vobis,
3787 655 3932 712 levi-

509 748 639 793 esse
667 737 1111 810 reprehensum,
1149 737 1301 809 quod
1348 754 1462 792 non
1510 744 1664 794 recto
1696 740 1841 811 pede
1871 740 2163 795 incederet

515 826 587 883 ad
618 826 1137 901 evangelizandum
1171 844 1184 881 :
1218 825 1416 883 volens
1448 831 1504 883 et
1550 826 1635 883 illi
1684 828 1977 885 maculam
2011 846 2163 886 erro-

512 916 597 973 ris
634 915 890 985 inurere,
922 921 980 974 et
1025 916 1165 973 huic
1211 917 1603 990 procacitatis,
1636 922 1693 973 et
1741 919 1800 973 in
1851 934 2161 974 commune

511 1004 634 1063 ﬁcti
662 1006 957 1080 dogmatis
996 1023 1272 1065 accusare
1316 1007 1710 1077 mendacium,
1742 1007 1885 1063 dum
1915 1007 2070 1063 inter
2099 1024 2163 1064 se

510 1093 907 1155 Ecclesiarum
959 1096 1255 1171 principes
1312 1097 1641 1169 discrepent
1690 1095 1815 1166 [Αἰ.
1865 1097 2160 1170 discrepa-

2269 746 2359 796 ter
2388 758 2503 813 quo
2536 759 2713 797 sensu
2766 743 2883 798 sint
2929 742 3106 809 dicta,
3139 742 3560 815 contingimus,
3592 749 3649 801 et
3696 745 3757 801 in
3802 746 3929 803 suis

2268 830 2411 885 locis
2443 830 2672 902 plenius
2711 848 3116 903 exsequemur.
3147 832 3258 887 Sed
3291 833 3419 904 jam
3452 838 3687 907 tempus
3717 839 3829 906 est,
3866 839 3932 893 ut

2269 919 2459 991 ipsius
2501 920 2760 992 Apostoli
2806 921 2985 976 verba
3039 925 3349 993 ponentes,
3401 922 3636 997 singula
3683 941 3930 1000 quaeque

2272 1009 2623 1080 pandemus.

1703 1397 2116 1484 LIBER
2201 1397 2750 1486 PRIMUS.

564 1659 739 1732 (Cap.
779 1658 825 1715 I.
865 1688 935 1699 -—
964 1657 1125 1715 Vere.
1154 1657 1231 1730 1.)
1280 1656 1434 1713 878
1488 1679 1516 1707 ‹‹
1569 1654 1782 1711 Paulus
1840 1652 2163 1727 apostolus,

511 1765 629 1806 non
661 1748 734 1804 ab
777 1748 1139 1816 hominibus,
1194 1763 1382 1819 neque
1414 1763 1516 1818 per
1564 1746 1896 1813 hominem;
1930 1746 2031 1800 sed
2063 1761 2166 1817 per

508 1836 715 1896 Jesum
743 1837 1060 1923 Christum,
1094 1841 1152 1893 et
1198 1837 1382 1893 Deum
1419 1837 1671 1907 Patrem,
1708 1836 1807 1907 qui
1859 1834 2163 1891 suscitavit

2278 1654 2455 1726 nique
2486 1656 2743 1727 Moysen,
2776 1656 2869 1712 cui
2901 1656 3116 1713 dicitur
3150 1676 3163 1718 :
3195 1659 3259 1714 Et
3284 1674 3377 1730 ego
3404 1661 3566 1716 mitto
3597 1668 3649 1717 te
3674 1661 3745 1718 ad
3781 1661 3936 1720 Pha-

2275 1760 2498 1801 raonem
2546 1746 2736 1817 (Exod.
2785 1763 2872 1815 m,
2920 1747 3035 1817 10);
3085 1751 3141 1803 et
3188 1748 3313 1820 ipse
3362 1750 3758 1823 respondeat:
3790 1754 3932 1810 Pra-

2274 1836 2400 1891 m'de
2440 1836 2617 1891 alium
2664 1852 2824 1907 quem
2872 1838 3059 1891 mittas
3092 1837 3256 1908 (Ibid.
3291 1839 3408 1909 11);
3462 1844 3519 1895 et
3571 1840 3803 1904 Isaiam.
3837 1842 3934 1899 cui

513 1944 652 1985 eum
684 1945 719 1985 a
748 1922 1019 1985 mortuis.
1042 1947 1069 1980 υ
1104 1928 1230 1983 Non
1262 1927 1529 1999 superbe,
1564 1931 1629 1981 ut
1659 1926 1899 1997 quidam
1932 1929 2162 2001 putant,
2195 1926 2243 1991 B
2275 1922 2537 1995 loquitur
2565 1926 2720 1981 Deus
2756 1942 2769 1979 :
2806 1926 2973 1994 Quem
3002 1929 3225 1981 mittam
3274 1936 3326 1984 et
3372 1931 3495 2000 quis
3528 1930 3635 1986 ibit
3662 1930 3737 1987 ad
3759 1948 3936 2005 popu-

514 2019 623 2076 sed
682 2017 1029 2087 necessarie,
1077 2033 1265 2088 neque
1316 2016 1387 2072 ab
1436 2015 1798 2083 hominibus,
1832 2032 2023 2087 neque
2075 2032 2178 2087 per

2293 2013 2406 2068 lum
2452 2016 2620 2068 istum
2666 2014 2792 2085 (Isa.
2834 2032 2910 2082 γι,
2944 2015 3038 2086 8)?
3085 2032 3211 2070 esse
3253 2021 3310 2070 et
3358 2018 3653 2089 apostolos
3699 2024 3757 2076 et
3802 2037 3935 2094 pro-

517 2105 845 2173 hominem,
877 2122 940 2163 se
982 2105 1333 2179 Apostolum
1386 2122 1516 2161 esse
1574 2103 1874 2177 pr0ponit;
1926 2105 2027 2159 sed
2079 2121 2181 2175 per
2290 2103 2699 2175 phetas.Unde
2730 2108 2787 2159 et
2808 2121 2914 2160 nos
2945 2120 3264 2176 possumus
3295 2105 3619 2180 intelligere
3646 2107 3935 2167 Joannem

512 2196 719 2254 Jesum
750 2195 1072 2265 Christum,
1087 2199 1145 2252 et
1174 2200 1356 2251 Deum
1381 2199 1636 2263 Patrem,
1661 2198 1727 2249 ut
1758 2211 1856 2249 eos
1888 2194 1988 2266 qui
2020 2197 2177 2247 Pau-

514 2286 641 2343 lum
685 2290 851 2342 extra
881 2283 1190 2341 duodecim
1225 2283 1522 2357 apostolos
1551 2283 1933 2351 ventilabant,
1968 2289 2026 2339 et
2072 2299 2176 2338 ne-

515 2377 635 2435 scio
666 2377 821 2433 unde
851 2375 1045 2431 subito
1086 2374 1446 2446 prorupisse,
1468 2372 1557 2428 vel
1589 2390 1622 2428 a
1652 2374 1978 2443 majoribus
2010 2372 2172 2429 ordi-

511 2471 721 2524 natum
760 2464 1170 2532 astruehant‘,
1215 2463 1325 2517 hac
1371 2460 1715 2517 auctoritate
1764 2463 2172 2532 confunderet,

520 2557 719 2614 Potest
749 2558 944 2612 autem
975 2557 1032 2610 et
1073 2552 1308 2624 oblique
1356 2552 1417 2607 in
1464 2552 1703 2607 Petrum
1735 2554 1792 2606 et
1822 2552 1879 2606 in
1934 2558 2174 2610 caeteros

515 2646 739 2721 dictum
770 2644 974 2716 accipi,
993 2643 1149 2715 quod
1176 2659 1290 2698 non
1313 2642 1385 2697 ab
1409 2640 1688 2714 apostolis
1711 2642 1761 2696 ei
1785 2641 1861 2696 sit
1882 2642 2165 2698 traditum

511 2732 916 2809 Evangelium,
949 2733 1049 2789 sed
1090 2732 1160 2787 ab
1191 2731 1318 2802 ipso
1346 2731 1487 2787 Jesu
1521 2730 1769 2799 Christo,
1799 2732 1899 2802 qui
1932 2736 1989 2786 et
2040 2732 2172 2787 illos

508 2824 801 2898 apostolos
832 2821 1105 2895 elegerat.
1129 2821 1249 2877 Hoc
1276 2825 1472 2876 autem
1503 2825 1691 2876 totum
1723 2820 1852 2876 ideo
1886 2838 2173 2892 praepara-

510 2918 630 2986 tur,
664 2918 730 2969 ut
761 2929 935 2969 nemo
967 2910 1079 2966 sibi
1107 2915 1309 2966 contra
1347 2909 1494 2981 legis
1525 2906 1701 2965 onera
1730 2926 1833 2981 pro
1864 2910 2170 2982 Evangelii

514 3002 706 3075 gratia
734 2999 1082 3074 disputanti,
1117 2998 1305 3071 possit
1334 3015 1654 3069 opponere;
1691 3000 1791 3053 sed
1828 2999 2029 3054 Petrus
2063 2999 2170 3055 hoc

518 3091 687 3158 dixit,
719 3090 823 3146 sed
861 3086 1111 3161 apostoli
1159 3087 1269 3142 hoc
1317 3090 1674 3155 statuerunt,
1709 3089 1811 3142 sed
1854 3104 2167 3159 praeesso-

517 3197 614 3238 res
644 3179 733 3236 tui
762 3178 920 3235 aliud
953 3178 1346 3233 decreverunt.
1372 3176 1534 3240 Quod
1566 3175 1801 3247 quidem
1833 3176 1892 3231 in
1924 3194 2168 3248 sequen-

517 3270 708 3339 tibus,
769 3284 926 3324 nunc
983 3266 1151 3338 quasi
1207 3265 1432 3321 occulto
1490 3282 1757 3321 sermone
1814 3266 2169 3351 praeludens,

518 3355 893 3416 manifestius
922 3355 1086 3424 facit;
1131 3353 1271 3409 dum
1323 3353 1394 3408 ab
1446 3353 1528 3409 eis
1582 3354 1680 3425 qui
1711 3353 1982 3409 videntur
2037 3372 2165 3411 esse

515 3448 761 3523 aliquid,
790 3445 936 3503 nihil
976 3445 1035 3500 in
1080 3459 1143 3500 se
1190 3442 1471 3499 collatum
1501 3444 1694 3510 refert,
1728 3448 1785 3499 et
1830 3443 1945 3516 ipsi
1999 3444 2164 3501 Petro

510 3539 573 3596 in
604 3538 813 3594 faciem
856 3534 1140 3593 restitisse
1169 3550 1232 3588 se
1280 3532 1502 3599 scribit,
1536 3531 1700 3588 nulla
1730 3550 1791 3588 se
1822 3534 2022 3589 dicens
2063 3551 2161 3590 ne-

510 3627 783 3685 cessitate
810 3624 1205 3696 compulsum,
1237 3626 1304 3677 ut
1334 3620 1627 3694 hypocrisi
1670 3622 1900 3677 cederet
1935 3622 2161 3679 Judan-

508 3733 662 3774 rum.
686 3714 848 3779 Quod
879 3714 929 3769 si
959 3711 1336 3768 temerarium
1368 3709 1725 3782 quibusdam
1747 3712 1998 3780 videtur,
2022 3729 2155 3767 eum

508 3809 713 3861 contra
769 3801 1084 3874 apostolos,
1116 3799 1384 3871 quamvis
1442 3798 1687 3867 occulte,
1733 3798 2022 3868 locutum;
2056 3802 2156 3872 qui

505 3891 968 3965 Hierosolymam
1016 3888 1233 3944 idcirco
1283 3888 1599 3961 perrexerit
1641 3889 1747 3957 [Αἰ.
1781 3894 2153 3960 perrexerat],

504 3986 574 4039 ut
602 3998 737 4038 cum
785 3980 868 4037 eis
912 3978 1201 4036 conferret
1232 3977 1633 4050 Evangelium,
1667 3994 1739 4033 ne
1787 3977 1930 4033 forte
1960 3978 2018 4034 in
2052 3996 2153 4035 va-

505 4088 685 4129 cuum
710 4074 989 4141 curreret,
1023 4072 1125 4124 aut
1151 4067 1527 4134 cucurrisset,
1560 4065 1660 4123 illo
1704 4066 2150 4140 intelligentiam

500 4161 948 4218 transferamus.
987 4160 1175 4230 Usque
1215 4158 1387 4213 hodie
1417 4174 1451 4213 a
1480 4156 1830 4229 patriarchis
1851 4160 1872 4191 ²
1916 4158 2150 4213 Judan-

501 4268 634 4308 rum
665 4249 962 4324 apostolos
989 4249 1165 4319 mitti,
1200 4266 1234 4303 a
1261 4246 1479 4317 quibus
1509 4247 1685 4302 etiam
1717 4251 1859 4301 tunc
1888 4264 2016 4302 reor
2045 4249 2151 4303 Ga-

499 4340 651 4396 latas
706 4340 1054 4412 depravatos
1110 4335 1299 4408 legem
1366 4336 1671 4390 observare
1727 4336 2001 4405 coepisse,
2060 4336 2145 4391 vel

498 4432 654 4484 certe
681 4426 827 4483 alios
856 4428 927 4482 de
954 4423 1172 4481 Judaeis
1201 4423 1575 4479 credentibus
1606 4422 1666 4477 in
1694 4422 1991 4478 Christum
2024 4441 2147 4496 per-

497 4514 717 4571 rexisse
764 4514 1072 4580 Galatiam,
1105 4513 1205 4583 qui
1255 4516 1583 4568 assererent
1628 4511 1863 4566 Petrum
1912 4530 2145 4585 quoque

496 4602 896 4676 apostolorum
942 4602 1289 4674 principem,
1330 4605 1385 4657 et
1432 4602 1710 4657 Jacobum
1762 4603 1999 4658 fratrem
2031 4604 2143 4660 Do-

2289 2208 2521 2263 quoque
2586 2192 2903 2265 Baptistam
2963 2197 3020 2249 et
3080 2194 3425 2266 prophetam
3486 2201 3544 2252 et
3603 2198 3937 2270 apostolum

2288 2281 2723 2353 appellandum,
2757 2282 3048 2354 siquidem
3098 2282 3179 2338 ait
3227 2284 3729 2358 ScripturazFuit
3778 2288 3936 2346 homo

2284 2370 2483 2425 missus
2513 2389 2544 2426 (ι
2574 2373 2701 2439 Deo,
2750 2373 2843 2426 cui
2887 2388 3086 2427 nomen
3131 2380 3253 2428 erat
3297 2374 3532 2431 Joannes
3565 2375 3743 2448 (Joan.
3778 2394 3816 2445 ι,
3851 2378 3931 2451 6).

2286 2460 2351 2513 Et
2378 2459 2438 2514 in
2472 2460 2729 2532 Epistola
2759 2461 2831 2515 ad
2862 2461 3135 2517 Hebraeos
3156 2466 3467 2536 propterea
3482 2464 3729 2521 Paulum
3761 2466 3936 2524 solita

2282 2549 2703 2605 consuetudine
2735 2566 2840 2604 nec
2873 2566 3083 2605 nomen
3117 2568 3312 2622 suum,
3348 2568 3452 2608 nec
3484 2554 3731 2627 apostoli
3761 2572 3931 2613 voca-

2282 2638 2487 2693 bulum
2537 2639 2944 2711 praeposuisse,
2993 2639 3132 2711 quia
3178 2641 3249 2696 de
3295 2641 3521 2698 Christo
3569 2628 3695 2701 erat
3742 2645 3931 2702 dictu-

2281 2744 2419 2783 rus:
2456 2731 2734 2783 Habentes
2763 2743 2895 2801 ergo
2921 2730 3229 2801 principem
3256 2731 3610 2801 sacerdotem,
3644 2738 3696 2789 et
3723 2743 3931 2807 aposto-

2281 2817 2397 2871 lum
2443 2819 2797 2888 confessionis
2852 2825 3049 2873 nostra:
3103 2822 3291 2874 Jesum
3337 2820 3522 2893 (Hebr.
3556 2840 3642 2891 ιιι,
3677 2824 3764 2896 1);
3824 2841 3930 2882 nec

2280 2904 2462 2961 fuisse
2487 2923 2834 2979 congruum,
2868 2911 2933 2962 ut
2962 2907 3062 2962 ubi
3091 2906 3360 2965 Christus
3391 2910 3695 2981 apostolus
3725 2913 3924 2970 dicen-

2280 2994 2393 3050 dus
2445 3000 2588 3063 erat,
2628 2995 2708 3050 ibi
2758 2996 2936 3051 etiam
2986 2995 3202 3053 Paulus
3245 2998 3545 3069 apostolus
3594 3007 3928 3074 poneretur.

2278 3084 2541 3148 Quatuor
2576 3089 2772 3139 autem
2802 3099 3018 3157 genera
3065 3085 3466 3157 apostolorum
3515 3094 3677 3147 sunt.
3713 3090 3927 3161 Unum,

2279 3174 2431 3245 quod
2482 3190 2671 3245 neque
2700 3173 2791 3229 ‘ab
2840 3173 3180 3229 hominibus
3209 3180 3317 3245 est,
3353 3192 3543 3248 neque
3586 3195 3688 3250 per
3736 3179 3931 3237 homi-

2285 3279 2441 3340 nem,
2471 3263 2569 3318 sed
2602 3278 2704 3334 per
2737 3261 2943 3317 Jesum
2985 3261 3304 3334 Christum,
3339 3269 3397 3319 et
3443 3265 3628 3323 Deum
3661 3269 3925 3340 Patrem;

2283 3338 2464 3422 aliud,
2498 3352 2653 3423 quod
2687 3368 2719 3406 a
2753 3353 2863 3406 Deo
2912 3350 3149 3422 quidem
3179 3356 3289 3419 est,
3322 3354 3423 3409 sed
3458 3370 3562 3426 per
3590 3338 3925 3426 hominemﬁ

2274 3441 2533 3509 tertium,
2567 3441 2724 3513 quod
2774 3440 2846 3495 ab
2897 3438 3156 3506 homine,
3190 3457 3306 3496 non
3356 3458 3391 3499 a
3442 3445 3584 3513 Deo;
3618 3452 3920 3518 quartum,

2272 3532 2427 3602 quod
2487 3547 2675 3602 neque
2723 3547 2757 3613 a
2805 3535 2942 3597 Deo,
2973 3546 3163 3601 neque
3214 3546 3318 3603 per
3373 3531 3695 3603 hominem,
3735 3552 3924 3610 neque

2271 3621 2341 3676 ab
2374 3621 2633 3685 homine,
2667 3619 2766 3675 sed
2799 3636 2833 3674 a
2863 3619 3201 3691 semetipso.
3234 3619 3314 3676 De
3345 3622 3535 3693 primo
3565 3640 3777 3697 genere
3810 3644 3921 3700 po-

2268 3712 2381 3763 test
2410 3725 2538 3763 esse
2569 3708 2748 3763 Isaias
2790 3708 2918 3777 (Isa.
2955 3724 3034 3773 v1,
3067 3708 3123 3778 8)
3152 3710 3461 3781 caeterique
3509 3712 3828 3784 propheta,
3861 3719 3920 3771 et

2267 3797 2393 3867 ipse
2420 3795 2722 3868 apostolus
2772 3794 3005 3864 Paulus,
3039 3796 3141 3867 qui
3188 3813 3380 3869 neque
3429 3800 3502 3855 ab
3546 3800 3915 3875 hominibus,

2266 3901 2454 3956 neque
2506 3902 2608 3956 per
2655 3884 2978 3950 hominem,
3011 3886 3113 3940 sed
3143 3903 3178 3941 a
3219 3891 3333 3944 Deo
3366 3888 3531 3944 Patre
3581 3896 3637 3946 et
3683 3891 3915 3951 Christo

2265 3975 2483 4029 missus
2516 3978 2623 4029 est.
2653 3975 2734 4029 De
2783 3974 3060 4042 secundo,
3109 3975 3282 4031 Jesus
3330 3976 3492 4034 ﬁlius
3540 3979 3715 4051 Nave,
3751 3983 3917 4055 quia

2262 4068 2378 4119 Deo
2436 4063 2672 4137 quidem
2730 4068 2818 4119 est
2869 4063 3168 4135 apostolus
3224 4067 3605 4136 constitutus,
3651 4072 3751 4127 sed
3812 4089 3916 4144 per

2260 4153 2581 4221 hominem,
2625 4153 2860 4225 Moysen
2909 4154 3089 4225 (Deut.
3139 4171 3331 4225 XXXIV,
3376 4158 3454 4225 9).
3505 4157 3770 4215 Tertium
3813 4177 3914 4233 ge-

2259 4255 2371 4298 nus
2424 4248 2531 4313 est,
2583 4258 2716 4297 cum
2774 4242 3084 4299 hominum
3140 4244 3290 4302 315
3352 4245 3545 4302 favore
3598 4253 3657 4304 et
3714 4250 3912 4307 studio

2258 4332 2473 4403 aliquis
2503 4332 2827 4387 ordinatur.
2862 4330 2933 4387 Ut
2976 4349 3133 4389 nunc
3162 4334 3432 4391 videmus
3462 4334 3753 4407 plurimos
3793 4356 3909 4397 non

2256 4422 2355 4477 Dei
2380 4422 2630 4492 judicio,
2663 4422 2761 4477 sed
2802 4422 3101 4494 redempto
3133 4423 3325 4479 favore
3354 4423 3513 4498 vulgi
3544 4426 3604 4481 in
3639 4428 3908 4484 sacerdo-

2253 4511 2403 4567 tium
2443 4510 2769 4584 subrogari.
2801 4512 3089 4575 Quartum
3130 4517 3219 4568 est
3260 4514 3904 4587 pseudoprophetarum

2254 4605 2311 4656 et
2349 4599 2992 4673 pscudoapostolorum,
3042 4600 3112 4657 de
3157 4602 3375 4673 quibus
3421 4603 3739 4675 Apostolus
3775 4621 3789 4661 :
3823 4607 3902 4661 Is-

493 4673 661 4763 mini,
701 4690 847 4764 legis
893 4673 1270 4746 caeremonias
1319 4690 1631 4746 custodire.
1677 4691 1761 4746 Ad
1813 4692 2141 4749 distinctio-
2172 4673 2220 4737 D
2251 4692 2531 4763 tiusmodi,
2560 4691 2770 4763 inquit,
2801 4690 3260 4763 pseudoapostoli,
3288 4673 3529 4765 operarii
3563 4693 3898 4767 iniquitatis,

491 4794 627 4836 nem
658 4779 855 4852 itaque
885 4796 1090 4835 eorum
1139 4779 1241 4850 qui
1290 4780 1606 4835 mittuntur
1656 4785 1727 4836 ab
1778 4781 2136 4851 hominibus,

488 4870 547 4923 et
577 4866 690 4936 sui,
725 4868 882 4923 374
911 4868 1012 4940 qui
1039 4868 1117 4923 sit
1146 4867 1365 4924 missus
1397 4885 1431 4923 a
1459 4868 1709 4938 Christo,
1734 4870 1848 4925 tale
1880 4873 2135 4944 sumpsit

486 4953 789 5012 exordium
842 4974 854 5011 :
902 4955 1113 5011 Paulus
1168 4956 1461 5027 apostolus,
1506 4972 1621 5012 non
1671 4958 1745 5011 ub
1800 4960 2132 5027 hominibus,

482 5061 658 5119 neque
709 5061 810 5118 per
859 5044 1155 5103 hominem.
1209 5044 1524 5117 Apostolus
1583 5054 1798 5117 autem,
1854 5048 1963 5103 hoc
2022 5054 2130 5120 est,

481 5137 704 5205 missus,
736 5135 1111 5191 Hebrmorum
1163 5134 1394 5206 proprie
1443 5135 1788 5191 vocabulum
1835 5142 1943 5204 est,
1975 5139 2130 5209 quod

482 5224 637 5282 Silas
692 5223 801 5296 [ΑΙ.
852 5224 1013 5295 Silai]
1073 5240 1305 5295 quoque
1361 5228 1551 5291 sonat,
1613 5223 1707 5280 cui
1762 5243 1796 5281 a
1847 5226 2130 5284 mittendo

479 5316 639 5370 missi
695 5330 907 5371 nomen
978 5312 1322 5385 impositum
1381 5317 1469 5368 est
1524 5314 1658 5383 (Aet.
1717 5331 1809 5383 xv,
1868 5317 1957 5387 22,
2012 5318 2125 5387 27).

478 5403 660 5481 Aiunt
715 5403 941 5460 Hebraei
999 5402 1151 5459 inter
1202 5402 1364 5473 ipsos
1416 5418 1649 5473 quoque
1705 5403 2038 5476 prephetas,
2072 5412 2129 5462 et

479 5494 714 5546 sanctos
741 5492 899 5549 viros
934 5507 1064 5548 esse
1117 5490 1425 5563 quosdam,
1454 5491 1553 5561 qui
1612 5497 1668 5546 et
1724 5493 2016 5565 prophetae
2072 5503 2127 5552 et

476 5577 726 5650 apostoli
757 5581 893 5651 sint,
928 5581 1073 5638 alios
1098 5597 1232 5637 vero
1280 5580 1379 5651 qui
1411 5582 1639 5635 tantum
1669 5582 1979 5653 prophetae.
2020 5590 2120 5641 De-

548 5702 855 5778 1_Verbum
885 5708 1225 5775 astruebant,
1257 5711 1314 5762 et
1344 5704 1517 5778 paulo
1549 5705 1815 5776 inferius,
1847 5725 1906 5764 se
1932 5712 2127 5768 scribit

470 5772 533 5844 in
562 5774 812 5832 Palatin.
845 5778 973 5833 cod.
1006 5772 1435 5836 desiderantur.
1731 5803 1740 5809 ο

540 5846 675 5912 3Ds
718 5845 1055 5907 Judaaorum
1109 5867 1213 5929 per
1257 5851 1368 5911 hoc
1426 5856 1694 5927 tempora
1747 5851 2122 5929 patriarchis,

2251 4780 2705 4857 trans/iguraptes
2729 4796 2784 4836 se
2808 4783 2869 4835 in
2900 4781 3163 4852 apostolos
3192 4780 3399 4837 Christi
3417 4782 3488 4853 (ll
3513 4782 3641 4837 Cor.
3672 4799 3752 4855 x1,
3787 4784 3897 4857 13),

2248 4870 2349 4941 qui
2376 4871 2581 4925 dicunt
2613 4886 2627 4924 :
2659 4873 2791 4924 Haec
2838 4869 2976 4925 dicit
3007 4870 3325 4939 Dominus;
3361 4875 3418 4927 et
3462 4870 3751 4928 Dominus
3782 4890 3898 4930 non

2246 4959 2409 5015 misit
2460 4975 2575 5014 cos.
2638 4963 2855 5014 Verum
2914 4976 3031 5015 non
3090 4960 3225 5015 talis
3295 4959 3596 5032 apostolus
3654 4960 3897 5031 Paulus,

2244 5049 2343 5120 qui
2377 5063 2564 5120 neque
2586 5048 2657 5103 ab
2689 5046 3052 5115 hominibus,
3086 5064 3274 5120 neque
3306 5064 3410 5120 per
3437 5046 3758 5120 hominem,
3794 5051 3897 5107 sed

2241 5156 2276 5195 a
2303 5143 2414 5194 Deo
2446 5138 2613 5193 Patre
2659 5155 2761 5209 per
2796 5138 3000 5193 Jesum
3050 5138 3350 5193 Christum
3403 5135 3624 5192 missus
3673 5144 3782 5195 est.
3816 5140 3899 5195 Ex

2242 5245 2356 5301 quo
2414 5227 2790 5301 approbatur,
2842 5227 3079 5283 Ebionis
3126 5231 3183 5282 et
3229 5223 3462 5281 Photini
3518 5224 3695 5283 etiam
3754 5228 3892 5286 hinc

2239 5317 2477 5374 haeresis
2524 5318 2909 5387 retundenda,
2944 5318 3099 5388 quod
3153 5314 3440 5372 Dominus
3471 5320 3672 5372 noster
3715 5316 3894 5374 Jesus

2237 5408 2526 5477 Christus,
2561 5414 2712 5463 Deus
2743 5408 2821 5463 sit
2855 5425 2868 5463 :
2904 5408 3046 5462 dum
3088 5405 3403 5479 Apostolus
3434 5405 3573 5478 quia
3600 5422 3635 5462 a
3662 5406 3890 5462 Christo

2235 5498 2303 5552 ad
2339 5498 2811 5569 praedicationem
2860 5497 3156 5569 Evangelii
3208 5496 3428 5553 missus
3477 5500 3586 5566 est,
3620 5499 3797 5568 negat
3825 5511 3891 5552 se

2235 5587 2485 5643 missum
2517 5603 2647 5641 esse
2684 5587 2757 5642 ab
2797 5586 3057 5642 homine.
3092 5587 3433 5659 Subrepunt
3483 5585 3593 5641 hoc
3620 5583 3747 5641 loco
3779 5599 3891 5640 caa-

2234 5718 2409 5783 atque
2453 5711 2734 5783 apostolis
2780 5710 3106 5767 luculenter
3153 5712 3213 5768 P.
3246 5709 3598 5769 Baccbinius
3640 5702 3888 5773 disserit

2231 5781 2381 5842 libro
2410 5782 2475 5840 de
2491 5781 2877 5843 ’Ecclesiastie.
2914 5786 3203 5859 Metropol.
