4304 6648
394 451 617 525 337.

1098 464 1618 535 COMMENTAR.
1664 472 1743 535 IN
1786 469 2035 534 EPIST.
2085 469 2189 531 AD
2234 468 2518 533 GALAT.
2564 469 2714 531 LIB.
2759 468 2807 543 I,
2854 465 3027 530 CAP.
3073 462 3124 528 Ῐ.

3702 457 3823 526 338

399 598 538 659 tera
566 606 840 681 hareseS,
874 625 1002 681 qua
1025 615 1343 688 putativam
1371 619 1585 677 Christi
1648 638 1879 678 carnem
1930 623 2053 678 vin-
2084 605 2139 674 Α
2166 619 2465 690 Epistolis,
2500 621 2599 678 Dei
2625 622 2815 678 Patris
2847 625 2903 678 et
2925 618 3154 679 Domini
3186 619 3373 677 nostri
3421 618 3562 679 Jesu
3593 587 3823 680 Christ!

406 699 690 775 dicantes,
725 704 913 761 Deum
947 707 1113 764 aiunt
1144 709 1441 767 Christum
1490 729 1637 781 esse,
1695 730 1806 769 non
1859 714 2050 769 homi-

398 807 551 848 uem.
584 796 822 850 Necnon
855 799 913 851 et
968 815 1118 854 nova
1163 798 1423 869 haeresis,
1494 818 1619 867 qua
1680 803 2048 860 dimidiatam

396 882 611 938 Christi
641 885 850 944 asserit
880 887 1412 958 dispensationem.
1445 892 1632 963 Atque
1670 892 1753 948 ita
1780 893 2049 949 Ecclesia

396 972 542 1029 fides
590 973 743 1031 inter
788 979 953 1033 tanta
1000 978 1282 1034 falsorum
1333 980 1679 1049 dogmatum
1742 984 2051 1053 naufragia

396 1062 735 1132 constituta,
787 1067 836 1122 si
895 1067 1196 1123 Christum
1242 1069 1492 1125 fateatur
1561 1071 1667 1139 [Αἰ.
1750 1073 2049 1145 fateretur]

395 1151 719 1221 hominem,
751 1156 935 1212 Ebion
968 1157 1378 1230 Photinusqua
1399 1161 1762 1232 subrepunt:
1789 1162 1836 1219 ei
1864 1165 2046 1219 Deum

391 1257 522 1300 esse
551 1246 935 1301 contenderit.
971 1246 1346 1315 Manichaus,
1400 1254 1457 1305 et
1501 1251 1785 1319 Marcion,
1834 1253 2043 1309 novelli

392 1333 688 1406 dogmatis
719 1339 924 1392 auctor
951 1339 993 1401 ί,
1022 1337 1329 1394 ebulliunt.
1362 1344 1426 1396 In
1480 1358 1795 1397 commune
1851 1343 2050 1413 itaque

392 1424 660 1494 audiant,
693 1424 991 1482 Christum
1023 1431 1080 1483 et
1111 1427 1297 1484 Deum
1331 1445 1459 1486 esse
1490 1434 1546 1486 et
1574 1431 1898 1488 hominem.
1923 1434 2048 1488 Non

393 1513 550 1584 quod
574 1512 725 1570 alius
745 1515 902 1571 Deus
955 1516 1052 1587 sit,
1086 1520 1143 1573 et
1178 1516 1331 1574 alius
1360 1518 1575 1575 homo:
1611 1520 1711 1576 sed
1744 1520 1844 1593 qui
1892 1522 2049 1577 Deus

393 1607 793 1674 sempererat,
827 1604 1004 1661 homo
1033 1606 1104 1661 ob
1152 1611 1416 1665 nostram
1476 1609 1728 1666 salutem
1777 1628 1907 1667 esse
1954 1612 2047 1667 di-

391 1694 607 1762 gnatus
636 1696 745 1748 est.
777 1693 1090 1751 Sciendum
1138 1713 1372 1769 quoque
1430 1699 1489 1753 in
1538 1700 1850 1756 Marcionis
1894 1705 2046 1772 Apo-

370 1772 590 1835 ‘stolo’
628 1798 743 1837 non
800 1799 929 1840 esse
971 1784 1280 1857 scriptum,
1338 1791 1391 1843 et
1437 1805 1536 1859 per
1582 1791 1752 1845 Deum
1803 1792 2044 1857 Patrem,

2159 710 2409 781 gratiam
2444 712 2628 784 ponit,
2666 717 2722 767 et
2753 730 2975 784 pacem,
3003 730 3104 787 per
3134 729 3281 784 quas
3313 711 3537 784 absque
3565 729 3810 784 operum

2160 802 2390 871 merito,
2433 806 2489 857 et
2535 806 2770 874 peccata
2817 802 2985 858 nobis
3026 819 3305 858 concessa
3352 805 3491 857 sunt
3539 801 3810 874 pristina,

2159 895 2217 947 et
2246 909 2356 963 pax
2388 892 2616 950 indulta
2657 896 2789 964 post
2843 892 3068 947 veniam
3104 909 3116 948 :
3168 892 3270 947 sed
3320 892 3639 964 prudenter
3678 893 3809 962 jam

2160 997 2398 1037 causam
2457 982 2577 1053 agit
2634 984 2946 1038 adversum
3003 999 3102 1037 eos
3160 981 3260 1053 qui
3308 982 3541 1037 fuerant
3588 999 3623 1037 a
3678 980 3811 1054 lege

2158 1072 2457 1142 praventi,
2490 1076 2547 1127 et
2578 1074 2862 1143 putabant
2891 1089 2953 1127 se
2974 1089 3145 1143 posse
3184 1088 3252 1128 ex
3282 1071 3556 1144 operibus
3579 1071 3811 1142 justifi-

2159 1160 2297 1224 cari,
2331 1165 2396 1214 ut
2428 1160 2643 1216 scirent
2676 1179 2737 1217 se
2767 1162 2960 1218 salvos
2982 1162 3193 1233 gratia,
3227 1161 3287 1217 in
3318 1178 3385 1218 eo
3435 1178 3811 1235 perseverare

2159 1249 2369 1305 debere
2392 1253 2547 1323 quod
2576 1256 2887 1323 caperent.

2232 1340 2415 1411 (Vere.
2450 1341 2527 1413 4.)
2550 1364 2578 1390 ‹‹
2611 1341 2719 1404 Qui
2751 1329 2912 1396 dedit
2951 1342 3336 1413 semetipsum
3384 1357 3489 1412 pro
3544 1342 3807 1413 peccatis

2161 1429 2397 1491 nostris.
2428 1434 2495 1485 ut
2524 1430 2771 1501 eriperet
2801 1447 2908 1486 nos
2938 1432 3009 1486 de
3066 1430 3339 1502 praesenti
3387 1429 3598 1486 saculo
3629 1431 3809 1499 malo,

2158 1519 2485 1574 secundum
2542 1519 2901 1575 voluntatem
2956 1520 3054 1576 Dei
3102 1524 3159 1575 et
3200 1519 3393 1576 Patris
3443 1520 3653 1587 nostri,
3711 1519 3809 1576 cui

2158 1611 2248 1663 est
2279 1607 2465 1680 gloria
2507 1607 2566 1663 in
2618 1608 2831 1665 sacula
2876 1609 3246 1665 saeculorum.
3291 1610 3550 1666 Amen.»
3602 1609 3808 1682 Neque

2159 1697 2342 1754 Filius
2375 1715 2436 1753 se
2468 1698 2628 1755 dedit
2657 1716 2760 1771 pro
2791 1699 3047 1771 peccatis
3076 1699 3293 1755 nostris
3349 1700 3573 1771 absque
3599 1697 3808 1755 volun-

2155 1791 2273 1844 tate
2306 1788 2512 1854 Patris,
2545 1805 2731 1860 neque
2765 1790 2932 1845 Pater
2960 1789 3206 1845 tradidit
3257 1788 3470 1845 Filium
3501 1788 3628 1845 sine
3670 1787 3804 1845 Filii

387 1867 640 1927 volentis
669 1887 958 1944 exponere
988 1874 1286 1932 Christum
1319 1893 1434 1933 non
1464 1896 1497 1933 a
1525 1879 1641 1935 Deo
1699 1883 1891 1945 Patre,
1944 1882 2044 1936 sed
2155 1877 2491 1934 voluntate:
2525 1879 2627 1934 sed
2656 1880 2777 1935 hac
2808 1883 2897 1936 est
2924 1878 3199 1935 voluntas
3250 1877 3401 1949 Filli,
3441 1877 3804 1935 voluntatem

388 1974 492 2030 per
521 1961 906 2033 semetipsum
940 1964 1315 2032 suscitatum,
1348 1971 1415 2023 ut
1464 1972 1553 2023 est
1601 1969 1781 2025 illud:
1845 1972 2049 2028 Solvite
2077 1984 2124 2049 Β
2157 1968 2347 2024 Patris
2394 1967 2658 2039 implere,
2718 1972 2786 2023 ut
2826 1968 2952 2039 ipse
2988 1968 3251 2041 loquitur
3295 1967 3358 2023 in
3414 1967 3681 2040 psalmo:
3745 1967 3811 2026 Ut

390 2050 654 2120 templum
683 2051 801 2117 hoc,
832 2062 886 2109 et
914 2070 1009 2123 ego
1040 2057 1102 2110 in
1146 2057 1338 2113 triduo
1373 2060 1640 2115 suscitabo
1680 2060 1821 2115 illud
1868 2061 2045 2123 (Joan.

387 2154 453 2202 II,
480 2139 588 2211 19).
616 2140 849 2198 Necnon
882 2148 941 2199 et
958 2142 1141 2201 alibi:
1176 2147 1340 2202 Nemo
1386 2148 1534 2204 tollit
1577 2150 1827 2204 animam
1872 2167 2052 2205 meam

378 2244 437 2305 Oa
464 2244 589 2296 me;
617 2230 714 2286 sed
739 2248 835 2301 ego
852 2250 992 2305 pono
1040 2251 1164 2290 eam
1190 2253 1228 2291 α
1264 2238 1491 2308 meipso.
1526 2240 1847 2295 Poteslatem
1880 2241 2050 2295 habeo

388 2319 634 2390 ponendi
668 2337 791 2378 eam
833 2330 888 2379 et
939 2341 1161 2381 rursum
1208 2330 1533 2397 potestatem
1583 2328 1749 2386 habeo
1800 2332 2053 2387 sumendi

396 2408 557 2464 illam
583 2411 763 2475 (Joan.
787 2430 845 2482 x,
881 2415 991 2485 18).

466 2498 650 2571 (Vere.
683 2502 764 2571 2.)
797 2525 825 2553 «
859 2505 927 2557 Et
960 2503 1063 2575 qui
1100 2521 1331 2560 mecum
1386 2510 1526 2562 sunt
1567 2522 1773 2577 omnes
1821 2510 2049 2582 fratres,

393 2588 672 2646 Ecclesiie
703 2590 816 2663 [ΑΙ.
850 2591 1147 2665 Ecclesia]
1207 2594 1517 2652 Galatia.»
1572 2598 1635 2654 in
1697 2597 1826 2654 aliis
1884 2600 2052 2671 Epis-

393 2677 550 2745 tolis,
581 2680 922 2745 Sosthenes,
954 2686 1012 2738 et
1056 2682 1351 2754 Silvanus,
1402 2685 1698 2743 interdum
1754 2693 1812 2744 et
1857 2689 2052 2745 Timo-

394 2766 571 2826 theus
600 2769 660 2825 in
692 2772 927 2828 exordio
986 2779 1461 2845 praponuntur:
1516 2777 1575 2832 in
1628 2777 1738 2833 hac
1795 2783 2049 2846 tantum,

396 2858 537 2929 quia
565 2862 897 2917 necessaria
926 2865 1050 2918 erat
1089 2865 1410 2922 auctoritas
1458 2865 1875 2938 plurimorum,
1926 2886 2051 2923 om-

397 2947 562 3003 nium
597 2948 844 3006 fratrum
879 2968 1091 3009 nomen
1142 2954 1490 3011 assumitur.
1525 2955 1632 3019 Qui
1665 2960 1723 3011 et
1769 2956 1882 3027 ipsi
1934 2958 2050 3013 for-

399 3036 551 3094 sitan
605 3055 672 3095 ex
717 3039 1165 3099 circumcisione
1222 3048 1409 3113 erant,
1467 3049 1526 3100 et
1574 3063 1608 3101 a
1650 3045 1867 3101 Galatis
1934 3064 2050 3102 non

400 3127 555 3183 370
593 3131 955 3201 contemptui
1015 3132 1401 3190 ducebantur.
1453 3133 1783 3190 Plurimum
1834 3136 2052 3208 quippe

399 3216 537 3273 facit
566 3218 636 3274 ad
669 3219 955 3291 populum
978 3223 1408 3295 corrigendum,
1440 3225 1765 3281 multorum
1826 3227 1882 3281 in
1934 3244 2053 3282 una

400 3320 462 3360 re
492 3308 785 3364 sententia
841 3314 1017 3381 atque
1075 3329 1420 3370 consensus.
1460 3315 1624 3381 Quod
1682 3319 1879 3371 autem
1939 3316 2045 3383 ait,

400 3395 656 3460 Ecclesiis
706 3370 975 3455 Galatia}:
1038 3404 1097 3455 et
1150 3401 1262 3457 hoc
1335 3370 1695 3459 notandum,
1739 3405 1876 3475 quia
1946 3370 2050 3459 hic
2082 3370 2125 3438 θ’

400 3485 636 3538 tantum
676 3484 1030 3556 generaliter
1059 3504 1175 3544 non
1205 3490 1275 3545 ad
1302 3506 1481 3546 unam
1514 3491 1832 3548 Ecolesiam
1878 3486 2054 3550 unius

402 3572 590 3637 urbis,
625 3574 724 3629 sed
760 3574 847 3630 ad'
889 3576 1073 3633 totius
1116 3578 1423 3649 provincia
1472 3580 1691 3636 scribat
1746 3580 2051 3647 Ecclesiae,

403 3666 463 3719 et
516 3662 808 3721 Ecclesiae
864 3670 1049 3733 vocet,
1114 3685 1261 3734 quas
1321 3674 1524 3741 postea
1589 3688 1784 3728 errore
1851 3678 2058 3745 arguat

402 3752 770 3825 depravatae.
804 3759 884 3810 Ex
916 3772 1031 3822 quo
1080 3760 1442 3815 noscendum
1501 3761 1813 3832 dupliciter
1859 3762 2057 3819 Eccle-

404 3841 554 3899 siam
587 3859 762 3915 posse
784 3844 924 3911 dici,
956 3850 1011 3901 et
1034 3864 1160 3902 eam
1193 3865 1320 3920 qua
1352 3867 1468 3905 non
1516 3850 1730 3905 habeat
1763 3852 2056 3908 maculam

406 3936 508 3988 aut
564 3948 796 4004 rugam,
860 3938 917 3990 et
970 3952 1103 3993 vere
1158 3954 1370 4011 corpus
1427 3940 1640 3997 Christi
1672 3941 1767 4008 sit,
1825 3946 1882 3997 et
1928 3959 2057 3998 eam

408 4037 534 4092 qua
569 4020 628 4076 in
660 4021 878 4079 Christi
908 4025 1148 4083 nomine
1178 4028 1401 4100 absque
1431 4029 1621 4102 plenis
1667 4032 2059 4103 perfectisque

405 4108 727 4167 virtutibus
767 4120 1160 4187 congregetur
1208 4119 1425 4187 (Ephes.
1480 4138 1533 4186 v,
1584 4122 1697 4191 27).
1757 4121 2060 4185 Quomodo

410 4197 704 4270 sapientes
731 4202 1007 4260 bifariam
1040 4212 1479 4279 nuncupantur,
1521 4213 1640 4265 tam
1673 4209 1734 4265 hi
1774 4211 1875 4282 qui
1922 4214 2062 4265 sunt

412 4285 598 4359 plena
627 4289 1011 4366 perfactaque
1038 4294 1296 4361 virtutis,
1319 4314 1495 4369 quam
1528 4298 1611 4353 illi
1637 4298 2059 4371 quiincipiunt,

410 4375 555 4432 etin
602 4378 864 4451 profectu
922 4382 1096 4453 positi
1150 4388 1307 4440 sunt.
1367 4385 1448 4441 De
1496 4387 1767 4457 perfectis
1816 4388 2057 4443 dicitur:

406 4466 617 4523 Mittam
646 4469 705 4523 in
734 4485 824 4525 vos
850 4473 1127 4543 sapientes
1158 4473 1310 4545 (Luc.
1355 4491 1434 4543 x1,
1482 4474 1593 4544 l19).
1646 4480 1724 4529 De
1780 4475 2062 4546 insipien-

406 4555 600 4613 tibus:
634 4559 814 4631 Argue
841 4563 1167 4633 sapientem,
1199 4568 1252 4620 et
1280 4564 1473 4634 diliget
1530 4573 1582 4620 te
1630 4565 1815 4636 (Prov.
1868 4584 1942 4633 ix,
1981 4566 2059 4637 8).

410 4646 518 4712 Qui
574 4647 733 4705 enim
792 4649 977 4723 plena
1056 4658 1594 4726 consummataque
1662 4654 1894 4710 virtutis
1952 4659 2059 4723 est,

2158 2059 2393 2128 facerem
2418 2059 2755 2113 voluntatem
2802 2066 2973 2125 tuam,
3025 2059 3170 2114 Deus
3212 2074 3387 2124 meus,
3431 2056 3584 2113 volui
3630 2056 3807 2129 (Psat.

2160 2165 2350 2219 xxxrx,
2379 2148 2456 2219 9).
2490 2149 2658 2203 Dedit
2713 2164 2774 2203 se
2835 2152 3031 2204 autem
3083 2146 3287 2215 Filius,
3336 2150 3403 2202 ut
3450 2144 3809 2215 iniustitiam

2161 2253 2290 2309 qua
2319 2242 2446 2293 erat
2495 2237 2555 2292 in
2587 2236 2777 2305 nobis,
2803 2236 3040 2306 justitia
3068 2236 3195 2309 ipse
3231 2236 3615 2293 subverteret.
3648 2234 3808 2290 377

2159 2327 2425 2383 Tradidit
2454 2344 2516 2383 se
2548 2326 2855 2399 sapientia,
2887 2331 2952 2383 ut
2980 2326 3380 2398 insipientiam
3425 2326 3810 2398 expugnaret.

2160 2418 2449 2473 Sanctitas
2493 2420 2551 2473 et
2606 2417 2887 2473 fortitudo
2944 2433 3007 2473 se
3062 2415 3296 2483 obtulit,
3348 2419 3414 2471 ut
3461 2413 3810 2487 spurcitiam

2162 2507 2692 2580 infirmitatemque
2738 2508 2955 2564 deleret
2997 2508 3041 2561 ³.
3086 2508 3277 2579 Atque
3322 2506 3405 2561 ita
3446 2522 3565 2561 non
3616 2503 3810 2561 solum

2160 2596 2219 2653 in
2252 2597 2452 2652 futuro
2484 2596 2695 2652 saculo
2716 2597 2889 2669 juxta
2918 2596 3273 2669 promissam
3312 2611 3477 2664 spem
3517 2610 3636 2666 qua
3679 2608 3812 2649 cre-

2163 2685 2381 2754 dimus,
2432 2686 2533 2741 sed
2584 2686 2761 2741 etiam
2811 2686 2906 2742 hic
2965 2686 3037 2741 de
3093 2685 3365 2757 prasenti
3419 2684 3631 2741 saeculo
3699 2698 3809 2740 nos

2160 2774 2429 2831 liberavit
2452 2793 2465 2842 ;
2498 2776 2637 2830 dum
2659 2775 3008 2831 commortui
3031 2774 3285 2841 Christo,
3308 2773 3813 2845 transﬁguramur

2160 2865 2220 2919 in
2254 2864 2565 2920 novitatem
2597 2880 2828 2931 sensus,
2857 2870 2914 2920 ct
2943 2881 3058 2920 non
3082 2880 3291 2920 sumus
3322 2863 3394 2919 de
3422 2861 3534 2918 hoc
3562 2862 3808 2932 mundo,

2161 2970 2196 3009 a
2237 2970 2353 3025 quo
2412 2954 2617 3009 merito
2670 2971 2776 3011 nec
2825 2971 3113 3010 amamur.
3165 2952 3454 3019 Quaeritur
3516 2951 3811 3024 quomodo

2161 3053 2418 3114 praesens
2450 3042 2731 3099 saculum
2764 3042 2985 3099 malum
3009 3043 3232 3098 dictum
3248 3042 3344 3098 sit.
3369 3040 3571 3099 Solent
3590 3040 3809 3113 quippe
3898 3042 3913 3055 ’

2160 3131 2414 3187 haretici
2446 3132 2584 3188 hinc
2615 3149 2818 3204 capere
2848 3132 3202 3199 occasiones,
3235 3134 3300 3187 ut
3330 3130 3514 3188 alium
3569 3130 3723 3186 lucis
3751 3133 3811 3187 et

2162 3220 2343 3275 futuri
2403 3221 2623 3288 saculi,
2682 3221 2863 3278 alium
2930 3222 3303 3278 tenebrarum
3359 3224 3417 3278 et
3500 3219 3808 3293 prasentis

2162 3315 2430 3367 asserant
2449 3310 2830 3368 conditorem.
2862 3312 2979 3368 Nos
3011 3315 3206 3367 autem
3238 3310 3512 3378 dicimus,
3545 3325 3663 3366 non
3685 3312 3810 3366 tam

2165 3399 2445 3454 saeculum
2481 3401 2697 3472 ipsum,
2733 3401 2886 3471 quod
2909 3400 3002 3455 die
3033 3416 3100 3455 ac
3127 3403 3314 3467 nocte,
3339 3399 3512 3455 annis
3542 3397 3727 3455 currit
3755 3400 3814 3453 et

2165 3488 2491 3556 mensibus,
2524 3488 2802 3560 appellari
2836 3489 3081 3555 malum,
3131 3504 3310 3560 quam
3357 3486 3691 3559 ὁμωνύμως,
3743 3501 3814 3542 ea

2166 3595 2291 3650 qua
2322 3578 2381 3633 in
2444 3578 2656 3634 eaculo
2704 3578 2885 3634 fiant:
2938 3578 3229 3651 quomodo
3277 3577 3548 3634 sufficere
3598 3574 3815 3631 dicitur

2166 3668 2281 3722 diei
2340 3666 2570 3723 malitia
2619 3685 2727 3723 sua
2773 3667 2987 3724 (Matth.
3046 3685 3121 3737 v1,
3170 3667 3299 3739 34);
3348 3669 3406 3722 et
3450 3664 3577 3721 dies
3631 3664 3814 3721 Jacob

2169 3755 2383 3812 modici
2418 3774 2545 3812 esse
2579 3756 2919 3812 scribuntur
2948 3761 3004 3812 et
3036 3756 3277 3828 pessimi
3312 3755 3463 3824 (Gen.
3510 3771 3684 3821 xnvn,
3730 3753 3811 3826 9).

2166 3845 2293 3900 Non
2325 3862 2440 3917 quo
2472 3845 2726 3917 spatium
2784 3844 3087 3918 temporis,
3149 3845 3209 3900 in
3260 3860 3376 3917 quo
3429 3842 3573 3900 vixit
3611 3842 3811 3899 Jacob.

2168 3933 2392 3989 malum
2424 3934 2617 4001 fuerit,
2653 3935 2753 3990 sed
2785 3952 2900 4006 quo
2932 3952 3000 3990 ea
3030 3950 3157 4006 qua
3188 3932 3494 3999 sustinuit,
3526 3947 3630 4005 per
3654 3928 3819 3987 varia

2168 4039 2303 4079 eum
2335 4023 2701 4079 exercuerint
2730 4027 3114 4080 tentamenta.
3148 4021 3410 4093 Denique
3438 4037 3506 4077 eo
3551 4024 3816 4093 tempore

2170 4126 2287 4181 quo
2317 4109 2414 4164 ille
2444 4128 2549 4181 pro
2570 4110 2923 4181 conjugibus
2954 4110 3262 4179 serviebat,
3315 4114 3376 4165 et
3416 4108 3621 4164 multis
3676 4122 3815 4163 con-

2171 4198 2504 4254 flictabatur
2541 4198 2831 4271 angustiis
2876 4198 3031 4268 (Gen.
3088 4214 3241 4268 xxxx,
3303 4198 3369 4251 18
3420 4199 3613 4268 seqq.).
3660 4196 3816 4250 Esau

2170 4287 2229 4342 in
2260 4289 2460 4360 requie
2489 4292 2612 4344 erat
2641 4288 2793 4355 (Gen.
2825 4305 3002 4354 xxxu,
3037 4288 3103 4341 18
3122 4288 3314 4360 seqq.),
3346 4289 3520 4357 atque
3550 4284 3631 4339 ita
3658 4281 3818 4338 idem

2171 4378 2450 4450 temporis
2481 4378 2763 4450 spatium,
2796 4377 2895 4434 alii
2928 4380 3170 4447 bonum,
3230 4374 3330 4432 alii
3378 4372 3603 4431 malum
3661 4370 3814 4441 fuit;

2169 4483 2275 4523 nec
2308 4467 2595 4539 scriptum
2626 4473 2781 4523 esset
2811 4468 2869 4523 in
2896 4465 3246 4523 Ecclesiaste
3269 4482 3283 4522 :
3306 4466 3383 4521 Ne
3422 4464 3633 4520 dixeris
3686 4462 3822 4535 quia

2170 4556 2283 4611 dies
2336 4559 2447 4611 mei
2472 4560 2688 4628 priores
2718 4555 2827 4629 [AL
2857 4555 3084 4629 pejores]
3116 4564 3276 4612 erant
3317 4556 3443 4612 boni
3478 4569 3649 4633 super
3693 4552 3823 4608 istos

2174 4645 2370 4716 (Eccle.
2393 4662 2493 4712 vn,
2530 4646 2638 4718 11),
2674 4646 2785 4701 nisi
2814 4648 2886 4702 ad
2918 4646 3234 4702 discrimen
3304 4642 3615 4700 malorum.
3662 4641 3825 4699 Unde

410 4737 775 4808 correptione
807 4756 925 4796 non
977 4741 1220 4815 indiget.
1271 4744 1448 4801 Juxta
1496 4743 1653 4799 hunc
1698 4760 1938 4799 sensum
1992 4744 2063 4799 de
2098 4750 2144 4814 D
2176 4734 2434 4789 Joannes
2466 4733 2574 4789 ait:
2610 4734 2841 4790 Μηηάυε
2872 4737 3053 4790 omnis
3080 4736 3141 4789 ίη
3190 4734 3436 4803 maligno
3482 4733 3693 4805 Ροείιυδ
3744 4732 3823 4788 at

414 4824 640 4882 cateris
689 4843 923 4899 quoque
960 4830 1279 4889 virtutibus
1355 4831 1846 4905 intelligendum:
1911 4832 2066 4903 quod

416 4912 644 4970 scilicet
693 4914 863 4971 fortis
912 4921 967 4973 et
1037 4920 1319 4992 prudens,
1376 4919 1530 4993 pius,
1579 4925 1776 4977 castus
1842 4922 2064 4993 justus,

416 5005 476 5059 et
505 5006 865 5076 temperans,
898 5005 1197 5065 interdum
1248 5007 1438 5083 plene,
1490 5009 1786 5066 interdum
1830 5008 2069 5067 abusive

417 5091 800 5165 accipiantur.

489 5182 678 5253 (Vere.
737 5183 819 5256 3.)
876 5186 1124 5243 «Gratia
1172 5186 1358 5256 vobis,
1410 5192 1469 5243 et
1516 5204 1627 5259 pax
1656 5204 1690 5242 a
1722 5189 1833 5243 Deo
1882 5188 2071 5257 Patre,

416 5273 475 5327 et
493 5269 741 5330 Domino
770 5277 972 5331 nostro
1000 5275 1142 5333 Jesu
1167 5275 1471 5333 Christo.»
1505 5275 1631 5333 Non
1663 5280 1729 5332 ut
1758 5276 1817 5332 in
1849 5275 2071 5334 caeteris

493 5522 512 5598 ξ
538 5522 1087 5598 l_)u0_mse_.__habent
1106 5523 1429 5598 plurimum
1456 5542 1702 5583 numero
1732 5529 1999 5583 auctores.

491 5594 516 5628 ²
543 5594 608 5667 In
640 5593 775 5651 aliis
801 5594 991 5665 libris,
1017 5593 1339 5667 Apostolico.
1384 5599 1455 5653 Et
1502 5616 1659 5667 vero,
1709 5599 1932 5654 caterie
1985 5616 2073 5655 re-

420 5666 682 5742 pudiatis
730 5666 1009 5742 omnibus
1055 5666 1369 5742 Scriptura
1414 5671 1599 5739 libris,
1649 5672 1799 5727 duos
1837 5675 2069 5727 tantum

422 5738 548 5815 suis
579 5739 1092 5815 commendaverat
1119 5738 1405 5815 Marcion,
1428 5738 1678 5815 quorum
1712 5743 1854 5799 aller
1901 5745 2073 5798 Evan-

421 5810 632 5886 gelium
653 5816 780 5867 erat
808 5815 1002 5886 Lucae,
1021 5811 1168 5886 alter
1196 5810 1552 5886 Apostolicus,
1602 5814 1723 5871 sive
1772 5817 2072 5886 Apostolus,

425 5881 1008 5969 guopecem‘Pauli
1064 5881 1341 5969 Epistolis.
1380 5881 1556 5969 variis
1588 5903 1714 5969 ego
1760 5881 2079 5969 interpola-

408 5955 695 6018 tionibus
724 5955 1064 6019 deformata
1093 5955 1564 6018 continebantur.
1594 5958 1895 6052 Videndus
1916 5955 2080 6023 ’Τετ-

2180 4824 2226 4893 (1
2250 4824 2409 4881 Ιοαη.
2444 4841 2496 4889 ν,
2542 4823 2649 4893 19).
2675 4823 2800 4879 Non
2833 4824 2987 4894 quod
3021 4823 3279 4879 mundus
3310 4822 3438 4895 ipse
3483 4821 3563 4878 sit
3608 4821 3824 4892 malus,

2181 4913 2279 4968 sed
2333 4912 2490 4983 quod
2542 4912 2701 4967 mala
2758 4912 2817 4967 in
2868 4912 3090 4968 mundo
3141 4913 3285 4968 ﬁant
3332 4911 3404 4967 ab
3456 4909 3823 4976 hominibus,

2177 4999 2565 5057 Manducemus
2620 5011 2672 5057 et
2725 5002 2997 5070 bibamus,
3071 5001 3425 5068 dicentibus,
3502 5016 3626 5056 cras
3678 4999 3830 5085 enim

2180 5093 2481 5147 moriemur
2512 5093 2639 5164 (Isa.
2663 5108 2801 5160 xxu,
2836 5092 2945 5161 13).
2977 5090 3049 5147 Et
3095 5091 3221 5165 ipse
3275 5088 3628 5164 Apostolus:
3672 5085 3827 5143 878

2180 5181 2539 5247 Redimentes,
2570 5181 2802 5253 inquit,
2858 5184 3090 5252 tempus,
3142 5182 3275 5253 quia
3322 5180 3439 5236 dies
3501 5176 3641 5234 mali
3697 5178 3830 5231 sunt

2184 5270 2403 5343 (Ephes.
2435 5287 2489 5338 v,
2527 5272 2636 5343 16).
2673 5271 3040 5327 infamantur
3067 5274 3126 5327 et
3174 5269 3385 5337 saltus,
3413 5282 3549 5323 cum
3597 5263 3830 5322 latroci-

2189 5521 2493 5598 tullianus,
2526 5520 2629 5575 lib.
2663 5538 2678 5575 ι
2721 5523 2924 5598 contra
2978 5517 3134 5573 hunc
3169 5513 3650 5598 haresiarcham.
3701 5532 3833 5598 cap.

2192 5586 2556 5703 1,et/l‘i)b.iv,
2593 5609 2720 5665 cap.
2755 5594 2807 5663 4,
2846 5607 2949 5647 nec
3000 5605 3116 5645 non
3167 5587 3224 5644 S.
3283 5586 3672 5660 Epiphanius,
3720 5586 3839 5646 ha-

2287 5685 2301 5720 ι
2332 5685 2419 5721 az.

2188 5685 2279 5771 re:
2312 5737 2655 5792 Amavimus
2686 5734 2820 5789 hinc
2866 5731 3129 5803 verbum,
3179 5732 3478 5803 inscitiam,

2189 5811 2379 5879 cubat,
2441 5814 2497 5863 ct
2550 5807 2733 5862 nostri
2795 5821 2935 5859 mss.
3015 5801 3257 5879 ipseque
3340 5801 3483 5879 olim

3575 5733 3689 5789 uod
3739 5750 3842 5789 va-

3611 5805 3841 5861 abanus

2189 5874 2554 5954 ignorarunt.
2598 5879 2936 5954 Mox-unus
2992 5874 3267 5950 Palatiu.,
3317 5878 3487 5954 juxta
3538 5876 3837 5951 promissa,

2189 5948 2433 6029 spesque,
2462 5967 2595 6028 quas
2610 5948 2907 6008 credimus.
