4304 6586
385 397 501 479 341

389 612 605 680 eimam
635 610 1094 699 generationem,
1126 632 1184 683 et
1212 610 1401 701 usque
1454 629 1513 684 in
1546 610 1864 685 saeculum:
1897 626 2044 691 Quia

389 712 584 769 omnis
611 713 760 770 dura
789 716 1047 773 conditio
1099 716 1331 775 Jubilazi
1379 718 1716 775 solvebatur
1763 718 2039 774 adventu.

386 800 636 868 Quidam
667 804 873 862 dicunt
918 807 1192 864 eumdem
1242 825 1371 865 esse
1420 826 1662 866 sensum
1711 808 1771 864 in
1812 806 2043 863 saeculis

385 890 755 962 saeculorum,
790 911 964 968 quem
1018 898 1347 953 insanctis
1394 903 1754 965 sanctorum,
1788 897 1848 953 in
1879 896 2043 953 emlis

383 979 682 1055 caelorum,
715 982 775 1040 in
825 985 1102 1058 operibus
1152 1002 1413 1057 operum,
1460 986 1523 1040 in
1570 985 1821 1042 Cantieis
1852 987 2041 1042 canti-

383 1084 586 1143 eorum
614 1087 628 1127 :
662 1076 719 1129 et
751 1089 931 1145 quam
964 1074 1186 1131 habent
1236 1073 1627 1131 differentiam
1656 1074 1782 1129 coeli
1816 1075 1887 1129 ad
1919 1090 2037 1142 eos,

382 1173 636 1235 quorum
707 1162 835 1219 coeli
890 1167 1050 1232 sunt,
1108 1167 1167 1219 et
1232 1168 1453 1232 sancta,
1514 1182 1643 1237 quae
1701 1167 2040 1220 sanctorum

380 1251 818 1323 comparatione
866 1257 1008 1309 sunt
1052 1253 1365 1324 sanctiora,
1412 1258 1469 1309 et
1516 1270 1710 1326 opera,
1744 1271 1871 1326 quae
1902 1269 2038 1325 ope-

378 1354 515 1395 rum
566 1340 906 1412 praelatione
960 1342 1205 1400 meliora
1262 1348 1423 1412 sunt,
1484 1348 1540 1399 et
1594 1344 1854 1411 Cantica,
1911 1360 2037 1415 quae

375 1426 533 1487 inter
561 1429 796 1488 Cantica
826 1432 1099 1491 universa
1118 1431 1493 1505 praecellunt:
1524 1435 1791 1489 eamdem
1823 1432 2038 1489 habere

376 1518 437 1600 et
460 1516 766 1591 saeculum,
817 1537 945 1594 quae
995 1520 1343 1579 saeculorum
1395 1512 1705 1580 collatione
1753 1526 1894 1578 sunt
1924 1539 2034 1577 sae-

376 1603 530 1661 cula.
565 1606 826 1666 Praesens
874 1609 1072 1684 itaque
1120 1609 1404 1667 saeculum
1450 1611 1535 1669 ita
1586 1612 1937 1682 edisserunt,
1972 1615 2037 1667 ut

374 1691 575 1765 dicant
604 1712 674 1757 ex
702 1714 769 1755 eo
818 1702 1079 1772 tempore
1108 1699 1257 1756 illud
1304 1718 1434 1758 esse
1474 1702 1932 1768 numerandum,
1965 1718 2035 1756 ex

374 1798 491 1868 quo
522 1785 734 1844 ccslum
766 1792 823 1845 et
851 1792 1009 1847 terra
1037 1796 1178 1875 sunt
1205 1791 1459 1863 condita,
1494 1796 1550 1848 et
1581 1808 1814 1847 currere
1845 1808 2032 1863 usque

479 1871 1054 1955 consummationem
1082 1880 1310 1953 mundi,
1345 1897 1460 1954 quo
1499 1880 1769 1937 Christus
1790 1881 2030 1953 judica-
2060 1916 2108 1982 Β

370 1964 542 2045 turus
591 1970 681 2045 est
728 1969 947 2026 omnia.
1008 1970 1300 2027 Revocant
1354 1987 1589 2043 quoque
1636 1970 1809 2039 ultra,
1862 1975 1919 2027 et
1969 1970 2029 2026 in

373 2056 535 2135 880
564 2057 761 2133 priora
807 2063 1152 2132 promovent
1200 2059 1473 2133 gradum,
1526 2061 1597 2116 de
1638 2060 1944 2132 praeteritis
1975 2064 2031 2116 et

372 2142 593 2203 futuris
624 2145 854 2227 saeculis
885 2147 1276 2222 disputantes,
1321 2149 1476 2205 bona
1505 2166 1578 2206 an
1604 2149 1760 2206 mala
1790 2147 2029 2219 fuerint,

372 2252 479 2309 seu
509 2236 709 2293 futura
756 2234 912 2293 sint:
975 2241 1032 2293 et
1085 2237 1147 2293 in
1206 2241 1328 2295 tam
1386 2240 1708 2311 profundas
1759 2238 2031 2295 incidunt

371 2326 750 2403 quaestiones,
784 2331 852 2383 ut
878 2326 1064 2384 libros
1094 2343 1328 2400 quoque
1375 2331 1432 2384 et
1472 2327 1703 2384 inﬁnita
1730 2328 2031 2386 volumina

369 2432 550 2493 super
609 2415 716 2471 hac
773 2416 1124 2475 dissertione
1177 2416 1563 2477 condiderint.
1618 2418 1781 2482 Quod
1830 2423 2029 2474 autem

368 2505 650 2585 prologue
680 2504 872 2571 Pauli,
916 2507 1089 2561 Aman
1148 2506 1321 2578 (Rom.
1354 2524 1396 2575 ι,
1444 2508 1517 2562 25
1546 2515 1599 2564 et
1638 2508 1888 2580 passim),
1920 2508 2030 2564 He-

365 2596 523 2675 braeo
573 2609 845 2652 sermone
894 2594 1302 2653 concluditur:
1351 2613 1512 2652 AMEN
1558 2597 1748 2675 (τῇδε),
1780 2598 2032 2669 Septua~

366 2685 534 2759 ginta
580 2681 1032 2755 transtulerunt,
1083 2683 1320 2759 γένοιτο,
1374 2685 1434 2740 id
1482 2689 1590 2754 est,
1641 2687 1784 2757 ﬁat;
1820 2686 2034 2760 Aquila

364 2760 806 2847 τῖέπιᾳτωμὲνος,
856 2789 984 2830 vere
1042 2773 1164 2831 sive
1209 2774 1468 2848 ﬁdeliter.
1529 2775 1693 2842 Quod
1742 2776 1917 2831 etiam
1970 2775 2031 2832 in

364 2862 680 2938 Evangelia
737 2879 772 2919 a
850 2862 1149 2920 Salvatore
1226 2880 1460 2937 semper
1518 2865 1863 2933 assumitur,
1926 2882 2035 2922 sua

363 2944 471 3027 per
501 2970 662 3033 ausu
704 2952 882 3010 verba
928 2953 1199 3017 ﬁrmante
1242 2954 1453 3027 (Matth,
1486 2970 1540 3025 v,
1591 2955 1657 3009 18
1702 2956 2031 3028 etpassim).

367 3081 496 3141 tota
536 3079 752 3136 erroris
800 3079 1028 3136 occasio
1079 3079 1212 3137 fuit.
1272 3080 1476 3137 Peceat
1516 3096 1651 3136 vero
1720 3080 2037 3137 manifesta

374 3150 707 3225 scribarum
767 3151 1113 3225 trajectione
1168 3153 1574 3225 movendaque
1629 3152 1754 3209 loco
1812 3158 1919 3221 est,
1976 3157 2035 3209 et

370 3222 554 3298 priori
585 3222 988 3298 subnectenda
1036 3223 1299 3297 exemplo
1336 3222 1647 3298 ante"tres
1680 3225 1798 3281 fere
1828 3240 2034 3280 versus

1084 402 1602 469 COMMENTAR.
1645 405 1726 473 IN
1770 401 2021 469 EPIST.
2066 400 2169 477 AD
2214 398 2493 464 GALAT.
2539 401 2688 463 LIB.
2732 401 2783 476 1,
2827 397 2999 463 CAP.
3043 395 3093 461 Ῑ.

385 531 710 613 Ecclesiam
737 533 890 613 8,19
923 535 1228 610 Dominus,
1252 556 1439 613 usque
1470 540 1542 595 ad
1566 539 1834 612 quintam
1857 542 1914 593 et
1944 538 2038 592 de—
2065 537 2121 604 Α
2150 538 2337 605 (Vere.
2373 536 2426 602 6,
2487 535 2588 606 7.).
2619 557 2647 584 «

3681 393 3800 491 se

2707 534 2905 601 Miror,
2968 534 3122 606 quod
3178 536 3302 590 tam
3357 532 3471 590 cito
3502 532 3519 569 ι
3550 535 3799 617 ιναιιδΐβέ

2152 623 2351 681 rimini
2382 625 2454 680 ab
2512 642 2578 680 eo
2628 624 2730 696 qui
2785 641 2889 680 vos
2917 623 3143 681 vocavit
3198 623 3260 679 in
3307 622 3559 696 gratiam
3589 623 3809 697 Christi

2149 714 2290 770 Jesu
2322 715 2381 769 in
2413 712 2572 769 aliud
2604 712 2983 786 Evangelium
3013 715 3169 786 quod
3200 730 3317 770 non
3355 717 3446 770 est
3474 712 3658 785 aliud,
3690 713 3815 789 nisi

2152 804 2202 860 si
2235 808 2375 860 sunt
2404 803 2587 876 aliqui
2635 804 2736 876 qui
2776 820 2881 860 vos
2928 804 3298 875 conturbant,
3332 806 3390 860 et
3434 800 3639 875 volunt
3667 820 3807 861 eon-

2150 899 2371 951 vertere
2404 893 2779 966 Evangelium
2832 894 3068 950 Christi.
3102 915 3131 943 »
3181 893 3439 950 Verbum
3470 892 3805 951 translatio-

2151 984 2244 1039 nis
2275 983 2335 1039 in
2386 984 2595 1038 Genesi
2643 983 2902 1055 primum
2951 982 3202 1055 legimus
3249 982 3400 1055 (Gen.
3447 999 3505 1052 ν,
3558 978 3671 1057 24),
3700 982 3809 1059 ιὼί

2148 1073 2331 1128 Enoch
2386 1072 2679 1129 transtulit
2731 1073 2893 1143 Deus,
2923 1081 2975 1129 et
3028 1089 3141 1129 non
3187 1072 3596 1130 inveniebatur.
3640 1074 3712 1130 Et
3743 1074 3803 1130 in

2149 1163 2483 1234 Regnorum
2540 1166 2743 1234 postea
2797 1161 2966 1218 libris
3025 1164 3123 1235 (ΙΙΙ
3178 1165 3303 1235 Reg.
3362 1180 3479 1232 xvr,
3536 1164 3627 1231 25,
3685 1162 3802 1236 26),

2150 1252 2386 1323 quando
2416 1251 2613 1307 Achab
2645 1270 2677 1307 a
2725 1251 2886 1307 cultu
2934 1252 3036 1307 Dei
3076 1252 3225 1308 881
3261 1252 3334 1307 ad
3381 1251 3676 1325 idolorum
3704 1268 3803 1310 ve-

2148 1340 2512 1396 nerationem
2542 1339 2846 1396 transtulit
2885 1357 3031 1396 uxor
3076 1357 3186 1396 sua
3213 1340 3445 1397 Jezabel
3496 1344 3564 1397 ut
3591 1340 3806 1400 faceret

2139 1430 2313 1501 juxta
2342 1429 2540 1487 omnia
2569 1447 2696 1501 quae
2737 1430 2872 1486 fecit
2918 1429 3313 1498 Amorrhaeus,
3366 1444 3540 1502 quem
3572 1427 3799 1503 disper-

2146 1517 2297 1575 didit
2324 1518 2610 1575 Dominus
2641 1536 2675 1574 a
2704 1518 2847 1575 faeie
2878 1517 3134 1593 ﬁliorum
3184 1518 3383 1575 Israel.
3415 1516 3527 1574 Sed
3557 1533 3693 1574 cum
3722 1516 3802 1575 sit

2145 1612 2393 1682 utraque
2424 1608 2751 1679 translatio,
2800 1608 2901 1663 illa
2951 1608 3052 1664 Dei
3109 1611 3219 1677 est,
3267 1608 3390 1664 haec
3420 1602 3656 1666 diaboli.
3690 1603 3800 1677 Qui

2142 1699 2495 1755 transfertur
2524 1716 2559 1754 a
2586 1698 2725 1767 Deo,
2759 1716 2875 1754 non
2915 1697 3210 1754 invenitur
3239 1697 3311 1765 ab
3342 1696 3602 1753 inimicis
3631 1692 3794 1754 suis:

2142 1804 2248 1843 nee
2280 1790 2332 1843 ei
2363 1792 2553 1861 potest
2592 1788 2902 1845 insidiator
2950 1789 3249 1861 obrepere.
3305 1788 3421 1855 Hoc
3470 1785 3688 1860 quippe
3715 1785 3797 1843 si-

2140 1876 2420 1951 gniﬁcare
2476 1878 2701 1935 aestimo
2756 1883 2809 1934 et
2862 1895 2970 1935 non
3030 1879 3434 1935 inveniebatur.
3495 1872 3629 1944 Qui
3660 1892 3796 1933 vero

2138 1968 2493 2024 transfertur
2548 1986 2582 2024 a
2638 1968 2902 2039 Diabolo,
2960 1968 3021 2023 in
3075 1968 3185 2024 hoc
3239 1965 3592 2037 transfertur
3638 1964 3795 2038 quod

2137 2057 2368 2113 videtur
2398 2075 2546 2127 esse,
2581 2058 2683 2114 sed
2713 2076 2831 2114 non
2862 2061 2969 2116 est.
2997 2058 3301 2130 Sapientes
3332 2072 3567 2132 quoque
3596 2054 3796 2127 seculi

2138 2162 2237 2203 eos
2286 2147 2388 2219 qui
2445 2148 2516 2203 de
2572 2148 2843 2221 dogmate
2898 2149 3339 2205 transferuntur
3393 2149 3466 2205 ad
3508 2147 3794 2223 dogma’,

2140 2237 2431 2293 translatos
2485 2240 2713 2303 vocant,
2774 2241 2840 2293 ut
2910 2237 3224 2312 Dionysius
3276 2238 3376 2295 ille
3435 2228 3629 2312 (cujus
3685 2234 3801 2296 fuit

2140 2331 2276 2383 ante
2306 2325 2615 2394 sententia,
2668 2326 2928 2383 dolorem
2976 2345 3094 2383 non
3142 2344 3271 2385 esse
3321 2327 3583 2386 malum:
3634 2332 3797 2403 post-

2141 2433 2318 2489 quam
2350 2433 2629 2489 opressus
2676 2416 3113 2473 calamitatibus
3161 2423 3219 2475 et
3246 2418 3446 2476 dolore
3475 2417 3795 2492 cruciatus,

2140 2506 2315 2578 coepit
2345 2506 2640 2562 afﬁrmare
2661 2507 2818 2579 quod
2842 2507 3006 2564 dolor
3025 2512 3181 2565 esset
3203 2525 3508 2564 summum
3528 2496 3797 2581 omnium

2142 2595 2454 2667 malorum)
2487 2596 2560 2650 ab
2606 2595 2701 2651 his
2750 2596 3079 2668 appellatus
3126 2601 3216 2654 est
3247 2599 3647 2671 Transpositus,
3678 2597 3800 2653 sive

2142 2686 2476 2754 Transtatus,
2511 2685 2665 2757 quod
2699 2684 2922 2741 scilicet
2950 2702 2985 2741 a
3023 2684 3201 2759 priori
3233 2686 3465 2744 decreto
3494 2686 3795 2757 recedens,

2141 2774 2198 2830 in
2233 2773 2591 2831 contrarium
2642 2773 2964 2831 recidisset.
3012 2775 3261 2832 Miratur
3303 2774 3503 2851 itaque
3530 2764 3797 2834 Paulus:

2143 2864 2400 2936 primum
2436 2862 2589 2935 quod
2619 2862 2888 2920 translati
2920 2868 3060 2920 sunt
3084 2864 3157 2921 ab
3178 2854 3476 2938 Evangelii
3506 2852 3797 2937 libertate,

2141 2952 2201 3008 in
2233 2952 2510 3025 legalium
2542 2969 2787 3025 operum
2818 2953 3180 3011 servitutem.
3239 2954 3457 3012 Deinde
3487 2955 3645 3028 quod
3674 2940 3797 3012 tam

2143 3095 2316 3162 omne
2367 3077 2491 3163 hfee
2547 3078 2914 3163 destruit
2972 3079 3085 3136 ﬁne
3142 3079 3428 3163 clausula,
3478 3095 3799 3163 secumque

2142 3149 2270 3237 ipso
2302 3150 2457 3237 cogit
2512 3166 2773 3237 pugnare
2830 3149 3281 3237 Hieronymum,
3331 3146 3796 3237 qui‘bioabit'as,

2143 3229 2319 3294 atque
2357 3224 2723 3308 mmonitas
2754 3239 2971 3308 iisque.
2999 3224 3104 3308 ad“
3117 3224 3399 3308 quintam
3417 3227 3477 3283 et
3493 3224 3797 3308 _decima‘m

375 3293 514 3369 post
539 3293 868 3370 νει-ὕει,μῆοο
913 3298 1016 3370 est
1049 3293 1224 3367 usque
1274 3297 1348 3370 act
1372 3313 1583 3370 annum
1626 3298 2031 3370 ‘qﬂuinquagesi-
2064 3294 2107 3363 C
2145 3293 2577 3370 generationem
2631 3295 2702 3349 ab
2754 3293 3014 3370 Ecclesia
3051 3293 3530 3370 _Dei_prohiberi,
3559 3312 3799 3370 _eosque

370 3364 547 3422 fnum.
580 3364 883 3439 Equide_m_
897 3364 1161 3439 hujusce
1209 3366 1625 3439 restitutionis,
1645 3364 2030 3439 'ﬁdej'uss'ores

375 3452 562 3512 manu
592 3434 813 3494 eiarati
869 3434 1038 3512 libri,
1077 3441 1180 3494 aut
1233 3437 1483 3512 vulgati
1511 3438 1657 3493 nulli
1689 3434 2011 3512 suppetunt

370 3487 446 3589 iis
476 3513 675 3589 tamen
709 3487 1077 3589 argumentis
1125 3487 1368 3565 certamo
1400 3487 1857 3589 evincamus,th
1885 3487 2033 3568 nihii

370 3580 450 3653 sit
479 3579 1009 3653 dubii__reliquum,
1054 3596 1239 3652 eaque
1288 3597 1403 3636 una
1455 3581 1603 3637 nulli
1649 3582 1903 3653 amplius
1935 3600 2030 3640 ca-

367 3648 614 3709 lumniae
643 3648 1004 3724 Hieronymi
1030 3648 1222 3708 text'us
1276 3653 1564 3709 obnoxius
1614 3655 1693 3709 sit
1723 3648 1884 3709 nulla
1917 3655 2032 3710 im-

369 3728 674 3799 posterum
717 3723 1067 3799 defensione
1121 3724 1401 3799 indigeat.
1465 3726 1567 3781 Est
1621 3731 1817 3799 autem
1872 3730 1929 3799 et
1971 3728 2028 3783 id

369 3794 572 3871 genus
587 3795 686 3852 hic
715 3794 829 3852 loci
860 3795 1187 3871 scribarum
1218 3794 1442 3871 lapsus,
1492 3799 1648 3871 quod
1682 3798 1739 3854 in
1772 3798 2030 3871 antiquis

372 3866 673 3940 codicibus
724 3866 947 3940 passim
997 3866 1295 3940 usuvenit,
1338 3870 1481 3926 dum
1508 3866 1618 3925 'vel
1668 3872 1740 3927 ab
1770 3866 2027 3939 auctore,

373 3943 440 3996 ut
497 3938 891 4014 Hieronymus
958 3939 1059 4009 ait,
1120 3942 1177 4014 in
1236 3942 1410 3997 latere
1463 3941 1747 4014 descripta,
1809 3944 1897 3998 vel
1958 3944 2029 3999 ab

373 4011 838 4080 amanuensibus
886 4011 1283 4084 praetermissa
1327 4014 1502 4086 verba
1547 4011 1730 4086 (atque
1784 4015 1855 4069 ad
1896 4013 2027 4069 libri

373 4098 537 4139 oram
565 4088 865 4155 annotata,
914 4086 1290 4155 postmodum
1338 4085 1490 4141 alius
1540 4085 1600 4141 in
1637 4085 1870 4141 textum
1898 4086 2029 4141 illa-

374 4158 548 4229 turus
595 4154 967 4229 imprudens
1001 4172 1118 4213 non
1190 4173 1298 4215 suo
1352 4156 1478 4214 loco
1539 4159 1755 4229 posuit.
1817 4158 2027 4214 Verum

374 4224 1078 4300 haecfacile'evidentiora
1124 4234 1472 4300 argumenta
1518 4224 1678 4286 s'unt.
1726 4229 1920 4285 Primo
1955 4231 2027 4287 ad

372 4294 654 4363 Moabitas
693 4294 1455 4375 atque_Ammonit_as_,__qui
1506 4318 1575 4356 ex
1620 4302 1823 4375 Judzpa
1853 4306 2027 4375 gente

372 4377 720 4444 non‘erant,
772 4368 933 4427 nullo
980 4372 1153 4427 modo
1200 4368 1493 4444 Jubilézus
1528 4368 1883 4444 pertinebat,
1921 4390 2026 4429 nec

370 4439 725 4516 pertinuisse
774 4459 1038 4516 unquam
1097 4442 1326 4515 potuit:
1383 4439 1675 4516 stulteque
1732 4439 1876 4500 adeo
1927 4462 2025 4516 pe-

367 4513 567 4598 ricope
594 4513 697 4598 illa
723 4515 797 4598 ad
819 4513 1068 4598 populos
1094 4513 1400 4598 referatur,
1424 4513 1627 4598 quinab
1656 4516 1730 4598 iis
1760 4513 2025 4598 moribus

371 4584 767 4661 abhorrebant
819 4584 1084 4661 immane
1147 4584 1459 4661 quantum:
1521 4588 1855 4642 Econtrario
1915 4589 2022 4644 He-

2146 3366 2399 3438 singulis
2450 3366 2882 3438 quinquaginta
2924 3367 3097 3423 annis
3127 3366 3359 3424 admitti
3387 3368 3620 3426 dixerit.
3648 3366 3798 3425 Puto

2142 3437 2442 3524 intelligis,
2475 3454 2589 3493 non
2641 3438 2761 3519 haec
2808 3456 2841 3493 a
3007 3443 3247 3524 Doctore
3297 3439 3475 3524 scribi
3512 3438 3797 3524 potuisse,

2142 3510 2285 3583 quin
2319 3511 2499 3566 fuisse
2528 3509 2795 3583 iomnino
2849 3510 2920 3564 ab
2944 3525 3038 3583 ieo
3080 3512 3256 3583 verba
3310 3510 3440 3583 illa,
3467 3509 3669 3583 priori,
3702 3509 3799 3570 cui

2142 3580 2360 3664 optime
2379 3582 2543 3664 lquad
2554 3587 2701 3650 rant,
2716 3582 2997 3664 exemplo
3020 3582 3385 3664 ‘subjuncta.
3418 3580 3579 3664 Lege
3595 3580 3798 3657 itaque

2142 3653 2314 3711 sedes
2341 3658 2397 3709 et
2429 3669 2563 3727 meo
2610 3653 2864 3727 periculo
2909 3653 2987 3708 ad
3020 3654 3176 3709 hunc
3225 3653 3468 3727 modum
3496 3653 3797 3727 integrum

2143 3731 2407 3781 textum:
2447 3749 2467 3774 ει
2504 3725 2798 3799 ΟϋΙιιιιιᾳ
2840 3741 3077 3781 causam
3127 3729 3185 3781 et
3232 3725 3333 3782 ille
3365 3725 3659 3797 Hebraeus,
3693 3726 3798 3799 qui

2140 3804 2378 3871 propter
2407 3814 2648 3853 uxorem
2678 3802 2735 3853 et
2764 3796 3212 3871 liberos,amans
3242 3799 3548 3871 dominum
3568 3796 3796 3871 suum;

2141 3870 2282 3953 aure
2339 3876 2599 3953 pertusa,
2685 3870 2921 3953 servitio
2996 3871 3369 3953 subjugatur,
3428 3870 3646 3953 servire
3696 3872 3796 3951 ju-

2140 3943 2311 4027 betur
2338 3941 2397 3997 in
2429 3941 2706 4023 Simulum
2739 3942 2940 4023 (Exod:
2970 3941 3437 4025 xx1,75,'6),.hoc
3467 3945 3575 4027 est,
3608 3941 3797 4027 usque

2140 4015 2211 4069 ad
2270 4029 2521 4085 annumt
2552 4012 3112 4085 quinquagesimum
3140 4012 3178 4085 ξ
3210 4012 3351 4084 quia
3408 4012 3602 4069 omnis
3648 4012 3800 4071 dura

2139 4084 2391 4140 ccnditio
2439 4082 2661 4137 Jubilzsi
2712 4082 3047 4137 solvebatur
3093 4082 3363 4139 adventu.
3416 4085 3484 4139 Et
3532 4084 3796 4143 Moabité

2137 4161 2195 4213 et
2222 4154 2570 4211 Ammonitae
2589 4170 2716 4226 non
2748 4153 3160 4226 ingrediuntur
3189 4155 3509 4212 Eeclesiam
3539 4157 3797 4226 Domini,

2138 4243 2328 4300 usque
2377 4228 2448 4301 ad
2499 4225 2766 4301 quintam
2817 4225 2873 4281 et
2921 4225 3189 4301 deeinam
3237 4227 3695 4301 generationem,
3726 4225 3799 4301 _et

2137 4296 2325 4372 usque
2375 4299 2435 4353 in
2491 4296 2773 4372 socculum
2834 4300 3021 4368 (Deut.
3081 4296 3267 4364 xxm,’
3294 4299 3375 4372 β).
3428 4296 3682 4372 Quidam
3709 4298 3797 4355 di-

2135 4370 2296 4442 cunt,
2330 4371 2604 4427 eumdem
2632 4387 2761 4445 esse
2796 4386 3058 4445 sensum,
3095 4392 3122 4419 »
3155 4374 3262 4445 etc.
3293 4370 3532 4445 Manum
3567 4370 3639 4427 ab
3668 4370 3798 4445 ipso

2134 4440 2431 4515 reﬁgendo
2462 4449 2620 4499 textu
2645 4442 3061 4509 abstinuimus,
3097 4443 3251 4515 quod
3275 4440 3441 4498 nulla
3461 4445 3566 4498 aut
3585 4440 3800 4515 veteris

2137 4514 2293 4579 libri,
2330 4521 2433 4571 aut
2478 4515 2617 4572 boni
2657 4516 2958 4588 scriptoris
3006 4514 3325 4588 auctoritas
3372 4514 3655 4588 suffragio
3685 4516 3790 4574 sit.

2130 4592 2413 4643 Caeterum
2464 4588 2734 4643 restituta
2776 4585 2860 4643 _ad
2908 4587 3065 4642 hunc
3117 4587 3361 4659 modum
3415 4585 3683 4659 lectione,
3739 4591 3801 4648 Β.

370 4657 619 4728 Μωυω,
644 4663 704 4716 et
718 4659 967 4787 tproprie
996 4657 1432 4716 manumissum
1458 4663 1701 4731 spectat,
1735 4660 1834 4731 qui
1867 4665 2023 4717 certo
2059 4674 2105 4740 D
2138 4676 2372 4732 quoque
2403 4659 2614 4740 Doctor
2661 4659 2732 4715 ab
2776 4659 2936 4714 omni
2986 4675 3232 4731 prorsus
3280 4657 3581 4716 calumnia
3607 4657 3800 4717 vindi-

374 4728 617 4787 consilio
674 4729 713 4786 li
760 4734 1006 4787 ertatem
1061 4748 1231 4787 suam
1292 4732 1639 4787 abiudicans
1696 4731 1770 4786 ob
1832 4732 2031 4787 uxoris
2140 4736 2308 4787 eatur
2363 4730 2640 4787 Nihilque
2691 4733 2816 4787 iam
2875 4730 3120 4785 interest
3175 4746 3457 4787 quaerere.
3512 4731 3564 4787 si
3593 4728 3798 4787 eadem

374 4728 617 4787 consilio
674 4729 713 4786 li

372 4800 753 4875 ﬁliorumque
800 4819 1080 4871 amorem,
1132 4809 1198 4860 ut
1241 4800 1425 4860 habes
1471 4802 1653 4859 Exodi
1700 4820 1816 4871 xxi,
1867 4805 1923 4871 5,
1973 4805 2029 4870 6,

373 4889 514 4931 aure
554 4874 857 4949 perforata
911 4877 1145 4944 servire,
1199 4875 1445 4949 jubetur
1500 4879 1563 4931 in
1590 4877 1874 4949 sacculum,
1922 4875 2034 4932 hoc

370 4949 484 5018 est,
517 4944 937 5023 ab_Jubila3um
986 4964 1180 5023 usque
1201 4944 1347 5023 'sive
1394 4964 1573 5023 prope
1622 4944 2033 5023 f_ueri_tis_an-

368 5034 510 5088 nus,
569 5017 690 5075 sive
747 5018 1002 5076 multum
1076 5017 1349 5077 abfuerit.
1394 5017 1696 5076 'Se'cundo
1753 5019 2036 5075 Jubilmus

368 5089 885 5177 quinquagesimo.
923 5108 1155 5177 quoque
1205 5109 1359 5148 anno
1408 5093 1765 5177 recurrebat,
1820 5109 2037 5177 oppor-

366 5165 636 5225 ,tuneque
659 5163 889 5221 Hebrei
922 5163 1077 5221 servi
1102 5166 1311 5221 duram
1345 5164 1738 5221 conditionem
1764 5163 1870 5219 suo
1900 5163 2039 5220 dici-

364 5236 473 5310 tur
503 5235 755 5310 adventu
806 5235 1050 5305 solvere,
1100 5253 1354 5310 quorum
1409 5241 1474 5293 ut
1522 5235 1873 5309 longissima
1917 5254 2037 5310 _ser-

372 5306 536 5364 vitus
591 5304 1150 5381 quinquagesimum
1209 5326 1431 5365 annum
1481 5304 1759 5380 superare
1806 5324 1875 5364 ex
1916 5308 2042 5380 lege

368 5395 499 5438 .non
528 5383 799 5452 poterat:
847 5382 1242 5439 Moabitarum
1290 5397 1426 5438 vero
1474 5385 1649 5452 atque
1677 5382 2041 5436 Ammonita-

370 5466 502 5527 rum
537 5456 665 5511 erat
696 5456 754 5509 et
799 5457 934 5527 post
982 5454 1272 5527 decimam
1322 5453 1756 5527 generationem
1802 5457 1857 5507 et
1886 5470 2044 5527 scm-

374 5524 684 5601 piternum
716 5524 1051 5601 repudium.
1102 5525 1295 5601 Tertio
1327 5524 1606 5601 'demum,
1663 5542 1777 5597 quo
1806 5526 2043 5601 tandem

374 5596 549 5669 modo
619 5596 1176 5669 _Hieronymianam
1235 5596 1725 5669 dissertationemr
1793 5599 2045 5669 accipias

400 5667 633 5743 etiamsi
655 5667 1019 5743 reclamante
1041 5670 1366 5742 Scriptura,
1392 5674 1591 5742 reique
1614 5668 1875 5737 veritate,
1899 5667 2042 5725 velis

418 5740 688 5815 eﬁ'nitum
743 5741 853 5815 hoc
896 5756 1132 5814 quoque
1172 5740 1376 5815 ‘altero
1435 5740 1699 5815 six—emplo
1779 5744 2040 5813 spatium

370 5810 585 5888 indici,
607 5810 1248 5888 longissimum—tamen
1274 5814 1530 5888 fatearis,
1549 5810 1782 5888 et'quod
1806 5810 2044 5870 omnino

372 5858 1836 5962 ἱὶᾝζΐἁὶἷιῖὄ”ἱιῖξιῖὲαὶ”ὁῖ›ἷιῖρῖιίἷ)ῖ’ῥῖοἷοέἷιᾙὲιῖ
1846 5858 2045 5947 ἴέὲἰίἓῆ

760 4730 1006 4787 ertatem
1061 4748 1254 4804 suam,
1292 4730 1646 4804 abjudiCans
1696 4730 1770 4786 ob
1832 4730 2100 4788 uxoris'
2140 4730 2640 4804 eatur‘Nihilque
2690 4733 2816 4804 jam
2875 4730 3120 4785 interest

3219 4746 3457 4800 uerrere,
3512 4731 3564 4788 si
3593 4728 3798 4789 eadem

2142 4804 2219 4879 sit
2248 4807 2303 4857 et
2332 4801 2391 4856 in
2425 4801 2669 4874 reliquis
2689 4802 3001 4879 Scriptura;
3032 4801 3309 4879 omnibus
3332 4804 3479 4860 Iocis
3503 4803 3714 4879 regula
3736 4805 3799 4861 in

2145 4876 2333 4948 plene,
2368 4878 2485 4948 aut
2517 4891 2687 4930 secus
2728 4874 2833 4948 pro
2877 4874 3035 4948 vario
3086 4875 3424 4948 signiﬁcatu
3466 4874 3630 4945 οιατῆ,
3659 4877 3800 4948 voce

2144 4946 2717 5022 describenda,_cum
2750 4946 2858 5022 hoc
2890 4946 3033 5002 satis
3082 4946 3315 5022 abunde
3355 4947 3453 5017 sit,
3487 4947 3797 5022 propositis

2145 5018 2490 5083 defensioni,
2524 5018 2573 5074 si
2605 5036 2732 5090 quae
2763 5020 2878 5074 duo
2909 5019 3174 5091 exempla
3218 5021 3278 5075 in
3309 5014 3632 5091 rem—suam
3664 5014 3797 5091 Hie;-

2146 5107 2427 5165 ronymus
2458 5088 2687 5165 laudat,
2710 5091 2792 5145 ita
2820 5088 3145 5165 verissime,
3171 5090 3670 5165 quemadmodum
3700 5088 3800 5146 ille

2150 5163 2472 5230 constituit,
2506 5180 2567 5217 se
2599 5163 2811 5219 habere
2843 5163 3463 5221 demonstrairerimUs.

2222 5238 2236 5270 ¹
2271 5240 2395 5310 Duo
2446 5252 2591 5290 mss.
2643 5240 2699 5310 et
2729 5240 2910 5310 _vetus
2949 5236 3161 5310 (editio,
3190 5236 3353 5310 Aquod
3387 5236 3468 5291 sic
3515 5240 3627 5310 tam
3674 5233 3799 5303 cito,

2151 5312 2283 5375 etc.,
2320 5307 2416 5362 hic
2446 5312 2624 5379 atque
2653 5308 2827 5378 infra,
2861 5308 2959 5364 nbi
2997 5303 3159 5365 locus
3186 5303 3296 5363 iste
3323 5303 3585 5361 tecurrit.

2221 5381 2243 5413 ³
2272 5381 2477 5453 Antea
2512 5375 2656 5448 erat,
2715 5380 2786 5435 ad
2813 5375 3117 5453 dogmata,
3178 5379 3377 5453 minus
3423 5379 3578 5453 recte
3620 5375 3805 5453 ϐιζωοὶ

2154 5450 2613 5523 Μετατιθεμὲνους
2644 5446 2879 5508 ’γοεξὶῐιι
2910 5446 3043 5524 ⁷(11ιί
3106 5446 3430 5524 'priorcmm
3450 5446 3806 5524 sententiam

2155 5518 2502 5597 retractant:
2539 5524 2778 5595 ipseque
2813 5518 3805 5597 Dionj'sius;_quern_Hieron,_ridct,

2155 5598 2307 5668 quod
2362 5592 2617 5668 primum
2676 5592 2922 5668 Zenonis
2958 5592 3197 5668 "Cittiei’
3227 5592 3479 5668 auditor,
3532 5592 3807 5668 a'Stoicis

2156 5664 2381 5741 postea
2404 5668 2679 5723 deiecerit
2725 5670 2796 5722 ad
2844 5666 3206 5741 Cyrenaicos.
3234 5664 3656 5741 _ltiajraﬁépgvoq,
3701 5666 3805 5723 Me-

2157 5736 2503 5796 iathcmenus
2550 5736 2933 5811 cognomento
2982 5737 3185 5811 audiit.
3234 5737 3380 5793 Vide
3434 5736 3805 5811 Athenieum,

2158 5812 2260 5867 lib.
2294 5830 2348 5880 x,
2382 5811 2483 5867 ubi
2512 5809 2670 5868 haud
2704 5813 2849 5867 bene
2880 5809 3249 5883 Μεταθέμενος
3276 5811 3563 5883 interpres
3593 5809 3805 5876 reddit,

2158 5828 2260 5867 nn.
2294 5830 2348 5880 x,
2382 5828 2483 5867 uni
2512 5828 2670 5868 naua
2704 5828 2849 5867 nene
2880 5828 3249 5883 ιιιεταυεμενος
3276 5828 3427 5869 inter
3471 5828 3563 5867 res
3593 5828 3805 5876 renuit,

2157 5887 2625 5958 transpositorem,
2683 5899 2788 5958 pro
2865 5884 3219 5957 translatum,
3294 5888 3360 5942 ut
3416 5828 3807 5955 gieronymus
