4304 6582
472 458 591 537 eis

1728 473 1793 536 S.
1840 471 2151 537 EUSEBII
2196 464 2643 533 HIERONYMI

3774 414 3895 547 ιιι

475 578 590 667 cito
620 602 929 664 translati:
965 602 1104 678 quia
1128 621 1243 662 non
1282 604 1550 678 ejusdem
1581 612 1781 663 reatus
1811 611 1901 662 est
1930 611 2126 663 trans-
2155 606 2211 671 Α
2238 608 2297 659 et
2325 603 2469 661 illud
2492 619 2767 677 congrue,
2792 602 2946 677 quod
2968 595 3372 657 translationis
3391 595 3638 654 verbum
3665 595 3892 656 Galatia

476 695 617 756 ferri
649 698 721 753 ab
753 695 946 769 aliquo
997 695 1315 751 difficulter
1345 698 1386 762 ¹,
1435 700 1493 751 et
1539 696 1652 751 cito
1694 697 2033 764 transferri;
2068 699 2134 752 ut
2242 698 2575 766 coaptatum
2621 698 2745 749 est:
2808 692 3032 749 Galatia
3059 692 3079 727 ⁵
3136 688 3294 746 enim
3353 688 3777 744 translationem
3834 687 3893 744 in

476 786 540 843 in
568 786 846 860 martyrio
876 802 992 842 non
1019 785 1223 841 eadem
1254 802 1424 858 poena
1454 784 1747 857 plectitur,
1781 786 1879 857 qui
1910 786 2134 857 absque
2241 789 2445 840 nostra
2473 782 2676 857 lingua
2706 786 2893 838 sonat.

481 862 894 937 celluctatione
924 878 981 931 et
1025 875 1333 930 tormentis
1385 876 1583 930 statim
1627 874 1899 946 prosiluit
1928 876 1999 930 ad
2034 891 2132 930 ne-

481 966 766 1041 gandum,
828 969 886 1039 et
940 964 1038 1020 ille
1094 964 1195 1037 qui
1271 964 1422 1019 inter
1483 963 1782 1035 equuleos,
1843 962 2131 1032 fidiculas,

483 1057 773 1129 ignesque
804 1052 1112 1125 distortus,
1154 1053 1494 1125 compulsus
1541 1058 1628 1109 est
1657 1053 1811 1124 quod
1842 1053 2133 1119 credebat,

484 1158 720 1217 negare.
763 1140 983 1198 Recens
1032 1141 1225 1197 adhuc
1272 1147 1397 1197 erat
1444 1140 1736 1213 Evangelii
1785 1141 2133 1213 prmdicatio,

486 1248 607 1289 non
640 1232 861 1305 grande
890 1235 1127 1302 tempus
1156 1230 1215 1285 in
1248 1230 1459 1298 medio,
1493 1246 1607 1301 quo
1629 1229 1862 1287 Galatas
1892 1235 2138 1303 Aposto-

485 1320 582 1378 lus
631 1321 704 1376 ab
762 1318 936 1376 idolis
993 1320 1064 1375 ab
1124 1319 1420 1375 Christum
1482 1320 1838 1375 traduxerat.
1895 1320 2139 1376 Miratur

452 1409 685 1481 "itaque
742 1408 1032 1480 quomodo
1090 1412 1209 1463 tam
1268 1407 1380 1464 cito
1439 1409 1788 1464 recesserint
1825 1410 1897 1465 ab
1944 1426 2033 1478 eo,
2066 1409 2137 1464 ad

486 1500 657 1570 cujus
688 1514 904 1554 nomen
952 1498 1179 1553 dudum
1211 1497 1345 1553 facti
1394 1498 1627 1554 fuerant
1655 1498 1990 1555 Christiani.
2023 1499 2139 1553 Ha-

483 1588 584 1644 bet
630 1590 839 1643 autem
875 1590 933 1642 et
961 1585 1127 1643 locus
1173 1586 1300 1658 ipse
1342 1579 1664 1658 ὺπέρϐατον,
1717 1589 1872 1660 quod
1923 1586 2006 1643 ita
2035 1605 2140 1643 suo

487 1675 692 1734 ordine
720 1674 835 1749 legi
867 1678 1077 1747 potest.
1130 1674 1309 1730 Miror
1343 1676 1497 1747 quod
1539 1676 1627 1747 (Al
1670 1675 1853 1731 adidit
1883 1676 1987 1747 sic)
2020 1680 2141 1731 tam

487 1766 604 1824 cito
632 1763 1057 1820 transferimini
1088 1781 1123 1820 a
1167 1763 1394 1820 Christo
1441 1764 1607 1834 Jesu,
1641 1764 1741 1836 qui
1792 1781 1892 1821 vos
1921 1764 2145 1821 vocavit

489 1854 553 1911 in
611 1854 883 1927 gratiam,
937 1853 1173 1909 dicens:
1222 1856 1337 1909 Non
1396 1856 1525 1909 veni
1570 1870 1760 1909 vocare
1795 1857 1997 1926 justos,
2050 1855 2145 1910 sed

485 1952 809 2018 peccatores
855 1944 928 1999 ad
976 1943 1378 2014 paenitentiam
1438 1943 1621 2013 (Marc.
1674 1961 1735 1999 ιι.
1790 1945 1899 2015 17).
1944 1944 2144 2000 Gratia

492 2033 712 2107 quippe
737 2032 881 2088 salvi
908 2032 1045 2089 facti
1078 2049 1305 2103 sumus,
1338 2036 1397 2088 et
1427 2050 1542 2088 non
1576 2049 1681 2106 per
1708 2032 1895 2105 legem
1927 2034 2137 2105 (Ephes.

492 2139 558 2190 II,
589 2123 666 2193 8),
699 2118 994 2177 Translati
1022 2125 1242 2186 autem,
1274 2121 1485 2193 inquit,
1509 2123 1651 2177 estis
1681 2121 1741 2176 in
1771 2122 1928 2177 aliud
1964 2124 2145 2178 Evan-

494 2210 737 2286 gelium,
770 2210 926 2282 quod
958 2227 1074 2266 non
1108 2214 1197 2267 est
1234 2210 1392 2267 aliud
1424 2229 1436 2266 :
1468 2210 1606 2282 quia
1636 2228 1809 2267 omne
1848 2212 2004 2283 quod
2038 2211 2142 2268 fal-

492 2317 628 2359 sum
659 2304 769 2368 est,
804 2316 921 2356 non
952 2299 1245 2368 subsistit,
1265 2303 1321 2356 et
1351 2301 1505 2371 quod
1522 2300 1751 2355 veritati
1784 2302 2142 2358 contrarium

494 2393 603 2458 est,
636 2388 789 2446 382
845 2405 962 2444 non
1019 2392 1130 2457 est,
1194 2392 1260 2443 ut
1306 2387 1492 2444 illud:
1545 2392 1626 2445 Ne
1670 2389 1858 2445 tradas
1898 2391 2143 2460 Domine,

491 2482 769 2552 sceptrum
814 2486 972 2534 tuum
1019 2478 1104 2533 his
1152 2479 1247 2549 qui
1291 2494 1404 2533 non
1448 2480 1574 2531 sunt
1609 2477 1841 2548 (Esther.
1886 2496 1999 2546 x1v,
2034 2481 2142 2550 11).

492 2569 566 2625 Et
593 2585 661 2625 ea
691 2584 817 2638 quae
850 2583 965 2623 non
999 2570 1184 2638 erant,
1216 2565 1443 2623 vocavit
1471 2570 1645 2638 Deus,
1679 2571 1745 2622 ut
1776 2568 1990 2624 faceret
2019 2585 2146 2624 esse

494 2656 653 2731 quod
705 2672 822 2712 non
880 2659 1004 2711 erat
1061 2655 1101 2709 ³.
1163 2654 1223 2709 Si
1255 2657 1451 2710 autem
1508 2654 1619 2709 hoc
1676 2655 1746 2710 de
1804 2654 1897 2710 his
1956 2655 2144 2727 quiin

491 2745 767 2808 eumdem
798 2745 1113 2801 credebant
1159 2743 1367 2811 Deum,
1416 2748 1475 2799 et
1523 2745 1759 2800 easdem
1814 2744 2146 2815 Scripturas

491 2830 806 2903 habebant,
870 2827 1131 2903 dicitur,‘
1166 2834 1321 2905 quod
1379 2832 1648 2888 translati
1707 2833 1828 2889 sint
1876 2833 1935 2889 in
1986 2832 2144 2889 aliud

490 2922 894 2996 Evangelium,
937 2922 1092 2995 quod
1144 2939 1259 2977 non
1316 2925 1405 2976 est
1448 2921 1848 2994 Evangelium,
1900 2922 2043 2993 quid
2075 2922 2145 2977 de

488 3011 780 3069 Marcione
837 3015 896 3066 et
952 3009 1175 3066 caeteris
1248 3009 1562 3078 haereticis,
1633 3011 1733 3083 qui
1786 3012 2144 3067 conditorem

492 3104 804 3173 respuunt,
835 3103 892 3156 et
920 3098 1159 3154 alterius
1192 3099 1290 3154 Dei
1330 3098 1629 3154 Christum
1660 3099 1964 3170 simulant,
1992 3101 2145 3160 aesti-

495 3205 658 3246 mare
706 3188 1037 3244 debemus?
1089 3187 1209 3253 Qui.
1244 3203 1359 3243 non
1410 3187 1885 3259 interpretatione
1916 3188 2060 3261 legis
2091 3195 2147 3244 et

384 3308 387 3315 -
493 3278 723 3349 litterae,
755 3277 844 3333 vel
875 3294 1073 3351 pugna
1115 3277 1307 3332 carnis
1356 3280 1413 3332 et
1442 3277 1684 3348 spiritus
1735 3277 2011 3333 labuntur
2037 3279 2059 3313 ³
2089 3284 2147 3334 et

2313 873 2497 942 (Vers.
2556 876 2613 940 8,
2666 874 2747 941 9.)
2778 893 2806 923 ςι
2869 871 2979 926 Sed
3009 870 3148 925 licet
3206 885 3335 939 nos,
3388 872 3491 923 aut
3547 866 3794 941 angelus
3825 866 3896 923 de

2244 962 2385 1018 ccelo
2416 959 2766 1033 evangelizet
2812 960 2998 1026 vobis,
3054 962 3263 1031 praeter
3311 973 3489 1028 quam
3531 957 3687 1029 quod
3717 972 3896 1013 evan-

2244 1050 2619 1124 gelizavimus
2645 1049 2828 1116 vobis,
2854 1048 3167 1104 anathema
3187 1048 3283 1102 sit.
3309 1045 3471 1102 Sicut
3492 1045 3896 1118 praediximus,

2245 1145 2303 1196 et
2334 1156 2488 1195 nunc
2514 1139 2724 1195 iterum
2752 1138 2919 1193 dico:
2955 1137 3004 1192 si
3049 1137 3179 1207 quis
3219 1136 3385 1192 vobis
3416 1134 3897 1209 evangelizaverit

2246 1234 2453 1303 praeter
2477 1228 2534 1283 id
2567 1228 2720 1300 quod
2779 1227 3106 1299 accepistis,
3158 1225 3472 1282 anathema
3501 1224 3597 1281 sit.
3633 1246 3662 1275 ››
3694 1228 3896 1281 Potest

2248 1324 2306 1376 et
2334 1317 2705 1392 hyperbolice
2733 1317 2958 1373 dictum
2985 1316 3192 1387 accipi,
3246 1331 3361 1369 non
3393 1331 3510 1386 quo
3536 1317 3638 1370 aut
3664 1316 3897 1386 aposto-

2247 1408 2363 1478 lus,
2396 1412 2499 1463 aut
2528 1407 2773 1479 angelus
2816 1405 2983 1462 aliter
3028 1404 3325 1476 potuerint
3372 1403 3687 1476 praedicare
3718 1418 3896 1473 quam

2250 1497 2431 1554 semel
2481 1496 2783 1551 dixerant:
2819 1495 2921 1550 sed
2969 1494 3200 1550 etiamsi
3247 1492 3358 1549 hoc
3408 1495 3609 1565 posset
3658 1489 3805 1562 fieri,
3836 1494 3903 1546 ut

2250 1590 2308 1642 et
2336 1585 2579 1657 apostoli
2612 1589 2669 1641 et
2699 1583 2889 1657 angeli
2937 1586 3343 1639 mutarentur:
3394 1586 3594 1637 tamen
3625 1596 3741 1637 non
3773 1596 3902 1636 esse

2252 1676 2357 1747 (Al.
2390 1676 2564 1745 esset)
2594 1675 2665 1730 ab
2696 1691 2761 1729 eo
2791 1674 2946 1746 quod
2998 1670 3178 1728 semel
3229 1675 3535 1743 acceptum
3567 1669 3775 1738 fuerat,
3808 1684 3903 1725 re-

2252 1764 2618 1820 cedendum:
2661 1764 2915 1819 maxime
2953 1778 3087 1817 cum
3130 1761 3256 1833 ipse
3302 1759 3605 1832 apostolus
3655 1759 3715 1814 in
3745 1758 3900 1815 883

2252 1853 2365 1908 alio
2415 1853 2540 1908 loco
2589 1852 2929 1908 firmitatem
2979 1851 3111 1905 ﬁdei
3162 1866 3284 1905 suae
3327 1849 3617 1918 ostendat,
3660 1847 3899 1903 dicens:

2251 1943 2372 1998 Scio
2422 1943 2555 2014 quia
2608 1958 2781 2013 neque
2833 1957 2998 2008 mors,
3049 1955 3225 2012 neque
3281 1941 3414 2006 vita,
3463 1953 3635 2009 neque
3684 1936 3901 2008 angeli,

2250 2047 2424 2103 neque
2464 2032 2834 2103 principatus,
2882 2046 3055 2101 neque
3087 2029 3408 2101 praesentia,
3461 2042 3635 2099 neque
3684 2028 3901 2093 futura,

2204 2137 2423 2192 .neque
2495 2119 2782 2190 fortitudo,
2857 2134 3033 2191 neque
3099 2116 3349 2187 altitudo,
3422 2131 3601 2188 neque
3672 2116 3901 2187 profun-

2250 2211 2403 2277 dum,
2459 2225 2632 2281 neque
2687 2209 2804 2263 alia
2859 2215 3128 2273 creatura,
3172 2207 3370 2278 poterit
3424 2221 3522 2261 nos
3568 2219 3828 2276 separare
3867 2220 3909 2259 α

2252 2300 2541 2355 dilectione
2570 2299 2669 2354 Dei
2697 2315 2818 2370 quae
2849 2305 2927 2353 est
2952 2298 3014 2353 in
3059 2295 3268 2352 Christo
3305 2297 3433 2351 Iesu
3459 2295 3692 2351 Domino
3718 2300 3909 2350 nostra

2254 2390 2428 2461 (Rom.
2489 2406 2611 2455 Vill,
2672 2387 2762 2455 37,
2808 2387 2919 2458 39).
2985 2387 3291 2441 Veritatem
3335 2384 3479 2453 dico,
3531 2399 3642 2440 non
3670 2391 3912 2439 mentior

2256 2479 2622 2534 testimonium
2652 2476 2795 2531 mihi
2834 2474 3155 2547 perhibente
3198 2474 3537 2531 conscientia
3578 2489 3701 2528 mea
3731 2473 3909 2543 (Rom.

2254 2585 2331 2637 Ix,
2367 2568 2440 2638 1).
2475 2567 2606 2622 Haec
2638 2566 2857 2637 quippe
2911 2564 3068 2620 dicta
3099 2580 3213 2618 non
3266 2569 3408 2618 sunt
3436 2563 3566 2634 ejus
3596 2560 3697 2634 qui
3726 2559 3913 2633 possit

2256 2673 2291 2712 a
2339 2655 2554 2711 Christi
2587 2655 2701 2709 fide
2758 2658 2817 2708 et
2861 2652 3169 2709 dilectione
3220 2651 3537 2723 aliquando
3588 2650 3907 2706 discedere.

2256 2745 2363 2811 Qui
2395 2748 2591 2800 autem
2632 2743 2839 2799 nolunt
2882 2742 2994 2795 καθ’
3048 2741 3260 2795 ὑπθεσιν
3292 2742 3314 2775 ⁶
3342 2740 3451 2797 hoc
3502 2740 3725 2795 dictum
3755 2754 3907 2811 esse,

2256 2836 2357 2891 sed
2379 2850 2547 2890 vere:
2581 2833 2737 2905 quod
2786 2832 3006 2888 scilicet
3055 2831 3286 2904 possint
3333 2835 3390 2886 et
3437 2828 3684 2903 apostoli
3715 2832 3774 2886 et
3805 2845 3907 2884 an-

2256 2922 2369 2995 geli
2401 2924 2473 2978 ad
2531 2923 2728 2993 pejora
2777 2920 3056 2988 converti,
3108 2919 3254 2975 illud
3303 2923 3627 2991 opponunt,
3661 2918 3818 2989 quod
3849 2920 3909 2973 et

2254 3013 2381 3084 ipse
2411 3010 2627 3067 Paulus
2658 3011 2855 3066 scierit
2884 3024 3053 3082 posse
3084 3026 3146 3065 se
3166 3008 3306 3076 labi,
3339 3008 3387 3064 si
3419 3008 3657 3081 segnius
3689 3010 3907 3080 ageret,

2256 3100 2771 3171 dicens:Subjicio
2818 3105 3007 3155 autem
3052 3114 3253 3168 corpus
3299 3113 3503 3166 meum,
3553 3101 3605 3152 et
3651 3097 3713 3151 in
3739 3096 3907 3152 servi-

2255 3193 2427 3245 tutem
2484 3190 2687 3261 redigo,
2721 3204 2790 3244 ne
2835 3189 2964 3244 aliis
2986 3188 3312 3260 praedicans,
3361 3188 3479 3259 ipse
3522 3186 3785 3259 reprobus
3814 3186 3909 3240 in-

2260 3282 2457 3335 veniar
2486 3280 2530 3349 (Ι
2556 3283 2679 3334 Cor.
2713 3296 2790 3343 ιχ,
2837 3279 2949 3349 ‘27).
2985 3277 3236 3349 Angelos
3290 3292 3522 3349 quoque
3559 3292 3689 3332 esse
3717 3278 3909 3331 muta-

493 3370 799 3438 corruunt,
831 3367 932 3423 sed
986 3367 1056 3423 de
1111 3369 1230 3421 toto
1288 3365 1554 3421 Ecclesiae
1604 3368 1739 3437 jure
1786 3366 2144 3423 discordant.
2180 3344 2225 3413 (ἶ
2264 3368 2432 3436 biles,
2468 3368 2569 3439 qui
2600 3384 2713 3423 non
2748 3344 3107 3423 servaverint
3128 3344 3522 3437 principatum
3560 3380 3775 3433 suum;
3808 3364 3910 3419 sed

491 3454 741 3512 Pulchre
770 3458 963 3511 autem
1013 3455 1133 3510 ait:
1165 3456 1296 3512 Nisi
1340 3459 1470 3509 sunt
1514 3456 1713 3527 aliqui,
1765 3458 1862 3527 qui
1908 3474 1997 3513 vos
2024 3474 2150 3513 con-

497 3544 738 3610 turbent,
793 3552 846 3600 et
898 3543 1090 3599 volunt
1144 3552 1453 3600 convertere
1502 3545 1879 3613 Evangelium
1928 3546 2149 3601 Christi.

496 3631 736 3701 Volunt,
769 3632 984 3703 inquit,
1036 3632 1410 3705 Evangelium
1460 3632 1673 3689 Christi
1722 3638 1971 3699 mutare,
2011 3651 2153 3691 cou-

495 3724 742 3789 vertere,
774 3721 1033 3785 turbare,
1091 3721 1190 3775 sed
1242 3737 1355 3777 non
1396 3720 1610 3776 valent.
1663 3722 1810 3789 Quia
1839 3722 2018 3794 hujus
2051 3740 2153 3778 na-

503 3812 650 3866 turae
683 3811 792 3877 est,
844 3812 909 3864 ut
940 3824 1056 3864 non
1105 3808 1292 3880 possit
1336 3807 1493 3863 aliud
1540 3825 1689 3881 esse,
1745 3826 1923 3881 quam
1953 3828 2154 3868 verum

506 3901 601 3955 est
642 3898 684 3953 ‘.
743 3895 946 3953 Omnis
1000 3896 1100 3968 qui
1156 3896 1537 3970 Evangelium
1587 3898 1698 3954 alio
1744 3899 2160 3972 interpretatur

508 3986 722 4059 spiritu
771 3990 829 4041 et
889 3991 1084 4042 mente
1132 4002 1310 4059 quam
1369 3987 1652 4059 scriptum
1703 3993 1811 4058 est,
1858 3991 2158 4046 credentes

509 4076 730 4147 turbat,
762 4079 821 4131 et
850 4075 1130 4132 convertit
1158 4076 1536 4150 Evangelium
1559 4076 1795 4151 Christi,
1827 4082 1892 4134 ut
1911 4080 1968 4135 id
2001 4081 2155 4152 quod

506 4166 568 4223 in
587 4165 731 4223 facie
747 4170 857 4235 est,
879 4169 1011 4238 post
1023 4169 1254 4239 tergum
1270 4166 1464 4234 faciat,
1484 4171 1539 4223 et
1551 4183 1617 4222 ea
1635 4183 1763 4239 quae
1781 4172 1913 4239 post
1927 4170 2157 4239 tergum

505 4262 667 4325 sunt,
697 4258 885 4311 vertat
911 4254 970 4311 in
1001 4255 1231 4311 faciem.
1264 4254 1324 4310 Si
1356 4255 1489 4326 quis
1523 4260 1752 4310 tantum
1783 4255 2039 4311 litteram
2071 4273 2159 4313 se-

507 4345 729 4418 quitur,
747 4344 1070 4416 posteriora
1086 4348 1250 4415 ponit
1265 4344 1326 4398 in
1342 4343 1570 4398 faciem.
1594 4343 1651 4397 Si
1670 4343 1803 4415 quis
1822 4344 2158 4401 Judaeorum

505 4432 1091 4505 interpretationibus
1112 4432 1450 4505 acquiescit,
1476 4436 1607 4503 post
1630 4436 1860 4505 tergum
1893 4434 2075 4489 mittit
2096 4451 2163 4490 ea

509 4537 637 4594 qua:
659 4536 726 4578 ex
750 4524 962 4578 natura
986 4536 1095 4577 sua
1114 4521 1175 4576 in
1202 4520 1409 4577 faciem
1432 4521 1724 4577 constitua
1744 4527 1902 4579 sunt.
1927 4524 2161 4580 Necnon

2262 3456 2658 3529 relinquentes
2675 3456 2977 3530 proprium
2995 3454 3381 3525 domicilium,
3401 3453 3698 3525 injudicio
3717 3452 3912 3527 magni

2262 3546 2377 3602 dici
2410 3546 2657 3602 vinculis
2687 3546 2918 3602 aeternis
2948 3546 3058 3601 sub
3089 3543 3339 3617 caligine
3384 3549 3755 3600 reservantur
3792 3544 3910 3616 (Ju-

2263 3636 2369 3703 dae,
2400 3637 2477 3707 ὓ).
2511 3635 2614 3691 Dei
2645 3634 2827 3691 solius
2878 3638 3150 3689 naturam
3197 3648 3327 3688 esse
3356 3631 3809 3703 immutabilem,
3842 3632 3915 3686 de

2265 3740 2381 3795 quo
2441 3723 2752 3779 scribitur:
2805 3724 2877 3777 Tu
2928 3738 3048 3778 vero
3098 3724 3211 3794 ipse
3262 3737 3315 3777 es
3343 3721 3520 3790 (Psal.
3570 3737 3646 3787 οι,
3676 3721 3789 3791 28).
3841 3720 3915 3775 Et

2265 3813 2390 3885 ipse
2420 3813 2492 3867 de
2522 3828 2621 3869 se:
2653 3817 2769 3884 Ego
2798 3813 2938 3867 Deus
2968 3814 3160 3876 vester,
3213 3815 3265 3867 et
3294 3827 3403 3867 non
3433 3812 3614 3865 mutor
3642 3808 3910 3879 (Malach.

2267 3918 2351 3958 ιιι.
2384 3903 2459 3968 6).
2494 3901 2784 3957 Cecidisse
2833 3899 3163 3967 luciferum,
3216 3899 3318 3971 qui
3367 3915 3539 3955 mane
3577 3899 3911 3967 oriebatur;

2267 3994 2323 4045 et
2355 4005 2488 4044 eum
2521 3989 2621 4061 qui
2652 3988 2922 4044 mittebat
2951 3988 3249 4060 quondam
3276 3989 3345 4044 ad
3376 4004 3581 4043 omnes
3601 3991 3823 4059 gentes,
3853 3987 3913 4041 in

2265 4082 2421 4134 terra
2450 4094 2578 4134 esse
2607 4079 2628 4111 ⁷
2676 4079 3016 4134 contritum.
3068 4078 3374 4150 Eleganter
3421 4078 3480 4133 in
3528 4077 3639 4133 hoc
3676 4076 3801 4132 loco
3828 4074 3920 4131 vir

2268 4166 2647 4223 doctissimus
2704 4167 3117 4239 Tertullianus,
3151 4168 3432 4223 adversus
3480 4164 3803 4239 Appellem,
3861 4166 3917 4221 et

2268 4258 2395 4326 ejus
2424 4257 2706 4328 virginem
2737 4256 3163 4327 Philumenam,
3193 4272 3371 4327 quam
3404 4254 3647 4328 angelus
3678 4253 3918 4327 quidam

2270 4343 2541 4400 diabolici
2592 4344 2837 4417 spiritus
2886 4349 2944 4401 et
2990 4361 3298 4417 perversus
3350 4342 3711 4417 impleverat,
3762 4343 3919 4397 hunc

2270 4438 2426 4489 esset
2457 4433 2660 4490 scribit
2689 4433 2983 4507 angelum,
3009 4434 3101 4490 cui
3136 4432 3319 4489 multo
3343 4436 3659 4503 antequam
3688 4427 3921 4502 Apelles

2271 4527 2625 4591 nasceretur,
2659 4522 2913 4595 Spiritus
2952 4523 3138 4579 sancti
3184 4521 3457 4579 vaticinia
3502 4520 3582 4576 sit
3609 4518 3923 4577 anathema

508 4699 739 4786 vertit”
765 4698 903 4786 sive.
936 4706 1229 4756 mutatum.
1290 4697 1472 4755 Multa
1526 4701 1596 4756 de
1652 4700 1760 4757 hoc
1816 4700 2162 4775 philosopho
2192 4719 2239 4785 Β
2273 4697 3918 4786 receptissimasententiaest.Confernpaulopostalt‘eram,

508 4771 690 4828 tradit
716 4769 1002 4826 Laertius.
1172 4804 1181 4807 -

586 4844 603 4878 ¹
630 4847 816 4898 Penes
848 4842 1177 4915 Rabanum,
1232 4847 1287 4915 et,
1328 4843 1658 4914 difficultate
1696 4846 2013 4915 transferri,
2052 4846 2163 4900 mi-

512 4931 630 4988 nus
650 4915 826 4988 bene,
852 4912 1033 4988 sicuti
1062 4923 1116 4970 et
1158 4914 1330 4987 paulo
1379 4912 1529 4987 post,
1562 4915 1661 4971 ubi
1691 4912 1927 4986 faculas,
1959 4933 2062 4988 pro
2092 4918 2165 4987 fi-

507 4986 726 5044 diculas
755 4984 912 5059 legit.

581 5056 1027 5129 fPaulattmsq
1058 5060 1117 5111 ut
1146 5058 1347 5127 faceret
1377 5074 1441 5113 ea
1481 5073 1596 5112 esse
1624 5073 1748 5129 quae
1776 5075 1886 5114 non
1914 5068 2090 5115 erant.

577 5122 600 5157 ³
634 5130 814 5187 Penes
865 5122 1211 5201 Victorium,
1270 5131 1331 5183 in
1389 5122 1843 5199 interpretatione
1899 5129 2054 5201 legis,
2114 5140 2165 5186 et

510 5200 721 5260 litterae
741 5218 956 5273 pugna,
986 5200 1075 5255 vel
1103 5202 1331 5273 spiritus
1365 5200 1646 5272 labuntur,
1680 5208 1789 5257 etc.

577 5274 598 5308 ⁴
629 5271 865 5330 Rectius
900 5274 1146 5328 fortasse
1176 5271 1424 5344 Raban.,
1477 5271 1641 5343 quam
1669 5274 1813 5344 quod
1844 5289 2031 5330 verum
2060 5282 2160 5328 est.

577 5345 598 5379 ⁵
624 5345 835 5418 Utique
856 5347 1030 5418 juxta
1057 5349 1216 5418 _tunc
1254 5343 1437 5418 _vulgo
1482 5343 1745 5418 receptas
1789 5345 1921 5400 libri
1964 5344 2161 5399 Nomi-

505 5432 650 5471 num
682 5414 1140 5491 etetymplogias
1162 5414 1270 5491 ex}
1293 5416 1365 5470 ad
1389 5414 1648 5471 Corinth.
1674 5418 1956 5491 Caeterum
1991 5432 2161 5470 nemo

509 5502 628 5560 non
662 5487 858 5560 sentit,
895 5487 1171 5545 Galatiam
1202 5488 1469 5560 Graecum
1487 5504 1613 5542 esse
1642 5487 2010 5553 vocabulum,
2045 5505 2160 5543 non

511 5557 1116 5632 Hebraeum,'nihilque
1148 5576 1356 5632 sonare
1399 5557 1554 5632 aliud
1611 5576 1787 5630 quam
1821 5560 2159 5615 Galatarum

506 5626 829 5708 regionem,
858 5626 1109 5708 quorum
1157 5630 1262 5708 διπρ
1308 5633 1404 5683 τοῦ
1435 5626 1752 5708 naturaet
1781 5650 1815 5708 ιι
1837 5633 2020 5708 _lacte,
2054 5632 2159 5686 du-

509 5701 667 5775 c_itu_r
713 5704 1078 5775 etymologia.
1128 5704 1344 5771 Gallos,
1398 5702 1537 5767 sive,
1589 5707 1661 5775 ut
1731 5701 1943 5775 Livius,
1975 5709 2157 5775 vocat,

510 5768 1253 5854 gallo-Graecos,"trajecta
1305 5768 1521 5854 Graecia
1578 5774 1686 5829 sub
1747 5791 1879 5854 rege
1923 5774 2160 5854 Seleuco

507 5842 810 5925 Nicanore:
843 5845 1041 5900 Asiam
1072 5842 1324 5910 invasos,
1358 5865 1392 5901 a
1442 5846 1650 5925 lacteo,
1685 5842 1874 5903 colore
1901 5847 2159 5925 corporis

508 5916 745 5975 sortitos
792 5915 901 5973 hoc
946 5933 1158 5975 nomen
1208 5935 1336 5976 esse
1384 5919 1538 5989 apud
1589 5919 1836 5978 Graecos.
1891 5915 2156 5975 omnium

2274 4768 2500 4829 sive—in
2545 4776 2870 4830 secundum
2921 4775 3135 4847 librum
3180 4768 3578 4847 praefationem
3617 4775 3674 4827 S.
3709 4768 3920 4847 Patris.

2344 4847 2364 4878 ⁶
2394 4848 2504 4918 Pro
2551 4848 2747 4911 verbo,
2796 4841 3199 4918 καθ’ὑπόθεσινξ
3234 4846 3386 4916 quod
3418 4860 3575 4918 nunc
3623 4841 3922 4918 e_C_ister_-

2275 4916 2452 4986 ciensi
2480 4934 2598 4986 _ms.
2642 4918 2908 4986 restituo,
2941 4918 3086 4973 falso
3134 4912 3419 4973 hactenus
3448 4915 3713 4971 obtenuit
3740 4912 3922 4986 istud,

2277 4984 2691 5061 emaciatis;
2730 4984 2939 5046 Fraudi
2990 4990 3097 5045 fuit
3127 4987 3497 5060 antiquariis,
3530 4986 3688 5059 quod
3721 4984 3924 5056 paucis

2276 5059 2486 5133 abhinc
2535 5061 2800 5116 versibus
2848 5062 2957 5117 hac
3011 5059 3391 5133 Hieronymus
3437 5073 3575 5133 voce
3618 5072 3763 5112 usus
3794 5060 3921 5133 est:

2272 5131 2452 5205 Potest
2484 5137 2530 5186 ct
2564 5133 2912 5205 hyperbolice
2950 5135 3161 5189 dictum
3206 5127 3419 5205 accipi,
3443 5133 3509 5182 ut
3542 5128 3711 5205 _hanc
3736 5143 3805 5184 ex
3834 5127 3925 5183 in-

2314 5203 2441 5258 enio
2473 5200 2647 5259 facile"
2686 5206 3131 5270 substituerent,
3182 5200 3342 5259 nullo
3393 5201 3509 5255 fere
3542 5200 3683 5257 boni
3715 5215 3925 5256 sensus

2316 5276 2599 5347 ispendio.
2632 5276 2846 5331 Verum
2880 5282 2935 5331 et
2965 5276 3149 5331 multo
3174 5273 3512 5330 concinnior
3540 5273 3613 5329 ad
3645 5274 3702 5329 S.
3738 5271 3924 5347 Patris

2273 5342 2549 5422 mentem,
2582 5363 2916 5422 eaqueuna
2936 5364 3216 5422 germana
3239 5351 3349 5414 est,
3380 5342 3923 5422 quam_repon_i_mu_s

2272 5417 2460 5493 lectio,
2519 5414 2633 5471 218‘
2669 5414 2969 5493 bnéllaow:
3030 5414 3923 5493 quanquamuletuin'syllabis

2271 5491 2450 5560 probe
2479 5491 2863 5561 assequendis
2895 5486 2955 5546 in
2988 5486 3097 5546 ms.
3132 5486 3320 5547 multo
3354 5488 3686 5561 difﬁcilior:
3718 5486 3927 5561 scribi-

2270 5558 2368 5615 tur
2398 5562 2556 5615 enim
2613 5558 2729 5616 uno
2788 5566 2986 5618 tenore
3031 5563 3133 5633 sic,
3162 5560 3667 5633 ΚΑΘΥΠΟΘΕΟῘΠ.
3716 5558 3925 5614 Sciunt

2275 5649 2441 5703 porro
2473 5649 2676 5689 omnes
2706 5632 2843 5703 quid
2879 5635 2955 5689 sit
3006 5631 3124 5686 v.26"
3151 5632 3421 5704 ὑπόθεσιν,
3485 5634 3605 5688 sive
3653 5646 3754 5701 per
3788 5644 3918 5699 sup-

2265 5705 2616 5777 positionem,
2649 5708 2705 5758 et
2728 5721 2842 5777 non
2863 5710 3145 5777 tanquam
3176 5707 3561 5764 constitutum
3582 5705 3686 5759 aut
3713 5715 3917 5757 verum

2268 5774 2485 5847 aliquid
2518 5776 2941 5847 pronuntiaret.

2339 5844 2570 5923 7'P_al_a—t.
2632 5865 2769 5923 ms.,
2824 5852 2920 5921 qui
2972 5850 3242 5919 mittebat,
3301 5846 3580 5923 quondam
3623 5844 3694 5904 ad
3733 5846 3917 5917 gentes

2265 5920 2590 5979 scandalum
2622 5922 2682 5978 in
2711 5920 2861 5981 terra
2880 5940 3016 5997 esse,
3047 5927 3159 5981 etc.
