4304 6588
340 466 459 531 345

950 484 955 488 ’
1041 464 1561 532 COMMENTAR.
1604 462 1684 529 IN
1727 462 1980 528 EPIST.
2023 461 2128 525 AD
2172 461 2453 527 GALAT.
2497 462 2651 528 LIB.
2693 459 2745 540 Ῑ,
2788 461 2961 527 CAP.
3004 464 3055 527 Ῑ.

3638 456 3759 525 346

340 618 448 677 per
475 598 817 675 Apostolum
862 600 1296 675 prophetatum.
1350 601 1525 658 Porro
1570 598 1826 672 ἀνάθεμα,
1869 614 1997 653 ver-
2027 596 2084 663 Α
2113 595 2350 669 querela
2381 599 2514 652 ante
2542 596 2601 652 in
2634 597 2759 670 lege
2787 601 3052 653 versatus
3080 598 3189 664 est,
3221 599 3280 652 et
3294 598 3526 652 tantum
3547 594 3758 653 habuit

341 691 491 748 bum
522 692 752 765 pr0prie
792 692 1129 749 Judzeorum
1160 700 1268 760 est,
1321 696 1379 747 et
1426 691 1681 765 positum
1711 691 1825 761 (Al.
1864 704 1995 760 pro-

341 781 564 854 prium)
609 786 730 837 tam
780 781 840 837 in
884 783 1022 838 Jesu
1054 782 1208 838 Nave
1238 782 1368 853 (Jos.
1414 799 1491 850 v1,
1544 780 1656 852 17),
1709 797 1887 852 quam
1935 780 1995 834 iu

342 870 617 927 Numeris
647 870 831 939 (Num.
875 888 990 943 xxx,
1036 872 1113 943 3),
1154 871 1389 943 quando
1442 870 1639 926 omnia
1677 887 1802 943 quae
1830 874 1997 926 erant

339 958 406 1015 in
434 959 664 1015 Jericho
694 965 751 1016 et
780 960 1229 1017 Madianitarum
1263 960 1633 1016 detestationi
1663 965 1720 1014 et
1749 958 1996 1014 anathe-

344 1049 490 1105 mati
533 1048 805 1106 habenda
832 1049 1120 1106 Dominus
1172 1049 1503 1120 imperavit.
1562 1047 1997 1119 Interrogemus

342 1152 444 1195 eos
474 1138 576 1210 qui
605 1138 904 1195 Christum
934 1143 991 1194 et
1040 1137 1372 1210 apostolum
1426 1136 1689 1202 Paulum,
1731 1136 1868 1192 boni
1901 1136 1997 1192 Dei

342 1231 404 1284 et
432 1244 622 1301 usque
653 1229 727 1285 ad
756 1228 901 1284 illud
935 1233 1173 1300 tempus
1202 1228 1474 1300 ignorati,
1498 1226 1585 1282 vel
1618 1227 1805 1282 ﬁlium
1838 1243 1995 1282 asse-

341 1321 485 1372 runt
512 1333 663 1387 esse,
694 1315 784 1373 vel
816 1333 1070 1385 servum,
1104 1316 1204 1389 qui
1233 1316 1579 1372 maledicere
1610 1316 1851 1388 nesciat,
1891 1332 1999 1371 nec

338 1406 568 1462 noverit
625 1405 882 1478 aliquem
957 1406 1400 1462 condemnare:
1478 1406 1771 1477 quomodo
1843 1421 2000 1460 nunc

335 1495 667 1567 Apostolus
695 1497 847 1568 ejus,
876 1497 1051 1553 verbo
1081 1495 1444 1561 Judaeorum,
1475 1496 1532 1550 id
1565 1499 1675 1563 est,
1709 1494 1997 1551 Creatoris

340 1584 504 1641 884
551 1588 770 1657 utatur,
793 1589 850 1641 et
895 1585 1083 1657 perire
1110 1584 1199 1641 vel
1242 1583 1517 1657 angelum
1546 1583 1636 1640 vel
1666 1582 1995 1655 apostolum

334 1672 502 1744 velit,
551 1690 685 1729 cum
733 1674 859 1746 ipse
917 1692 1033 1731 non
1082 1673 1268 1730 soleat
1314 1674 1543 1746 ulcisci.
1594 1674 1756 1739 Quod
1800 1676 1992 1729 autem

338 1762 594 1831 addidit,
650 1763 789 1819 sicut
837 1764 1233 1836 pradiximus,
1291 1773 1344 1821 et
1402 1781 1548 1821 nunc
1605 1766 1802 1820 iterum
1851 1763 2020 1833 dico“

340 1851 600 1909 ostendit
631 1869 693 1908 se
725 1857 782 1908 et
831 1852 891 1909 in
938 1854 1225 1927 principio
1278 1855 1388 1910 hoc
1436 1854 1632 1926 ipsum
1672 1857 1993 1919 caventem,

2106 686 2165 741 in
2226 687 2517 759 majorum
2577 688 2936 743 caeremoniis
2992 687 3216 744 ardoris
3273 691 3331 742 et
3386 686 3544 742 fidei.
3593 689 3659 740 ut
3693 685 3754 740 in

2107 776 2389 847 Stephani
2419 793 2559 833 nece
2588 776 2878 849 particeps
2905 776 3081 831 fuerit
3110 777 3217 849 [Αἰ.
3266 776 3448 845 fieret]
3489 775 3622 847 (Act.
3654 791 3753 843 vn,

2104 866 2221 937 57,)
2252 870 2309 921 et
2353 870 2698 923 Damascum
2757 866 3071 939 perrexerit
3122 866 3193 921 ad
3242 881 3362 930 eos,
3405 863 3504 935 qui
3556 880 3590 919 a
3632 862 3759 936 lege

2107 954 2488 1023 desciverant,
2520 954 2859 1012 vinciendos
2900 955 3034 1025 (Act.
3078 972 3154 1021 Ix,
3185 955 3260 1027 2-).
3293 954 3401 1010 Sed
3442 956 3759 1025 postquam

2105 1041 2164 1096 in
2223 1060 2325 1098 vas
2378 1043 2679 1100 electionis
2736 1046 2806 1099 de
2864 1049 3234 1117 persecutore
3291 1041 3614 1099 translatus
3672 1044 3762 1098 est

2107 1132 2268 1200 (Ibid.
2304 1134 2412 1204 15),
2466 1138 2523 1188 et
2552 1134 2727 1206 coepit
2755 1135 3067 1206 praidicare
3110 1135 3305 1201 ﬁdem,
3354 1149 3531 1206 quam
3571 1149 3759 1204 quon-

2107 1222 2244 1277 dam
2276 1227 2728 1294 expugnaverat,
2753 1224 2925 1295 coepit
2942 1223 3161 1296 pariter
3180 1223 3491 1296 displicere
3514 1221 3758 1301 Judaiis,

2109 1311 2323 1383 quibus
2349 1318 2483 1368 ante
2538 1312 2851 1384 placuerat.
2907 1314 3022 1368 Hoc
3078 1317 3169 1367 est
3224 1328 3360 1384 ergo
3420 1312 3574 1383 quod
3628 1311 3756 1367 ait:

2108 1401 2405 1474 Numquid
2464 1419 2658 1474 quaero
2705 1401 2922 1458 Judaeis
2974 1401 3220 1474 placere,
3277 1401 3494 1473 quibus
3550 1398 3761 1471 displi-

2107 1492 2310 1558 cendo,
2345 1492 2461 1547 Deo
2491 1491 2728 1563 placui?
2775 1492 2833 1547 Si
2865 1491 3022 1547 enim
3069 1490 3189 1546 illis
3220 1488 3531 1563 placerem,
3565 1488 3759 1544 adhuc

2107 1580 2322 1637 Christi
2354 1597 2559 1637 servus
2606 1598 2722 1637 non
2773 1596 2982 1636 essem.
3033 1581 3368 1635 Assererem
3417 1578 3635 1651 quippe
3674 1564 3765 1633 le-'

2106 1687 2261 1743 gem,
2282 1674 2339 1726 et
2365 1670 2657 1743 Evangelii
2680 1671 2929 1742 gratiam
2960 1670 3344 1726 destruerem.
3369 1668 3535 1723 Nunc
3560 1670 3756 1723 autem
3781 1742 3787 1747 θ

2107 1764 2413 1833 propterea
2444 1776 2549 1816 nec
2577 1760 2637 1815 in
2660 1759 3094 1815 simulationem
3117 1758 3357 1830 quidem
3382 1756 3756 1813 observanda

2106 1850 2275 1924 Legis
2310 1851 2603 1906 adducor:
2639 1849 2783 1922 quia
2827 1867 2941 1905 non
2974 1849 3129 1921 quod
3161 1849 3265 1920 [AL
3300 1863 3495 1920 quaero
3550 1850 3609 1903 et
3640 1846 3756 1902 Deo

341 1941 726 1999 denuntiasse
765 1944 1080 2000 anathema
1135 1945 1221 2001 eis
1264 1944 1360 2016 qui
1412 1943 1579 1999 aliter
1626 1942 1993 2016 praedicaturi
2024 1970 2073 2036 B
2108 1940 2334 2014 placere
2365 1940 2582 2013 pariter
2608 1946 2666 1995 et
2692 1937 2908 1996 Iudaeis
2942 1956 2955 2007 ;
3004 1938 3218 2009 quibus
3268 1937 3605 2010 quicunque
3635 1934 3758 2008 pla-

340 2037 532 2102 erant,
555 2036 612 2089 et
654 2049 811 2088 nunc
861 2038 1173 2106 postquam
1216 2034 1597 2106 praedicatum
1628 2037 1736 2098 est,
1769 2032 1827 2087 id
1862 2049 1995 2087 ana-

339 2120 547 2178 thema
583 2121 893 2179 decernere
932 2124 1087 2196 quod
1120 2128 1253 2181 ante
1284 2124 1652 2196 praedixerat.
1684 2126 1998 2194 Propterea

340 2214 547 2267 autem
578 2215 636 2267 et
663 2211 797 2281 sibi,
826 2229 1000 2284 quem
1045 2213 1203 2269 aliud
1260 2214 1319 2269 in
1367 2214 1574 2269 Judaea
1599 2214 1807 2279 facere,
1838 2211 1995 2267 aliud

340 2300 555 2356 docere
583 2300 643 2356 in
674 2302 949 2373 gentibus
979 2303 1466 2369 criminabantur,
1498 2308 1556 2359 et
1584 2302 1790 2376 angelo
1821 2318 1996 2374 quem

340 2389 629 2460 majorem
662 2390 839 2447 etiam
873 2393 1325 2465 prmcessoribus
1367 2394 1493 2449 suis
1541 2390 1824 2465 apoStolis
1869 2409 1998 2448 esse

339 2478 672 2551 constabat,
707 2480 1023 2536 anathema
1072 2480 1471 2537 denuntiavit:
1522 2485 1588 2537 ut
1634 2498 1751 2536 non
1782 2496 1999 2554 magna

339 2566 499 2623 Petri
529 2571 586 2623 et
603 2568 851 2625 Joannis
882 2574 1188 2642 putaretur
1215 2570 1554 2639 auctoritas,
1585 2587 1719 2626 cum
1750 2587 1857 2626 nec
1887 2570 1997 2626 sibi

338 2654 543 2713 liceret
588 2657 690 2729 qui
748 2675 846 2715 eos
894 2663 1030 2715 ante
1078 2661 1371 2728 docuerat,
1423 2677 1528 2717 nec
1578 2661 1784 2733 angelo
1833 2660 2002 2717 aliter

340 2746 681 2819 pradicare,
731 2765 909 2821 quam
964 2749 1148 2806 semel
1196 2750 1541 2807 didicerant.
1597 2752 1670 2807 Se
1716 2750 1913 2823 itaque
1945 2754 2002 2806 et

339 2834 620 2908 angelum
679 2838 1028 2896 nominatim
1079 2840 1315 2912 posuit:
1390 2840 1536 2896 alios
1591 2856 1726 2896 vero
1777 2841 2000 2913 absque

339 2925 605 2997 nomine,
634 2930 701 2983 Si
726 2930 852 2999 quis
879 2928 1090 3001 inquit,
1144 2930 1294 2986 vobis
1321 2929 1812 3002 evangelisaverit,
1846 2935 1911 2984 ut
1939 2929 1998 2983 in

340 3015 604 3088 generali
635 3018 941 3086 vocabulo,
972 3035 1079 3076 nec
1120 3021 1572 3094 prmcessoribus
1603 3021 1818 3076 faceret
1846 3019 1998 3089 inju-

341 3103 495 3160 riam
524 3123 538 3174 ;
570 3112 627 3161 et
656 3110 851 3164 tamen
881 3109 1121 3166 nomina
1140 3126 1342 3165 eorum
1372 3109 1620 3165 latenter
1649 3109 1998 3164 ostenderet.

418 3193 606 3266 (Vere.
642 3196 755 3265 10.)
785 3220 813 3248 ‹‹
846 3198 1018 3255 Modo
1066 3200 1225 3255 enim
1275 3198 1615 3255 hominibus
1665 3199 1882 3256 suadeo
1926 3208 1999 3253 an

341 3284 514 3341 Deo?
562 3290 667 3342 aut
714 3303 912 3360 quaero
963 3288 1306 3345 hominibus
1362 3288 1638 3361 placere?
1695 3289 1754 3345 Si
1808 3289 2001 3345 adhuc

2105 2034 2214 2101 cet,
2266 2035 2379 2085 Deo
2423 2029 2711 2101 displicet.
2766 2031 2964 2101 Ipsum
3035 2044 3266 2101 quoque
3322 2027 3587 2092 verbum,
3635 2042 3760 2081 sua-

2105 2119 2251 2187 dere,
2286 2120 2356 2175 de
2402 2119 2658 2174 humano
2690 2135 2801 2173 usu
2852 2122 3156 2190 sumptum
3207 2121 3319 2185 est,
3369 2132 3505 2171 cum
3536 2114 3671 2186 quis
3700 2113 3759 2169 id

2102 2209 2264 2283 quod
2302 2209 2428 2281 ipse
2466 2207 2662 2273 habet,
2711 2212 2769 2263 et
2814 2206 2995 2263 semel
3042 2205 3298 2273 imbibit,
3331 2204 3505 2260 etiam
3535 2203 3759 2260 caeteris

2108 2303 2353 2355 conatur
2393 2298 2670 2365 inserere,
2703 2300 2769 2352 ut
2797 2296 2855 2352 in
2889 2294 3641 2373 plurimis'Scripturarum
3670 2291 3759 2349 lo-

2108 2389 2193 2444 cis
2219 2387 2452 2461 legitur,
2482 2404 2551 2443 ex
2580 2387 2796 2459 quibus
2827 2386 2972 2441 illud
3016 2389 3105 2442 est
3131 2402 3144 2441 :
3203 2385 3405 2440 Suasio
3434 2399 3548 2440 non
3586 2391 3667 2441 est
3691 2396 3761 2438 ea:

2107 2494 2170 2534 eo
2199 2479 2297 2550 qui
2322 2478 2531 2533 vocavit
2559 2493 2651 2532 vos
2697 2475 2898 2549 (Galat.
2930 2492 2987 2544 v,
3035 2477 3112 2542 8).
3150 2479 3384 2530 Necnon
3416 2473 3468 2530 ei
3513 2472 3575 2529 in
3603 2471 3757 2529 Acti-

2109 2568 2222 2624 bus
2250 2566 2647 2639 apostolorum
2674 2582 2686 2621 :
2740 2568 3019 2622 Venerunt
3046 2581 3173 2636 ergo
3221 2564 3292 2620 ad
3317 2580 3444 2621 eum
3489 2561 3672 2620 Judaei
3699 2564 3758 2619 in

2110 2657 2409 2729 hospitium
2458 2656 2641 2711 multi:
2694 2655 2889 2726 quibus
2956 2654 3281 2727 exponebat,
3329 2656 3640 2709 contestans
3679 2652 3760 2708 eis

2108 2763 2339 2818 regnum
2403 2747 2505 2802 Dei
2528 2746 2588 2815 ’,λ
2628 2746 2966 2816 suadensque
3027 2746 3106 2800 eis
3173 2744 3238 2798 de
3289 2748 3442 2807 Jesu,
3499 2757 3569 2798 ea:
3625 2742 3763 2814 Lege

2108 2837 2282 2909 Moysi
2313 2844 2363 2891 et
2411 2836 2691 2907 Prophetis
2738 2850 2905 2907 usque
2949 2834 3021 2889 ad
3061 2848 3349 2906 vesperum
3393 2832 3526 2904 (Act.
3559 2848 3759 2905 xxvm,

2107 2927 2223 2995 23).
2277 2927 2391 2981 Hoc
2433 2930 2629 2980 autem
2677 2928 2865 2980 totum
2924 2924 3075 2990 ideo,
3123 2922 3263 2994 quia
3309 2920 3760 2978 disseminatum

2112 3016 2217 3088 (At.
2253 3014 2643 3085 diffamatum]
2676 3014 2745 3068 de
2776 3030 2842 3068 eo
2875 3013 3086 3078 fuerat,
3118 3011 3341 3068 occulte
3370 3009 3534 3066 illum
3567 3013 3761 3066 custo-

2110 3106 2236 3162 dire
2266 3104 2475 3178 legem,
2509 3108 2565 3159 et
2596 3104 2654 3158 in
2684 3102 3100 3175 Hierosolymis
3130 3119 3265 3158 cum
3296 3100 3387 3157 bis
3422 3100 3520 3172 qui
3564 3098 3763 3171 judai-

2108 3196 2339 3262 zabant,
2371 3194 2732 3251 consortium
2763 3192 3093 3249 miscuisse.

2184 3283 2369 3355 (Vers.
2405 3283 2492 3354 11,
2544 3283 2653 3353 12.)
2699 3302 2721 3331 ι
2754 3283 2969 3338 Notum
3015 3282 3174 3338 enim
3224 3279 3388 3337 vobis
3430 3279 3598 3346 facio,
3643 3278 3763 3334 fra-

342 3337 502 3341 ---π
566 3337 664 3342 η-
720 3337 908 3360 ιη--
964 3337 1304 3345 --.ν-----
1363 3337 1628 3361 rm"--.
1696 3337 1754 3345 η-
1810 3337 1997 3345 --η-ν
2188 3337 2200 3355 ι
2452 3337 2492 3354 ν,
2620 3337 2650 3353 κ,
2819 3337 2825 3338 κ
3030 3337 3033 3338 ν
3587 3337 3596 3346 ι

342 3373 691 3430 hominibus
739 3375 1050 3446 placerem,
1101 3374 1313 3433 Christi
1343 3395 1545 3434 servus
1577 3396 1693 3434 non
1725 3395 1935 3434 essem.
1970 3398 2000 3427 »
2031 3337 2076 3409 α
2115 3377 2256 3438 tres,
2304 3371 2683 3444 Evangelium
2734 3371 2891 3442 quod
2941 3369 3402 3443 evangelizatum
3433 3373 3525 3425 est
3562 3385 3598 3424 a
3629 3383 3761 3424 me:

344 3461 476 3517 Non
503 3466 782 3534 putemus
812 3465 885 3519 ab
932 3464 1204 3536 Apostolo
1231 3483 1340 3522 nos
1379 3468 1593 3532 doceri,
1640 3471 1704 3522 ut
1742 3467 2006 3539 exemplo

346 3565 460 3607 suo
489 3550 800 3607 heminam
842 3552 1070 3624 judicia
1124 3559 1593 3628 contemnamus,
1645 3556 1745 3628 qui
1795 3556 1853 3611 in
1894 3556 2008 3612 alio

345 3638 478 3695 loco
508 3639 754 3695 dixerit:
790 3641 1029 3698 Scientes
1066 3659 1192 3716 ergo
1240 3645 1489 3701 timorem
1539 3647 1781 3716 Domini,
1834 3645 2007 3701 homi-

346 3730 516 3786 nibus
561 3729 897 3787 suademus:
951 3733 1056 3788 Deo
1135 3742 1320 3790 autem
1371 3736 1658 3806 manifesti
1705 3751 1897 3791 sumus
1944 3737 2017 3804 (ll

351 3819 472 3877 Cor.
508 3836 559 3888 ν,
613 3820 701 3893 11)
730 3838 752 3883 ,·
800 3826 859 3877 et
913 3820 1098 3878 illud:
1148 3822 1279 3881 Sine
1328 3825 1629 3897 offensione
1676 3828 1857 3895 estote,
1914 3827 2013 3882 Ju-

352 3908 512 3979 daeis,
540 3915 599 3966 et
627 3911 914 3985 gentibus,
946 3920 1000 3967 et
1028 3914 1287 3971 Ecclesiae
1316 3915 1413 3971 Dei
1436 3931 1455 3968 :
1504 3917 1647 3970 sicut
1673 3922 1725 3971 et
1771 3931 1865 3986 ego
1893 3931 2014 3971 om-

352 3999 517 4056 nibus
570 4017 672 4072 per
726 4001 916 4058 omnia
960 4002 1167 4074 placeo,
1218 4020 1327 4060 non
1397 4004 1822 4077 quarensquod
1879 4005 2020 4069 mihi

353 4093 496 4157 utile
532 4096 629 4161 est,
677 4093 774 4149 sed
819 4092 961 4166 quod
1005 4092 1225 4163 multis,
1266 4097 1328 4149 ut
1377 4096 1666 4150 solventur
1714 4096 1763 4168 (Ι
1804 4096 1924 4152 Cor.
1955 4114 2015 4161 Χ,

357 4179 447 4247 32,
473 4180 587 4252 33).
623 4182 734 4237 Sed
767 4181 816 4238 si
879 4182 1005 4237 ﬁeri
1058 4187 1267 4255 potest,
1313 4188 1379 4238 ut
1426 4185 1645 4256 pariter
1682 4185 1798 4241 Deo
1825 4190 1881 4240 et
1909 4185 2014 4241 ho-

358 4268 620 4324 minibus
655 4268 1011 4341 placeamus,
1047 4272 1400 4344 placendum
1430 4278 1520 4329 est
1564 4278 1622 4329 et
1651 4274 2012 4330 hominibus.

357 4358 459 4424 Sin
503 4362 701 4415 autem
745 4359 912 4417 aliter
959 4378 1075 4417 non
1122 4360 1424 4442 placemus
1480 4361 1844 4433 hominibus,
1901 4365 2014 4421 nisi

354 4446 470 4505 Deo
520 4447 961 4522 displiceamus,
1036 4455 1149 4507 Deo
1194 4450 1385 4523 magis
1438 4467 1616 4522 quam
1672 4452 2014 4510 hominibus

353 4534 582 4610 placere
613 4539 925 4597 debemus.
956 4539 1231 4613 Alioquin
1264 4544 1321 4597 et
1350 4540 1475 4613 ipse
1506 4539 1700 4609 infert,
1732 4558 1838 4598 cur
1883 4560 2014 4599 om-

354 4627 531 4685 nibus
563 4646 667 4701 per
691 4629 891 4687 omnia
935 4629 1198 4703 placeat:
1232 4632 1351 4686 Non
1393 4645 1664 4703 quaerens,
1715 4630 2010 4704 inquiens,

2118 3463 2250 3535 quia
2302 3478 2417 3517 non
2476 3465 2566 3516 est
2622 3460 2945 3516 secundum
2984 3459 3306 3526 hominem,
3360 3474 3551 3530 neque
3606 3456 3765 3512 enim

2118 3568 2224 3624 ego
2254 3551 2325 3607 ab
2359 3550 2593 3607 homine
2640 3549 2837 3622 accepi
2866 3548 3033 3619 illud,
3064 3563 3254 3620 neque
3284 3545 3497 3614 didici;
3530 3545 3632 3601 sed
3665 3559 3770 3617 per

2121 3641 2530 3699 revelationem
2560 3640 2699 3697 Jesu
2738 3637 2970 3695 Christi.
3008 3661 3029 3688 ι)
3099 3637 3169 3692 Et
3198 3636 3309 3693 hoc
3354 3634 3480 3692 loco
3528 3632 3769 3690 Ebionis

2122 3737 2180 3790 et
2208 3732 2439 3789 Pbotini
2470 3733 2684 3805 dogma
2717 3729 3056 3797 conteritur,
3099 3727 3257 3801 quod
3307 3730 3460 3782 Deus
3490 3724 3569 3780 sit
3605 3722 3769 3779 Chri-

2125 3827 2275 3890 stus,
2307 3828 2510 3879 etnon
2553 3824 2783 3877 tantum
2831 3819 3028 3875 homo.
3077 3816 3138 3873 Si
3186 3814 3342 3871 enim
3392 3810 3771 3886 Evangelium

2126 3911 2289 3969 Pauli
2338 3929 2453 3969 non
2483 3915 2571 3967 est
2616 3909 2941 3966 secundum
2988 3906 3310 3970 hominem,
3345 3918 3535 3977 neque
3565 3904 3638 3959 ab
3668 3902 3771 3958 ho-

2126 4002 2286 4057 mine
2314 4001 2536 4072 accepit
2564 3998 2842 4069 illud,aut
2870 3995 3094 4063 didicit,
3111 3994 3209 4051 sed
3229 4010 3332 4065 per
3360 3992 3771 4049 revelationem

2124 4090 2262 4147 Jesu
2304 4088 2557 4155 Christi;
2603 4087 2757 4142 386
2806 4102 2924 4141 non
2973 4089 3062 4141 est
3115 4082 3318 4153 utique
3368 4082 3544 4137 homo
3597 4080 3775 4136 Jesus

2127 4180 2415 4245 Christus,
2449 4176 2549 4249 qui
2582 4174 2758 4232 Paulo
2792 4172 3166 4244 Evangelium
3204 4169 3499 4228 revelavit.
3531 4169 3695 4234 Quod
3726 4169 3772 4224 si

2126 4287 2243 4326 non
2273 4273 2363 4325 est
2410 4268 2606 4333 homo,
2655 4266 3082 4335 consequenter
3128 4266 3282 4315 Deus
3328 4262 3435 4314 est.
3483 4257 3611 4313 Non
3656 4273 3771 4328 quo

2126 4360 2424 4417 hominem
2456 4372 2739 4429 negemus
2787 4355 3200 4424 assumptum;
3238 4348 3340 4405 sed
3373 4363 3490 4420 quo
3536 4349 3771 4402 tantum

2126 4450 2424 4506 hominem
2458 4462 2796 4504 renuamus.
2840 4440 3126 4510 Quaeritur
3168 4444 3367 4495 utrum
3400 4436 3582 4493 totius
3613 4434 3773 4492 orbis

2124 4539 2392 4596 Ecclesiae
2423 4538 2525 4594 Dei
2567 4534 2898 4608 acceperint
2922 4529 3323 4604 Evangelium,
3356 4544 3431 4584 an
3477 4524 3774 4583 hominis:

2124 4634 2339 4703 quotus
2385 4627 2540 4684 enim
2591 4626 2844 4699 quisque
2886 4626 3153 4679 nostrum
3203 4636 3307 4692 per
3358 4615 3774 4674 revelationem

354 4717 497 4789 quod
524 4697 669 4774 mihi
693 4720 834 4776 utile
880 4697 977 4785 est,
1026 4719 1118 4775 sed
1166 4718 1309 4792 quod
1341 4697 1554 4788 multis,
1597 4697 1659 4776 ut
1701 4697 2005 4780 soluentur.
2038 4697 2088 4777 λ
2117 4697 2330 4776 Christi
2360 4717 2585 4783 didicit,
2611 4697 2695 4771 iet
2740 4731 2857 4770 non
2907 4711 3145 4768 homine
3177 4708 3530 4782 praedicante
3561 4722 3775 4779 cogno-

356 4806 465 4871 Qui
494 4811 692 4864 autem
740 4824 810 4865 ex
856 4825 925 4866 ea
954 4809 1257 4881 charitate,
1291 4826 1415 4882 quae
1448 4826 1563 4866 non
1596 4810 1845 4882 quaerit‘
1879 4827 2006 4883 quae

358 4913 468 4953 sua
496 4900 657 4966 sunt,
690 4898 793 4955 sed
823 4914 951 4970 quae
992 4899 1181 4956 aliena
1211 4904 1367 4968 sunt,
1417 4899 1608 4973 placet
1636 4899 1912 4958 omnibus
1945 4906 2012 4959 ut

355 4986 690 5045 salventur:
737 4988 941 5062 utique
976 4990 1093 5047 Deo
1151 4990 1411 5063 primum
1455 4990 1664 5063 placet,
1717 4991 1808 5047 cui
1849 4991 2011 5049 salus

353 5075 666 5137 hominum
697 5094 848 5135 cura)
878 5083 986 5138 est.
1017 5080 1202 5136 Habet
1233 5083 1429 5136 autem
1461 5084 1518 5135 et
1558 5080 1822 5149 verbum,
1856 5083 2012 5154 quod

354 5166 509 5225 885
554 5166 649 5223 hic
696 5168 1029 5242 specialiter
1071 5168 1338 5227 additum
1384 5172 1495 5236 est,
1538 5168 1717 5236 modo,
1746 5169 1837 5225 vel
1888 5170 2011 5241 pla-

355 5256 609 5314 cendum
640 5275 769 5316 esse
816 5276 922 5333 pro
968 5263 1232 5332 tempore
1272 5256 1640 5331 hominibus,
1689 5258 1778 5314 vel
1811 5258 2015 5332 displi-

353 5348 608 5405 cendum
641 5366 654 5406 :
689 5353 757 5406 ut
788 5350 892 5423 qui
927 5349 1099 5407 modo
1128 5365 1244 5406 non
1274 5347 1461 5421 placet
1489 5352 1723 5421 propter
1752 5351 2011 5421 Evange-

352 5437 415 5495 lii
444 5439 776 5506 veritatem,
809 5435 1097 5512 placuerit
1119 5438 1425 5511 quondam
1450 5438 1523 5493 ob
1546 5437 1796 5495 salutem
1828 5433 2010 5510 pluri-

286 5519 301 5528 ’
355 5543 609 5585 morum.
642 5526 955 5585 Placuerat
985 5526 1197 5601 Paulus
1228 5527 1545 5602 aliquando
1584 5527 1826 5597 Judaais,
1873 5544 2010 5585 cum

357 5617 663 5675 aemulator
703 5615 962 5675 existens
1007 5622 1387 5690 paternarum
1436 5616 1844 5690 traditionum,
1885 5618 2012 5674 sine

435 5765 450 5798 ¹
478 5763 647 5820 Palat
675 5780 812 5831 ms.,
844 5778 914 5819 ea:
941 5778 1006 5819 ea
1035 5762 1309 5819 charitate
1344 5778 1461 5821 non
1487 5764 1706 5835 quaerit,
1740 5767 1849 5819 etc.
1883 5763 2015 5819 Mox

357 5833 421 5894 in
454 5852 575 5895 uno
604 5835 999 5911 Cisterciensi,
1022 5836 1205 5911 placet
1252 5833 1562 5893 hominibus
1605 5843 1668 5891 ut
1692 5833 2015 5894 solventur.

2120 4809 2201 4865 vit
2222 4808 2250 4863 ‘?
2277 4808 2361 4863 Ad
2394 4806 2548 4880 quod
2582 4802 3090 4877 respondebimus,
3123 4815 3222 4856 eos
3260 4799 3360 4871 qui
3400 4802 3654 4871 possunt
3681 4797 3777 4851 di-

2120 4915 2287 4956 cere:
2331 4898 2414 4954 An
2460 4895 2896 4968 experimentum
2932 4894 3053 4959 eius
3106 4890 3379 4963 quwritis,
3432 4890 3530 4961 qui
3582 4888 3642 4944 in
3690 4902 3778 4942 me

2121 4990 2369 5061 loquitur
2414 4985 2659 5042 Christus
2712 4983 2780 5056 (ιι
2813 4982 2933 5039 Cor.
2967 4998 3091 5048 xm,
3133 4980 3213 5036 3?
3267 4981 3363 5036 Et:
3420 4980 3545 5037 Vivo
3593 4979 3777 5032 autem

2109 5080 2234 5151 jam
2263 5095 2373 5133 non
2402 5093 2517 5149 ego,
2546 5077 2681 5132 vivit
2728 5082 2917 5131 autem
2958 5073 3019 5127 in
3064 5088 3152 5129 me
3181 5070 3428 5126 Christus
3474 5066 3675 5140 (Galat.
3709 5081 3773 5130 ιι,

2122 5169 2234 5242 20),
2268 5183 2384 5224 non
2414 5172 2536 5223 tam
2554 5165 2716 5238 ipsos
2739 5164 2967 5231 docere,
2992 5177 3171 5233 quam
3191 5160 3250 5215 in
3276 5158 3423 5231 ipsis
3450 5151 3773 5242 Deum,qui

2123 5241 2200 5316 ad
2245 5260 2481 5314 sanctos
2528 5255 2838 5328 loquatur:
2890 5257 3004 5323 Ego
3042 5250 3187 5318 dixi,
3236 5250 3319 5304 dii
3365 5248 3512 5312 estis,
3568 5247 3620 5301 et
3671 5241 3776 5298 ﬁlii

2121 5348 2339 5408 Επεὶ.ςί
2367 5362 2553 5404 omnes
2584 5345 2753 5402 (Psal.
2806 5360 2992 5409 LXXXI,
3022 5342 3078 5409 6)
3126 5344 3183 5396 et
3230 5336 3428 5395 statim
3468 5335 3540 5390 de
3565 5347 3774 5406 pecca-

2121 5440 2386 5497 toribus:
2440 5438 2538 5493 Vos
2586 5440 2767 5491 autem
2796 5442 2856 5489 ut
2900 5433 3145 5490 homines
3174 5424 3509 5491 moriemini,
3568 5430 3619 5479 et
3647 5425 3774 5478 tan-

2120 5546 2296 5605 quam
2343 5544 2487 5584 unus
2533 5526 2597 5583 de
2639 5522 2983 5598 principibus
3028 5520 3234 5578 cadetis
3280 5512 3439 5605 (ibid.
3497 5513 3575 5585 7).
3628 5514 3773 5605 Cum

2120 5600 2300 5694 igitur
2325 5616 2539 5674 Paulus
2571 5613 2833 5687 loquitur
2880 5614 2937 5666 et
2970 5610 3191 5673 Petrus,
3225 5601 3325 5675 qui
3355 5617 3472 5658 non
3503 5600 3773 5658 moriun-

2189 5764 2212 5797 ¹
2243 5762 2368 5819 Duo
2399 5777 2570 5827 mss.,
2598 5759 2904 5830 contestans
2932 5767 3020 5809 eos
3048 5750 3113 5808 de
3142 5762 3311 5820 regno
3344 5747 3461 5805 Dei.
