4304 6592
516 423 642 495 ΜΗ

1771 427 1836 490 S.
1883 425 2199 494 EUSEBII
2245 426 2689 500 HIERONYMI

3824 420 3951 500 34.8.

518 561 614 620 tur
643 561 708 613 ut
737 555 1008 616 homines
1040 577 1229 634 neque
1260 566 1326 618 ut
1356 579 1511 620 unus
1542 563 1611 619 de
1644 563 2010 636 princiqibus
2042 581 2170 619 cor-
2202 562 2258 628 Α
2287 561 2345 616 in
2389 561 2532 617 facie
2589 562 2782 634 (Exod.
2833 579 3022 631 xxxrv,
3077 559 3188 631 33).
3246 559 3394 615 Ante
3455 572 3651 614 arcam
3710 571 3944 630 quoque

519 651 720 717 ruunt,
756 647 894 704 deos
926 665 1024 704 eos
1055 666 1202 718 esse,
1237 652 1614 708 manifestum
1663 658 1769 708 est.
1816 653 1922 718 Qui
1972 657 2165 708 autem

520 733 602 789 dii
633 740 791 806 sunt,
825 738 1064 794 tradunt
1096 740 1192 794 Dei
1243 742 1638 813 Evangelium,
1681 746 1877 796 etnon
1911 741 2169 796 hominis

524 825 776 881 Marcion
825 831 882 881 et
912 827 1194 885 Basilides
1237 835 1294 885 et
1338 837 1551 886 caetera:
1600 831 1994 886 haeriticorum
2037 848 2169 902 pes-

518 917 632 982 tes,
659 932 775 970 non
807 915 1024 972 habent
1055 919 1148 973 Dei
1189 919 1563 993 Evangelium
1595 939 1606 987 ;
1640 922 1777 992 quia
1809 938 1922 976 non
1955 921 2170 976 habent

520 1003 805 1075 Spiritum
837 1011 1129 1075 sanctum,
1162 1009 1288 1064 sine
1317 1027 1432 1081 quo
1464 1011 1788 1065 humanum
1821 1012 1883 1064 ﬁt
1913 1011 2167 1081 Evange-

519 1090 688 1164 lium,
724 1096 880 1165 quod
911 1096 1166 1151 docetur.
1203 1098 1316 1152 Nec
1364 1103 1637 1169 putemus
1667 1100 1726 1153 in
1777 1101 1969 1156 verbis
2014 1099 2165 1154 Scri-

521 1185 831 1253 pturarum
885 1201 1013 1240 esse
1064 1186 1462 1258 Evangelium,
1513 1190 1611 1243 scd
1665 1190 1721 1243 in
1773 1206 1989 1244 sensu:
2055 1207 2168 1243 non

525 1270 586 1340 in
618 1273 942 1344 superﬁcie,
976 1275 1076 1329 sed
1110 1275 1166 1329 in
1218 1276 1514 1344 medulla;
1569 1295 1684 1333 non
1738 1279 1796 1333 in
1829 1295 2168 1334 sermonum

523 1359 699 1429 foliis,
732 1361 832 1418 sed
866 1361 922 1416 in
957 1363 1149 1419 radice
1200 1365 1464 1421 rationis.
1517 1367 1742 1422 Dicitur
1780 1369 1838 1422 in
1889 1368 2172 1439 propheta

523 1449 592 1504 de
619 1450 760 1506 Deo:
796 1452 1078 1509 Ser-mones
1126 1457 1248 1525 ejus
1299 1456 1426 1510 boni
1471 1465 1601 1511 sunt
1631 1474 1751 1511 cum
1803 1474 1862 1512 eo
1896 1459 2070 1524 (Mich.
2105 1473 2168 1522 Il,

517 1539 593 1607 7).
641 1539 804 1594 Tunc
860 1541 1161 1613 Scriptura
1216 1543 1377 1600 utilis
1433 1549 1522 1599 est
1577 1545 1974 1611 audientibus,
2035 1563 2169 1601 cum

517 1625 739 1698 absque
769 1627 999 1685 Christo
1018 1647 1133 1685 non
1157 1633 1172 1664 ¹
1207 1631 1440 1699 dicitur,
1469 1649 1603 1688 cum
1621 1634 1841 1705 absque
1872 1640 2034 1705 patre
2054 1651 2170 1690 non

518 1717 830 1787 profertur,
861 1735 994 1773 cum
1028 1719 1154 1775 sine
1187 1721 1408 1793 Spiritu
1458 1739 1572 1777 non
1631 1739 1758 1779 eam
1807 1724 2026 1779 insinat
2073 1725 2171 1781 ille

521 1803 622 1876 qui
653 1806 948 1878 praedicat.
984 1807 1257 1881 Alioquin
1290 1815 1346 1866 et
1374 1812 1640 1870 diabolus
1671 1812 1771 1884 qui
1800 1813 2061 1886 loquitur
2099 1816 2170 1871 de

523 1894 862 1967 Scripturis,
891 1900 948 1952 et
968 1913 1172 1954 omnes
1194 1899 1442 1956 haereses
1469 1903 1791 1958 secundum
1815 1903 2168 1960 Ezechielem
2203 1941 2244 2006 Β

523 1981 654 2006 Σ-Δ-
690 1984 796 2006 ,ξιξ
838 1991 1116 2006 --ηΑηηηι
1160 2005 1165 2006 ,
1284 1989 1295 2000 ο
1379 1991 1410 2006 ι·
1884 1998 1891 2006 .
1998 1995 2010 2006 1

521 1981 658 2038 inde
687 1984 798 2040 sibi
832 1991 1124 2043 consuunt
1148 1989 1470 2058 cervicalia,
1522 2009 1648 2064 quis
1682 1998 1902 2064 ponant
1923 1995 2034 2049 sub
2066 2011 2164 2049 cu-

523 2071 644 2127 bito
678 2074 963 2131 universae
992 2077 1178 2133 aetatis
1209 2080 1431 2150 (Ezech.
1465 2099 1589 2153 xm,
1624 2083 1732 2152 l8).
1787 2083 1902 2153 Ego
1936 2101 2167 2154 quoque

520 2160 645 2232 ipse
694 2162 794 2234 qui
842 2163 1068 2236 loquor,
1121 2167 1168 2221 si
1215 2167 1509 2224 Christum
1560 2172 1617 2225 in
1671 2189 1760 2227 me
1808 2171 2014 2239 habeo,
2050 2189 2164 2228 non

519 2248 704 2306 habeo
764 2252 1142 2325 Evangelium
1197 2257 1489 2326 hominis;
1549 2259 1597 2314 si
1658 2266 1852 2315 autem
1901 2267 2168 2332 peccator

525 2355 680 2406 sum,
729 2340 940 2397 dicitur
1024 2344 1202 2401 mihi:
1254 2350 1538 2403 Peccalori
1573 2349 1717 2404 dixit
1764 2352 1937 2406 Deus:
1989 2353 2167 2419 Quare

522 2436 582 2488 tu
599 2445 834 2487 enarras
865 2434 1112 2505 justitias
1158 2452 1335 2490 meas:
1363 2445 1420 2491 et
1463 2443 1699 2494 assumis
1739 2442 1794 2494 in
1846 2441 2007 2496 labiis
2054 2440 2166 2493 tuis

522 2519 914 2576 Testamentum
968 2528 1192 2579 meum?
1238 2527 1310 2581 Tu
1363 2531 1546 2582 autem
1593 2528 1755 2583 odisti
1791 2528 2164 2599 disciplinam,

517 2611 568 2664 et
595 2610 873 2681 projecisli
922 2613 1086 2669 verba
1137 2631 1261 2670 mea
1285 2621 1407 2688 post
1453 2621 1503 2672 te
1530 2619 1680 2672 Psal.
1719 2636 1866 2684 κως,
1920 2620 2005 2683 16,
2056 2620 2164 2686 17),

518 2701 576 2753 et
604 2702 809 2754 caetera
859 2717 988 2772 quas
1036 2709 1383 2775 sequuntur.
1415 2707 1644 2761 Grande
1701 2707 2025 2778 periculum
2080 2712 2168 2763 est

516 2785 575 2842 in
609 2787 864 2845 Ecclesia
884 2789 1065 2862 loqui,
1091 2809 1163 2847 ne
1193 2795 1338 2850 forte
1365 2795 1844 2868 interpretatione
1872 2814 2162 2869 perversa,

518 2874 590 2932 de
620 2877 928 2950 Evangelio
967 2881 1200 2949 Christi,
1261 2883 1517 2940 hominis
1567 2886 1714 2940 887
1769 2886 1870 2941 ﬁat
1910 2887 2165 2958 Evange-

517 2964 687 3035 lium,
728 2972 831 3022 aut
878 2971 1031 3040 quod
1074 2971 1241 3041 pejus
1284 2977 1392 3037 est,
1423 2973 1659 3029 diaboli.
1703 2975 1859 3029 Inter
1905 2974 2167 3046 accipere

519 3057 736 3121 autem,
788 3059 844 3110 et
874 3056 1117 3124 discere,
1162 3059 1270 3114 hoc
1302 3061 1563 3128 interest,
1597 3063 1751 3133 quod
1806 3063 1900 3117 ille
1958 3063 2168 3135 accipit

519 3142 896 3215 Evangelium
929 3146 1021 3200 cui
1069 3148 1326 3219 primum
1373 3150 1726 3219 insinuatur,
1781 3157 1837 3207 et
1886 3152 1957 3206 ad
1990 3153 2163 3208 ﬁdem

517 3231 647 3301 ejus
679 3232 1010 3303 adducitur,
1065 3241 1127 3290 ut
1168 3239 1364 3294 credat
1392 3243 1584 3295 vestra
1614 3256 1742 3296 esse
1788 3258 1913 3310 qua
1947 3241 2165 3313 scripta

515 3325 676 3376 sunt.
712 3321 890 3378 Discit
921 3329 1117 3382 autem
1167 3327 1237 3396 is,
1273 3329 1374 3399 qui
1421 3346 1488 3384 ea
1519 3347 1645 3400 quae
1678 3330 1735 3385 in
1765 3329 1861 3386 illo
1902 3348 2005 3402 per
2033 3330 2164 3386 aani-
2195 3314 2240 3382 C

514 3413 715 3480 gmata
738 3415 794 3466 et
825 3414 1132 3484 parabolas
1162 3417 1414 3489 ﬁgurata
1445 3424 1600 3486 sunt,
1630 3419 1936 3491 explanata
1967 3425 2022 3475 et
2047 3421 2164 3476 dis-

517 3502 672 3556 serta
716 3504 1052 3571 cognoscit:
1105 3510 1161 3560 et
1207 3509 1567 3579 cognoscit”,
1619 3526 1732 3564 non
1792 3509 2026 3565 homine
2075 3527 2164 3566 re-

515 3588 762 3658 velante,
795 3592 896 3648 sed
946 3593 1196 3664 Christo,
1241 3597 1342 3668 qui
1390 3598 1661 3654 revelavit
1707 3598 1903 3665 Paulo,
1935 3603 2036 3655 aut
2065 3616 2167 3671 per

520 3676 768 3744 Paulum
791 3681 832 3750 3,
865 3681 922 3735 in
956 3699 1074 3753 quo
1120 3682 1379 3755 loquitur
1408 3687 1698 3742 Christus.
1724 3687 1978 3744 Verbum
2027 3704 2166 3758 quo-

519 3781 630 3837 que
661 3768 858 3838 ipsum
892 3766 1312 3843 ἀποκαλύψεως,
1369 3774 1426 3829 id
1457 3780 1564 3845 est;
1613 3777 1980 3844 reuelationis,
2033 3793 2164 3848 pro-

512 3854 639 3926 prie
668 3855 1105 3928 Scripturarum
1151 3864 1258 3928 est,
1311 3865 1369 3917 et
1407 3879 1439 3917 a
1483 3862 1644 3919 nullo
1694 3865 2025 3936 sapientum
2057 3881 2166 3919 sa:-

515 3941 630 3999 culi
665 3946 818 4016 apud
851 3947 1078 4005 Graecos
1112 3955 1484 4023 usurpatum.
1521 3951 1682 4008 Unde
1723 3953 1868 4009 mihi
1899 3953 2168 4009 videntur

515 4035 1014 4104 quemadmodum
1047 4038 1107 4094 in
1139 4039 1270 4096 aliis
1300 4042 1510 4111 verbis,
1545 4059 1671 4116 quae
1716 4043 1787 4099 de
1836 4043 2073 4100 Hebrazo
2105 4042 2167 4098 in

517 4121 783 4180 Graecum
818 4125 1204 4201 Septuaginta
1233 4131 1583 4204 interpretes
1615 4133 2061 4201 transtulerunt,
2087 4135 2169 4188 ita

525 4215 582 4266 et
614 4211 672 4268 in
702 4213 810 4270 hoc
842 4232 1194 4291 magnopere
1217 4235 1344 4276 esse
1375 4227 1632 4290 conatos,
1669 4228 1732 4276 ut
1755 4223 2166 4294 proprietatem

525 4303 814 4375 peregrini
847 4308 1137 4364 sermonis
1167 4310 1576 4382 exprimerent,
1611 4327 1756 4366 nova
1799 4311 1959 4365 novis
1993 4311 2168 4365 rebus

524 4391 700 4446 verba
729 4393 1015 4466 ﬁngentes
1039 4413 1052 4452 :
1079 4402 1135 4451 et
1166 4415 1533 4469 sonarc,cum
1567 4399 1707 4470 quid
1738 4403 1958 4454 tectum
1990 4403 2045 4454 et
2073 4415 2168 4454 ve-

526 4477 733 4548 latum,
795 4483 987 4539 ablato
1035 4487 1288 4558 desuper
1317 4488 1697 4560 operimento,
1738 4489 2067 4545 ostenditur
2115 4494 2171 4545 et

527 4568 819 4638 profertur
847 4571 906 4627 in
937 4573 1148 4631 lucem.
1184 4575 1300 4632 Hoc
1350 4582 1414 4632 ut
1459 4579 1827 4635 manifestius
1861 4580 1980 4645 ﬁat,
2015 4579 2170 4635 acci-

2277 653 2637 708 Testamenti
2695 652 2887 707 velum
2952 665 3283 723 oppansum
3344 650 3469 703 erat
3529 645 3724 718 (Exod.
3783 664 3939 716 xxvx,

2279 742 2368 810 31,
2403 745 2528 811 32);
2566 743 2719 814 quod
2753 759 2886 796 cum
2919 741 3128 796 fuisset
3169 737 3499 807 reductum,
3551 752 3620 792 ea
3648 754 3777 810 qua
3808 741 3944 794 ante

2277 831 2620 886 abscondita
2647 831 2901 898 fuerant,
2941 829 3360 901 prodebantur,
3395 831 3474 897 et,
3510 830 3572 881 ut
3602 827 3729 898 ipso
3761 828 3939 884 verbo

2277 925 2432 986 utar,
2464 922 2870 976 revelabanlur.
2909 917 2969 972 Si
3000 918 3198 989 itaque
3229 915 3290 970 hi
3325 917 3421 987 qui
3458 915 3711 972 disertos
3741 915 3946 973 saeculi

2274 1005 2466 1079 legere
2497 1012 2946 1075 consueverunt,
2982 1005 3264 1078 coeperint
3296 1005 3464 1062 nobis
3495 1005 3564 1060 de
3595 1006 3852 1062 novitate
3884 1010 3946 1064 et

2275 1098 2495 1154 vilitate
2527 1098 2814 1154 sermonis
2855 1095 3121 1162 illudere,
3178 1095 3486 1151 mittamus
3529 1111 3628 1150 eos
3661 1095 3732 1150 ad
3779 1094 3941 1168 Cice-

2277 1189 2435 1245 ronis
2464 1187 2665 1258 libros,
2701 1188 2800 1260 qui
2824 1188 2895 1242 de
2927 1185 3355 1258 quaestionibus
3376 1183 3759 1256 philosophia:
3793 1201 3940 1256 prae-

2279 1282 2583 1334 notantur:
2615 1282 2671 1332 et
2697 1278 2953 1343 videant,
3005 1279 3224 1345 quanta
3271 1274 3349 1329 ibi
3399 1273 3747 1330 necessitate
3778 1290 3942 1330 com-

2279 1368 2486 1440 pulsus
2519 1368 2616 1434 sit,
2670 1370 2835 1422 tanta
2863 1366 3173 1421 verborum
3207 1371 3476 1437 portenta
3501 1363 3778 1435 proferre,
3812 1381 3942 1435 quas

2280 1473 2586 1528 nunquam
2639 1456 2831 1512 Latini
2889 1455 3149 1510 hominis
3202 1454 3362 1510 auris
3411 1452 3672 1508 audivit:
3715 1457 3772 1506 et
3829 1453 3938 1510 hoc

2279 1563 2415 1602 cum
2445 1547 2516 1602 de
2545 1547 2761 1612 Grazco,
2805 1562 2930 1617 quae
2964 1544 3167 1616 lingua
3198 1543 3392 1599 vicina
3438 1547 3548 1612 est,
3597 1542 3945 1598 transterret

2278 1635 2338 1691 in
2393 1639 2675 1691 nostram.
2727 1634 2834 1698 Qui
2887 1633 3194 1705 patiuntur
3251 1631 3356 1703 illi,
3409 1631 3509 1703 qui
3558 1631 3628 1688 de
3685 1631 3942 1688 Hebraeis

2280 1723 2724 1780 difﬁcultatibus
2788 1722 3174 1795 proprietates
3225 1720 3548 1794 exprimere
3605 1719 3942 1777 conantur?

2279 1819 2336 1868 et
2366 1819 2560 1869 tamen
2609 1813 2792 1868 multo
2825 1812 3101 1884 pauciora
3140 1816 3280 1869 sunt
3327 1811 3386 1866 in
3419 1809 3598 1866 tantis
3628 1809 3942 1865 volumini-

2279 1904 2390 1959 bus
2420 1903 2855 1975 Scripturarum
2888 1920 3016 1973 qua:
3049 1901 3367 1958 novitatem
3398 1903 3628 1967 sonent,
3661 1915 3838 1972 quam
3871 1915 3942 1964 ea

2277 2009 2406 2064 qua:
2438 1992 2534 2048 ille
2567 1994 2624 2047 in
2660 2008 2834 2064 parvo
2865 2007 3037 2062 opere
3099 1988 3415 2062 congessit.
3467 1992 3667 2046 Potest
3717 1992 3936 2056 autem,

2277 2082 2429 2140 388
2479 2082 2632 2138 sicut
2663 2081 2721 2135 in
2771 2078 3057 2152 principio
3109 2079 3385 2146 diximus,
3448 2095 3583 2133 cum
3624 2092 3937 2150 exponere-

2277 2188 2449 2229 mus:
2501 2171 2708 2226 Paulus
2756 2170 3030 2240 apostolus
3079 2185 3190 2223 non
3237 2168 3310 2223 ab
3366 2165 3704 2235 hominibus,
3763 2181 3938 2237 neque

2271 2278 2371 2334 per
2419 2261 2735 2316 hominem:
2767 2258 2848 2314 ita
2888 2262 2944 2314 et
2992 2257 3050 2311 in
3093 2256 3364 2328 praesenti
3408 2256 3532 2312 loco
3580 2255 3814 2326 oblique
3872 2254 3932 2310 in

2279 2351 2513 2408 Petrum
2578 2349 2784 2420 accipi,
2836 2352 2891 2402 et
2935 2347 2994 2401 in
3045 2350 3284 2404 caeteros
3327 2360 3711 2418 praeessores
3759 2347 3930 2415 ejus:

2277 2440 2432 2513 quod
2484 2437 2702 2493 nullius
2752 2454 2866 2508 quo
2920 2437 3067 2508 Lege
3113 2440 3168 2490 et
3227 2433 3570 2491 auctoritate
3605 2438 3933 2502 moveatur,

2278 2529 2379 2602 qui
2420 2527 2718 2583 Christum
2770 2524 2962 2581 solum
3012 2523 3307 2596 Evangelii
3361 2523 3575 2580 habeat
3621 2527 3937 2595 praecepto-

2278 2635 2400 2674 rem
2423 2620 2463 2672 ‘.
2497 2621 2696 2685 Porro,
2749 2612 3163 2670 revelationem
3223 2611 3385 2668 illam
3441 2611 3754 2684 signiﬁcat,
3800 2627 3936 2668 cum

2276 2708 2627 2764 Damascum
2661 2705 2898 2771 vadens,
2934 2703 2993 2758 in
3026 2703 3229 2760 itinere
3251 2701 3468 2758 Christi
3490 2717 3689 2757 vocem
3721 2701 3939 2757 meruit

2277 2797 2498 2863 audire,
2559 2801 2615 2850 et
2670 2793 2897 2848 caacatis
2956 2791 3164 2860 oculis,
3209 2807 3411 2847 verum
3473 2790 3680 2847 mundi
3731 2789 3931 2848 lumen

2276 2884 2528 2940 intuitus
2559 2892 2667 2939 est.

2348 2974 2528 3044 (Vere.
2575 2973 2658 3042 13,
2705 2973 2810 3043 11.)
2852 2994 2880 3020 ‹‹
2935 2970 3190 3026 Audistis
3230 2969 3388 3026 enim
3431 2967 3934 3026 conversationem

2276 3078 2467 3118 meam
2501 3060 2815 3132 aliquando
2849 3061 2908 3115 in
2938 3060 3243 3115 Judaismo
3266 3077 3278 3114 :
3305 3058 3583 3132 quoniam
3605 3074 3788 3130 supra
3818 3073 3937 3113 mo-

2275 3152 2415 3208 dum
2449 3151 2840 3223 persequebar
2871 3149 3189 3205 Ecclesiam
3238 3149 3376 3205 Dei:
3423 3151 3479 3205 et
3525 3146 3933 3222 expugnabam

2275 3240 2475 3296 illam:
2518 3245 2574 3294 ct
2604 3239 2981 3311 proﬁciebam
3032 3239 3093 3294 in
3141 3238 3447 3294 Judaismo
3498 3254 3679 3310 supra
3711 3235 3934 3308 multos

2276 3331 2637 3386 comtaneos5
2695 3330 2754 3384 in
2804 3344 3014 3401 genere
3064 3344 3192 3385 meo
3245 3327 3647 3385 abundantius
3696 3325 3934 3384 aemula-

2277 3423 2368 3475 tor
2397 3419 2650 3474 cxistens
2700 3422 3078 3490 paternarum
3137 3432 3402 3473 mearum
3452 3415 3857 3474 traditionum.
3907 3437 3930 3466 ι

2276 3508 2601 3566 Plurimum
2636 3509 2874 3580 prodest
2922 3506 3142 3564 Galalis
3183 3507 3299 3563 ista
3329 3509 3604 3576 narratio,
3639 3505 3934 3578 quomodo

2277 3598 2513 3664 Paulus,
2568 3602 2826 3653 vastator
2883 3597 3144 3668 quodam
3208 3595 3474 3653 Ecclesiae
3532 3601 3591 3652 et
3644 3594 3933 3666 Judaismi

2275 3686 2594 3742 acerrimus
2663 3686 3019 3752 defensator,
3077 3687 3148 3741 ad
3193 3685 3409 3741 Christi
3466 3684 3641 3741 ﬁdem
3700 3687 3937 3756 repente

2277 3791 2590 3832 conversus
2630 3773 2727 3828 sit.
2774 3773 2839 3829 Et
2880 3774 2989 3829 hoc
3037 3791 3103 3831 eo
3168 3779 3430 3846 tempore
3459 3790 3572 3846 quo
3620 3773 3934 3828 cruciﬁxus

2277 3865 2534 3938 primum
2591 3862 3052 3920 annuntiabatur
3108 3863 3168 3919 in
3231 3864 3488 3932 mundo;
3548 3879 3663 3935 quo
3714 3877 3932 3920 novum

2277 3955 2491 4025 dogma
2513 3955 2570 4009 et
2594 3970 2627 4008 a
2658 3951 2931 4024 gentibus
2960 3957 3016 4008 et
3046 3969 3080 4008 a
3106 3952 3330 4009 Judaeis
3361 3951 3574 4008 tertius
3604 3951 3763 4008 orbis
3793 3951 3936 4008 ﬁni-

2277 4043 2389 4120 bus
2415 4040 2761 4114 pellebatur.
2796 4040 2994 4097 Dicere
3025 4041 3183 4097 enim
3215 4045 3521 4114 poterant:
3553 4043 3610 4096 Si
3641 4039 3739 4097 ille
3769 4041 3869 4113 qui
3902 4057 3936 4098 a

2278 4149 2454 4206 parva
2475 4135 2642 4187 aetate
2668 4130 3098 4186 Pharisaeorum
3135 4131 3441 4187 institutus
3467 4134 3554 4188 est
3583 4129 3933 4202 disciplinis,

2279 4222 2379 4294 qui
2425 4237 2629 4277 omnes
2661 4225 2984 4276 coaetaneos
3035 4238 3174 4277 suos
3226 4220 3285 4275 in
3342 4221 3590 4278 Judaica
3621 4219 3936 4278 traditione

2279 4310 2614 4384 superabat,
2651 4327 2808 4365 nunc
2858 4309 3117 4366 defendit
3167 4309 3506 4381 Ecclesiam,
3541 4326 3718 4382 quam
3751 4327 3934 4381 quon-

2280 4402 2414 4457 dam
2444 4399 2806 4456 validissime
2843 4400 3348 4472 persequebatur;
3396 4405 3454 4457 et
3500 4398 3689 4472 magis
3721 4396 3937 4466 Christi

2279 4491 2527 4564 gratiam
2562 4494 2617 4544 et
2647 4489 2964 4544 novitatem
2995 4489 3119 4545 vult
3149 4489 3364 4546 habere
3395 4506 3527 4546 cum
3561 4487 3778 4544 invidia
3818 4502 3940 4542 om-

2280 4580 2467 4646 nium,
2484 4596 2660 4652 quam
2681 4583 3029 4635 vetustatem
3057 4577 3201 4651 legis
3225 4596 3355 4636 cum
3379 4578 3551 4636 laude
3581 4575 3934 4634 multorum:

527 4655 644 4760 pits
669 4660 1019 4760 (inemptum.
1055 4665 1282 4760 Moyses
1313 4683 1448 4723 cum
1470 4667 1584 4724 Deo
1611 4668 1862 4726 revelata
1889 4673 1946 4724 et
1971 4673 2173 4742 aperta
2204 4681 2250 4760 ﬁ
2282 4669 2422 4752 quid
2482 4686 2589 4726 nos
2649 4669 2835 4724 facere
2866 4672 3113 4739 oportet,
3162 4669 3262 4741 qui
3311 4687 3380 4725 ex
3427 4666 3756 4740 gentilitate
3808 4681 3937 4736 esse

527 4744 674 4800 facie
713 4745 1061 4820 loquebatur
1089 4754 1282 4824 (Exod.
1317 4773 1513 4825 xxxm,
1569 4759 1676 4828 11),
1712 4758 1767 4813 id
1801 4763 1906 4826 est,
1953 4760 2175 4830 absque

526 4833 840 4894 velamine:
866 4841 938 4895 ad
969 4842 1250 4914 populum
1283 4849 1477 4901 autem
1510 4846 1778 4920 loquens,
1798 4849 1936 4920 quia
1966 4849 2024 4903 in
2054 4849 2179 4916 vul-

527 4929 654 4996 tum
687 4928 814 4998 ejus
845 4931 1145 4988 attendere
1169 4949 1282 4989 non
1313 4935 1600 5003 valebant,
1634 4937 1896 4993 velamen
1931 4939 2182 5009 ponebat

611 5055 1075 5130 1Reponendum
1146 5058 1394 5115 fortasse
1450 5061 1546 5130 sit,
1579 5061 1830 5118 discitur.
1863 5066 1991 5118 Mox
2023 5081 2177 5122 unus

521 5125 918 5206 gistercjens.,
947 5131 1499 5206 uouAprophelatur,
1533 5125 1657 5204 'pro
1710 5151 1818 5191 non
1865 5139 2173 5206 profertur.

625 5199 797 5286 paulo
830 5205 982 5273 post,
1008 5199 1254 5273 alioquin
1287 5206 1336 5258 et
1366 5199 1614 5260 diabolus
1665 5199 1907 5278 loquitur
1936 5199 1999 5263 de
2031 5211 2176 5266 Scri-

517 5278 933 5424 pu’tzzisl’tgit'hom,
967 5349 1017 5400 et
1053 5348 1341 5417 cognoscit,
1375 5347 1490 5402 duo
1522 5364 1551 5404 e
1584 5350 1800 5406 nostris
1833 5366 1976 5405 mss.
2011 5353 2176 5424 igno-

521 5421 846 5561 fagti’erba,
897 5494 994 5545 aut
1053 5506 1150 5561 per
1197 5491 1455 5545 Paulum.
1512 5491 1749 5547 Cisterc.
1803 5509 1912 5548 ms.
1968 5495 2172 5550 nescit.

519 5558 807 5646 Caeterum
859 5561 1012 5646 quod
1053 5558 1140 5617 ait
1181 5567 1236 5616 S.
1286 5565 1456 5618 Pater
1502 5564 1724 5646 verbum
1775 5561 2172 5638 ἀποκαλύψεως

513 5635 742 5708 proprie
769 5635 1190 5708 scripturarum
1219 5650 1352 5704 csse,
1386 5643 1435 5690 el
1469 5652 1502 5690 a
1532 5653 1606 5689 nu
1618 5635 1692 5708 llo
1720 5635 2174 5708 sapientum’sw-

520 5702 632 5756 culi
658 5702 810 5782 apud.
853 5703 1062 5782 Grmcos
1093 5702 1437 5782 usurpatum,
1479 5707 1732 5782 perbelle
1765 5702 1838 5764 iis
1869 5716 2171 5782 consonat,

519 5789 647 5850 quae
679 5772 848 5832 nobis
878 5780 1077 5834 notata
1106 5772 1248 5835 sunt
1274 5772 1348 5836 ad
1400 5772 1656 5853 Catalogi
1688 5797 1812 5854 cap.
1861 5782 1917 5853 9,
1952 5781 2052 5838 ubi
2103 5772 2175 5840 de

2289 4759 2575 4833 coepimus
2604 4757 2959 4814 Christiani?
3004 4756 3248 4816 Pulchre
3294 4775 3427 4816 vero
3467 4757 3772 4832 adjunxit:
3830 4758 3936 4814 Su-

2286 4867 2391 4922 pra
2428 4849 2582 4905 modo
2628 4847 2989 4919 persequebar
3038 4848 3335 4905 Ecclesium
3393 4851 3510 4918 Dei,
3567 4853 3632 4904 ut
3687 4852 3746 4904 et
3800 4846 3940 4904 hinc

2290 4955 2525 5014 quoque
2543 4937 2852 4995 admiratio
2885 4943 3244 5007 nasceretur,
3277 4940 3435 5012 quod
3467 4955 3581 4996 non
3612 4936 3938 5010 unusquis-

2286 5066 2511 5122 Joanne
2540 5063 2719 5120 tradit
2747 5063 3128 5136 Hieronymus
3157 5079 3290 5120 eum
3314 5066 3374 5119 in
3404 5062 3665 5119 Pathmos
3695 5063 3940 5119 insulam

2289 5139 2593 5209 relegatum
2638 5137 2924 5210 scripsisse
2985 5137 3368 5210 Apocalypsin,
3427 5136 3940 5210 quamuinterpre-

2286 5206 2435 5266 tatur
2479 5210 2734 5282 Justinus
2777 5206 3130 5282 Martyhct
3183 5206 3448 5282 Irenaeus.‘
3497 5206 3747 5282 Scilicet,
3807 5223 3937 5282 eam

2284 5283 2528 5339 Joannis
2557 5277 2988 5354 revelationem,
3020 5280 3138 5336 sive
3186 5278 3562 5354 scriptionem
3604 5280 3686 5336 ita
3714 5277 3939 5354 laudati

2286 5356 2485 5437 Patres
2508 5354 2605 5437 _de
2634 5353 2871 5437 nomine
2916 5354 3286 5426 Apocalypsin
3305 5350 3704 5426 appellarunt.
3730 5350 3938 5423 Recole

2284 5444 2413 5499 quae
2442 5428 2522 5482 ibi
2553 5431 2927 5480 annotamus.

2353 5496 2808 5580 fl‘l'nus‘Palat"
2843 5497 3046 5554 habeat
3082 5511 3491 5580 praecessor-em.
3589 5568 3602 5580 .
3658 5569 3671 5580 Ι

2356 5567 2745 5643 5_Voculam,_
2770 5583 2936 5636 meos,
2997 5585 3174 5640 quam
3225 5569 3320 5627 hic
3365 5574 3539 5643 atque
3573 5568 3743 5643 intra
3798 5567 3942 5640 editi

2284 5640 2420 5696 libri
2452 5639 2892 5706 interserebant,
2927 5639 3070 5695 mss.
3105 5639 3819 5699 nostrorum—auctoritate
3851 5657 3942 5697 ex-

2281 5712 2624 5788 punximus,
2658 5713 2811 5784 quod
2839 5715 2897 5769 et
2935 5728 2970 5768 a
3007 5711 3202 5771 Graeco
3234 5713 3551 5788 exemplari
3583 5711 3756 5769 absit.
