4304 6594
300 445 422 509 319

998 440 1515 507 COMMENTAB.
1560 441 1642 505 IN
1683 441 1936 539 EPIST.
1981 442 2088 506 AD
2130 442 2417 507 GALAT.
2458 444 2609 507 LIB.
2653 442 2705 520 Ι,
2747 444 2924 507 CAP.
2968 444 3019 508 I.

3595 443 3734 510 380'

304 577 665 655 quedehisl
702 576 803 652 qui
831 576 1034 636 leviter
1069 578 1572 651 persequebantur
1592 577 1949 635 Ecclesium:
1981 579 2037 646 Α
2066 578 2281 649 (Jerem.
2316 595 2354 645 ι,
2386 579 2463 650 5).
2496 581 2563 633 Et
2592 595 2661 635 ex
2681 578 2853 650 justi,
2904 579 3044 648 sive,
3097 582 3166 635 ut
3206 578 3448 651 quidam
3477 584 3711 653 putant,

304 671 408 728 sed
440 668 540 727 ille
568 668 667 742 qui
697 672 935 725 ceteros
963 667 1023 723 in
1063 668 1468 741 persecutione
1495 668 1783 738 vincebat,
1816 684 1953 724 con-

303 776 513 817 versus
538 759 612 815 ad
638 759 814 815 ﬁdem
844 757 942 814 sit.
974 759 1044 813 Et
1091 758 1410 831 prudenter
1451 759 1591 814 dum
1623 756 1781 814 aliud
1815 775 1956 815 nar-

303 854 413 917 rat,
446 847 744 905 interserit
772 844 889 905 non
920 852 1045 903 tam
1078 848 1175 903 Dei
1208 864 1271 903 se
1301 848 1551 903 servisse
1583 848 1741 919 Legi,
1775 863 1954 919 quam

301 939 579 1013 paternis,
611 939 671 995 id
712 943 822 1005 est,
883 938 1312 995 Pharisaeorum
1370 937 1820 993 traditionibus:
1856 937 1954 1009 qui

300 1031 509 1087 docent
538 1029 836 1086 doctrinas
861 1036 918 1086 et
958 1028 1236 1085 mandata
1278 1026 1585 1082 hominum
1618 1028 1829 1097 (Matth.
1860 1045 1951 1097 xv,

297 1121 367 1189 7;
399 1120 563 1175 Marc.
593 1136 700 1185 vn,
758 1120 838 1189 9),
900 1121 957 1174 et
1009 1116 1285 1187 rejiciunt
1339 1115 1527 1186 legem
1586 1114 1707 1182 Dei,
1750 1120 1815 1170 ut
1841 1119 1957 1172 sta-

302 1212 473 1267 tuant
500 1208 657 1265 880
684 1207 1031 1265 traditiones
1071 1222 1231 1261 suas.
1265 1204 1449 1269 Quam
1481 1203 1729 1276 pulchra
1759 1209 1955 1261 autem

290 1298 631 1355 observatio
690 1296 1041 1370 pondusque
1094 1295 1439 1351 verborum:
1471 1294 1711 1365 Auditis,
1739 1294 1953 1366 inquit,

297 1388 771 1445 conversationem
799 1401 978 1441 meum
1016 1383 1319 1455 aliquando
1363 1384 1423 1438 in
1471 1383 1779 1449 Judaismo,
1813 1399 1956 1438 con-

294 1476 716 1543 versationem,
748 1491 865 1531 non
897 1474 1147 1547 gratiam
1175 1490 1187 1529 :
1238 1473 1557 1544 aliquando,
1592 1489 1705 1528 non
1739 1474 1952 1529 modo:

298 1568 364 1623 in
390 1565 697 1633 Judaismo,
756 1581 873 1620 non
902 1564 961 1619 in
1001 1563 1128 1635 lege
1174 1562 1294 1619 Dei.
1348 1564 1619 1631 Quoniam
1645 1578 1814 1635 supra
1841 1579 1955 1619 mo-

298 1655 435 1712 dum
459 1655 831 1728 persequebar
872 1653 1177 1709 Ecclesium
1212 1654 1313 1709 Dei
1333 1669 1355 1715 ,υ
1412 1660 1464 1709 et
1518 1652 1860 1709 devastabam
1893 1654 1959 1709 il-

221 1780 233 1790 .
300 1745 443 1802 lam.
485 1744 611 1800 Non
643 1743 1108 1817 persequebatur
1136 1745 1204 1798 ut
1232 1741 1445 1814 caeteri,
1494 1743 1597 1799 sed
1623 1760 1804 1816 supra
1831 1756 1955 1799 mo-

276 1835 465 1892 dum.
498 1834 616 1890 Nec
667 1831 1001 1889 sufﬁciebat
1055 1831 1325 1903 quamvis
1388 1831 1705 1888 vehemens
1761 1849 1956 1904 perse-

2064 684 2134 724 ex
2164 666 2483 723 Salvatoris
2514 684 2764 740 persona
2806 668 3059 724 dicitur:
3091 672 3155 726 In
3194 677 3247 726 te
3292 670 3565 742 projectus
3590 689 3714 728 sum

2064 773 2136 814 es:
2163 756 2362 825 vulva,
2394 775 2465 814 ex
2487 762 2642 815 utero
2673 760 2869 814 matris
2919 774 3083 827 meae,
3131 760 3287 816 890
3315 760 3457 816 Deus
3484 776 3638 817 meus
3663 777 3718 818 es

2062 852 2126 903 tu
2156 848 2328 919 (Psal.
2378 864 2496 914 xxx,
2548 849 2657 920 11).
2705 847 2917 905 Contra
2963 849 3034 904 de
3078 848 3488 921 peccatoribus
3540 850 3722 906 David

2065 937 2259 992 canit:
2291 939 2425 993 Ecce
2451 938 2600 993 enim
2627 940 2688 993 in
2727 939 3122 1011 iniquitatibus
3165 943 3459 1011 conceptus
3486 955 3641 1007 sum,
3672 943 3725 997 et

2064 1028 2125 1082 in
2154 1026 2369 1082 delictis
2396 1028 2646 1098 cancepit
2674 1044 2762 1083 me
2791 1032 2970 1083 mater
2996 1044 3120 1084 mea
3158 1029 3331 1100 (Psal.
3366 1046 3417 1101 ι,
3448 1030 3525 1100 7).
3559 1029 3626 1085 Et
3654 1029 3714 1085 in

2066 1114 2178 1170 alio
2204 1114 2365 1172 loco:
2398 1116 2711 1172 Abalienati
2746 1122 2877 1172 sunt
2915 1122 3221 1189 peccatores
3264 1135 3300 1174 a
3340 1119 3505 1175 vulva
3531 1119 3714 1191 (Psal.

2066 1220 2201 1269 LVII,
2230 1205 2307 1275 4),
2343 1205 2409 1261 Et
2438 1204 2497 1259 in
2528 1209 2842 1277 utramque
2869 1210 3095 1277 partem
3138 1210 3456 1279 antequam
3488 1207 3713 1277 parvuli

2067 1298 2484 1349 nascerentur:
2532 1295 2668 1350 Deus
2709 1295 2870 1350 Iacob
2917 1294 3135 1363 dilexit,
3184 1296 3332 1352 Esau
3376 1304 3565 1355 autem
3592 1296 3716 1355 odio

2065 1384 2260 1438 habuit
2288 1383 2537 1454 (Malach.
2573 1402 2612 1453 ι,
2648 1385 2699 1453 1,
2728 1384 2805 1455 2).
2842 1384 3151 1440 Inveniunt
3194 1384 3388 1442 locum
3434 1385 3715 1456 haeretici,

2067 1472 2168 1544 qui
2197 1472 2458 1528 diversas
2487 1476 2731 1529 naturas
2761 1489 2890 1529 esse
2919 1474 3307 1546 prmtendunt,
3347 1473 3714 1546 spiritualem

2064 1560 2334 1617 videlicet
2362 1565 2419 1617 et
2446 1560 2784 1629 animalem,
2815 1568 2872 1619 et
2899 1558 3121 1637 χοῖκὴν,
3172 1567 3230 1619 et
3275 1563 3450 1620 aliam
3482 1563 3718 1633 salvari,

2066 1649 2246 1707 aliam
2292 1650 2504 1723 perire,
2562 1649 2738 1707 aliam
2797 1652 2949 1708 inter
3008 1656 3319 1725 utramque
3376 1654 3721 1723 consistere,

2068 1740 2221 1812 quod
2261 1757 2567 1813 nunquam
2598 1746 2701 1797 aut
2733 1742 2931 1812 justus
2973 1741 3286 1815 eligeretur
3313 1743 3354 1810 ³,
3400 1746 3716 1815 antequam

2068 1828 2289 1902 aliquid
2340 1829 2477 1886 boni
2526 1830 2763 1897 faceret,
2820 1835 2923 1888 aut
2968 1834 3238 1903 peccator
3288 1830 3548 1889 odiretur
3583 1837 3723 1890 ante

292 1924 495 1981 cutio:
529 1922 633 1979 sed
665 1921 836 1994 quasi
879 1921 1136 2019 quidam
1197 1925 1498 1994 grassator
1556 1920 1870 1978 Ecclesium
1900 1926 1958 1979 et
1987 1954 2037 2019 Β
2067 1919 2368 2019 delictum,
2416 1920 2530 1976 nisi
2574 1924 2730 2019 esset
2776 1921 3166 2019 pereuntium
3198 1926 3257 1978 et
3280 1921 3719 2019 salvandorum

302 2013 500 2087 praeda
544 2012 835 2069 vastabat.
879 2011 998 2067 Nec
1052 2010 1156 2083 ait,
1188 2012 1431 2068 Ecclesia
1464 2012 1690 2079 Christi,
1724 2016 1789 2067 ut
1817 2017 1959 2069 tunc
1989 2009 2034 2019 “’
2071 2012 2283 2065 natura
2304 2009 2555 2066 diversa.
2587 2012 2675 2065 Ad
2708 2011 2863 2083 quod
2894 2014 3088 2083 potest
3120 2009 3469 2084 simpliciter
3488 2027 3726 2083 respon-

302 2103 552 2176 putabat
598 2100 712 2173 (Al.
763 2101 1144 2174 putabatur):
1196 2117 1371 2174 quem
1419 2102 1671 2157 ducebat
1700 2106 1960 2159 contem-

305 2191 461 2265 ptui,
493 2206 671 2263 quem
698 2190 1194 2264 persequebatur;
1228 2190 1330 2246 sed
1357 2194 1423 2246 ut
1452 2208 1608 2247 nunc
1632 2191 1836 2257 credit,
1865 2194 1964 2248 Ec-

301 2281 532 2337 clesium
560 2281 697 2337 Dei:
719 2279 808 2335 vel
839 2279 1038 2352 ipsum
1068 2277 1368 2335 Christum
1401 2279 1583 2335 Deum
1617 2297 1745 2337 esse
1775 2280 1958 2353 signi-

302 2370 511 2437 ﬁcans,
543 2368 632 2425 vel
662 2369 931 2441 ejusdem
964 2368 1068 2425 Dei
1101 2383 1230 2425 esse
1260 2368 1599 2438 Ecclesium,
1641 2370 1740 2441 qui
1774 2388 1958 2442 quon-

299 2458 440 2515 dam
479 2458 646 2531 Legi:
697 2458 868 2515 dator
914 2458 1045 2514 fuit.
1108 2459 1185 2513 Et
1234 2458 1618 2530 proﬁciebam,
1655 2458 1864 2531 inquit,
1899 2463 1956 2517 in

297 2547 582 2606 Iudaismo
633 2562 804 2620 supra
856 2548 1057 2604 multo:
1081 2551 1381 2605 coaetaneos
1436 2550 1501 2603 iu
1556 2565 1761 2618 genere
1802 2552 1959 2607 m‘eo:

286 2636 679 2696 abundantius
705 2636 1007 2695 mutator
1031 2639 1269 2695 existens
1312 2646 1678 2709 paternarum
1706 2655 1959 2695 mearum

299 2727 683 2785 "editionum.
715 2727 976 2783 Rursum
1010 2726 1336 2798 profectum
1368 2744 1484 2783 non
1525 2727 1670 2799 legis
1701 2728 1822 2796 Dei,
1854 2729 1957 2784 sed

293 2816 591 2875 Judaismi
618 2820 808 2873 vocat.
841 2817 956 2873 Nec
986 2833 1168 2890 supra
1198 2833 1424 2885 omnes,
1479 2818 1580 2873 sed
1610 2834 1791 2889 supra
1822 2818 1957 2889 plu-

295 2905 503 2975 rimos,
536 2923 641 2963 nec
671 2923 856 2979 supra
901 2921 1094 2977 senes,
1144 2906 1246 2963 sed
1291 2923 1472 2978 supra
1517 2911 1863 2972 coaetaneos,
1894 2912 1960 2963 ut

293 2998 359 3053 et
385 2996 653 3052 studium
701 3012 878 3052 suum
926 2996 1165 3053 referret
1215 2995 1274 3051 in
1332 2996 1477 3070 lege,
1530 3000 1587 3051 et
1608 2997 1957 3067 jactautiam

220 3098 233 3109 ί
294 3083 637 3142 declinaret.
661 3086 942 3142 Paternas
963 3089 1162 3141 autem
1194 3085 1563 3152 traditiones,
1588 3103 1703 3141 non
1725 3086 1958 3143 Domini

298 3174 583 3230 mandata
612 3189 1106 3241 commemorans,
1141 3178 1198 3230 et
1227 3189 1290 3231 se
1322 3174 1678 3231 Pharisaeum
1709 3192 1777 3231 ex
1810 3175 1955 3231 Pha-

294 3262 487 3321 risais
534 3262 837 3330 indicavit,
882 3268 942 3320 et
986 3263 1268 3321 habuisse
1318 3264 1555 3337 quidem
1604 3264 1793 3321 zelum
1830 3266 1954 3337 Dei,

282 3353 397 3409 sed
430 3368 549 3409 non
582 3327 913 3411 secundum
956 3353 1264 3409 scientiam
1310 3327 1485 3424 (ltom.
1540 3372 1598 3420 x,
1648 3354 1725 3425 2).
1759 3327 1957 3427 Usque
1986 3327 2030 3393 θ

290 3441 471 3499 hodie
501 3444 701 3497 autem
732 3440 834 3512 qui
864 3440 1112 3496 Judaico
1152 3457 1329 3498 sensu
1376 3442 1713 3514 Scripturas
1739 3442 1956 3501 intelli-

284 3533 465 3604 θυαε,
499 3531 937 3601 persequuntur
967 3528 1287 3585 Ecclesium
1317 3530 1554 3599 Christi,
1588 3535 1645 3587 et
1673 3532 1957 3606 populan-

294 3623 398 3676 tur
424 3617 615 3684 illam,
648 3635 763 3674 non
796 3618 996 3676 studio
1025 3617 1171 3691 legis
1216 3618 1340 3690 Dei,
1392 3620 1493 3676 sed
1540 3620 1958 3679 traditionibus

291 3707 610 3767 hominum
641 3708 970 3781 depravati.

366 3798 560 3869 (Vere.
597 3798 685 3869 15,
720 3798 835 3866 16.)
870 3817 894 3847 ι
932 3801 1076 3855 Cum
1104 3800 1301 3855 autem
1352 3798 1576 3870 placuit
1622 3800 1673 3855 ei
1722 3799 1824 3873 qui
1864 3817 1958 3861 me

294 3888 629 3962 segregavit
659 3887 733 3945 de
787 3891 953 3944 utero
1010 3886 1218 3944 matris
1269 3904 1430 3955 mese,
1490 3892 1548 3945 et
1601 3891 1826 3947 vocavit
1854 3908 1957 3963 per

294 3977 549 4049 gratiam
578 3993 776 4045 suam,
812 3980 881 4032 ut
909 3976 1190 4033 revelaret
1218 3977 1433 4034 Filium
1462 3994 1639 4035 suum
1663 3978 1723 4035 in
1748 3997 1862 4048 me,
1890 3984 1957 4037 ut

298 4065 689 4139 evangelizem
723 4065 892 4122 illum
928 4066 989 4123 in
1018 4067 1319 4140 gentibus.
1353 4067 1479 4125 Non
1525 4067 1718 4124 solum
1750 4069 1812 4126 in
1842 4070 1954 4127 hoc

300 4152 447 4223 loco,
478 4157 581 4212 sed
613 4157 687 4213 ad
713 4154 1011 4215 Romanos
1042 4156 1259 4214 Paulus
1287 4163 1658 4232 segregatum
1682 4158 1744 4214 in
1767 4160 1953 4216 Evan-

300 4242 520 4317 gelium
553 4244 650 4301 Dei
678 4261 807 4303 esse
836 4262 901 4303 se
931 4245 1159 4302 scribit.
1201 4247 1269 4303 Et
1315 4247 1602 4304 Jeremias
1631 4254 1949 4322 antequam

296 4332 650 4390 formaretur
674 4335 737 4392 in
760 4340 948 4405 utero,
980 4339 1039 4392 et
1087 4335 1493 4409 conciperetur
1534 4338 1594 4394 in
1624 4338 1797 4395 vulva
1825 4356 1950 4395 ma-

290 4421 401 4480 tris
451 4439 592 4496 sum,
640 4428 818 4482 nctus
864 4425 980 4483 Deo
1041 4424 1562 4498 sanctificatusque
1609 4427 1953 4499 perhibetur

364 4568 381 4642 ξ
408 4565 541 4642 Duo
575 4584 743 4642 ms_s.,
775 4584 886 4626 non
914 4585 1057 4626 unus
1086 4571 1394 4642 cuicunque
1421 4569 1491 4625 de
1520 4568 1632 4635 his,
1665 4573 1776 4625 etc.

359 4638 382 4674 ³
410 4638 631 4697 Vitiose
662 4640 946 4698 hactenus
992 4640 1268 4709 obtinuit,
1294 4638 1496 4713 ‘justus
1543 4642 1949 4707 intelligeretur

284 4718 776 4786 antequamtetc"
830 4729 934 4785 pro
983 4730 1098 4786 quo
1150 4731 1181 4770 e
1230 4702 1449 4786 nostris
1508 4730 1675 4784 mss.,
1708 4702 1945 4771 liabeno
1975 4702 2039 4768 D-

276 4782 500 4839 iterum
534 4782 915 4856 auiti-agente,
948 4782 1336 4850 restituimus,
1380 4782 1705 4856 eligeretur.
1742 4788 1940 4851 Quan~

282 4870 468 4926 quam
513 4854 875 4926 concinniori
936 4857 1129 4917 adhuc
1188 4876 1366 4917 sensu
1424 4854 1627 4915 malim
1674 4859 1938 4926 rescribi,

323 4926 652 5003 iligeretur:
680 4925 791 5003 hoc
820 4946 1030 5003 nempe
1076 4930 1318 5003 verbum
1372 4935 1430 4987 et
1478 4932 1784 4988 commodo
1817 4925 1939 4988 ma-

280 4996 550 5075 gis—illi,
599 4999 776 5075 quod
820 4996 1222 5075 subsequitur,
1296 5003 1549 5060 adiretur
1604 5003 1939 5075 respondet,

276 5071 343 5148 et
386 5071 632 5148 propius
709 5073 781 5129 ad
831 5071 1788 5148 mentem_videtur_Hiero_nymi,
1838 5077 1939 5145 qui

278 5140 429 5220 illud
472 5140 603 5203 toto
648 5150 927 5220 contextu
975 5145 1242 5220 replicat.
1294 5145 1545 5220 Multum
1594 5140 1802 5202 in'uno
1836 5140 1940 5203 13a-

278 5212 468 5291 latino
507 5217 798 5291 sententia
848 5218 971 5275 haec
1019 5212 1282 5275 abludit:
1325 5219 1491 5291 Quod,
1523 5235 1813 5291 nunquam
1841 5227 1944 5275 aut

852 5296 952 5377 ερατ
992 5307 1232 5377 re.ch
1279 5286 1494 5377 αιῖςιίξίίι
1541 5286 1668 5353 boni
1709 5294 1936 5363 faceret

277 5363 381 5467 au:
397 5362 666 5499 accedor
695 5362 879 5420 odiret
907 5368 1037 5447 ante
1065 5362 1349 5424 delictum.
1380 5368 1490 5445 etc.
1710 5362 1731 5444 1
1922 5362 1925 5363 ⁷

292 5501 310 5507 _
436 5448 587 5507 (nam
611 5431 775 5507 Abuic
820 5434 1105 5507 adhibeas
1157 5439 1462 5499 sententiis
1510 5438 1937 5507 exceptionem,

276 5501 448 5579 docti};
471 5501 881 5579 theologorum
912 5505 1134 5579 schola.

348 5575 371 5611 ‘
402 5576 551 5647 Bac,
584 5580 654 5634 ut
677 5575 743 5661 et
766 5577 1007 5661 inferior
1038 5582 1210 5661 .totus
1258 5582 1587 5661 contextus,
1630 5577 1939 5661 Origenem

276 5645 817 5732 .ejusqueasseclas
848 5649 1153 5732 verissime
1180 5656 1388 5732 petunt
1415 5670 1427 5732 _:
1472 5652 1623 5732 hanc
1654 5645 1939 5732 enimille

341 5719 713 5794 asphemiam
741 5721 990 5794 incurrit
1014 5739 1152 5789 eum
1180 5719 1357 5792 'alibi,
1408 5729 1535 5782 tum
1586 5724 1745 5781 hom.
1777 5726 1848 5779 20
1877 5724 1937 5779 in

274 5788 483 5864 Josue,
512 5793 615 5852 ubi
646 5793 868 5854 multas
896 5794 1052 5854 intra
1080 5788 1187 5852 nos
1224 5788 1390 5868 ponit
1418 5797 1649 5865 divinas
1670 5796 1935 5869 virtutes,

2070 2099 2217 2161 deri,
2248 2099 2358 2155 hoc
2388 2116 2457 2156 ex
2491 2100 2588 2156 Dei
2620 2100 2982 2172 praescientia
3027 2100 3276 2169 evenire,
3310 2104 3375 2156 ut
3404 2117 3582 2173 quem
3612 2101 3727 2158 scit

2062 2186 2296 2257 justum
2347 2188 2636 2256 futurum,
2696 2188 2860 2260 prius
2906 2188 3116 2261 diligat
3170 2205 3349 2261 quam
3400 2188 3624 2245 oriatur
3653 2206 3723 2247 ex

2069 2281 2234 2334 utero
2259 2294 2274 2333 :
2335 2282 2392 2334 et
2421 2293 2594 2350 quem
2623 2282 3007 2350 peccatorem,
3039 2278 3227 2335 oderit
3252 2282 3566 2352 antequam
3593 2296 3722 2352 pec-

2069 2371 2161 2423 cet
2180 2367 2202 2403 ³
2227 2383 2240 2421 :
2266 2382 2382 2422 non
2404 2384 2520 2439 quo
2541 2371 2599 2423 et
2620 2367 2681 2423 in
2703 2384 2903 2424 amore
2922 2372 2981 2423 et
3016 2367 3077 2423 in
3125 2367 3258 2424 odio
3302 2367 3585 2440 iniquitas
3616 2367 3720 2425 Dei

2069 2456 2185 2524 sit;
2218 2457 2319 2512 sed
2352 2473 2468 2528 quo
2500 2473 2614 2513 non
2665 2456 2834 2513 aliter
2881 2473 2980 2513 eos
3027 2456 3243 2514 habere
3298 2458 3526 2524 debeat,
3558 2458 3715 2531 quod

2067 2545 2180 2602 scit
2204 2544 2291 2602 vel
2314 2550 2646 2618 peccatores
2666 2546 2894 2603 futuros
2943 2563 3092 2617 esse,
3142 2546 3230 2604 vel
3268 2547 3489 2618 justos,
3523 2563 3632 2607 nos
3652 2550 3719 2604 ut

2067 2630 2339 2692 homines
2388 2638 2620 2692 tantum
2668 2636 2739 2691 de
2786 2635 3177 2707 praesentibus
3227 2635 3514 2707 judicare,
3546 2635 3717 2693 illum

2067 2725 2162 2781 cui
2196 2725 2394 2780 futura
2413 2724 2540 2797 jam
2571 2724 2723 2780 tacta
2753 2728 2914 2793 sunt,
2961 2726 3034 2781 de
3075 2724 3190 2781 {ine
3239 2741 3461 2792 rerum,
3500 2741 3615 2781 non
3646 2725 3719 2782 de

2066 2814 2320 2871 exordiis
2348 2814 2497 2870 ferre
2525 2815 2896 2870 sententiam.
2941 2815 3009 2871 Et
3054 2813 3177 2871 haec
3224 2814 3463 2884 quidem
3493 2812 3719 2887 simpli-

2067 2904 2194 2960 cius
2224 2902 2380 2959 dicta
2410 2908 2550 2959 sunt
2576 2921 2589 2959 :
2613 2908 2671 2958 et
2693 2904 2918 2976 absque
2940 2903 3134 2960 altiori
3156 2903 3567 2960 dissertatione
3587 2920 3717 2976 pos-

2067 2996 2208 3050 sunt
2238 2997 2538 3065 utcunque
2566 2991 2794 3064 placere
2836 2992 3056 3048 lectori.
3107 2993 3391 3049 Craterum
3419 2995 3443 3029 ‘
3493 2994 3596 3066 qui
3626 2994 3715 3049 in-

2060 3082 2295 3155 justum
2329 3087 2510 3137 Deum
2567 3081 2837 3138 nituntur
2885 3099 3165 3149 asserere,
3215 3087 3349 3157 post
3383 3082 3530 3139 illud
3561 3083 3719 3156 quod

2067 3172 2291 3228 dudum
2316 3172 2647 3245 posuimus,
2679 3172 2988 3229 abalienati
3014 3175 3142 3228 sunt
3163 3177 3478 3246 peccatores
3496 3190 3532 3230 a
3559 3173 3725 3230 vulva

2067 3261 2329 3318 inferunt
2372 3262 2548 3318 etiam
2599 3267 2806 3319 caetera
2831 3280 2945 3335 que
2974 3268 3342 3334 sequuntur:
3376 3268 3726 3321 Erraveruut

2068 3353 2137 3409 ab
2165 3356 2341 3423 utero,
2375 3352 2543 3408 locuti
2568 3360 2697 3408 sunt
2724 3352 2890 3422 falsa.
2923 3353 2991 3408 Et
3018 3350 3241 3421 dicunt,
3277 3354 3571 3424 quomodo
3604 3358 3721 3411 sta-

2066 3441 2174 3496 tim
2206 3443 2279 3496 ab
2310 3446 2473 3497 utero
2504 3446 2843 3497 erraverunt
2870 3446 3221 3513 peccatores,
3271 3445 3330 3497 et
3360 3441 3507 3497 falsa
3535 3441 3715 3499 locuti

2066 3534 2230 3600 sunt,
2272 3530 2372 3602 qui
2429 3546 2535 3587 nec
2595 3546 2928 3586 sermonem
2980 3533 3298 3601 potuerunt
3345 3529 3580 3598 habere,
3613 3545 3721 3588 nec

2066 3637 2308 3677 sensum
2331 3620 2359 3675 ‘l
2386 3623 2505 3675 Aut
2534 3636 2663 3691 quas
2690 3624 2779 3675 est
2808 3618 3167 3691 istajustitia
3185 3618 3564 3691 prmscientiaa
3594 3621 3716 3689 Dei,

2066 3709 2248 3767 alium
2294 3726 2489 3766 amare
2532 3714 2590 3765 et
2635 3709 2931 3765 custodire
2978 3708 3145 3782 prius
3191 3725 3372 3781 quam
3418 3713 3718 3779 nascatur,

2065 3800 2247 3857 aiium
2281 3800 2556 3857 detestari
2576 3801 2603 3856 ‘I
2634 3801 2702 3856 Et
2749 3816 2958 3856 causas
3006 3798 3189 3872 hujus
3230 3799 3313 3855 rei
3359 3800 3431 3855 ad
3464 3798 3717 3873 priorem

2063 3891 2243 3948 vitam
2275 3892 2555 3956 referunt,
2588 3890 2739 3961 quod
2774 3889 3182 3961 unusquisque
3211 3906 3317 3963 pro
3348 3888 3557 3946 merito
3586 3906 3715 3959 suo,

2064 3997 2100 4036 a
2127 3981 2317 4053 primo
2348 3980 2549 4036 statim
2580 3984 2713 4035 ortu
2744 3978 2916 4035 bonis
2947 3983 3048 4035 aut
3093 3978 3265 4035 malis
3312 3978 3539 4052 angelis
3566 3978 3717 4036 assi-

2061 4075 2298 4142 gnetur.
2332 4069 2661 4137 Totamque
2693 4067 2861 4123 illum
2891 4066 3087 4123 locum
3126 4067 3199 4122 de
3242 4068 3421 4124 Jacob
3449 4071 3507 4123 et
3534 4068 3713 4137 Esau,

2062 4161 2232 4230 cujus
2263 4174 2420 4213 nunc
2452 4156 2699 4213 fecimus
2735 4155 3118 4227 mentionem,
3162 4156 3246 4211 ita
3289 4156 3364 4212 ad
3414 4156 3714 4213 Romanos

2062 4248 2344 4319 scriptum
2375 4248 2524 4304 391
2562 4244 2850 4302 ventilant
2878 4246 3055 4318 (Rom.
3089 4262 3169 4311 1x,
3201 4246 3311 4316 13),
3345 4249 3411 4300 ut
3438 4261 3555 4301 non
3575 4245 3711 4301 abs-

2062 4355 2177 4411 que
2207 4338 2421 4394 sudore
2450 4341 2506 4393 et
2537 4335 2849 4410 Chrysippi
2878 4335 2963 4391 eis
3004 4334 3194 4407 possit
3241 4333 3536 4391 helleboro
3561 4334 3585 4369 ⁸
3613 4350 3707 4390 re-

2060 4427 2359 4501 sponderi.
2390 4429 2518 4484 Non
2548 4430 2638 4483 est
2668 4430 2865 4482 autem
2884 4424 3105 4498 ipsum,
3127 4428 3186 4480 ut
3206 4425 3474 4481 revelaret
3490 4423 3710 4482 Filium

2060 4570 2391 4629 animarum
2418 4570 2506 4626 vel
2540 4586 2850 4643 corporum
2887 4585 3089 4626 curam
3136 4566 3708 4643 gerent_es,_multas-

2101 4659 2171 4699 ue
2225 4643 2365 4699 item
2425 4640 3042 4708 noxias'obsidentes,
3100 4640 3276 4712 atque
3333 4640 3703 4699 insidiantes.

2101 4660 2171 4699 ue
2225 4660 2365 4699 item
2425 4660 2626 4699 nox1as
2683 4660 3042 4708 ooslocntes,
3100 4660 3276 4712 atque
3333 4660 3698 4699 ineiaiantes.

2054 4660 2217 4773 {inde
2247 4721 2304 4771 et
2333 4715 2433 4769 lib.
2467 4732 2568 4769 vm
2602 4718 2792 4769 contra
2838 4714 3053 4770 Celsum
3077 4731 3096 4767 :
3146 4709 3428 4782 Ἐλλήνων
3462 4712 3515 4766 οἱ
3537 4714 3698 4782 σοφοὶ

2056 4732 2217 4773 unde
2247 4732 2304 4771 et
2333 4732 2433 4769 nn.
2467 4732 2568 4769 VIII
2602 4732 2792 4769 contra
2838 4732 3053 4770 uersum
3077 4732 3096 4767 :
3148 4732 3428 4782 LAAT‘VUW
3462 4732 3515 4766 οι
3537 4733 3599 4767 σο
3645 4732 3698 4768 οι

2053 4785 2358 4861 λεγέτωσαν
2410 4783 2671 4857 δαίμονας
2730 4783 3010 4859 εἰληχέναι
3058 4783 3158 4853 τήν
3209 4783 3553 4859 ἀνθρωπίνην
3589 4732 3705 4919 ἐξ·

2053 4860 2159 4919 γήν
2192 4856 2298 4912 una
2330 4857 2629 4919 γενέσεωςε
2665 4858 2869 4914 Dicant
2910 4861 3228 4915 Graecarum
3266 4859 3565 4919 sapientes.
3684 4888 3705 4900 -

2051 4856 2159 4935 χὴν
2192 4856 2298 4912 ἀπὸ
2330 4856 2629 4935 γενέσενῳςε
2665 4856 3228 4935 Dicaut'Graacorum
3266 4856 3565 4935 supiemes,

2049 4930 2241 4989 manus
2296 4930 2368 4987 ab
2401 4931 2639 4987 hominis
2665 4930 2953 4986 nativitate
3000 4932 3255 4986 sortitam
3291 4946 3407 4987 esse
3434 4932 3703 4989 animum.

2011 5012 2024 5029 ‘
2050 5004 2152 5059 His
2183 5004 2300 5058 fere
2325 5001 2563 5076 gemina
2594 5019 2661 5058 ex
2690 5000 2895 5058 homil.
2932 5002 3000 5057 12
3028 5002 3087 5058 in
3140 5002 3361 5058 Lucam
3394 5018 3499 5058 nos
3525 5018 3705 5076 supra

2048 5080 2525 5149 perstrinximus.

2120 5149 2141 5183 ⁵
2171 5148 2312 5228 ῌοη.
2342 5146 2573 5228 invenio
2604 5143 2994 5228 .belleborum
3040 5144 3372 5228 Chrysippi,
3424 5141 3699 5228 sednCar:

2050 5220 2255 5276 neadis
2286 5217 2641 5285 Academici,
2674 5218 2775 5289 qui
2822 5215 3489 5289 scripturus'adversum
3521 5215 3699 5270 Stoici

2046 5292 2296 5353 Zenonis
2344 5291 2551 5359 libros,
2599 5285 2845 5345 candido
2891 5285 3178 5345 bellebero
3227 5285 3529 5360 superiore
3565 5301 3691 5360 cor-

2049 5364 2208 5448 poris
2251 5380 2502 5448 purgare
2537 5356 2769 5448 solitus
2829 5360 3064 5448 legitur,
3108 5356 3696 5448 ne‘.quis_ccrruptis

2047 5429 2108 5492 in
2141 5429 2445 5493 stomacho
2476 5434 2827 5491 humoribus
2858 5429 2930 5488 ad
2971 5429 3269 5489 domicilia
3296 5445 3484 5500 usque
3513 5429 3701 5487 animi

2049 5509 2405 5565 redundaret
2433 5511 2491 5564 et
2513 5505 2862 5562 instantiam
2892 5505 3267 5572 vigoremque
3298 5500 3515 5557 mentis
3546 5500 3703 5559 labe-

2048 5581 2280 5637 faceret.
2319 5580 2495 5637 Docet
2526 5595 2696 5651 porro
2727 5578 2837 5634 hoc
2874 5573 3090 5651 inloco
3122 5575 3511 5651 hieronymus
3542 5573 3698 5632 difﬁ-

2050 5652 2192 5727 ciles
2223 5668 2354 5727 esse
2382 5644 2747 5727 quaestiones
2778 5664 2912 5727 cum
2963 5644 3288 5727 haereticis;
3324 5644 3382 5703 et
3407 5662 3560 5719 opus
3589 5661 3698 5704 nos
3782 5696 3795 5707 .

2049 5724 2358 5799 Chrysippi
2390 5719 2703 5799 dialectica,
2733 5719 2969 5799 habere,
3000 5721 3066 5799 ut
3096 5719 3357 5799 argutias
3381 5734 3697 5799 pavoninus

2049 5790 2461 5863 haeretiédrum
2518 5791 2841 5867 Scripturis
2912 5790 3305 5855 abutendum.
3380 5791 3570 5854 Mam.
3627 5821 3700 5849 -.--
