4304 6620
562 433 675 496 351

1808 435 1877 499 S.
1920 435 2234 501 EUSEBII
2275 434 2719 499 HIERONYMI

3850 433 3971 498 352

562 588 725 629 suum
750 573 813 628 in
839 588 947 640 me,
980 572 1135 645 quod
1168 571 1244 629 sit
1275 572 1384 645 (Al.
1414 573 1606 646 quasi)
1636 573 1869 641 diceret,
1898 582 1959 628 at
1988 574 2204 629 revela-
2234 571 2292 638 Α
2318 576 2385 627 ut
2414 572 2555 643 dixi,
2587 587 2718 627 cum
2766 586 2939 626 carne
2998 571 3055 624 et
3102 562 3393 638 sanguine
3449 565 3784 624 contulerit.
3834 568 3969 633 Quae

564 670 648 719 ret
677 663 883 718 Filium
912 680 1073 718 suum
1108 663 1271 718 mihi.
1329 663 1431 718 Cui
1490 663 1645 719 enim
1704 664 1843 735 quid
1902 663 2209 734 revelatur,

567 750 701 808 huic
720 751 866 808 illud
888 756 1079 825 potest
1100 752 1361 821 revelari,
1388 754 1543 824 quod
1566 757 1697 808 ante
1736 752 1794 807 in
1836 769 1902 807 eo
1927 770 2041 808 non
2064 757 2209 808 erat.

567 845 633 897 In
664 858 781 913 quo
810 858 943 897 vero
992 842 1302 909 revelatur,
1350 842 1494 897 illud
1545 841 1831 898 reveletur
1860 843 2013 914 quod
2048 843 2211 914 prius

570 930 681 986 fuit
710 930 769 985 in
802 948 889 1001 eo,
920 935 977 986 et
1008 936 1210 1003 postea
1240 931 1556 987 revelatum
1583 936 1689 987 est.
1723 931 1927 987 Simile
1956 937 2046 987 est
2068 931 2210 986 illud

567 1019 626 1075 in
656 1020 1005 1093 Evangelio:
1041 1021 1257 1076 Medius
1297 1021 1356 1076 in
1406 1022 1555 1076 vobis
1594 1024 1720 1091 stat,
1771 1038 1929 1092 quem
1979 1038 2070 1076 vos
2096 1038 2212 1076 nes-

568 1111 692 1164 citis
721 1110 900 1180 (Joan.
948 1128 986 1177 ι,
1031 1112 1144 1182 ‘26).
1202 1110 1272 1164 Et
1329 1108 1506 1166 alibi:
1572 1112 1702 1165 Erat
1757 1113 1856 1166 lux
1913 1127 2061 1176 vera,
2093 1127 2214 1182 quae

570 1197 865 1254 illuminat
901 1215 1121 1255 omnem
1168 1199 1440 1254 hominem
1486 1202 1793 1256 venientem
1842 1202 1902 1255 in
1947 1201 2213 1255 mundum

460 1315 464 1319 -
571 1287 729 1360 (Ibid.
762 1288 840 1356 9),
870 1289 949 1343 Ex
979 1305 1093 1359 quo
1133 1289 1508 1359 perspicuum
1542 1290 1628 1355 fit,
1679 1295 1891 1346 natura
1937 1291 2212 1345 omnibus

568 1376 665 1430 Dei
699 1376 891 1431 inesse
934 1376 1201 1432 notitiam
1256 1392 1359 1433 nec
1410 1394 1769 1450 quemquam
1821 1380 1949 1434 sino
1980 1378 2212 1434 Christo

568 1463 751 1530 nasci,
781 1468 839 1520 et
884 1481 999 1521 non
1050 1464 1264 1521 habere
1314 1466 1541 1522 semina
1588 1466 1647 1521 in
1698 1484 1759 1523 se
1801 1468 2124 1539 sapientiae,
2157 1472 2215 1522 et

557 1552 825 1624 justitiaz,
857 1552 1336 1625 reliquarumque
1364 1554 1668 1610 virtutum.
1702 1555 1863 1611 Unde
1896 1556 2063 1611 multi
2086 1557 2215 1611 abs-

567 1658 680 1714 que
708 1642 820 1698 ﬁde
850 1646 907 1696 et
935 1642 1246 1715 Evangelio
1276 1643 1508 1710 Christi,
1542 1645 1632 1701 vel
1672 1646 1967 1717 sapienter
1997 1646 2213 1701 faciunt

568 1729 786 1802 aliqua,
817 1730 904 1786 vel
936 1736 1156 1801 sancte,
1191 1736 1256 1787 ut
1294 1733 1634 1804 parentibus
1678 1735 2112 1806 obsequantur:
2147 1739 2213 1790 ut

568 1818 730 1891 inopi
770 1836 1010 1875 manum
1059 1820 1379 1894 porrigant,
1430 1838 1544 1877 non
1600 1823 1929 1894 opprimant
1970 1823 2209 1890 vicinos,

569 1923 687 1963 non
718 1907 908 1964 aliena
936 1908 1234 1981 diripiant,
1262 1911 1566 1983 magisque
1589 1912 1814 1984 judicio
1845 1913 1945 1969 Dei
1976 1913 2211 1969 obnoxii
2240 1946 2287 2010 B

570 1998 717 2053 fiant
745 1997 851 2069 (Al.
885 1998 1078 2070 fiunt),
1111 2000 1266 2070 quod
1298 1999 1580 2056 habentes
1610 2002 1667 2056 in
1692 2019 1754 2057 se
1787 2002 2075 2075 principia
2101 2002 2212 2057 vir-

572 2091 767 2142 tutum
801 2091 858 2142 et
904 2087 1004 2142 Dei
1057 2088 1301 2157 semina,
1353 2106 1467 2144 non
1517 2091 1766 2146 credunt
1808 2093 1913 2159 (Al.
1948 2093 2211 2164 credant)

571 2176 631 2231 in
664 2192 730 2232 eo
761 2176 888 2232 sine
921 2194 1035 2248 quo
1065 2192 1193 2233 esse
1231 2196 1345 2233 non
1395 2184 1666 2251 possunt.
1717 2181 1913 2236 Potest
1961 2186 2018 2237 et
2048 2180 2215 2237 aliter

571 2264 755 2338 accipi
777 2265 837 2321 in
861 2265 1037 2321 Paulo
1078 2266 1178 2322 Dei
1207 2266 1387 2323 Filius
1427 2269 1750 2325 revelatus:
1795 2271 1973 2342 quod,
2005 2270 2213 2343 praedi-

571 2354 802 2411 dicante
842 2354 961 2427 illo,
995 2355 1231 2429 agnitus
1262 2357 1340 2412 sit
1369 2359 1663 2429 gentibus,
1706 2376 1879 2430 quem
1913 2365 2083 2416 antea
2113 2376 2213 2415 ne-

573 2444 858 2500 sciebant.

644 2533 829 2605 (Vers.
893 2534 1000 2607 16).
1069 2554 1092 2582 ε
1147 2536 1431 2592 Continuo
1460 2553 1577 2593 non
1636 2539 1897 2611 acquievi
1955 2539 2115 2594 carni
2163 2543 2219 2595 et

575 2623 871 2696 sanguini.
909 2646 930 2673 η
968 2623 1096 2680 Sive
1124 2627 1190 2680 ut
1218 2625 1277 2681 in
1310 2627 1502 2683 Graeco
1553 2628 1765 2684 melius
1795 2629 1971 2683 habet
2004 2630 2057 2685 ¹;
2102 2629 2220 2686 Non

571 2713 781 2770 contuli
804 2730 931 2769 cum
959 2731 1124 2770 carne
1168 2723 1222 2771 et
1258 2718 1549 2789 sanguine.
1607 2718 1757 2785 Scio,
1817 2718 2124 2791 plerosque
2149 2720 2220 2774 de

576 2802 859 2875 apostolis
884 2803 991 2859 hoc
1022 2804 1243 2860 dictum
1285 2806 1573 2863 arbitrari.
1602 2807 1745 2862 Nam
1780 2812 1836 2863 et
1864 2808 2219 2881 Porphyrius

576 2892 799 2963 objicit,
831 2894 987 2963 quod
1019 2898 1154 2965 post
1182 2893 1593 2951 revelationem
1637 2896 1851 2953 Christi
1898 2914 2014 2953 non
2048 2896 2222 2953 fuerit

578 2980 855 3051 dignatus
883 2980 969 3035 ire
999 2982 1070 3036 ad
1098 2981 1386 3051 homines,
1419 2988 1476 3039 et
1505 3000 1639 3040 cum
1684 2984 1769 3040 eis
1812 2986 2072 3041 conferre
2101 3003 2218 3041 ser-

580 3083 854 3123 monem:
887 3085 961 3124 ne
990 3074 1122 3140 post
1150 3071 1476 3128 doctrinam
1521 3073 1789 3129 videlicet
1832 3075 1955 3145 Dei,
1988 3092 2021 3130 a
2051 3091 2223 3131 carne

580 3161 639 3213 et
668 3157 955 3229 sanguine
986 3156 1513 3217 instrueretur.Sed
1547 3162 1701 3218 absit
1730 3168 1794 3219 ut
1814 3180 1940 3236 ego,
1963 3164 2223 3233 Petrum,

578 3246 866 3303 Joannem
898 3250 955 3302 et
976 3246 1261 3304 Jacobum
1284 3266 1518 3306 carnem
1539 3256 1597 3307 et
1611 3254 1957 3325 sanguinem
1981 3259 2178 3326 putem
2206 3271 2218 3310 :

2321 662 2655 734 praepositio
2686 678 2794 717 nos
2824 662 3101 723 coarctat,
3149 654 3330 710 utsic
3378 653 3838 730 distinguamus,
3899 673 3970 715 ne

2319 756 2512 807 statim
2534 752 2652 807 sive
2674 752 2953 818 continuo,
2987 764 3121 803 cum
3155 760 3330 801 carne
3352 744 3679 818 jungamus
3729 752 3787 804 et
3840 765 3972 805 san-

2320 842 2517 913 guine,
2550 842 2650 895 sed
2684 856 2819 895 cum
2845 836 3250 911 superioribus
3280 833 3495 890 haerere
3542 837 3860 910 faciamus,
3913 844 3971 894 et

2320 929 2549 1002 legatur
2582 945 2594 982 :
2630 929 2766 983 Cum
2789 932 2975 983 autem
2991 928 3208 1000 placuit
3238 924 3291 978 ei
3320 925 3419 993 qui
3443 941 3529 981 me
3557 930 3865 998 segregavit
3905 927 3973 983 de

2320 1028 2471 1082 utero
2500 1020 2693 1073 matris
2720 1032 2876 1074 meae.
2898 1019 2977 1072 Ac
3003 1016 3212 1073 deinde
3242 1034 3254 1071 :
3321 1019 3384 1075 Ut
3438 1014 3710 1071 reuelaret
3765 1017 3972 1073 Filium

2318 1125 2482 1163 suum
2512 1110 2569 1163 in
2601 1124 2704 1163 me.
2741 1111 2807 1162 At
2849 1108 2919 1163 ad
2959 1112 3283 1163 extremum
3318 1125 3331 1163 :
3390 1109 3458 1164 Ut
3510 1107 3971 1189 cyangelizarem

2322 1199 2484 1253 illam
2514 1200 2575 1252 in
2602 1198 2855 1269 gentibus
2883 1200 3170 1254 continuo:
3224 1202 3292 1253 ut
3349 1214 3384 1252 a
3438 1195 3670 1270 proprio
3726 1195 3970 1267 incipiat

2321 1287 2555 1343 exordio
2587 1305 2600 1343 :
2636 1290 2753 1343 Non
2782 1290 2991 1343 contuli
3008 1304 3138 1343 eum
3158 1303 3325 1343 carne
3381 1294 3433 1342 et
3476 1286 3747 1359 sanguine
3770 1302 3789 1339 :
3841 1302 3968 1341 ma-

2321 1377 2527 1449 gisque
2558 1376 2959 1432 arbitrandum
2983 1381 3071 1433 est
3103 1377 3187 1432 sic
3217 1380 3373 1432 stare
3403 1390 3645 1431 sensum
3681 1372 3968 1445 :quiaqui

2322 1466 2520 1521 statim
2554 1466 2773 1522 missus
2795 1468 2890 1535 sit,
2928 1471 3057 1538 post
3077 1465 3492 1522 revelationem
3515 1463 3727 1520 Christi
3785 1464 3969 1519 Evan-

2322 1554 2537 1628 gelium
2561 1556 2834 1627 gentibus
2854 1555 3353 1627 annuntiare,non
3375 1552 3635 1611 steterit:
3690 1569 3795 1608 nec
3844 1568 3970 1608 ωο-

2322 1644 2404 1700 ris
2433 1645 2788 1715 quibusdam
2814 1650 3047 1716 tempus
3073 1644 3411 1717 produxerit
3435 1643 3629 1699 eundo
3650 1643 3722 1698 ad
3747 1645 3972 1714 aposto-

2322 1732 2429 1802 los,
2466 1738 2522 1789 et
2553 1734 2966 1790 revelationem
2990 1734 3225 1790 Domini
3256 1750 3388 1789 cum
3421 1731 3970 1788 hominibusconfe-

2322 1825 2500 1879 rendo
2534 1841 2546 1879 :
2580 1824 2680 1879 sed
2708 1824 2916 1878 abierit
2938 1822 2997 1878 in
3028 1823 3327 1892 Arabiam,
3361 1825 3419 1877 et
3455 1837 3661 1877 rursus
3702 1836 3968 1876 reversus

2322 1912 2837 1985 Damascum,post
2858 1917 2977 1969 tres
3000 1929 3184 1968 annos
3205 1910 3586 1985 Evangelium
3622 1910 3968 1981 pradicave-

2321 2001 2397 2057 rit
2427 2018 2440 2057 ε
2476 2006 2533 2056 et
2554 2006 2693 2057 tunc
2714 2003 2951 2057 demum
2980 2000 3441 2075 Hierosolymam
3462 2000 3966 2071 veniens,Petrum

2320 2091 2606 2147 Joannem
2637 2096 2694 2146 et
2720 2092 3004 2147 Jacobum
3034 2091 3264 2147 viderit.

2322 2206 2327 2211 ο
2394 2181 2576 2251 (Vers.
2613 2182 2725 2252 17.)
2758 2181 3006 2253 «Neque
3036 2180 3165 2236 veni
3194 2179 3655 2252 Hierosolymam
3700 2179 3775 2235 ad
3806 2182 3969 2235 ante-

2324 2287 2585 2325 cessores
2618 2286 2779 2326 meos
2810 2270 3126 2343 apostolos.
3158 2293 3185 2319 »
3217 2269 3278 2325 Si
3301 2270 3375 2325 de
3399 2267 3692 2341 Apostolis
3724 2267 3969 2340 dixerat,

2322 2375 2432 2415 non
2463 2361 2674 2415 contuli
2708 2377 2834 2415 cum
2887 2375 3055 2415 carne
3103 2364 3154 2415 et
3201 2359 3492 2429 sanguine,
3543 2357 3683 2429 quid
3735 2373 3975 2413 necesse

2326 2449 2516 2505 fuerat
2542 2448 2806 2521 idipsum
2837 2450 3046 2504 iterare
3077 2448 3323 2505 dicendo
3358 2466 3371 2504 :
3404 2448 3583 2519 Neque
3612 2448 3737 2504 veni
3779 2448 3975 2503 Hiero-

2324 2539 2594 2610 solymam
2622 2538 2692 2593 ad
2748 2543 3108 2595 antecessores
3163 2554 3315 2593 meos
3364 2536 3686 2609 apostolos?
3748 2537 3801 2592 Is
3868 2535 3976 2592 ita-

2326 2644 2442 2700 que
2489 2644 2700 2683 sensus
2740 2629 3055 2695 tenendus,
3114 2644 3291 2699 quem
3349 2643 3530 2699 supra
3571 2626 3973 2699 exposuimus.

2329 2738 2357 2767 ‹‹
2390 2716 2502 2772 Sed
2534 2715 2649 2771 abii
2680 2715 2740 2770 in
2796 2716 3094 2783 Arabiam,
3144 2721 3203 2771 et
3250 2714 3465 2771 iterum
3517 2730 3784 2770 reversus
3840 2729 3975 2769 sum

2330 2809 2701 2861 Damascum.
2738 2829 2759 2857 ι
2798 2806 2922 2861 Non
2946 2805 3058 2861 sibi
3089 2805 3323 2861 videtur
3342 2803 3601 2860 historiis
3631 2803 3774 2859 ordo
3835 2818 3974 2859 con-

2330 2895 2542 2961 cinere,
2595 2895 2875 2951 referente
2935 2896 3091 2951 Luca
3143 2895 3205 2950 in
3266 2894 3503 2950 Actibus
3577 2890 3975 2965 apostolorum

2331 2985 2484 3056 quod
2552 3000 2685 3039 cum
2744 2984 2960 3041 Paulus
3012 2988 3148 3057 post
3206 2985 3380 3039 fidem
3440 2982 3655 3039 Christi
3706 2998 3808 3055 per
3851 2980 3977 3038 dies

2333 3072 2552 3129 multos
2618 3074 2994 3145 Evangelium
3053 3073 3323 3129 Damasci
3377 3072 3716 3145 loqueretur
3763 3072 3979 3128 auden-

2330 3168 2437 3230 ter,
2462 3164 2621 3218 factzs
2662 3164 2880 3219 fuerint
2909 3164 2960 3219 ei
2993 3164 3241 3229 insidias,
3261 3168 3318 3219 et
3347 3163 3501 3219 898
3523 3162 3584 3217 in
3614 3166 3815 3234 sporta
3846 3176 3976 3234 per-

2333 3269 2567 3309 murum
2587 3257 2755 3309 nocte
2776 3253 3070 3309 demissus
3091 3253 3250 3321 sit,et
3265 3251 3487 3308 venerit
3515 3250 3977 3308 Hierosolomam

581 3351 710 3408 quas
740 3351 988 3407 regnum
1018 3336 1118 3393 Dei
1151 3338 1450 3410 possidere
1479 3357 1593 3397 non
1627 3318 1875 3413 possunt
1897 3345 1950 3415 (1
1971 3318 2091 3400 Cor.
2125 3362 2217 3414 xv,
2251 3318 2293 3387 α
2330 3346 2565 3399 tentans
2595 3360 2657 3399 se
2678 3344 2929 3415 jungere
2971 3318 3278 3415 discipulis
3337 3342 3476 3413 (Act.
3535 3359 3611 3411 ιι,
3673 3340 3881 3412 19-25).
3928 3344 3973 3395 Δ

578 3425 691 3493 50).
728 3424 787 3481 Si
820 3424 1156 3497 spirituales
1186 3428 1433 3500 apostoli
1464 3432 1505 3498 ²,
1539 3447 1671 3487 caro
1709 3433 2033 3505 etsanguis
2063 3438 2221 3501 sunt,

579 3513 720 3585 quid
753 3514 824 3570 de
862 3510 1075 3589 xo'lxo'ic
1127 3517 1528 3575 arbitramur?
1591 3521 1724 3577 Non'
1766 3522 2012 3578 contulit
2055 3522 2226 3595 plane

581 3602 798 3659 Paulus
855 3609 988 3676 post
1042 3605 1452 3664 revelationem
1506 3608 1717 3666 Christi
1775 3628 1910 3667 cum
1968 3628 2140 3667 carne
2171 3616 2229 3667 et

581 3691 891 3764 sanguine,
945 3694 1083 3765 quia
1129 3695 1318 3751 noluit
1360 3698 1706 3771 margaritas
1769 3701 2050 3772 projicere
2095 3705 2228 3756 ante

583 3797 813 3853 porcos,
850 3798 955 3839 nec
1001 3783 1139 3839 dare
1183 3789 1449 3841 sanctum
1472 3787 1717 3843 canibus
1768 3790 1985 3857 (Matth.
2020 3806 2119 3855 vn,
2150 3790 2226 3862 6).

584 3870 732 3926 Vide
760 3870 903 3942 quid
935 3872 1005 3926 de
1034 3873 1437 3944 peccatoribus
1480 3876 1763 3948 scriptum
1816 3877 1929 3934 sit:
1962 3879 2083 3935 Non
2105 3895 2228 3951 per-

583 3961 833 4016 manebit
876 3962 1108 4033 spiritus
1159 3978 1314 4019 meus
1354 3964 1414 4019 in
1466 3964 1779 4022 hominibus
1803 3950 1954 4039 istis,
1976 3950 2113 4040 quia
2136 3985 2233 4024 ear

587 4049 698 4124 (Al.
730 4052 952 4123 carnes)
980 4060 1107 4109 sunt
1132 4052 1285 4125 (Gen.
1317 4071 1396 4126 v1,
1431 4056 1506 4127 3).
1540 4060 1681 4112 Cum
1713 4057 1934 4114 talibus
1967 4058 2067 4130 qui
2097 4074 2229 4115 caro

587 4145 644 4197 et
675 4141 919 4214 sanguis
950 4147 1136 4210 erant,
1171 4160 1299 4215 quae
1330 4145 1483 4202 892
1516 4145 1681 4202 Petro
1730 4164 1964 4220 quoque
1995 4165 2109 4203 non
2140 4165 2230 4204 re-

583 4230 921 4289 velaverant
945 4231 1153 4289 Filium
1187 4234 1288 4290 Dei
1319 4234 1527 4305 (Matth.
1555 4252 1673 4305 XVI,
1720 4238 1829 4308 17),
1879 4253 1995 4292 non
2029 4241 2230 4293 contu-

584 4321 653 4378 lit
670 4323 985 4396 Apostolus
1006 4323 1382 4397 Evangelium
1405 4325 1561 4396 quod
1582 4324 1633 4379 ei
1664 4325 1854 4380 fuerat
1875 4324 2187 4381 revelatum
2214 4343 2228 4381 :

587 4412 689 4467 sed
721 4412 1007 4484 paulatim
1040 4428 1138 4469 eos
1187 4413 1260 4468 de
1307 4428 1481 4468 carne
1529 4417 1586 4468 et
1632 4413 1920 4485 sanguine
1970 4414 2141 4470 vertit
2170 4416 2231 4471 in

586 4499 894 4571 spiritum:
946 4505 1005 4557 et
1050 4504 1190 4556 tunc
1240 4503 1477 4557 demum
1528 4501 1611 4557 eis
1667 4501 1893 4557 occulta
1940 4503 2233 4576 Evangelii

585 4594 954 4645 sacramenta
996 4589 1308 4645 commisit.
1359 4590 1524 4646 Dicat
1571 4590 1899 4664 quispiam:
1948 4592 2003 4647 Si
2033 4594 2231 4649 statim

2336 3432 2551 3505 quibus
2582 3448 2716 3487 cum
2742 3432 3108 3500 vitaretur,et
3132 3431 3411 3487 timerent
3429 3431 3499 3487 ad
3528 3446 3665 3486 eum
3704 3429 3979 3486 accedere

2333 3539 2367 3577 a
2397 3522 2660 3577 Barnaba
2690 3522 2762 3577 ad
2784 3521 3080 3594 apostolos
3110 3520 3277 3576 illum
3310 3536 3439 3577 esse
3477 3520 3823 3593 perductum
3849 3536 3863 3574 :
3922 3522 3982 3575 et

2336 3610 2415 3666 ibi
2440 3627 2710 3667 narrasse
2740 3611 3035 3681 quomodo
3068 3610 3385 3665 Dominum
3415 3607 3629 3664 viderit
3660 3608 3719 3663 iu
3752 3607 3979 3675 itinere,

2338 3703 2395 3756 et
2423 3699 2693 3755 Damasci
2725 3699 3077 3754 fiducialiter
3133 3698 3317 3771 egerit
3364 3697 3423 3754 in
3464 3696 3703 3753 nomine
3749 3695 3981 3753 Domini

2339 3789 2446 3861 (Al.
2495 3788 2648 3843 addit
2684 3788 2848 3858 Jesu)
2908 3789 3065 3860 (Ibid.
3129 3788 3321 3859 26-28)
3359 3789 3509 3859 Erat,
3569 3786 3782 3859 inquit,
3860 3801 3985 3841 cum

2339 3876 2482 3943 illis,
2535 3879 2757 3932 intrans
2802 3881 2855 3932 et
2905 3878 3095 3933 exiens
3144 3878 3204 3933 in
3258 3875 3592 3945 Jerusalem,
3651 3876 3987 3948 ﬁducialiter

2339 3982 2505 4035 agens
2538 3965 2651 4037 (Al.
2689 3966 2926 4038 agentes)
2958 3969 3015 4022 in
3073 3967 3298 4022 nomine
3352 3966 3590 4023 Domini.
3640 3964 3987 4037 Loquebatur

2340 4071 2551 4127 quoque
2580 4062 2630 4110 et
2657 4055 2981 4125 disputabat
3009 4071 3135 4110 cum
3166 4055 3369 4113 Graecis
3390 4072 3409 4110 :
3460 4055 3551 4109 illi
3613 4059 3801 4109 autem
3829 4068 3985 4125 qua:-

2341 4146 2535 4200 rebant
2562 4146 2806 4200 occidere
2833 4162 2978 4200 eum.
3015 4144 3164 4213 Quod
3192 4161 3318 4201 cum
3344 4143 3717 4214 cognovissent
3760 4144 3985 4214 fratres,

2340 4232 2682 4288 deduxerunt
2708 4250 2833 4289 eum
2890 4234 3218 4301 Caesaream,
3279 4237 3331 4290 et
3384 4233 3718 4289 dimiserunt
3766 4233 3989 4289 Tarsum

2342 4323 2506 4395 (Ibid.
2537 4323 2749 4395 28-30).
2783 4323 2887 4378 Hic
2915 4328 3113 4379 autem
3143 4322 3285 4379 dicit
3308 4330 3387 4395 ;se
3443 4322 3701 4396 primum
3750 4322 3869 4378 isse
3925 4321 3987 4377 in

2341 4411 2671 4468 Arabiam:
2750 4413 2965 4469 iterum
3025 4429 3323 4470 reversum
3406 4411 3758 4469 Damascum
3855 4414 3992 4483 post

2340 4501 2659 4558 triennium
2690 4502 2919 4559 venisse
2942 4502 3433 4575 Hierosolymam,
3462 4502 3680 4558 vidisse
3728 4501 3987 4570 Petrum,

2341 4596 2399 4648 et
2428 4609 2559 4648 cum
2591 4608 2656 4649 eo
2683 4592 2973 4648 mansisse
3004 4591 3212 4649 diebus
3240 4591 3600 4665 quindecim,
3632 4607 3754 4660 ,nec
3784 4594 3993 4663 praeter

586 4693 703 4733 non
733 4677 983 4734 contulit
1008 4695 1141 4734 cum
1175 4696 1349 4736 carne
1392 4684 1449 4735 et
1497 4682 1782 4754 sanguine
1831 4682 2232 4755 Evangelium,
2262 4692 2309 4758 D
2338 4682 2643 4749 Jacobum,
2695 4681 2936 4738 fratrem
2971 4681 3222 4751 Domini,
3290 4680 3541 4738 alterum
3621 4680 3985 4737 convenisse.

584 4771 781 4822 tamen
813 4766 1298 4841 subintelligitur,
1331 4770 1483 4841 quod
1518 4771 1893 4843 postmodum
1925 4788 2057 4827 cum
2088 4788 2228 4827 san-

585 4856 760 4927 guine
790 4858 811 4891 ³
858 4862 915 4913 et
962 4873 1134 4913 carne
1187 4859 1530 4914 contulerit:
1590 4866 1647 4917 et
1700 4878 1910 4917 sensus
1965 4860 2083 4928 hic,
2116 4877 2229 4933 quo

585 4945 835 5020 apostoli
868 4952 1241 5017 excusantur,
1278 4965 1349 5005 ne
1380 4966 1512 5005 caro
1543 4953 1599 5005 et
1630 4950 1872 5023 sanguis
1905 4950 2044 5022 sint,
2078 4955 2231 5007 stare

584 5053 698 5093 non
756 5035 1003 5110 poterit:
1057 5036 1442 5095 nihilominus
1490 5038 1591 5110 qui
1637 5039 1699 5095 in
1763 5039 2047 5111 principio
2095 5056 2231 5095 cum

583 5143 757 5184 carne
813 5130 871 5181 et
936 5125 1221 5199 sanguine
1297 5144 1412 5182 non
1488 5128 1752 5199 contulit,
1831 5129 2232 5200 postmodum,

580 5286 1130 5361 Quanquamiscio,
1188 5286 1335 5361 alios
1400 5304 1529 5361 esse
1574 5289 1790 5361 ,bonos
1848 5292 2139 5361 auctores,
2201 5306 2235 5343 a

583 5358 973 5434 Menagio_ad
1016 5358 1140 5434 ‘Vit.
1201 5358 1863 5434 Carneadislaudatos,
1924 5361 2026 5432 qui
2056 5360 2233 5434 Chry-

586 5430 822 5515 sippuin
861 5430 1153 5515 hellebero
1201 5445 1378 5487 usum
1431 5432 1686 5501 tradant,
1737 5430 2054 5515 antequam
2085 5430 2234 5515 seri:

585 5503 748 5586 bere.
780 5504 1239 5586 aggrederetur:
1294 5518 1410 5585 non
1468 5519 1750 5577 repugno,
1810 5503 1856 5560 si
1897 5503 2051 5575 quis
2097 5503 2236 5560 velit

585 5590 895 5657 suspicari,
962 5574 1312 5657 vpcabulum
1372 5591 1590 5657 Ipsum,
1664 5576 1970 5657 Ιιᾳιιιεδὺονο,⁵
2020 5576 2234 5657 cubare

586 5645 646 5721 in
696 5647 1262 5721 mendo._‘Equidem
1312 5645 1625 5721 peculiaris
1673 5653 1734 5721 et
1777 5647 2013 5721 propria
2056 5646 2232 5721 Chry-

585 5715 741 5788 sippi
771 5715 1064 5775 subtilitas
1092 5718 1151 5774 in
1183 5715 1523 5776 disserendo
1555 5718 1658 5775 fait
1685 5736 1698 5776 :
1723 5715 2017 5776 hélleboro
2039 5715 2233 5775 autem

587 5802 874 5863 purgasse
929 5791 1253 5865 cerebrum,
1329 5792 1612 5851 Carneadi
1687 5796 1889 5850 contra
1943 5796 2233 5851 Zenonem

2341 4773 2475 4837 Quae
2496 4777 2562 4826 ut
2583 4787 2719 4826 vera
2736 4773 3050 4827 credantur
3070 4771 3271 4845 (dubia
3304 4772 3520 4844 quippe
3552 4770 3732 4828 videri
3781 4769 3989 4827 absen-

2338 4860 2497 4916 tibus
2527 4862 2837 4932 poterant),
2870 4860 2980 4917 sub
3009 4860 3318 4917 testatione
3364 4861 3676 4917 conﬁrmat
3732 4860 3935 4916 dicens
3967 4876 3982 4916 :

2342 4949 2473 5019 Quae
2512 4952 2696 5004 autem
2744 4949 2862 5006 dico
2913 4950 3081 5022 vobis,
3140 4967 3256 5007 ecce
3300 4967 3486 5007 coram
3542 4940 3655 5007 Deo
3695 4951 3828 5021 quia
3882 4963 3995 5011 non

2338 5041 2578 5095 mentior
2607 5039 2777 5111 (Vers.
2807 5039 2919 5112 29).
2947 5044 3274 5097 Possumus
3302 5039 3483 5112 igitur
3511 5038 3805 5095 aestimare
3863 5054 3992 5097 esse

2342 5129 2578 5201 quidem
2612 5128 2880 5201 Paulum,
2908 5130 3234 5185 secundum
3265 5130 3429 5186 Lucae
3458 5126 3791 5198 historiam,
3844 5128 3987 5183 Hie-

2342 5290 2714 5363 disputaturo
2744 5288 3049 5364 proprium
3078 5289 3380 5365 imputant
3406 5288 3645 5348 Veteres
3691 5304 3808 5347 uno
3850 5303 3993 5345 con-

2344 5379 2880 5491 segsélistercienses
2911 5450 3081 5503 mss.,
3112 5435 3311 5493 melius
3339 5434 3603 5493 habetur:
3632 5435 3753 5491 Non
3780 5430 3996 5489 contuli

2343 5522 2508 5563 carne
2537 5512 2589 5560 et
2614 5508 2902 5563 sanguine.

2413 5577 2437 5662 ξ
2473 5576 2678 5649 Palat.,
2711 5575 2771 5633 Si
2788 5578 3120 5650 spirituales
3148 5582 3203 5635 et
3228 5578 3479 5653 apostoli,
3527 5582 3661 5651 ete.,
3706 5592 3840 5650 sup.
3890 5575 3994 5635 ho-

2341 5665 2739 5798 mtglﬁialtero
2761 5718 3150 5795 Cisterciensi,
3177 5723 3319 5793 Quia
3350 5730 3474 5798 post
3534 5722 3813 5783 modicum
3866 5694 3994 5778 cum

2336 5793 2637 5868 sanguine.
2670 5797 2780 5852 etc.
