4304 6620
269 504 388 566 353

973 503 1488 566 COMMENTAR.
1537 504 1616 565 ΙΝ
1662 503 1914 565 EPIST.
1963 503 2067 563 AD
2114 504 2585 568 GAL‘AT..LIB.
2631 509 2678 580 Ι,
2726 510 2896 570 CAP.
2942 510 2992 571 Ι.

3571 508 3690 576 334

267 636 653 708 rosolymam,
680 650 794 690 non
826 634 996 706 quasi
1040 635 1112 690 ad
1162 637 1558 691 antecessores
1607 634 1923 706 apostolos,
1955 645 2010 711 Α
2040 652 2174 690 nem
2241 640 2298 691 et
2363 638 2697 708 passionem
2765 640 3017 698 Christi:
3051 646 3106 698 et
3161 642 3298 698 inde
3351 647 3692 719 pr0phetica

272 730 339 782 ut
369 725 592 797 aliquid
623 725 694 781 ab
726 724 843 779 illis
893 725 1179 781 disceret:
1223 727 1324 781 sed
1385 730 1451 780 ut
1500 724 1928 797 persecutionis

269 816 558 887 impetum
590 815 926 882 declinaret,
949 814 1050 886 qui
1081 814 1193 870 sibi
1211 815 1481 870 Damasci
1503 818 1736 886 propter
1762 815 1941 868 Evan~

274 905 492 978 gelium
546 903 758 960 Christi
814 905 1004 960 fuerat
1057 903 1423 960 concitatus:
1481 907 1537 958 et
1586 904 1667 958 sic
1709 902 1941 958 venisse

276 993 743 1066 Hierosolymam
777 993 946 1066 quasi
972 993 1045 1049 ad
1081 1009 1500 1064 quamcunque
1530 992 1706 1048 aliam
1741 992 1939 1047 civita-

275 1088 419 1142 tem.
448 1083 587 1140 Inde
608 1100 742 1139 eum
768 1083 971 1140 statim
995 1086 1237 1154 prepter
1259 1080 1508 1136 insidias
1528 1080 1866 1146 recessisse,
1885 1084 1942 1135 et

277 1175 512 1237 venisse
544 1173 854 1239 Arabiam,
886 1171 1006 1228 sive
1035 1170 1390 1226 Damascum
1416 1185 1430 1224 ε
1464 1168 1794 1240 atqueinde
1812 1175 1945 1238 post

277 1264 600 1324 triennium
635 1263 708 1318 ad
745 1261 1066 1317 videndum
1093 1261 1330 1316 Petrum
1363 1258 1824 1330 Hierosolymam
1858 1273 1946 1313 re-

277 1355 544 1412 vertisse.
578 1352 685 1408 Vel
742 1355 898 1409 certe
947 1351 1066 1406 ita:
1113 1349 1322 1406 Statim
1370 1351 1435 1403 ut
1484 1348 1815 1420 baptizatus
1844 1349 1940 1404 sit,

281 1449 341 1501 et
370 1448 609 1517 accepto
640 1441 770 1498 cibo
800 1441 1186 1508 confortatus,
1219 1439 1401 1494 fuisse
1439 1454 1574 1493 eum
1605 1454 1739 1492 cum
1770 1437 1944 1492 disci-

285 1534 449 1608 pulis
474 1532 576 1606 qui
593 1535 761 1588 erant
780 1529 1049 1587 Damasci
1071 1543 1176 1600 per
1195 1528 1319 1583 dies
1341 1527 1564 1598 aliquot
1587 1545 1601 1583 :
1626 1530 1682 1581 et
1704 1531 1944 1598 stupen-

283 1623 446 1679 tibus
479 1621 704 1678 cunctis
736 1621 794 1675 in
827 1617 1140 1691 synagogis
1189 1617 1546 1687 Iudaeorum,
1594 1615 1945 1687 praedicasse

286 1713 574 1768 continuo
597 1711 752 1782 quod
782 1709 966 1765 Jesus;
984 1711 1139 1763 esset
1169 1706 1346 1762 Filius
1377 1707 1479 1762 Dei
1505 1724 1518 1775 ;
1556 1710 1613 1761 et
1657 1710 1798 1760 tunc
1826 1704 1944 1760 isse

286 1803 349 1858 in
377 1801 675 1865 Arabiam,
708 1804 766 1854 et
795 1798 865 1854 de
893 1796 1112 1852 Arabia
1143 1797 1501 1852 Damascum
1530 1795 1852 1864 revertisse,
1889 1798 1946 1850 et

197 1957 202 1966 ι
289 1891 372 1947 ibi
407 1889 613 1946 fecisse
645 1887 1004 1944 triennium:
1039 1903 1188 1957 quos
1222 1886 1348 1941 dies
1379 1885 1597 1941 multos
1646 1885 1950 1956 Scriptura

290 1984 560 2047 testatur,
595 1978 816 2035 dicens:
855 1977 986 2032 Cum
1018 1978 1385 2048 implerenlur
1414 1980 1599 2031 autem
1650 1975 1762 2030 dies
1797 1975 1944 2029 mul-

291 2072 357 2140 ti,
416 2069 710 2125 consilium
759 2069 1010 2138 fecerunt
1061 2066 1244 2121 Judaei
1298 2069 1359 2120 at
1415 2082 1539 2119 eum
1581 2065 1948 2134 interﬁcerent

294 2160 429 2233 (Act.
462 2176 520 2214 1x
546 2158 658 2228 23).
708 2156 867 2214 Notae
899 2160 1095 2211 autem
1122 2156 1286 2210 factae
1319 2159 1457 2209 sunt
1516 2152 1693 2209 Paulo
1725 2153 1949 2209 insidia:

296 2264 545 2306 eorum:
579 2251 637 2303 et
675 2245 1092 2302 custodiebant
1146 2249 1345 2316 portas
1403 2244 1497 2299 die
1555 2261 1621 2300 ac
1668 2249 1852 2312 nocte,
1889 2246 1954 2297 ut

304 2355 442 2396 eum
475 2337 887 2392 interﬁcerent.
919 2333 1282 2405 Accipientes
1339 2349 1475 2405 ergo
1523 2332 1797 2405 discipuli
1826 2334 1953 2404 ejus

309 2433 499 2496 nocte,
524 2444 626 2499 per
647 2442 882 2481 murum
906 2424 1258 2480 dimiserunt
1282 2439 1440 2490 eum,
1459 2423 1876 2478 submittentes
1897 2422 1954 2476 in

314 2523 533 2591 sporta.
563 2518 706 2573 Cum
747 2524 939 2572 autem
993 2513 1250 2570 venisset
1297 2512 1646 2583 Jerusalem,
1695 2513 1960 2568 tentabat

305 2607 554 2679 jungere
586 2621 648 2662 se
677 2603 1008 2676 discipulis.
1042 2607 1254 2658 Lucam
1285 2619 1417 2657 vero
1444 2603 1598 2657 394
1642 2601 1856 2657 idcirco
1887 2602 1958 2656 de

314 2696 526 2752 Arabia
538 2694 886 2768 praeterisse,
904 2693 1044 2765 quia
1055 2692 1300 2748 forsitan
1315 2691 1458 2746 nihil
1474 2692 1717 2763 dignum
1734 2696 1960 2764 aposto-

316 2786 438 2842 latu
460 2785 518 2840 in
538 2784 750 2841 Arabia
763 2787 1126 2856 perpetrarat
1148 2799 1160 2837 :
1186 2786 1243 2838 et
1257 2799 1324 2837 ea
1335 2782 1529 2854 potius
1547 2782 1960 2852 compendiosa

315 2875 644 2932 narratione
667 2874 904 2943 dixisse,
922 2890 1048 2945 quae
1063 2870 1466 2944 dignaChristi
1481 2870 1790 2942 Evangelio
1809 2869 1960 2926 vide-

316 2967 550 3022 bantur.
583 2964 698 3020 Nec
729 2963 838 3019 hoc
869 2962 1131 3036 segnities
1164 2960 1429 3034 Apostoli
1461 2961 1888 3032 deputandum,
1911 2960 1961 3016 si

312 3055 530 3111 frustra
543 3055 600 3109 in
617 3053 1009 3110 Arabiafuerit
1023 3053 1532 3124 [Al.commoratus
1546 3050 1671 3120 sit]:
1689 3051 1788 3106 sed
1805 3051 1959 3120 quod

317 3143 893 3217 aliquadispensatio
906 3147 962 3198 et
978 3143 1444 3214 Deiprazceptum
1462 3141 1637 3195 fuerit
1651 3142 1956 3195 uttaceret.

319 3233 468 3290 Nam
499 3238 555 3289 et
586 3237 783 3306 postea
801 3231 1053 3304 legimus
1076 3230 1323 3286 Paulum
1349 3247 1481 3284 cum
1500 3229 1618 3284 Sila
1635 3244 1959 3300 egressum,

1976 2023 2025 2088 B

2047 724 2293 781 lectione
2325 726 2595 782 ﬁrmatus
2625 729 2814 800 pergit
2846 729 3328 803 Hierosolymam,
3384 734 3578 792 locum
3609 739 3692 794 vi-

2048 813 2230 870 sionis
2256 820 2313 870 et
2346 817 2545 886 pacis:
2578 834 2694 872 non
2763 823 2882 873 tam
2952 820 3272 878 disciturus
3330 822 3555 896 aliquid
3623 831 3694 884 ab

2047 904 2346 976 apostolis,
2372 923 2549 977 quam
2582 922 2717 962 cum
2749 907 2832 962 eis
2864 911 3242 982 Evangelium
3292 915 3448 984 quod
3481 916 3694 975 docue-

2049 997 2160 1061 rat,
2197 994 2537 1050 collaturus.

2121 1082 2306 1150 (Vers.
2342 1084 2456 1153 18.)
2491 1107 2516 1133 α
2555 1085 2768 1140 Deinde
2798 1091 2931 1158 post
2980 1105 3166 1146 annos
3217 1096 3358 1161 tres,
3409 1095 3539 1150 veni
3566 1096 3698 1153 Hie-

2050 1170 2405 1243 rosolymam
2437 1172 2628 1228 videre
2656 1175 2912 1231 Petrum.
2956 1200 2975 1224 »
3006 1178 3130 1236 Non
3155 1184 3219 1234 ut
3246 1182 3465 1255 oculos,
3494 1201 3698 1257 genas,

2049 1259 2399 1333 vultumque
2427 1262 2557 1333 ejus
2605 1264 2908 1335 aspiceret,
2963 1271 3164 1323 utrum
3215 1272 3582 1343 macilentus,
3627 1295 3702 1334 an

2053 1348 2289 1422 pinguis
2321 1369 2334 1420 ;
2369 1351 2596 1407 adunco
2629 1370 2769 1408 naso
2797 1359 2973 1425 esset,
3029 1374 3104 1412 an
3150 1364 3343 1418 recto:
3401 1368 3458 1419 et
3500 1371 3701 1424 utrum

2053 1439 2303 1495 frontem
2333 1441 2573 1496 vestiret
2603 1458 2806 1498 coma:
2841 1461 2914 1498 an
2971 1445 3058 1515 (ut
3103 1447 3370 1505 Clemens
3417 1451 3478 1507 in
3511 1453 3705 1512 Perio-

2053 1527 2145 1583 dis
2175 1529 2303 1598 ejus
2331 1530 2529 1602 refert)
2587 1531 2877 1587 calvitiem
2927 1534 3168 1591 haberet
3209 1537 3266 1592 in
3317 1540 3528 1612 capite.
3586 1544 3705 1601 Nec

2057 1622 2197 1689 puto
2230 1618 2560 1690 apostolicae
2593 1621 2773 1676 fuisse
2819 1623 3142 1693 gravitatis,
3193 1632 3258 1681 ut
3304 1634 3437 1700 post
3480 1636 3704 1691 tantam

2053 1707 2290 1763 triennii
2314 1709 2796 1781 praeparationem
2821 1711 3089 1784 ‘,aliquid
3113 1715 3438 1775 humanum
3459 1721 3515 1776 in
3538 1723 3707 1782 Petro

2053 1796 2302 1852 voluerit
2332 1799 2609 1869 aspicere.
2643 1800 2754 1854 Sed
2787 1800 2880 1856 his
2907 1802 3092 1858 oculis
3125 1807 3353 1876 aspexit
3383 1825 3541 1879 eum,
3577 1814 3707 1884 qui-

2055 1885 2165 1940 bns
2197 1891 2254 1941 et
2285 1888 2456 1942 modo
2507 1888 2565 1942 in
2615 1889 2764 1946 395
2820 1891 3096 1962 Epistolis
3146 1895 3272 1951 suis
3321 1896 3567 1956 videtur.
3602 1902 3704 1959 His

2057 1974 2241 2032 oculis
2274 1975 2488 2032 Paulus
2518 1978 2662 2032 vidit
2717 1979 2991 2051 Cepham,
3052 1982 3268 2052 quibus
3318 2003 3473 2043 nunc
3504 2007 3538 2044 a
3567 2007 3706 2060 pru-

2062 2065 2337 2120 dentibus
2369 2067 2700 2138 quibusque
2727 2067 2944 2124 Paulus
2977 2071 3102 2142 ipsc
3134 2075 3514 2146 conspicitur.
3543 2081 3706 2144 Quod

2061 2153 2112 2209 si
2143 2155 2234 2208 cui
2268 2171 2383 2210 non
2414 2155 2663 2222 videtur,
2696 2173 2828 2212 cum
2863 2161 3150 2230 superiori
3171 2165 3578 2239 sensujungat
3600 2170 3704 2241 (Al.

2056 2243 2286 2314 junget)
2319 2243 2440 2298 hac
2471 2245 2704 2300 omnia:
2741 2248 2894 2317 quod
2928 2247 3074 2302 nihil
3124 2250 3237 2305 sibi
3289 2256 3537 2324 apostoli
3569 2275 3708 2314 con-

2063 2331 2327 2388 tulerint.
2362 2333 2505 2387 Nam
2549 2338 2605 2388 et
2631 2335 2786 2404 quod
2811 2335 2971 2390 visus
3001 2337 3358 2412 (ALjussus)
3381 2343 3457 2398 sit
3478 2344 3561 2401 ire
3583 2347 3710 2404 Hie-

2067 2421 2442 2493 rosolymam,
2477 2424 2546 2477 ad
2580 2423 2690 2478 hoc
2724 2424 2840 2480 isse
2869 2430 2934 2480 ut
2965 2425 3185 2483 videret
3205 2432 3558 2506 apostolum,
3593 2453 3710 2494 non

2068 2511 2330 2566 discendi
2361 2512 2575 2583 studio,
2609 2513 2746 2584 quia
2775 2518 2830 2568 et
2859 2514 2984 2587 ipse
3006 2517 3026 2549 ε
3056 2519 3328 2575 eumdem
3351 2524 3710 2593 praedicatio-

2068 2601 2162 2656 nis
2205 2601 2446 2656 haberet
2493 2608 2828 2670 auctorem;
2886 2605 2986 2659 sed
3046 2605 3282 2664 honoris
3335 2611 3509 2681 priori
3540 2631 3712 2685 apos-

2067 2689 2184 2746 tolo
2212 2690 2528 2746 deferendi.
2562 2715 2589 2741 «
2624 2692 2692 2746 Et
2723 2693 2939 2747 mansit
2959 2696 3114 2765 apud
3139 2712 3272 2751 eum
3300 2699 3508 2756 diebus
3539 2705 3711 2773 quin-

2069 2779 2278 2835 decim.
2317 2802 2344 2828 »
2377 2785 2499 2835 Non
2532 2780 2739 2852 grandi
2769 2780 3025 2854 indiguit
3054 2785 3390 2857 magisterio
3421 2790 3522 2860 qui
3549 2794 3712 2849 tanto

2070 2887 2131 2924 se
2162 2870 2232 2924 ad
2283 2869 2600 2924 videndum
2643 2875 2879 2926 Petrum
2929 2877 3189 2945 tempore
3232 2880 3596 2949 praeparavit.
3643 2883 3712 2938 Et

2067 2960 2203 3014 licet
2225 2959 2578 3030 quibusdam
2602 2961 3262 3034 superfluumvideatur,
3282 2984 3557 3026 numeros
3577 2988 3715 3042 quo-

2071 3066 2184 3121 que
2216 3048 2315 3120 qui
2338 3049 2396 3103 in
2429 3049 2746 3120 Scripturis
2777 3054 2913 3105 sunt
2960 3052 3305 3111 observare.-
3360 3061 3556 3114 tamen
3597 3078 3714 3117 non

2071 3140 2175 3194 abs
2194 3155 2253 3192 re
2271 3138 2519 3193 arbitror
2541 3139 2875 3210 quindecim
2894 3140 3038 3211 dies,
3066 3143 3282 3213 quibus
3299 3148 3450 3218 apud
3475 3148 3714 3206 Petrum

2071 3226 2286 3282 Paulus
2309 3226 2613 3294 habitavit,
2639 3227 2870 3298 plenam
2886 3228 3216 3302 signiﬁcare
3234 3233 3558 3308 scientiam,
3579 3256 3715 3295 con-

316 3322 681 3396 prohibitum
708 3321 1145 3393 esseaSpiritu
1181 3325 1378 3376 sancto
1436 3320 1678 3374 verbum
1731 3319 1787 3373 in
1823 3319 1962 3374 Asia
2072 3321 2548 3388 summatamque
2599 3317 2946 3374 doctrinam.
3011 3320 3312 3392 Siquidem
3378 3325 3715 3395 quindecim

307 3413 468 3486 loqui
519 3413 654 3482 (Aet.
704 3427 819 3476 xvr,
852 3410 927 3481 6).
968 3409 1180 3464 Aliter:
1239 3409 1329 3464 sed
1380 3409 1502 3464 abii
1547 3410 1608 3464 in
1656 3409 1916 3463 Arabiam
1937 3425 1959 3470 ;
1991 3399 2033 3465 C
2072 3412 2210 3463 sunt
2230 3405 2570 3461 carminain
2593 3405 2892 3475 Psalterio,
2926 3411 2982 3463 et
3011 3410 3344 3479 quindecim
3375 3415 3594 3485 gradus
3612 3434 3718 3488 per

305 3505 358 3558 et
389 3504 596 3558 iterum
625 3515 874 3554 reversus
904 3515 1026 3552 sum
1058 3503 1411 3553 Damascum.
1453 3498 1600 3560 Quid
1651 3497 1796 3552 mihi
1826 3514 1957 3569 pro-

307 3591 444 3646 dest
472 3590 587 3644 ista
618 3587 846 3655 relatio,
883 3587 933 3642 si
963 3587 1152 3659 legam
1185 3587 1337 3658 quod
1371 3586 1589 3642 Paulus
1640 3591 1772 3658 post
1803 3603 1958 3643 reve-

305 3679 589 3736 lationem
640 3676 855 3734 Christi
904 3677 1102 3732 statim
1153 3676 1283 3731 ierit
1326 3676 1384 3730 in
1434 3675 1750 3744 Arabiam;
1803 3681 1862 3731 et
1890 3679 1961 3733 de

309 3768 522 3826 Arabia
538 3766 737 3822 statim
755 3765 1104 3821 Damascum
1137 3766 1312 3821 fuerit
1334 3782 1597 3821 reversus
1625 3783 1637 3820 :
1656 3783 1759 3821 nec
1775 3767 1958 3823 sciam

313 3857 452 3931 quid
488 3857 565 3911 ibi
598 3856 869 3928 gesserit,
904 3856 1116 3926 quidve
1146 3854 1418 3912 utilitatis
1452 3855 1722 3910 habuerit
1748 3857 1867 3912 itus
1896 3875 1960 3913 ac

313 3947 536 4003 reditus
560 3945 588 4000 ?
617 3945 728 4018 Dat
758 3945 898 4000 mihi
919 3944 1283 4001 occasionem
1307 3944 1531 4000 altioris
1565 3945 1961 4018 intelligentiae

314 4037 374 4090 in
405 4035 514 4091 hac
542 4036 746 4091 eadem
804 4034 1063 4106 Epistola
1117 4035 1242 4106 ipse
1299 4033 1636 4106 Apostolus,
1699 4053 1832 4092 cum
1892 4038 1962 4092 de

313 4125 625 4197 Abraham,
658 4129 833 4197 Agar,
866 4128 922 4179 et
971 4126 1114 4179 Sara
1163 4124 1509 4195 disputans:
1562 4125 1698 4192 Quae
1743 4126 1964 4196 quidem

318 4219 464 4285 sunt,
492 4215 702 4286 inquit,
729 4229 832 4286 per
859 4214 1190 4286 allegoriam
1246 4213 1414 4269 dicta.
1470 4218 1606 4270 H.230
1655 4217 1807 4270 enim
1834 4218 1965 4269 sunt

320 4302 426 4358 duo
456 4304 821 4360 Testamenta:
880 4319 1052 4357 unum
1107 4302 1326 4372 quidem
1381 4321 1415 4358 a
1469 4307 1653 4360 monte
1708 4305 1863 4373 Sina,
1905 4306 1964 4358 in

317 4393 639 4449 servitutem
657 4408 944 4465 generans,
965 4406 1089 4464 quac
1109 4395 1188 4445 est
1208 4391 1370 4461 Agar.
1394 4391 1530 4447 Sina
1548 4395 1698 4448 enim
1715 4411 1872 4449 mons
1886 4398 1967 4448 est

320 4483 380 4538 in
412 4483 638 4550 Arabia,
665 4485 763 4556 qui
775 4485 1004 4556 junctus
1024 4489 1102 4536 est
1122 4482 1193 4546 ei,
1235 4497 1354 4551 qua:
1383 4497 1532 4536 nune
1570 4490 1646 4536 est
1663 4484 1966 4539 Jerusalem

318 4571 518 4642 (ϐαιοὶ.
551 4589 627 4639 1v,
658 4574 747 4629 24.
781 4573 893 4643 25).
947 4571 1016 4626 Et
1062 4571 1229 4626 docet
1281 4569 1457 4625 Vetus
1497 4570 1962 4639 Testamentum,

317 4659 426 4717 hoc
455 4665 544 4718 est
573 4661 796 4719 ancillae
827 4662 941 4733 [AL
994 4661 1052 4716 in
1105 4658 1352 4730 ancillae]
1412 4657 1621 4731 ﬁlium,
1655 4660 1712 4714 in
1752 4662 1966 4717 Arabia

319 4763 460 4838 quas,
477 4749 894 4821 interpretatur
923 4748 1175 4821 (humilis
1204 4752 1267 4838 et,
1289 4747 1532 4838 occidua)
1573 4747 1963 4804 constitutum
1995 4774 2042 4838 Ι)

317 4837 531 4893 Statim
553 4837 750 4908 itaque
774 4842 840 4893 ut
869 4837 1116 4895 credidit
1133 4837 1350 4893 Paulus
1379 4837 1452 4892 ad
1478 4837 1710 4909 Legem,
1736 4839 1806 4893 ad
1835 4839 1966 4895 Pro-

315 4926 549 4999 phetas,
581 4927 653 4982 ad
678 4925 899 4984 Veteris
919 4927 1276 4985 Testamenti
1291 4928 1416 4998 jam
1445 4927 1503 4982 in
1525 4927 1764 4984 occiduo
1792 4929 1964 5000 positi

314 5022 686 5074 sacramenta
715 5034 1048 5090 conversus,
1082 5017 1348 5090 quaesivit
1406 5016 1464 5071 in
1506 5017 1590 5073 eis
1640 5018 1962 5091 Christum,

316 5122 493 5179 quem
519 5107 728 5179 jussus
757 5108 945 5166 fuerat
975 5109 1032 5164 in
1078 5108 1352 5180 gentibus
1401 5107 1750 5177 praedicare:
1784 5114 1841 5164 et
1872 5126 1964 5165 re-

315 5187 482 5270 perto
543 5197 668 5268 illo,
732 5216 847 5256 non
915 5203 1005 5255 est
1071 5198 1152 5252 ibi
1236 5197 1460 5252 diutius
1525 5203 1964 5267 commoratus;

227 5325 248 5344 .
314 5287 418 5343 sed
450 5303 714 5346 reversus
748 5294 838 5347 est
867 5294 1240 5356 Damascum,
1292 5287 1402 5341 hoc
1447 5289 1556 5353 est,
1609 5288 1680 5341 ad
1726 5287 1963 5359 sangui-

389 5505 405 5538 ³
437 5503 590 5560 Nihil
623 5505 916 5576 ejusmodi
945 5506 1003 5561 in
1027 5506 1473 5574 Recoquitionum
1503 5502 1668 5557 libris
1700 5503 1963 5559 Clemen-

310 5577 356 5633 ti
390 5593 695 5649 perperam
729 5578 999 5649 ascriptis
1028 5577 1348 5633 hodienum
1380 5581 1468 5630 est
1525 5576 1802 5630 invenire.
1838 5577 1965 5632 Mox

318 5666 476 5706 unus
508 5649 928 5720 Cisterciensis,
961 5652 1198 5705 triennii
1223 5651 1692 5721 praedicationem
1723 5649 1879 5721 legit.

386 5722 410 5755 ²
445 5724 562 5777 Duo
594 5739 741 5777 mss.
775 5738 887 5777 non
915 5721 1135 5776 videndi
1167 5722 1362 5792 studio,
1395 5723 1527 5791 quia
1572 5724 1650 5776 est
1685 5723 1816 5792 ipse,
1855 5725 1962 5777 etc.

313 5796 499 5868 Antea
529 5799 676 5862 erat,
709 5796 805 5868 qui
837 5810 940 5868 pro
973 5794 1122 5868 quia.

387 5867 410 5950 Ϋ
437 5865 504 5928 In
533 5882 650 5924 uno
679 5863 948 5926 Palatino
977 5863 1385 5926 desiderantur
1421 5879 1611 5931 voces,
1662 5863 1737 5928 ad
1763 5880 1966 5926 canen-

2070 3498 2223 3569 quod
2258 3496 2330 3551 ad
2363 3496 2686 3551 canendum
2734 3497 3060 3552 ascendunt
3108 3499 3222 3554 Deo
3244 3500 3286 3566 ³,
3341 3507 3395 3556 et
3446 3503 3506 3558 in
3547 3506 3714 3562 atriis

2069 3589 2196 3658 ejus
2228 3586 2666 3642 consistendum
2689 3585 2890 3655 justus
2920 3588 3200 3643 ascendit.
3250 3590 3522 3648 Ezechias
3561 3610 3710 3665 quo-

2070 3693 2183 3748 que
2213 3676 2547 3747 quindecim
2577 3691 2864 3729 annorum
2895 3678 3082 3746 spatio
3115 3677 3227 3732 sibi
3259 3678 3330 3732 ad
3351 3679 3531 3736 vitam
3554 3682 3712 3750 dato,

2072 3767 2307 3838 signum
2339 3765 2598 3834 accipere
2630 3771 2886 3820 meretur
2913 3763 2974 3819 in
3005 3766 3285 3837 gradibus
3316 3769 3453 3839 (Isa.
3479 3788 3712 3844 xxxvm,

2070 3856 2124 3923 5,
2158 3857 2211 3925 8)
2239 3873 2250 3910 :
2289 3859 2343 3909 et
2375 3853 2773 3909 solemnitates
2808 3853 2901 3908 Dei
2935 3871 2967 3908 a
2990 3854 3194 3926 quinto
3229 3857 3452 3915 decimo
3499 3861 3593 3916 die
3622 3861 3717 3918 in-

2073 3946 2299 4018 cipiunt
2357 3945 2547 4015 (Levii.
2607 3961 2778 4010 xxm;
2837 3945 2894 4010 6,
2933 3943 3077 3999 Num
3122 3963 3273 4015 xxrx,
3335 3948 3445 4020 42).
3481 3949 3717 4007 Necnon

2072 4034 2236 4106 (quia
2261 4033 2548 4104 duplicem
2570 4032 3016 4103 intelligentiam
3042 4038 3380 4108 sequamur)
3412 4042 3720 4110 propterea

2073 4121 2409 4194 quindecim
2438 4124 2603 4191 ponit
2623 4121 2766 4189 dies,
2791 4123 3133 4176 utostendat
3155 4139 3269 4178 non
3294 4125 3475 4181 fuisse
3495 4128 3718 4198 grande

2072 4217 2328 4283 tempus,
2365 4226 2478 4280 quo
2509 4207 2762 4280 potuerit
2786 4207 3006 4279 aliquid
3040 4227 3073 4264 a
3095 4211 3257 4267 Petro
3279 4213 3502 4270 discere
3527 4233 3540 4281 ;
3567 4217 3715 4272 utad

2073 4300 2240 4356 illum
2273 4315 2511 4355 sensum
2545 4317 2579 4353 a
2609 4314 2722 4369 quo
2757 4297 2948 4370 coepit,
2996 4303 3206 4355 cuncta
3257 4301 3618 4358 refcrantur:
3653 4319 3716 4359 se

2073 4407 2188 4445 non
2221 4390 2293 4444 ab
2323 4388 2560 4444 homine
2588 4388 2824 4442 doctum
2858 4404 3008 4453 esse,
3043 4389 3141 4444 sed
3175 4406 3208 4444 a
3239 4395 3377 4447 Deo.

2145 4479 2330 4551 (Vers.
2368 4479 2453 4548 19)
2491 4499 2512 4525 ι
2546 4476 2743 4532 Alium
2778 4481 2972 4532 autem
3004 4478 3417 4550 Apostolorum
3465 4481 3580 4536 vidi
3616 4498 3717 4538 ne-

2074 4569 2315 4635 minem,
2340 4567 2453 4622 nisi
2477 4567 2761 4622 Jacobum
2778 4566 3015 4622 fratrem
3037 4568 3287 4624 Domini.
3314 4591 3342 4619 »
3365 4569 3602 4626 Memini
3627 4587 3722 4628 me

2075 4659 2215 4712 dum
2242 4657 2440 4712 Romae
2459 4672 2672 4725 essem,
2692 4655 2955 4728 impulsu
2985 4658 3232 4716 fratrum
3252 4658 3470 4715 librum
3498 4661 3568 4716 de
3586 4677 3721 4717 san-

2074 4753 2176 4804 ctae
2227 4745 2420 4801 Marias
2468 4744 2797 4816 virginitate
2850 4745 3104 4804 edidisse
3161 4754 3463 4822 perpetua,
3512 4751 3572 4807 in
3605 4767 3722 4824 quo

2078 4836 2221 4892 mihi
2257 4851 2491 4891 necesse
2523 4833 2632 4888 luit
2664 4835 2734 4889 de
2767 4835 2857 4890 his
2902 4837 3000 4906 qni
3053 4837 3260 4894 fratres
3296 4839 3528 4896 Domini
3581 4841 3723 4898 dicti

2076 4932 2233 4994 sunt,
2269 4924 2492 4980 diutius
2540 4924 2860 4996 disputare.
2913 4925 3076 4983 Unde
3122 4929 3553 5002 qualiacunque
3584 4934 3724 4986 sunt

2075 5017 2176 5072 illa
2204 5032 2330 5087 qua:
2381 5014 2746 5084 scripsimus,
2801 5014 2894 5070 his
2941 5019 3198 5074 contenti
3250 5035 3379 5076 esse
3418 5020 3721 5075 debemus.

2075 5107 2239 5162 Nunc
2270 5105 2378 5160 hoc
2409 5104 2683 5170 sufﬁciat,
2708 5107 2771 5158 ut
2820 5110 3055 5177 propter
3101 5109 3363 5182 egregios
3421 5123 3631 5174 mores,
3664 5111 3721 5161 et

2076 5192 2591 5265 incomparabilem
2611 5192 2782 5248 ﬁdem
2802 5195 3267 5269 sapientiamque
3280 5216 3394 5254 non
3410 5197 3715 5264 mediam‘,

2078 5286 2254 5340 frater
2274 5282 2464 5338 dictus
2488 5281 2810 5337 sitDomini
2843 5300 2854 5339 :
2888 5289 2946 5339 et
2975 5287 3128 5357 quod
3162 5287 3387 5358 primus
3437 5286 3487 5341 ei
3522 5284 3720 5340 Eccle-

2075 5507 2222 5560 dum.
2251 5500 2544 5556 Victorius
2578 5500 3076 5570 quemadmodum
3110 5505 3165 5555 et
3198 5501 3470 5554 Rabanus
3502 5499 3719 5556 rectius

2077 5581 2272 5632 tacent
2303 5574 2668 5640 subsequens
2699 5574 2961 5640 verbum,
2994 5571 3306 5627 ascendunt.

2145 5651 2166 5681 ⁴
2196 5649 2354 5702 Hanc
2385 5661 2578 5700 vocem
2615 5660 2727 5697 non
2760 5643 3041 5698 intellexit
3073 5644 3368 5698 Marianus
3388 5641 3676 5701 Victorius
3702 5660 3717 5701 :

2076 5720 2204 5775 ideo
2236 5720 2306 5773 de
2338 5734 2442 5772 suo
2466 5716 2661 5788 posuit
2682 5716 2952 5788 modicam
2976 5720 3176 5769 contra
3193 5731 3547 5772 consensum
3572 5733 3716 5772 mss.

2077 5791 2270 5862 codd.,
2305 5789 2403 5862 qui
2435 5785 2638 5843 omnes
2665 5785 2935 5862 retinent,
2975 5788 3432 5862 sapientiamque,
3465 5806 3581 5845 non
3607 5805 3720 5862 me-

2077 5808 2270 5862 coun.,
2346 5808 2403 5844 u1
2435 5808 2638 5843 omnes
2665 5808 2935 5852 I‘BLIHBHL,
2975 5808 3417 5858 suplemzamque
3465 5808 3581 5845 non
3607 5808 3720 5844 me-

2076 5863 2248 5933 diam,
2280 5808 2340 5919 i3
2379 5865 2468 5920 est
2518 5875 2634 5923 non
2686 5856 3062 5932 mediocrem,
3111 5859 3213 5918 sed
3262 5859 3438 5935 primi
3480 5861 3721 5938 gradus,
