4304 6626
565 459 682 519 359

1804 448 1870 511 S.
1915 445 2231 510 EUSEBlI
2274 442 2719 509 HIERONYMI

3850 434 3977 496 360

565 584 835 659 compelli
866 588 1002 641 ante
1032 597 1149 639 non
1180 583 1371 655 potuit
1401 583 1472 639 ad
1514 582 2041 648 circumcisionem,
2075 596 2203 636 rur-
2238 579 2288 646 Α
2316 577 2623 650 potuimus
2651 574 2706 629 vi
2737 589 2804 629 ac
2835 572 3058 628 ratione
3105 565 3397 659 compelli,
3430 570 3495 622 ut
3523 566 3975 659 observat-emus

562 691 696 732 sum
736 673 1124 730 circumcisus
1176 672 1272 738 sit,
1306 676 1481 745 atque
1533 673 1836 743 subjectus
1859 672 1887 725 Ἰ
1917 676 2051 741 Aut,
2086 687 2209 741 qua

562 768 653 820 est
683 764 794 818 ista
822 762 1034 819 veritas
1077 760 1394 833 Evangelii,
1427 761 1717 834 hypocrisi
1749 762 1949 817 cedere
1978 760 2206 814 Judaeo-

563 869 734 921 rum;
789 855 846 907 et
893 867 961 906 ea
1017 867 1145 922 qua:
1194 850 1357 921 prius
1405 850 1639 922 scybala
1697 849 2096 915 aestimaveris,
2156 853 2212 903 et

564 940 733 1014 quasi
786 941 1007 996 damna
1053 940 1519 1011 comtempseris,
1579 940 1911 1006 observare,
1973 944 2027 993 et
2081 952 2210 993 esse

561 1029 785 1102 aliquid
834 1030 1144 1098 aestimare,
1178 1043 1313 1083 cum
1360 1027 1507 1083 nihil
1558 1028 1727 1082 sint?
1757 1028 1866 1082 Sed
1916 1031 1973 1082 et
2023 1026 2211 1098 ipsius

560 1117 832 1193 Epistolas
884 1117 1086 1175 sensui
1131 1116 1297 1172 valde
1346 1122 1653 1189 repugnat,
1696 1115 1931 1172 Galatas
1978 1116 2049 1170 ad
2094 1115 2209 1169 cir-

562 1207 980 1265 cumcisionem
1038 1221 1327 1263 revocare.
1389 1209 1508 1260 Hoc
1573 1210 1695 1261 toto
1771 1202 2059 1259 sermonis
2118 1202 2210 1258 sui

560 1302 721 1355 textu
775 1297 912 1370 agit,
953 1300 1018 1352 ut
1075 1296 1279 1351 doceat
1333 1311 1395 1349 se
1452 1294 1756 1350 Hebraeum
1807 1309 1877 1349 ex
1934 1292 2208 1360 llebrmis,

561 1384 759 1442 omnia
788 1385 1082 1456 quondam
1112 1382 1259 1455 legis
1298 1399 1475 1455 opera
1521 1386 1872 1448 servantem,
1904 1380 2209 1437 circumci-

560 1490 693 1531 sum
733 1478 937 1529 octava
983 1473 1077 1529 die
1126 1472 1452 1528 secundum
1495 1472 1684 1544 legem
1738 1470 2158 1527 Pharisszorum
2193 1486 2206 1525 :

549 1561 944 1620 nihilominus
990 1565 1187 1616 tamen
1241 1561 1314 1616 ob
1363 1560 1577 1617 Christi
1643 1559 1892 1633 gratiam
1941 1558 2212 1615 universa

558 1654 949 1706 contemnere.
982 1648 1130 1703 Nam
1153 1664 1286 1703 cum
1321 1648 1464 1703 isset
1483 1648 1963 1720 Hierosolymam,
1993 1652 2049 1702 et
2080 1647 2209 1703 falsi

556 1740 769 1813 fratres
831 1737 933 1809 qui
989 1754 1059 1793 ex
1128 1735 1572 1792 circumcisione
1650 1737 2019 1792 crediderant
2073 1754 2209 1792 eum

558 1826 772 1883 vellent
818 1825 1118 1896 impellere
1165 1828 1314 1882 401
1353 1831 1420 1881 ut
1470 1826 1913 1881 circumcideret
1959 1826 2204 1881 Titum:

561 1932 666 1971 nec
712 1915 933 1983 Titum,
966 1930 1069 1969 nec
1114 1931 1176 1970 se
1222 1916 1471 1971 ceSsisse
1510 1914 1814 1984 violentiae,
1848 1931 1963 1985 quo
2008 1914 2207 1969 minus

560 2004 921 2060 custodirent
967 2002 1261 2076 Evangelii
1312 2003 1632 2059 veritatem.
1666 2003 1829 2066 Quod
1880 2004 1928 2058 si
1976 2002 2117 2057 dicit
2144 2019 2206 2058 se

560 2092 902 2149 necessitate
950 2097 1293 2165 superatum
1342 2097 1407 2148 ut
1454 2092 1899 2148 circumcideret
1946 2091 2145 2147 Titum
2187 2108 2200 2146 :

558 2168 851 2255 quomodo
901 2180 1135 2237 Galatas
1168 2186 1396 2237 revocat
1443 2200 1476 2237 a
1529 2182 1995 2249 circumcisione,
2028 2199 2061 2235 a
2091 2198 2206 2252 qua

556 2288 662 2328 nec
689 2270 906 2338 Titum,
939 2270 1041 2343 qui
1072 2288 1271 2326 secum
1303 2271 1491 2327 fuerat
1514 2288 1583 2326 ex
1612 2274 1906 2349 gentibus,
1939 2270 2205 2326 Hieroso-

554 2360 729 2433 lymis
778 2359 970 2432 potuit
1016 2360 1334 2416 excusare?
1367 2361 1569 2430 Itaque
1613 2363 1713 2414 aut
1752 2359 1924 2430 juxta
1973 2358 2205 2414 Graecos

558 2450 786 2506 codices
816 2453 905 2505 est
932 2448 1245 2520 legendum
1281 2465 1294 2503 :
1329 2447 1533 2517 Quibus
1561 2464 1736 2519 neque
1763 2447 1837 2502 ad
1867 2447 2060 2503 horam
2088 2465 2204 2503 ecs-

556 2540 729 2594 simus
755 2537 1117 2609 subjectioni;
1149 2543 1215 2593 ut
1245 2542 1668 2608 consequenter
1696 2537 1881 2608 possit
1911 2536 2154 2610 intelligi
2188 2554 2201 2593 :

558 2632 621 2682 ut
662 2628 865 2683 veritas
914 2628 1206 2695 Evangelii
1253 2635 1578 2697 permaneat
1628 2626 1773 2697 apud
1835 2642 1946 2681 vos.
1995 2628 2109 2680 Aut
2156 2624 2205 2681 si

557 2716 747 2771 Latini
796 2714 1144 2787 exemplaris
1192 2715 1365 2771 alicui
1419 2716 1565 2771 ﬁdes
1614 2716 1821 2787 placet,
1875 2716 2203 2771 secundum

556 2805 916 2877 superiorem
948 2820 1187 2860 sensum
1236 2804 1495 2876 accipere
1544 2805 1826 2861 debemus
1860 2822 1872 2859 :
1911 2810 1973 2861 ut
2002 2806 2074 2861 ad
2108 2804 2204 2859 ho-

557 2911 685 2951 ram
742 2895 930 2951 cessio
990 2910 1105 2949 non
1172 2893 1627 2949 circumcidendi
1675 2894 1811 2961 Titi,
1870 2894 1972 2949 sed
2030 2892 2205 2948 eundi

559 2982 1022 3055 Hierosolymam
1069 2983 1262 3037 fuerit.
1295 2984 1417 3048 Quo
1468 2982 1688 3038 scilicet
1716 2983 1929 3037 idcirco
1981 2982 2207 3052 subjec-

556 3070 701 3126 tioni
733 3071 1016 3126 cesserint
1051 3070 1269 3126 Paulus
1317 3080 1373 3125 et
1401 3072 1699 3126 Barnabas
1729 3072 1905 3127 eundi
1938 3071 2205 3126 Hieroso-

558 3158 799 3232 lymam,
833 3158 1117 3215 seditione
1164 3159 1235 3214 ob
1284 3158 1472 3231 legem
1504 3158 1820 3215 Antiochiae
1868 3160 2203 3218 concitata:

558 3254 623 3304 ut
652 3266 756 3322 per
802 3247 1120 3320 Epistolam
1170 3250 1589 3320 apostolorum,
1625 3267 1732 3304 sua
1777 3250 2063 3305 sententia
2101 3251 2200 3304 ﬁr-

558 3319 866 3409 maretur;
907 3342 965 3393 et
1040 3319 1300 3394 maneret
1368 3339 1521 3409 apud
1589 3337 1819 3394 Galatas
1903 3319 2274 3411 EvangeliiC

544 3416 791 3495 veritas,
827 3443 954 3499 qua:
1002 3444 1115 3483 non
1165 3431 1319 3483 esset
1348 3427 1406 3482 in
1441 3426 1653 3498 littera,
1687 3429 1787 3483 sed
1836 3427 1896 3483 in
1947 3428 2197 3500 spiritu;

553 3534 670 3574 non
702 3517 761 3573 in
793 3516 1013 3573 carnali
1044 3518 1359 3587 sensu,sed
1383 3516 1439 3571 in
1472 3516 1854 3589 intelligentia
1875 3517 2197 3589 spirituali;

552 3623 657 3663 nec
685 3606 747 3662 in
780 3607 1091 3662 manifesto
1138 3605 1467 3675 Judaismo,
1504 3607 1604 3663 sed
1654 3606 1711 3661 in
1766 3606 1991 3662 occulto
2024 3609 2195 3675 (Rom.

551 3713 614 3766 ιι,
647 3696 739 3763 28,
787 3696 900 3767 29).
935 3694 1253 3751 Sciendum
1304 3712 1457 3765 vero,
1508 3696 1687 3766 quod,
1717 3699 1919 3763 autem,
1952 3697 2199 3767 conjun-

533 3776 666 3840 ’ctio
698 3801 828 3855 qum
858 3784 916 3838 in
959 3782 1227 3855 praesenti
1275 3783 1398 3839 loco
1431 3783 1667 3855 ponitur
1694 3799 1706 3837 :
1738 3785 1968 3852 Propter
2012 3785 2201 3840 subin-

549 3872 818 3928 troductos
867 3881 1049 3927 autem
1091 3868 1265 3942 falsos
1306 3874 1532 3942 fratres,
1565 3871 1864 3943 superﬂua
1913 3874 2029 3927 sit:
2064 3878 2119 3929 et
2148 3874 2198 3929 si

548 3962 799 4034 legatur,
832 3978 945 4017 non
978 3960 1192 4016 habeat
1234 3960 1387 4033 quod
1420 3960 1470 4015 ei
1516 3962 1882 4033 respondeat,
1919 3961 2199 4035 illamque

538 4052 896 4120 concludat;
930 4051 1031 4107 sed
1081 4066 1209 4106 esse
1240 4050 1505 4106 ordinem
1555 4050 1821 4106 lectionis
1852 4056 1907 4107 et
1939 4070 2147 4108 sensus
2182 4069 2194 4108 :

549 4140 660 4198 Sed
699 4157 887 4213 neque
934 4141 1101 4196 Titus
1150 4140 1251 4212 qui
1297 4156 1526 4195 mecum
1571 4146 1716 4210 erat,
1751 4158 1883 4196 cum
1932 4147 2087 4197 esset
2130 4158 2198 4197 ex

544 4231 843 4304 gentibus,
904 4229 1247 4302 compulsus
1305 4234 1395 4285 est
1452 4229 1810 4285 circumcidi.
1856 4231 2197 4304 .Sta‘timque

545 4320 869 4392 subjungat
898 4312 1041 4391 quae
1092 4334 1269 4373 causa
1315 4316 1511 4382 fuerit,
1557 4322 1623 4372 ut
1673 4318 1746 4372 ad
1799 4318 2195 4374 circumcisio-

529 4424 684 4473 nem
733 4407 1135 4480 impelleretur
1190 4406 1410 4461 invitus
1465 4423 1478 4460 :
1533 4411 1763 4478 PrOpter
1808 4408 2192 4463 subintroduc-

545 4500 643 4564 tos,
720 4495 936 4567 inquit,
1020 4497 1189 4567 falsos
1271 4496 1498 4566 fratres,
1575 4497 1671 4565 qui
1754 4496 2197 4553 subintroierunt

543 4586 837 4657 explorare
900 4585 1213 4641 libertatem
1265 4592 1512 4639 nostram
1581 4601 1748 4656 quam
1821 4586 2080 4642 habemus
2134 4590 2195 4642 in

2321 666 2824 723 circumcisionem
2881 677 3059 734 quam
3120 658 3453 713 sciebamus
3503 673 3633 713 esse
3683 656 3913 713 ﬁnitam
3958 676 3974 715 :

2320 774 2422 812 vos
2451 773 2519 812 ex
2567 755 2860 827 gentibus,
2895 752 3048 807 402
3078 765 3180 803 vos
3211 748 3270 802 in
3324 745 3571 814 Galatia,
3604 763 3706 803 vos
3754 747 3976 819 quibus

2320 847 2406 900 vis
2439 845 2599 900 nulla
2639 844 2836 898 inferri
2872 845 3078 912 potest,
3116 837 3266 892 ultro
3316 853 3350 890 a
3378 836 3566 908 gratia
3614 838 3974 906 recedentes,

2321 934 2389 988 ad
2450 934 2612 1005 chis
2655 934 2780 1002 jam
2828 929 3053 984 abolita
3099 925 3547 982 transcendistis
3595 931 3973 982 vetustatem.

2390 1021 2575 1092 (Vers.
2607 1021 2687 1089 6.)
2717 1043 2745 1068 «
2778 1019 2862 1073 Ab
2910 1018 3005 1072 bis
3052 1023 3248 1072 autem
3298 1014 3398 1087 qui
3446 1015 3798 1071 videbantur
3843 1032 3974 1073 esse

2320 1109 2565 1182 aliquid,
2597 1108 2800 1180 quales
2832 1106 3149 1179 aliquando
3180 1105 3424 1171 fuerint,
3458 1103 3610 1159 nihil
3641 1121 3773 1161 mea
3795 1105 3974 1162 inter-

2320 1204 2409 1255 est
2465 1217 2479 1255 :
2546 1201 2694 1254 Deus
2748 1212 3059 1270 personam
3131 1194 3393 1250 hominis
3467 1210 3582 1251 non
3642 1194 3873 1267 accipit.
3939 1218 3963 1249 ι

2319 1287 2495 1357 Licet,
2524 1287 2736 1358 inquit,
2768 1286 3003 1341 Petrum
3035 1288 3092 1340 et
3118 1284 3406 1341 Joannem
3451 1284 3734 1340 Dominus
3764 1300 3969 1341 secum

2320 1376 2612 1449 apostolos
2635 1374 2925 1442 habuerit,
2943 1379 3000 1429 et
3019 1374 3506 1445 transﬁguratum
3527 1389 3660 1429 eum
3686 1372 3746 1427 in
3768 1378 3969 1430 monte

2316 1465 2568 1522 viderint
2597 1465 2823 1536 (Matth.
2857 1482 2995 1534 xvu,
3023 1465 3076 1531 1,
3107 1466 3175 1530 2;
3208 1462 3374 1517 Marc.
3410 1479 3486 1527 1x,
3523 1462 3573 1533 1,
3596 1462 3673 1532 2),
3707 1465 3762 1517 et
3792 1479 3971 1534 super

2319 1555 2479 1626 ipsos
2510 1554 2775 1609 Ecclesiae
2800 1554 2875 1607 sit
2897 1553 3152 1625 positum
3193 1551 3680 1607 fundamentum:
3714 1550 3859 1606 mihi
3888 1555 3972 1607 ta-

2319 1661 2452 1699 men
2495 1643 2643 1698 nihil
2692 1645 2885 1708 refert,
2919 1642 3059 1713 quia
3105 1658 3221 1696 non
3272 1641 3582 1696 adversum
3632 1656 3730 1696 eos
3763 1640 3973 1712 loquor

2320 1734 2418 1806 qui
2450 1750 2515 1789 eo
2546 1738 2805 1804 tempore
2840 1733 3146 1786 Dominum
3183 1731 3600 1802 sequebantur,
3630 1730 3730 1786 sed
3762 1730 3970 1786 adver-

2319 1839 2451 1877 sum
2483 1839 2580 1877 eos
2610 1822 2819 1893 loquor
2847 1822 2944 1893 qui
2966 1837 3121 1876 nunc
3152 1819 3337 1893 legem
3366 1824 3712 1891 praeponunt
3736 1820 3967 1892 gratias:

2319 1928 2423 1967 nec
2471 1912 2715 1967 detraho
2776 1910 3241 1982 praecessoribus,
3292 1924 3397 1963 nec
3448 1908 3508 1963 in
3560 1906 3758 1981 aliqua
3808 1912 3971 1981 parte

2314 2018 2524 2057 accuso
2563 2003 2834 2071 majores,
2859 2001 2959 2055 sed
2984 2000 3092 2054 hoc
3130 1998 3278 2067 dico,
3303 1998 3445 2069 quia
3470 1999 3620 2053 Deus
3656 2014 3966 2070 personam

2314 2091 2569 2146 hominis
2601 2107 2716 2145 non
2747 2090 2977 2161 accipit.
3014 2089 3138 2144 Non
3170 2088 3326 2144 enim
3358 2086 3583 2160 accepit
3614 2087 3818 2160 Moysi,
3843 2104 3961 2143 non

2313 2179 2535 2251 accepit
2578 2178 2777 2246 David,
2811 2196 2927 2233 non
2976 2177 3200 2249 accepit
3251 2176 3553 2232 aliorum:
3602 2192 3708 2232 nec
3760 2192 3966 2233 eorum

2313 2286 2448 2341 ergo
2487 2268 2748 2341 accipiet,
2782 2267 2879 2338 qui
2934 2268 3135 2322 cedere
3179 2266 3537 2338 quibusdam
3587 2266 3863 2321 videntur
3890 2266 3964 2322 ad

2314 2363 2572 2430 tempus,
2602 2356 2836 2413 tametsi
2866 2356 2975 2428 ipsi
3009 2372 3237 2412 meeum
3292 2355 3569 2423 sentiant,
3616 2360 3784 2410 Petro
3816 2372 3963 2426 quo-

2314 2463 2426 2518 que
2473 2448 2699 2501 dicente
2749 2462 2761 2500 :
2813 2446 2876 2499 In
2932 2447 3163 2501 veritate
3215 2460 3490 2515 cognosco,
3534 2446 3665 2515 quia
3719 2460 3831 2500 non
3886 2446 3969 2501 est

2315 2540 2560 2607 acceptor
2599 2552 2960 2607 personarum
3009 2536 3173 2602 Deus,
3234 2534 3329 2589 sed
3384 2536 3445 2588 in
3499 2535 3651 2589 omni
3699 2534 3813 2589 loco
3871 2534 3969 2605 qui

2315 2628 2470 2680 timet
2498 2643 2641 2691 eum,
2674 2629 2725 2679 et
2772 2634 3032 2697 Operatur
3052 2625 3355 2695 justitiam,
3388 2623 3745 2695 acceptabitis
3795 2624 3847 2679 ei
3890 2624 3968 2680 est

2313 2716 2452 2783 (Act.
2476 2730 2532 2785 Χ,
2554 2716 2643 2785 3i,
2670 2715 2779 2783 35).
2817 2716 2939 2780 Quo
2961 2714 3157 2786 itaque
3186 2718 3526 2786 argamento
3559 2713 3684 2784 ipse
3725 2716 3966 2768 sanctus

2315 2805 2613 2877 apostolus
2645 2805 2847 2859 Petrus
2879 2805 3187 2859 adversum
3220 2820 3317 2859 eos
3367 2802 3467 2874 qui
3498 2801 3558 2857 in
3601 2801 3864 2858 Cornelio
3893 2818 3963 2857 ex

2314 2894 2587 2964 gentibus
2647 2892 2957 2964 baptizato,
3020 2908 3124 2947 nec
3195 2891 3565 2958 circumciso,
3615 2889 3961 2947 scandalum

2316 2983 2709 3052 sustinebant,
2741 2981 2943 3048 utitur,
2977 2987 3033 3037 et
3078 2980 3269 3052 placat
3313 2998 3413 3036 eos
3442 2997 3505 3035 se
3535 2997 3656 3035 non
3704 2980 3967 3052 potuisse

2316 3088 2525 3143 negare
2556 3088 2769 3142 aquam
2818 3070 2908 3126 his
2941 3070 3041 3142 qui
3091 3070 3372 3141 Spiritum
3405 3074 3676 3125 sanctum
3726 3086 3964 3141 accepe-

2315 3165 2447 3215 rant
2507 3177 2519 3213 :
2580 3161 2783 3215 eodem
2853 3176 3007 3214 nunc
3077 3164 3315 3215 sanctus
3371 3159 3671 3231 apostolus
3743 3158 3962 3214 Paulus

2312 3250 2622 3305 adversum
2656 3250 2850 3320 ipsum
2902 3249 3135 3304 Petrum
3170 3248 3451 3321 disputat,
3485 3249 3639 3320 quod
3691 3263 3965 3320 persona-

2311 3356 2441 3394 rum
2497 3357 2610 3394 non
2671 3340 2747 3394 sit
2794 3344 3062 3410 acceptor
3106 3338 3281 3404 Deus,
3325 3337 3427 3393 sed
3476 3353 3960 3410 unumquemque

2310 3446 2413 3501 pro
2445 3429 2679 3483 veritate
2700 3428 3029 3499 judicet.Et
3053 3427 3135 3482 ita
3164 3432 3333 3482 caute
3359 3430 3415 3481 et
3434 3426 3789 3498 pedetentim
3808 3426 3965 3483 inter

2310 3518 2542 3574 laudem
2577 3525 2632 3573 et
2676 3517 3144 3589 objurgationem
3177 3516 3329 3571 Petri
3363 3516 3593 3573 medius
3626 3517 3866 3585 incedit,
3900 3519 3964 3571 ut

2309 3613 2365 3663 et
2421 3608 2756 3680 praecessori
2806 3606 3065 3678 apostolo
3141 3606 3383 3674 deferat,
3444 3612 3501 3661 et
3570 3606 3958 3662 nihilominus

2311 3698 2584 3751 audacter
2633 3696 2683 3751 ei
2731 3696 2966 3751 resistat
3014 3696 3075 3749 in
3126 3694 3331 3751 faciem
3383 3696 3544 3766 (vers.
3581 3697 3690 3764 11),
3722 3695 3964 3751 veritate

2309 3784 2667 3857 compulsus.
2704 3808 2730 3834 «
2768 3783 2905 3839 Mihi
2939 3784 3094 3839 enim
3126 3784 3227 3856 qui
3253 3784 3621 3856 videbantur,
3656 3783 3805 3839 nihil
3833 3801 3970 3840 con-

2307 3874 2588 3929 tulerunt.
2652 3896 2678 3922 ››
2735 3875 2863 3945 Ipse
2913 3873 3184 3946 superius
3224 3890 3359 3929 cum
3417 3872 3534 3929 illis
3589 3871 3859 3944 contulit,
3913 3878 3972 3929 et

2310 3962 2497 4019 multa
2525 3962 2597 4017 ad
2630 3979 2728 4018 eos
2761 3962 2978 4030 retulit,
3006 3980 3133 4035 qua:
3162 3962 3222 4018 in
3254 3963 3532 4035 gentibus
3563 3967 3964 4036 perpetraret:

2308 4052 2392 4107 illi
2427 4052 2569 4106 nihil
2595 4051 2969 4107 contulerunt
2990 4052 3063 4118 ei,
3092 4053 3193 4107 sed
3218 4053 3624 4108 tantummodo
3647 4069 3775 4125 qua
3799 4053 3873 4109 ab
3894 4069 3963 4110 eo

2307 4140 2461 4195 dicta
2481 4140 3345 4211 suntcomprobantes,dextera
3359 4142 3573 4197 dederu
3584 4145 3648 4196 nt
3659 4140 3960 4210 consortii,

2305 4234 2364 4284 et
2395 4246 2579 4285 unum
2610 4247 2784 4285 suum
2817 4230 3099 4301 Paulique
3144 4229 3519 4303 Evangelium
3551 4231 3959 4288 ﬁrmaverunt.

2307 4318 2565 4375 Rursum
2615 4319 2960 4391 notandum,
3014 4321 3167 4391 quod
3216 4321 3569 4376 contulerunt
3617 4322 3659 4390 ³,
3718 4321 3963 4378 verbum

2308 4407 2502 4479 ipsum
2536 4407 2612 4463 sit
2641 4409 2698 4463 in
2733 4409 2949 4475 Graeco,
2981 4409 3053 4464 de
3086 4425 3202 4480 quo
3233 4413 3366 4465 ante
3396 4410 3798 4466 tractavimus.

2377 4496 2561 4569 (Vers.
2609 4485 2747 4569 7—9.)
2801 4518 2823 4545 α
2871 4497 2983 4553 Sed
3038 4502 3240 4553 contra
3288 4515 3420 4555 cum
3476 4498 3762 4554 vidissent
3802 4499 3962 4569 quod

2306 4588 2590 4643 creditum
2612 4592 2701 4643 est
2732 4587 2875 4642 mihi
2900 4585 3279 4659 Evangelium
3305 4586 3599 4659 praeputii,
3623 4586 3778 4643 situt
3806 4588 3963 4644 408

547 4673 769 4731 Christo
845 4675 989 4743 Jesu,
1052 4684 1125 4741 ut.
1162 4689 1261 4728 nos
1336 4675 1397 4728 in
1473 4676 1790 4730 servitutem
1863 4676 2193 4747 redigerent.
2229 4695 2275 4760 D
2307 4677 2473 4733 Petro
2503 4677 2993 4733 circumcisionis.
3025 4676 3135 4739 Qui
3166 4677 3323 4733 enim
3376 4679 3649 4748 Operatus
3675 4680 3766 4732 est
3793 4675 3962 4734 Petro

544 4761 652 4828 Qui
702 4778 836 4817 cum
886 4762 1066 4818 minis
1113 4765 1413 4829 terrerent,
1448 4767 1505 4817 et
1552 4763 1930 4820 multitudine
1981 4764 2195 4822 vellent

544 4867 652 4908 nos
681 4868 715 4906 υ.
743 4850 1008 4906 libertate
1042 4854 1057 4887 ¹
1090 4851 1303 4907 Christi
1346 4852 1406 4906 in
1438 4851 1583 4924 legis
1614 4854 1916 4910 traducere
1947 4855 2191 4910 servitu-

542 4945 685 5008 tem,
718 4955 789 4995 ne
837 4940 911 4995 ad
955 4945 1189 5013 tempus
1238 4941 1475 5013 quidem
1508 4941 1593 4997 eis
1640 4943 1951 5013 cessimus,
1986 4948 2051 4999 ut
2080 4944 2191 4999 cir-

542 5028 1012 5087 cumcideremus
1057 5030 1255 5084 Titum
1291 5045 1304 5084 :
1339 5030 1593 5086 maxime
1641 5047 1775 5087 cum
1809 5036 1864 5087 et
1894 5032 2090 5103 aliqua
2119 5034 2191 5089 ob

542 5117 999 5176 ecclesiasticam
1077 5134 1281 5189 pacem
1369 5119 1619 5188 potuerit
1690 5137 1796 5175 nos
1874 5110 2191 5178 necessitas

540 5199 865 5266 excusare:
902 5212 959 5262 et
1004 5207 1112 5263 hoc
1160 5211 1351 5262 totum
1396 5207 1662 5275 fecimus,
1696 5213 1761 5263 ut
1808 5209 1974 5263 vobis
2027 5209 2191 5266 nulla

539 5300 706 5356 ﬁeret
765 5297 991 5354 occasio
1040 5297 1113 5352 ab
1162 5295 1452 5368 Evangelii
1511 5296 1697 5369 gratia
1746 5298 2075 5353 recedendi.
2129 5300 2189 5356 Si

537 5387 720 5459 igitur
748 5404 856 5443 nos
886 5385 1265 5457 Jerosolymis
1314 5386 1466 5441 inter
1494 5391 1689 5441 tantos
1718 5386 1953 5442 Judzeos
1992 5386 2187 5443 immi-

542 5477 843 5532 mentibus
902 5476 1041 5532 hinc
1091 5475 1227 5530 inde
1276 5472 1440 5530 falsis
1490 5475 1793 5542 fratribus,
1840 5481 1898 5530 et
1944 5475 2037 5531 his
2087 5479 2187 5550 qui

541 5566 794 5635 majores
825 5571 991 5622 erant
1016 5565 1215 5637 aliqua
1262 5580 1329 5620 ex
1372 5569 1531 5636 parte
1561 5564 1993 5633 cohibentibus,
2027 5566 2189 5622 nulla

612 5708 629 5739 1
663 5703 829 5782 Unus
843 5707 1155 5782 Palatinus
1184 5722 1197 5763 :
1227 5707 1340 5782 Qui
1367 5723 1490 5763 cum
1518 5707 1684 5762 minis
1712 5712 1916 5765 terrere
1934 5710 2186 5766 multitu-

534 5775 722 5843 dinem
748 5777 965 5851 vellent,
999 5785 1052 5841 et
1080 5794 1178 5844 nos
1205 5775 1542 5853 a‘tibertate,
1575 5782 1684 5841 etc.

2307 4766 2364 4821 in
2421 4768 2816 4839 apostolatum
2875 4766 3362 4833 circumcisionis,
3422 4769 3698 4838 operatus
3762 4769 3854 4822 est
3904 4770 3964 4822 et

2305 4855 2451 4910 mihi
2498 4856 2647 4911 inter
2694 4860 2915 4928 gentes.
2949 4856 3018 4912 Et
3066 4872 3198 4911 cum
3247 4854 3657 4929 cognovissent
3706 4854 4005 4927 gratiam.

2303 4962 2431 5016 qua:
2481 4945 2619 5000 data
2665 4951 2755 5000 est
2801 4944 2966 5012 mihi,
2998 4945 3206 5002 Petrus
3257 4950 3314 5001 et
3360 4944 3639 5012 Jacobus,
3673 4949 3730 5000 et
3780 4945 3960 5002 Joan-

2301 5051 2424 5101 nes,
2453 5034 2553 5106 qui
2599 5034 2948 5091 videbantur
2977 5034 3262 5091 columnm
3316 5051 3465 5103 esse,
3497 5036 3730 5090 dextras
3783 5034 3961 5090 dede-

2299 5128 2438 5178 runt
2494 5123 2638 5178 mihi
2697 5128 2754 5178 et
2813 5122 3111 5192 Barnabas,
3170 5123 3465 5179 societatis
3525 5138 3539 5178 :
3600 5127 3668 5178 ut
3726 5140 3833 5179 nos
3893 5123 3954 5177 in

2299 5218 2501 5284 gentes
2531 5229 2544 5279 ;
2580 5212 2690 5284 ipsi
2736 5217 2929 5268 autem
2964 5213 3023 5267 in
3068 5210 3594 5268 circumcisionem.
3630 5234 3660 5262 »
3692 5204 3954 5285 ’Υπὲρϐα-

2297 5321 2393 5354 του
2421 5305 2529 5373 est,
2563 5306 2619 5357 et
2664 5301 2869 5357 multis
2920 5318 3048 5374 quae
3098 5302 3158 5357 in
3209 5302 3401 5357 medio
3456 5306 3596 5357 sunt
3646 5302 3955 5373 interjecta

2298 5390 2568 5460 sublatis,
2623 5390 2707 5446 sic
2752 5390 3003 5446 breviter
3051 5390 3164 5463 legi
3214 5395 3424 5462 potest.
3460 5391 3602 5446 Mihi
3645 5391 3802 5447 enim
3853 5389 3957 5462 qui

2295 5480 2645 5535 videbantur
2699 5495 2827 5534 esse
2884 5479 3031 5534 nihil
3087 5479 3513 5535 contulerunt:
3547 5479 3649 5536 sed
3707 5482 3947 5536 econtra

2296 5569 2564 5624 dexteras
2622 5567 2907 5623 dederunt
2963 5569 3108 5624 mihi
3160 5574 3218 5625 et
3264 5569 3565 5636 Barnabas,
3628 5567 3949 5624 societatis.

2364 5710 2387 5744 ²
2414 5708 2650 5766 Veteres
2681 5709 2821 5765 editi
2871 5711 3067 5769 ipsum
3097 5713 3343 5769 verbum
3391 5713 3655 5769 Graacum
3698 5710 3946 5769 interse-

2295 5784 2435 5845 runt
2464 5798 2479 5844 :
2509 5780 2651 5859 quod
2679 5780 3088 5860 προσανέθεντο,
3119 5787 3492 5858 contulerunt,
3522 5788 3633 5846 etc.
