4304 6590
347 398 500 457 ³361

1069 401 1291 463 COMM
1303 403 1503 462 ENTA
1518 405 1586 462 Β.
1636 404 1710 462 1N
1764 402 2006 462 El’lS'l‘.

2150 418 2155 452 ι
2204 405 2484 463 GALA'I‘.
2532 407 2673 465 ΜΒ.
2731 409 2772 476 l,
2821 408 2992 466 CAP.
3042 407 3118 466 ll.

3669 410 3800 470 .362

389 535 504 588 Aut
553 535 707 588 certe
757 531 853 588 ille
891 533 1110 606 absque
1151 534 1468 608 jactatione
1501 535 1614 600 sui,
1647 533 1909 591 occultus
1952 538 2040 590 est
2067 537 2121 604 Α
2153 552 2286 590 mus
2318 537 2638 609 principale
2671 537 2922 610 singulis
2953 539 3011 594 in
3043 540 3276 595 Judmos
3306 545 3362 595 et
3383 545 3584 613 gentes
3616 541 3800 599 fuisse

391 639 648 678 sensus:
684 621 824 678 Mihi
875 622 975 694 qui
1023 624 1371 680 videbantur
1416 641 1544 681 esse
1593 624 1835 696 aliquid,
1889 623 2033 680 nihil

390 711 798 779 contulerunt;
835 713 935 769 sed
967 719 1202 787 econtra
1251 731 1285 770 a
1334 731 1426 770 me
1473 714 1556 770 eis
1605 713 1885 770 collatum
1927 715 2035 780 est,

390 803 531 858 dum
587 803 736 858 fiunt
783 801 840 857 in
892 803 1184 875 Evangelii
1242 805 1430 876 gratia
1484 805 1792 860 firmiores.
1822 804 2036 858 Totum

388 897 582 948 autem
613 893 770 964 quod
802 892 959 959 dicit,
992 893 1101 949 hoc
1133 899 1222 948 est
1253 910 1266 948 :
1302 910 1456 948 unus
1487 897 1664 965 atque
1696 894 1853 949 idem
1891 891 2036 946 mihi

389 981 763 1054 Evangelium
795 981 1086 1055 praeputii,
1120 986 1176 1038 et
1211 983 1372 1038 Petro
1405 981 1870 1037 circumcisionis
1919 996 2038 1036 cre-

388 1070 550 1126 didit.
586 1071 675 1128 Me
707 1071 868 1127 misit
897 1071 969 1126 ad
1000 1075 1224 1144 gentes,
1260 1068 1429 1125 illum
1462 1069 1659 1141 posuit
1705 1070 1765 1124 in
1813 1069 2034 1124 Judaaa.

387 1159 499 1216 Nec
521 1165 726 1233 gentes
749 1163 1018 1232 poterant
1039 1158 1241 1216 adulta
1256 1160 1381 1228 jam
1407 1162 1574 1214 {etate
1597 1175 1711 1213 non
1732 1158 2035 1230 profuturo

387 1247 855 1306 circumcisionis
887 1247 1086 1304 dolore
1117 1247 1383 1315 cruciari,
1416 1252 1474 1303 et
1503 1246 1806 1304 abstinens
1856 1264 1918 1302 se
1964 1246 2036 1302 ab

386 1338 556 1410 escis,
587 1339 804 1410 quibus
848 1353 1081 1409 semper
1133 1341 1533 1404 assueverant,
1587 1341 1644 1392 et
1693 1353 1842 1408 quas
1893 1341 2039 1391 Deus

385 1431 679 1484 creaverat
706 1427 779 1482 ad
812 1427 1093 1482 utendum
1125 1445 1138 1495 ;
1172 1442 1275 1482 nec
1310 1425 1368 1480 hi
1400 1425 1499 1498 qui
1541 1442 1610 1482 ex
1650 1424 1868 1481 Judaais
1917 1441 2040 1480 crc-

387 1517 658 1574 diderant
688 1521 746 1573 et
784 1516 1114 1572 circumcisi
1163 1519 1346 1582 erant,
1399 1521 1457 1571 et
1498 1532 1567 1570 ex
1617 1515 2040 1571 consuetudine

388 1606 558 1679 quasi
603 1607 860 1662 secunda
912 1610 1138 1672 natura,
1175 1605 1464 1678 putabant
1493 1621 1555 1660 se
1587 1623 1619 1660 a
1649 1604 1870 1660 ceteris
1899 1620 2038 1676 gen-

385 1695 544 1751 tibus
576 1695 708 1768 plus
739 1694 970 1762 habere,
1021 1693 1190 1750 facile
1239 1698 1612 1751 contemnere
1659 1698 1928 1766 poterant
1973 1709 2041 1748 ea

383 1785 445 1839 in
504 1784 720 1856 quibus
778 1783 1202 1856 gloriabantur.
1259 1783 1628 1856 Providentia
1677 1783 1877 1854 itaque
1918 1781 2037 1848 Dei,

383 1872 535 1930 alius
582 1873 885 1947 apostolus
935 1873 1302 1928 circumcisis
1355 1872 1529 1973 datus
1579 1876 1688 1972 est,
1735 1872 1835 1944 qui
1891 1869 2038 1971 legis
2072 1907 2120 1973 Β

385 1963 610 2019 umbris
655 1963 953 2020 videretur
999 1964 1390 2034 acquiescere,
1439 1961 1592 2018 alius
1649 1961 1707 2015 in
1751 1960 2037 2033 praeputio

385 2051 864 2124 constitutis,qui
898 2050 1191 2124 Evangelii
1222 2050 1475 2124 gratiam
1507 2067 1626 2107 non
1652 2053 1886 2124 putaret
1912 2065 2040 2105 esse

385 2142 714 2212 servitium,
747 2141 847 2196 sed
880 2139 1124 2197 liberam
1155 2141 1351 2197 fidem.
1387 2141 1469 2197 Ne
1499 2141 1610 2196 sub
1641 2139 1838 2212 aliqua
1869 2155 2040 2196 occa-

387 2231 551 2287 sione
580 2230 1065 2303 impedimentum
1113 2230 1244 2286 fidei
1295 2234 1635 2286 nasceretur
1668 2247 1681 2283 :
1716 2233 1775 2284 et
1806 2231 2040 2301 propter

385 2319 893 2376 circumcisionem
937 2305 1061 2375 sive
1114 2319 1490 2391 praeputium,
1538 2335 1654 2374 non
1704 2318 2040 2374 crederetur

385 2411 445 2466 in
473 2409 792 2466 Christum.
826 2408 941 2464 Nec
972 2407 1082 2464 hoc
1113 2407 1364 2464 dicimus
1396 2409 1551 2481 quod
1589 2408 1812 2478 Petrus,
1845 2407 1943 2479 qui
1981 2410 2040 2461 et

384 2499 510 2573 ipse
566 2497 626 2553 in
682 2497 927 2554 Actibus
985 2495 1384 2569 apostolorum
1445 2496 1677 2552 nullum
1734 2495 2037 2551 hominem

384 2603 760 2645 communem
807 2601 935 2642 esse
983 2590 1237 2642 testatus
1282 2592 1371 2642 est
1422 2586 1560 2657 (Act.
1612 2603 1669 2656 x,
1703 2585 1792 2656 34,
1824 2585 1936 2654 35),
1983 2587 2042 2638 et

383 2678 445 2732 in
477 2676 576 2732 illo
607 2692 763 2742 vase,
785 2677 938 2747 quod
972 2678 1225 2746 quatuor
1253 2674 1486 2747 angulis
1518 2675 1588 2729 de
1621 2673 1764 2729 caelo
1787 2675 2038 2728 missum

382 2765 608 2822 viderat
663 2764 822 2837 (Ibid.
876 2764 963 2827 14,
1019 2764 1129 2832 15),
1188 2763 1463 2818 edocetur
1524 2761 1672 2816 nihil
1729 2761 2034 2828 interesse,

382 2855 625 2912 Judaeus
655 2853 732 2909 sit
757 2852 995 2925 aliquis,
1029 2869 1100 2907 an
1132 2851 1391 2925 gentilis,
1425 2851 1594 2924 quasi
1635 2849 1854 2906 oblitus
1885 2849 2039 2922 prio-

384 2961 539 3012 rum,
612 2956 788 3015 super
861 2941 1153 3016 Evangelii
1225 2941 1432 3015 gratia,
1503 2940 1692 3014 legem
1751 2937 2043 3012 putaverit

387 3033 811 3090 observandam
847 3048 860 3086 :
894 3032 994 3086 sed
1019 3035 1083 3086 ut
1103 3029 1228 3103 ipse
1260 3045 1493 3102 quoque
1523 3028 1711 3101 legem
1743 3027 2040 3084 custodire

387 3141 452 3180 se
481 3122 791 3192 simulans,
820 3121 1104 3194 paulatim
1131 3120 1368 3176 Judaaos
1406 3120 1479 3175 ab
1523 3120 1765 3191 antiquo
1809 3116 2040 3174 vivendi

389 3230 552 3271 more
577 3213 912 3269 deduceret.
950 3211 1076 3266 Non
1106 3210 1262 3266 enim
1293 3213 1564 3282 poterant
1593 3213 1823 3264 tantum
1847 3207 2039 3263 obser-

2148 626 2514 691 mandatum,
2567 632 2632 680 ut
2677 626 2778 698 qui
2829 627 3219 684 defendebant
3271 627 3480 701 legem,
3516 628 3801 688 haberent

2147 731 2321 786 quem
2355 719 2773 786 sequerentur;
2808 716 2909 786 qui
2941 715 3052 789 legi
3093 716 3343 788 gratiam
3392 717 3797 790 praaferebant,

2147 821 2263 858 non
2311 793 2540 859 deesset
2589 803 2674 859 eis
2723 803 2923 859 doctor
2970 809 3026 860 et
3075 805 3342 877 praevius.
3378 807 3441 862 In
3486 813 3798 864 Commune

2146 908 2283 948 vero
2332 892 2440 948 hoc
2491 909 2590 948 eos
2643 892 2925 949 habuisse
2977 894 3284 966 propositi,
3331 899 3397 950 ut
3446 895 3674 952 Christo
3731 913 3802 953 ex

2149 981 2376 1038 cunctis
2406 981 2682 1055 gentibus
2712 981 3032 1038 Ecclesiam
3065 989 3505 1058 congregarent.
3526 985 3801 1058 Legimus

2149 1069 2305 1125 enim
2336 1073 2393 1125 et
2421 1087 2455 1125 a
2485 1074 2688 1126 sancto
2719 1071 2886 1127 Petro
2921 1071 3196 1144 gentilem
3229 1071 3588 1146 baptizatum
3621 1074 3802 1131 fuisse

2150 1156 2482 1214 Cornelium
2531 1159 2666 1230 (Act.
2718 1176 2773 1226 x,
2821 1159 2932 1230 48),
2984 1164 3040 1215 et
3090 1178 3123 1215 a
3170 1160 3351 1217 Paulo
3396 1162 3456 1218 in
3489 1163 3803 1238 synagogis

2149 1246 2510 1316 Judzeorum,
2541 1245 2839 1302 Christum
2891 1248 3218 1320 saepissime
3251 1251 3630 1322 praedicatum
3664 1253 3802 1324 (Act.

2151 1352 2228 1401 1x,
2259 1336 2358 1402 20;
2389 1352 2526 1406 xvu,
2562 1339 2614 1403 1,
2659 1337 2735 1407 2).
2779 1341 2993 1403 Petrus,
3044 1342 3095 1392 et
3136 1342 3400 1405 Joannes,
3452 1349 3504 1395 et
3543 1343 3803 1414 Jacobus,

2149 1426 2247 1494 qui
2275 1424 2599 1480 videbantur
2627 1425 2896 1481 columnae
2946 1441 3079 1482 esse.
3127 1427 3240 1482 Ter
3286 1428 3690 1500 supradictum
3732 1431 3805 1487 de

2150 1513 2431 1585 apostolis
2462 1513 2714 1585 legimus
2749 1531 2761 1569 :
2797 1514 3050 1570 Seorsum
3077 1519 3270 1571 autem
3300 1517 3386 1571 his
3415 1519 3510 1589 qui
3539 1518 3802 1575 videban-

2149 1610 2257 1660 tur.
2311 1603 2379 1658 Et
2429 1621 2442 1659 :
2494 1603 2571 1658 Ab
2619 1603 2705 1658 his
2757 1606 2856 1674 qui
2905 1604 3232 1660 videbantnr
3269 1621 3383 1662 esse
3411 1607 3648 1679 aliquid.
3681 1607 3798 1665 Et:

2147 1692 2283 1747 Mihi
2309 1693 2458 1747 enim
2489 1693 2588 1763 qui
2614 1691 2940 1748 videbantur
2967 1709 3081 1749 esse
3113 1694 3339 1767 aliquid
3367 1714 3385 1750 :
3415 1695 3562 1752 nihil
3607 1701 3799 1754 contu-
3871 1679 3878 1692 ’

2151 1781 2350 1836 lerunt.
2430 1781 2725 1836 Sollicitus
2792 1782 2991 1854 itaque
3057 1783 3446 1855 requirebam,
3515 1786 3800 1858 quidnam

2149 1875 2304 1926 esset
2346 1869 2502 1941 quod
2553 1870 2791 1937 diceret,
2845 1873 2940 1943 qui
2982 1872 3356 1928 videbantur:
3389 1875 3491 1930 sed
3523 1892 3680 1932 nunc
3708 1893 3802 1932 me

2150 1958 2312 2014 omni
2339 1958 2617 2032 scrupulo
2647 1959 2939 2026 liberavit,
2981 1961 3284 2034 adjiciens,
3333 1966 3431 2035 qui
3474 1965 3804 2021 videbantur

2148 2049 2424 2105 columnae
2452 2065 2583 2104 esse.
2617 2048 2913 2104 Columnae
2962 2050 3142 2123 igitur
3188 2056 3328 2106 sunt
3365 2053 3631 2110 Ecclesia:
3663 2072 3802 2128 apo-

2149 2136 2309 2202 stoli,
2347 2142 2404 2192 et
2434 2136 2688 2191 maxime
2720 2136 2944 2204 Petrus,
2975 2139 3252 2210 Jacobus,
3309 2146 3366 2196 et
3406 2142 3684 2210 Joannes,
3734 2160 3803 2200 ex

2150 2225 2367 2298 quibus
2395 2225 2510 2279 duo
2544 2241 2678 2280 cum
2710 2225 2958 2282 Domino
2979 2231 3292 2285 ascendere
3313 2235 3616 2288 merentur
3645 2233 3796 2291 405

2147 2314 2208 2368 in
2239 2319 2497 2369 montem
2527 2315 2749 2386 (Matth.
2783 2331 2919 2382 xvn,
2955 2317 3028 2389 1),
3060 2335 3309 2389 quorum
3341 2336 3496 2375 unus
3544 2319 3604 2375 in
3653 2327 3804 2394 Apo-

2150 2401 2368 2476 calypsi
2397 2402 2753 2460 Salvatorem
2793 2404 3114 2462 introducit
3155 2407 3492 2480 loquentem
3527 2427 3540 2465 :
3570 2412 3686 2484 Qui
3711 2413 3801 2467 vi-

2148 2494 2303 2560 cerit,
2362 2493 2573 2564 faciam
2618 2509 2745 2548 cum
2791 2493 3113 2552 colu-mnam
3168 2499 3226 2551 in
3285 2498 3483 2572 templo
3540 2499 3644 2556 Dei
3691 2502 3803 2556 mei

2151 2581 2330 2653 (Apoc.
2366 2598 2451 2649 IlI,
2487 2582 2596 2652 12),
2630 2583 2842 2637 docens
2875 2599 3077 2639 omnes
3107 2585 3410 2642 credentes
3453 2587 3554 2659 qui
3597 2589 3798 2645 adver-

2150 2671 2373 2726 sarium
2401 2669 2664 2736 vicerint,
2697 2687 2870 2743 posse
2901 2671 3206 2729 columnas
3237 2674 3505 2731 Ecclesiae
3537 2677 3683 2734 ﬁeri.
3709 2678 3796 2734 Ad

2149 2759 2522 2816 Timotheum
2551 2775 2684 2816 vero
2716 2760 2932 2816 Paulus
2959 2761 3223 2818 scribens
3255 2764 3336 2820 ait
3365 2780 3376 2818 :
3415 2764 3477 2821 Ut
3494 2767 3636 2822 scias
3664 2783 3796 2838 quo-

2148 2849 2304 2904 modo
2333 2853 2573 2921 oporteat
2620 2852 2669 2906 te
2719 2851 2778 2904 in
2827 2850 2988 2906 domo
3043 2853 3151 2908 Dei
3195 2856 3527 2922 conversari,
3561 2871 3680 2928 quae
3719 2865 3800 2912 est

2137 2938 2389 3000 Ecclesia
2434 2939 2532 2993 Dei
2576 2940 2707 3005 vivi,
2761 2939 3020 2995 columna
3070 2945 3254 2996 autem
3282 2946 3334 2998 et
3376 2943 3797 3014 ﬁrmamentum

2148 3028 2396 3082 veritatis
2427 3027 2478 3097 (ι
2506 3027 2637 3081 Tim.
2673 3045 2756 3098 ιιι,
2792 3029 2899 3096 15).
2930 3027 3031 3084 His
3061 3033 3119 3084 et
3147 3030 3369 3086 caeteris
3418 3031 3794 3102 instruimur,

2152 3120 2270 3170 tam
2301 3115 2595 3187 apostolos
2627 3133 2949 3188 omnesque
2996 3119 3318 3188 credentes,
3375 3137 3554 3194 quam
3605 3123 3799 3196 ipsam

2154 3221 2387 3276 quoque
2418 3205 2733 3261 Ecclesiam
2765 3205 3099 3263 columnam
3149 3207 3209 3263 in
3257 3209 3573 3284 Scripturis
3603 3213 3804 3287 appel-

387 3302 644 3361 vationis
669 3301 1026 3369 laborem,et
1055 3298 1266 3355 veteris
1294 3277 1422 3354 vitae
1451 3298 1855 3354 cautissimam
1887 3287 2042 3352 404
2075 3277 2118 3344 Ο
2156 3294 2284 3362 lari,
2344 3299 2401 3350 et
2448 3295 2594 3350 nihil
2642 3295 2924 3352 interesse
2971 3297 3042 3353 de
3091 3315 3333 3371 corpore
3375 3277 3514 3374 quid
3549 3277 3800 3371 dicatur,

389 3387 1092 3459 conversationem,quasi
1114 3389 1503 3460 purgamenta
1528 3387 1722 3443 subito
1743 3391 1800 3442 et
1828 3387 2046 3442 damna

389 3477 875 3537 contemnere.Ex
905 3492 1020 3547 quo
1051 3475 1462 3548 perspicimus,
1498 3480 1803 3546 propterea
1850 3476 2044 3530 dexte-

390 3586 488 3625 ras
531 3568 697 3623 datas
744 3563 924 3620 Paulo
974 3567 1031 3619 ct
1081 3563 1358 3619 Barnabas
1390 3563 1683 3619 societatis
1719 3567 1760 3631 ί,
1792 3581 1825 3619 a
1854 3564 2040 3635 Petro,

385 3657 601 3714 Jacobo
631 3659 687 3712 et
713 3658 939 3711 Joanne
988 3671 1000 3708 :
1059 3669 1130 3708 ne
1181 3653 1584 3709 observatione
1636 3653 1814 3723 varia,
1850 3653 2041 3708 diver-

385 3764 521 3803 sum
551 3744 768 3802 Christi
801 3741 1179 3816 Evangelium
1212 3747 1548 3814 putaretur;
1583 3743 1683 3798 sed
1705 3748 1762 3799 et
1791 3743 2040 3799 circum-

383 3837 641 3894 cisorum
676 3838 734 3890 et
763 3832 1108 3888 habentium
1154 3832 1506 3904 praeputium
1549 3837 1704 3888 esset
1731 3849 1850 3888 una
1880 3849 2038 3888 com-

384 3925 609 3982 munio.
661 3921 909 3979 Pulchre
953 3927 1149 3977 autem
1200 3921 1554 3994 priestruxit,
1615 3922 1817 3978 dicens
1869 3941 1881 3978 :
1934 3923 2042 3992 Qui

382 4017 533 4070 enim
581 4021 841 4086 operatus
890 4013 968 4067 est
1009 4012 1171 4067 Petro
1221 4013 1281 4066 in
1337 4012 1704 4082 apostolatu-m
1750 4014 2040 4067 circumci-

382 4105 554 4160 sionis
588 4123 606 4158 :
640 4118 711 4157 ne
742 4101 876 4173 quis
909 4117 1044 4156 eum
1088 4104 1320 4172 putaret
1367 4100 1673 4156 detrahere
1719 4102 1902 4166 Petro,
1936 4101 2037 4156 sed

387 4197 455 4246 ut
507 4189 786 4246 laudibus
840 4191 968 4259 ejus
1018 4194 1154 4244 ante
1212 4188 1553 4261 praemissis,
1612 4189 2041 4263 intelligeretur

389 4279 596 4336 Petrus
626 4278 753 4335 ideo
787 4277 1290 4335 circumcisionem
1339 4278 1538 4350 aliqua
1584 4294 1654 4334 ex
1702 4280 1865 4352 parte
1908 4295 2038 4336 sus-

388 4369 599 4441 cipere,
635 4372 701 4423 ut
729 4385 826 4424 eos
860 4369 961 4440 qui
1014 4368 1127 4424 sibi
1176 4383 1244 4422 ex
1285 4367 1507 4423 Judaais
1557 4368 1763 4423 crediti
1809 4369 2040 4424 fuerant

383 4455 769 4527 lucrifaceret,
801 4461 859 4514 et
887 4457 945 4513 in
977 4455 1189 4513 Christi
1233 4456 1346 4510 title
1397 4459 1455 4511 et
1503 4456 1812 4528 Evangelio
1842 4463 2035 4512 custo-

383 4547 554 4603 diret.
588 4545 992 4619 Subintelligit
1045 4546 1222 4601 etiam
1281 4545 1434 4617 quod
1493 4544 1542 4599 si
1601 4543 1698 4600 ille
1745 4546 1767 4578 ²
1814 4545 2038 4618 absque

2155 3400 2230 3438 an
2261 3385 2563 3451 membris,
2596 3401 2729 3439 cum
2757 3389 2814 3440 et
2842 3401 3054 3457 corpus
3102 3387 3397 3446 dividatur
3426 3391 3485 3445 in
3517 3393 3802 3462 membra,

2153 3478 2211 3528 et
2239 3473 2505 3528 membra
2533 3473 2653 3528 sint
2681 3475 2961 3546 corporis.
2999 3477 3290 3532 Dederunt
3335 3478 3532 3550 itaque
3577 3480 3802 3554 Petrus,

2153 3567 2211 3617 et
2238 3561 2514 3632 Jacobus,
2567 3567 2624 3618 et
2667 3564 2939 3631 Joannes,
2992 3564 3093 3636 qui
3129 3565 3480 3623 videbantur
3516 3568 3804 3627 columna

2152 3667 2302 3720 esse,
2359 3652 2590 3708 dextras
2639 3652 2818 3708 Paulo
2863 3656 2918 3708 et
2967 3652 3266 3726 Barnabas,
3315 3655 3644 3726 societatis;
3699 3661 3801 3718 sed

2149 3741 2277 3798 Tito
2310 3742 2410 3814 qui
2441 3758 2576 3797 cum
2614 3743 2698 3798 eis
2726 3746 2867 3810 erat,
2900 3743 3134 3798 dextras
3167 3761 3282 3799 non
3313 3745 3619 3804 dederunt.
3652 3748 3802 3805 Nec-
3847 3739 3856 3746 ’

2150 3831 2293 3886 dum
2326 3830 2539 3905 quippe
2567 3832 2637 3887 ad
2669 3849 2796 3887 eam
2831 3848 3169 3888 mensuram
3201 3841 3560 3906 pervenerat,
3585 3842 3650 3892 ut
3668 3855 3799 3911 pos-

2149 3925 2282 3975 sent
2329 3921 2435 3989 [Αἱ.
2482 3921 2728 3992 possint]
2779 3921 2830 3976 ei
2880 3923 3090 3978 Christi
3141 3925 3523 3981 mercimonia
3561 3943 3797 4001 exaequo

2148 4025 2282 4064 cum
2316 4009 2640 4080 majoribus
2670 4010 2846 4076 credi,
2877 4015 2933 4065 et
2959 4012 3232 4067 eumdem
3265 4017 3460 4070 tenere
3490 4016 3512 4048 ‘
3543 4017 3799 4090 negotia-

2147 4097 2323 4152 tionis
2354 4097 2549 4152 locum
2579 4114 2754 4168 quem
2784 4099 3082 4154 Barnabas
3112 4103 3369 4170 tenebat,
3404 4109 3460 4159 et
3489 4104 3728 4162 Paulus.

2218 4191 2406 4256 (Vers.
2455 4188 2567 4256 10.)
2619 4208 2646 4237 ‹‹
2691 4187 2946 4242 Tantum
3005 4192 3070 4242 ut
3126 4205 3448 4261 pauperum
3509 4209 3800 4250 memores

2148 4292 2435 4344 essemus,
2470 4277 2624 4348 quod
2658 4276 2835 4332 etiam
2870 4275 3156 4333 sollicitus
3197 4278 3279 4332 lui
3328 4279 3437 4336 hoc
3485 4281 3682 4353 ipsum
3717 4283 3799 4340 fa-

2149 4381 2294 4422 cere.
2355 4388 2383 4416 »
2436 4365 2630 4421 Sancti
2690 4382 2999 4438 pauperes,
3065 4356 3316 4438 quorum
3371 4370 3660 4444 praecipue
3726 4373 3798 4430 ab

2147 4454 2428 4526 apostolis
2459 4454 2634 4510 Paulo
2667 4459 2724 4510 et
2749 4456 3026 4511 Barnabas
3049 4472 3189 4511 cura
3211 4459 3613 4529 mandatur,hi
3636 4467 3802 4529 sunt,

2149 4546 2249 4616 qui
2317 4561 2383 4600 ex
2438 4544 2656 4601 Judaeis
2723 4546 3044 4614 credentes,
3114 4546 3299 4619 pretia
3357 4551 3802 4620 possessionum

383 4636 558 4710 culpa
590 4636 889 4706 faceret,et
918 4635 990 4690 ad
1023 4639 1256 4708 tempus
1289 4634 1668 4702 observando,
1713 4635 1868 4707 quod
1919 4651 2033 4690 non
2069 4650 2117 4716 D
2149 4651 2393 4690 suarum
2427 4636 2498 4690 ad
2533 4636 2710 4707 pedes
2740 4634 3134 4708 apostolorum
3187 4637 3526 4695 deferebant
3576 4643 3803 4714 egenti-

384 4725 537 4796 licet,
597 4741 669 4780 ne
721 4725 835 4781 sibi
895 4724 1144 4781 creditos
1204 4724 1491 4796 perderet,
1565 4740 1626 4778 se
1686 4725 1874 4796 magis
1934 4742 2036 4797 pro

383 4813 683 4887 Evangelii
714 4814 955 4871 veritate
986 4815 1176 4870 facere
1223 4815 1432 4870 debere
1479 4814 1633 4884 quod
1687 4814 1798 4869 sibi
1848 4813 2038 4869 credi-

385 4909 514 4959 tum
575 4908 665 4960 est
720 4903 779 4958 in
840 4904 1142 4976 prazputio,
1194 4920 1267 4959 ne
1317 4909 1520 4977 gentes
1573 4904 1715 4975 legis
1763 4920 1938 4961 onere
1987 4910 2045 4960 et

385 4993 734 5050 difﬁcultate
765 4993 1075 5062 deterritas,
1111 5010 1144 5048 ει
1174 4993 1388 5049 Christi
1423 4994 1534 5049 fide
1567 4999 1623 5049 et
1653 4993 1993 5050 credulitate
2021 4995 2044 5029 ⁸

387 5083 772 5139 discederent.
808 5082 1048 5140 Occulta
1095 5083 1191 5139 hic
1236 5083 1422 5138 oritur
1455 5085 1696 5154 quaestio
1731 5084 1917 5149 :Quid
1947 5083 2046 5156 igi-

387 5171 528 5228 tur?
577 5176 788 5229 Petrus
837 5173 888 5229 si
940 5173 1258 5231 invenisset
1304 5189 1372 5228 ex
1419 5173 1714 5246 gentibus,
1776 5190 1892 5229 non
1947 5190 2046 5230 eos

388 5261 722 5318 adducebat
775 5263 845 5318 ad
905 5262 1125 5319 ﬁdem?
1153 5265 1268 5318 Aut
1315 5261 1534 5318 Paulus
1579 5263 1627 5318 si
1677 5279 1746 5318 ex
1793 5263 2048 5318 circum-

384 5349 608 5407 cisisne
665 5350 895 5422 aliquos
950 5352 1284 5424 reperisset,
1346 5368 1460 5408 non
1520 5368 1619 5408 eos
1685 5353 1754 5407 ad
1827 5351 2044 5408 Christi

383 5439 758 5513 baptismum
789 5441 1178 5513 provocabat?
1207 5441 1341 5506 Quze
1373 5441 1452 5497 ita
1481 5440 1746 5511 solvitur,
1780 5447 1845 5497 ut
1893 5441 2049 5498 dica-

465 5586 478 5659 ξ
508 5582 729 5659 _V_ocem
757 5585 1032 5642 societatis
1064 5585 1306 5659 Palatia.
1344 5603 1435 5642 ms
1466 5587 1716 5659 ignorat.

455 5656 478 5730 ξ
508 5656 666 5730 idem
701 5673 840 5723 ms.,
870 5657 1232 5730 subintelligi
1260 5660 1449 5725 etiam,
1482 5656 1622 5730 quod
1654 5661 1772 5727 ille,
1799 5665 1906 5716 ctc.

457 5728 478 5762 ³
505 5728 585 5783 Su
633 5728 731 5784 ino
763 5745 956 5784 errore
988 5729 1292 5800 legebatur
1317 5728 1510 5797 antea,
1544 5733 1891 5788 crudelitate.

459 5801 482 5838 ⁴
512 5745 920 5864 Subintellig'e,
972 5803 1164 5864 posset,
1218 5803 1374 5864 quod
1435 5803 1677 5861 verbum
1725 5804 1888 5864 elega

459 5800 920 5874 ‘Subintellig‘e,
971 5803 1164 5873 posset,
1218 5803 1374 5877 quod
1435 5803 1677 5861 verbum
1725 5804 2051 5879 elegantius

718 5929 984 5993 Panos.
1033 5929 1253 5995 XXVI.

2152 4725 2262 4779 bus
2293 4724 2614 4796 largienda,
2645 4723 2732 4780 vel
2764 4725 2904 4796 quia
2951 4725 3402 4799 contribulibus,
3434 4731 3700 4802 cognatis
3748 4737 3806 4789 et

2152 4813 2492 4887 parentibus
2525 4815 2672 4880 suis,
2705 4815 2873 4885 quasi
2905 4816 3230 4872 desertores
3280 4817 3447 4891 legis,
3485 4825 3542 4876 et
3580 4821 3641 4876 in
3671 4838 3803 4878 cru-

2153 4905 2390 4959 ciﬁxum
2441 4904 2741 4960 hominem
2793 4905 3117 4971 credentes,
3152 4905 3521 4974 detestationi
3578 4919 3631 4967 et
3680 4912 3801 4984 pia-

2155 4993 2284 5049 culo
2342 4993 2726 5049 ducebantur.
2788 4994 2850 5049 In
2910 4993 3118 5050 horum
3178 4997 3506 5054 ministerio
3564 5006 3804 5055 sanctus

2101 5072 2107 5079 ’
2157 5082 2457 5156 apostolus
2517 5083 2732 5140 Paulus
2786 5090 3006 5157 quanto
3055 5084 3254 5142 labore
3308 5088 3622 5154 sudaverit,
3681 5088 3807 5162 Epi-

2158 5174 2316 5229 stolis
2347 5176 2476 5244 ejus
2507 5178 2686 5232 testes
2717 5179 2875 5244 sunt,
2909 5175 3219 5233 scribentis
3264 5177 3335 5233 ad
3367 5176 3718 5246 Corinthios,
3751 5181 3809 5233 et

2159 5265 2230 5319 ad
2277 5262 2850 5332 Thessalonicenses,
2906 5266 2979 5320 ad
3033 5282 3238 5323 omnes
3293 5266 3555 5339 gentium
3613 5266 3806 5324 Eccle-

2159 5354 2298 5422 sias,
2334 5357 2399 5408 ut
2429 5361 2823 5427 praepararent
2870 5372 3090 5412 munus
3149 5355 3256 5410 hoc
3305 5370 3408 5426 per
3458 5370 3520 5409 se
3564 5356 3653 5412 vel
3707 5371 3813 5430 per

2163 5443 2310 5500 alios
2341 5444 2440 5516 qui
2483 5444 2567 5499 eis
2601 5443 2981 5516 placuissent,
3036 5444 3498 5514 Hierosolymam
3547 5445 3812 5504 deferen-

2162 5605 2231 5644 ex
2278 5587 2495 5664 Latinae
2544 5587 2754 5664 lingua;
2810 5587 3041 5659 ingenio
3089 5587 3352 5664 S.__Pater_
3397 5604 3513 5644 non
3565 5593 3815 5664 repetit;

2164 5662 2557 5738 nequicquam
2603 5656 2782 5738 enim,
2828 5656 3092 5738 tenerent,
3144 5656 3435 5738 Yictorins
3463 5656 3795 5738 rescripsit

2163 5710 2548 5805 cufalidquin
2580 5710 2908 5787 claudicare
2940 5710 3144 5785 Latina
3173 5729 3387 5788 locutio
3425 5710 3813 5795 a-fsai'ééifm"

3427 5937 3502 5997 12
