4332 6566
524 433 641 495 363

1776 426 1844 486 S.
1888 424 2203 487 EUSEBII
2248 424 2695 488 HIERONYMI

3818 422 3937 487 364

522 566 686 622 dum.
720 560 886 619 Unde
916 576 1072 618 nunc
1103 559 1460 616 confidenter
1483 558 1644 630 dicit,
1685 558 1824 630 quod
1870 561 2037 615 etiam
2064 542 2171 615 sol-
2202 561 2257 628 Α
2287 574 2538 632 arguens
2585 558 2989 632 propositum;
3042 557 3140 612 sed
3195 555 3364 628 quasi
3416 555 3475 612 in
3525 555 3759 629 publico
3807 574 3939 613 con-

526 652 716 711 licitas
744 653 836 719 fui
859 655 1040 724 facere
1071 649 1168 706 hoc
1196 651 1395 721 ipsum.
1428 649 1681 705 Possunt
1711 654 1905 705 autem
1956 654 2012 705 et
2061 651 2172 706 alio

524 759 737 816 genere
781 756 1067 815 pauperes
1118 739 1320 811 accipi,
1375 739 1446 793 de
1495 738 1711 809 quibus
1759 739 1817 792 in
1866 737 2174 810 Evangelio

526 830 743 888 dicitur
775 847 789 887 :
824 829 977 886 Beati
1002 844 1267 901 pauperes
1305 828 1502 899 spiritu
1553 848 1572 882 :
1616 828 1879 898 quoniam
1926 829 2174 899 ipsorum

524 924 604 977 est
633 934 863 990 regnum
892 919 1152 975 calorum
1179 916 1389 988 (Matth.
1417 934 1475 985 v,
1506 916 1580 987 3).
1612 916 1907 972 Merentur
1962 917 2175 990 quippe

525 1006 675 1065 tales
704 1006 765 1064 in
796 1007 1082 1065 memoria
1110 1022 1235 1063 esse
1267 1004 1682 1078 apostolorum.
1716 1006 1951 1061 Necnon
1988 1011 2044 1061 et
2089 1006 2173 1061 illi

524 1098 912 1171 pauperes,de
924 1096 1141 1169 quibus
1158 1096 1215 1151 in
1234 1095 1543 1152 Salomone
1560 1094 2174 1167 scribitur:Redemplz‘o

418 1260 421 1263 ἤ
528 1185 642 1242 viri
690 1187 914 1254 animae,
960 1186 1209 1258 propriae
1255 1185 1471 1241 divitiae
1521 1185 1703 1255 (Prov.
1736 1201 1859 1255 xm,
1890 1186 1966 1256 8).
2019 1186 2173 1240 406

528 1275 757 1349 Pauper
772 1291 908 1332 vero
924 1292 1039 1331 non
1058 1274 1309 1331 sustinet
1324 1274 1995 1332 comminationem.Non
2017 1275 2173 1329 enim

533 1366 729 1436 potest
758 1364 1021 1421 futurum
1068 1362 1178 1436 (Αι.
1231 1364 1587 1433 futurarum)
1622 1380 1924 1434 pcenarum
1971 1364 2175 1418 audire

523 1458 828 1521 terrorem,
862 1469 1084 1526 pauper
1132 1453 1191 1507 in
1248 1451 1382 1523 ﬁde,
1434 1468 1656 1523 pauper
1700 1452 1757 1505 in
1804 1451 2013 1524 gratia,
2058 1469 2173 1507 non

524 1540 748 1599 habens
780 1540 1013 1599 divitias
1043 1540 1404 1614 spirituales,
1437 1556 1542 1595 nec
1573 1540 1881 1596 scientiam
1914 1541 2173 1613 Scriptu-

534 1646 913 1703 rarum,quaa
961 1647 1104 1687 auro
1152 1634 1211 1686 et
1259 1633 1521 1702 argento,
1572 1633 1628 1685 et
1689 1630 1940 1702 pretioso
1993 1630 2173 1703 lapidi

535 1723 971 1792 comparantur.
1007 1718 1294 1784 Quoniam
1325 1719 1507 1792 igitur
1537 1736 1653 1775 non
1690 1724 1862 1792 egent
1892 1721 2017 1776 sani
2049 1737 2172 1776 me-

529 1808 680 1880 dico,
713 1810 816 1865 sed
847 1808 906 1864 hi
934 1808 1033 1881 qui
1063 1808 1215 1865 male
1247 1809 1484 1881 habent,
1516 1813 1822 1881 propterea
1852 1813 1907 1864 et
1937 1813 2174 1881 aposto—

524 1895 600 1954 lis
650 1896 707 1953 in
769 1898 1137 1953 dexterarum
1189 1896 1718 1953 communicatione
1774 1898 2060 1968 convenit,
2102 1915 2173 1954 ne

530 1990 874 2059 spernerent
922 2002 1230 2060 pauperes,
1273 2002 1345 2043 ne
1401 1987 1766 2058 despicerent
1796 1993 2169 2059 peccatores;

529 2075 632 2132 sed
688 2091 922 2149 semper
976 2076 1388 2132 meminissent
1444 2093 1670 2146 eorum,
1738 2077 1890 2132 sicut
1954 2076 2171 2134 Paulus

525 2163 784 2221 Corinthi
814 2164 971 2222 illius
1002 2165 1292 2237 meminit,
1326 2182 1502 2237 quem
1533 2182 1668 2221 cum
1699 2165 1757 2220 in
1802 2166 1991 2239 priore
2037 2167 2170 2239 Epi-

521 2253 673 2311 stola
703 2255 1111 2312 contristasset
1139 2255 1211 2311 ad
1243 2258 1574 2326 tempus,ut
1603 2272 1841 2327 corpore
1864 2273 1965 2328 per
1993 2257 2172 2328 poeni-

523 2343 768 2401 tentiam
822 2342 1144 2413 laborante,
1175 2344 1388 2416 spiritu
1435 2342 1633 2400 salvus
1683 2345 1844 2401 ﬁeret
1874 2346 1922 2413 (ι
1956 2347 2080 2402 Cor.
2112 2362 2166 2419 v,

524 2433 616 2489 1-5
646 2448 661 2490 :
691 2434 752 2489 in
781 2434 1060 2505 secunda,
1092 2449 1164 2489 ne
1195 2433 1403 2504 majori
1447 2434 1689 2489 tristitia
1739 2434 2166 2508 absorberetur,

522 2527 752 2579 revocat
779 2523 854 2579 ad
886 2520 1203 2579 Ecclesiam
1261 2522 1334 2594 (Il
1387 2522 1507 2578 Cor.
1570 2540 1633 2591 ιι,
1683 2524 1734 2590 7,
1786 2524 1861 2593 8).
1904 2524 2169 2596 Petitque

522 2615 786 2684 cunctos,
842 2617 908 2668 ut
965 2613 1313 2668 confirment
1371 2611 1431 2667 in
1498 2629 1632 2669 eum
1689 2612 2053 2679 charitatem,
2113 2619 2171 2670 et

520 2702 741 2759 donent
770 2701 931 2758 fratri
961 2701 1115 2758 sicut
1142 2701 1269 2774 ipse
1298 2700 1617 2773 unicuique
1665 2718 1867 2757 eorum
1918 2704 1978 2758 in
2024 2704 2169 2759 facie

519 2789 738 2847 Christi
762 2790 1083 2864 donaverit,
1116 2790 1370 2864 implens
1402 2796 1637 2864 pactum
1661 2793 1816 2864 quod
1846 2792 2171 2867 Hierosoly-

517 2880 634 2938 mis
666 2881 899 2953 fecerat,
930 2884 996 2937 ut
1025 2897 1257 2953 semper
1286 2897 1609 2953 pauperum
1638 2882 2059 2939 recordaretur.

596 2964 785 3042 (Vers.
821 2970 1033 3041 11-13.)
1080 2993 1109 3020 (ι
1158 2971 1304 3026 Cum
1354 2976 1549 3026 autem
1597 2970 1851 3026 venisset
1899 2972 2105 3027 Petrus
2150 2972 2165 3007 ¹

525 3057 915 3128 Antiochiam,
945 3058 1006 3114 in
1038 3057 1245 3115 faciem
1276 3059 1327 3115 ei
1357 3058 1542 3115 restiti
1578 3077 1590 3115 :
1624 3059 1761 3132 quia
1804 3060 2167 3132 reprehensi-

520 3147 658 3205 bilis
703 3151 845 3205 erat.
899 3147 1063 3204 Prius
1110 3147 1267 3203 enim
1317 3163 1495 3220 quam
1544 3147 1804 3204 venirent
1852 3150 2091 3221 quidam
2136 3169 2171 3208 a

519 3236 760 3305 Jacobo,
794 3253 927 3293 cum
958 3236 1234 3310 gentibus
1281 3236 1506 3293 edebat.
1557 3240 1700 3293 Cum
1742 3243 1939 3294 autem
1971 3240 2165 3297 venis-

2203 1936 2251 2002 Β
2281 1898 2365 1953 vit
2417 1899 2520 1953 abs
2569 1915 2627 1953 re
2672 1898 2864 1953 dicere
2917 1914 2929 1953 :

2282 649 2599 715 tradicens,
2650 654 2715 704 ut
2767 665 2834 704 ex
2883 664 2948 703 eo
3006 646 3161 718 quod
3212 645 3432 701 Paulus
3489 662 3625 702 eum
3685 662 3937 718 arguens

2283 740 2611 803 resistebat,
2648 738 2707 793 hi
2741 738 2842 810 qui
2873 737 3241 793 crediderant
3290 752 3359 791 ex
3413 736 3708 809 gentibus,
3742 751 3937 792 serva-

2283 834 2507 883 rentur.
2542 829 2705 895 Quod
2746 828 2794 883 si
2827 831 2993 899 putat
3032 825 3265 897 aliquis,
3314 842 3445 881 vere
3488 824 3735 881 Paulum
3767 829 3936 881 Petro

2283 917 2547 989 apostolo
2579 918 2883 982 restitisse,
2917 919 2974 970 ct
3000 931 3102 988 pro
3134 915 3372 970 veritate
3416 914 3711 987 Evangelii
3752 914 3932 970 intre-

2283 1007 2415 1076 pide
2469 1007 2674 1061 fecisse
2723 1004 3003 1075 injuriam
3050 1002 3404 1075 prmcessori,
3450 1021 3566 1059 non
3597 1004 3620 1037 ³
3662 1002 3713 1058 ei
3754 1002 3934 1059 stabit

2283 1094 2426 1150 illud
2455 1096 2612 1166 quod
2662 1098 2719 1149 et
2766 1095 2891 1167 ipse
2943 1093 3160 1148 Paulus
3207 1093 3426 1149 Judznis
3474 1093 3713 1149 Judaaus
3746 1093 3935 1148 factus

2280 1188 2392 1250 est,
2427 1188 2493 1238 ut
2521 1183 2758 1239 Judseos
2788 1182 3155 1238 lucrifaceret
3186 1181 3233 1254 (1
3261 1184 3385 1238 Cor.
3413 1198 3492 1249 IX,
3521 1181 3635 1253 20),
3670 1185 3727 1237 et
3775 1181 3933 1252 ejus-

2282 1273 2414 1327 dem
2467 1272 2863 1327 simulationis
2912 1271 3205 1327 tenebitur
3253 1287 3407 1341 reus,
3462 1269 3701 1342 quando
3760 1273 3937 1342 caput

2281 1362 2535 1417 totondit
2574 1361 2636 1418 in
2666 1362 2898 1417 Cencris
2928 1362 3061 1428 (Act.
3111 1379 3269 1427 xvm,
3324 1362 3432 1432 18),
3474 1365 3531 1415 et
3578 1361 3727 1415 iacto
3757 1359 3931 1415 calvi-

2283 1452 2384 1519 tio,
2432 1451 2785 1507 oblationem
2830 1450 3044 1507 obtulit
3088 1451 3147 1506 in
3204 1449 3532 1506 Jerusalem
3590 1450 3725 1519 (Act.
3785 1466 3932 1521 xnv,

2286 1541 2395 1613 ll),
2446 1545 2501 1596 et
2549 1540 2923 1597 Timotheum
2973 1539 3339 1596 circumcidit
3396 1540 3532 1611 (Act.
3592 1555 3710 1608 xvr,
3762 1539 3836 1610 3),
3882 1541 3939 1593 et

2283 1630 2660 1701 nudipedalia
2702 1630 2977 1700 exercuit,
3024 1646 3154 1700 quas
3200 1628 3404 1700 utique
3452 1626 3938 1683 manifestissime

2283 1720 2354 1774 de
2385 1719 2746 1775 caeremoniis
2774 1720 3113 1774 Judaaorum
3144 1722 3302 1774 sunt.
3336 1717 3396 1772 Si
3430 1717 3629 1790 itaque
3660 1718 3784 1790 ipse
3833 1714 3938 1788 qui

2282 1809 2352 1863 ad
2388 1809 2856 1881 praedicationem
2890 1808 3155 1881 gentium
3182 1808 3405 1863 missus
3436 1811 3582 1874 erat,
3615 1823 3730 1863 non
3762 1815 3938 1879 puta-

2984 1897 3112 1954 Sine
3162 1896 3491 1969 offendicula
3529 1902 3690 1954 estote
3733 1900 3937 1957 Iudaeis

2281 1995 2331 2043 et
2373 1988 2623 2043 Ecclesiae
2677 1990 2780 2043 Dei
2830 1987 2871 2058 (l
2924 1987 3048 2043 Cor.
3094 2004 3150 2054 x,
3201 1988 3323 2058 32);
3373 1987 3666 2059 quomodo
3717 1994 3774 2045 et
3828 2007 3934 2065 ego

2280 2077 2555 2132 omnibus
2606 2093 2706 2148 per
2754 2076 2953 2132 omnia
2999 2077 3218 2148 placeo,
3279 2092 3397 2131 non
3458 2092 3726 2148 quaerens
3775 2081 3933 2152 quod

2281 2165 2427 2221 mihi
2458 2165 2597 2220 utile
2628 2171 2735 2231 est,
2769 2166 2867 2221 sed
2899 2166 3053 2237 quod
3088 2164 3313 2231 multis,
3345 2169 3412 2220 ut
3443 2165 3742 2223 salventur
3771 2169 3934 2239 (Ibid,

2279 2256 2403 2327 33);
2433 2259 2489 2309 ct
2516 2255 2652 2309 facit
2683 2255 2880 2327 aliqua
2911 2272 3037 2327 qua:
3072 2255 3362 2310 contraria
3392 2260 3593 2311 essent
3635 2256 3934 2331 Evangelii

2279 2343 2555 2411 libertati,
2589 2362 2659 2400 ne
2692 2342 3111 2400 scandalizaret
3140 2344 3374 2400 Judazos
3410 2361 3422 2400 :
3457 2360 3573 2416 qua
3604 2348 3933 2405 auctorita-

2277 2437 2352 2501 te,
2389 2451 2505 2506 qua
2534 2435 2721 2490 fronte
2768 2435 2943 2489 audet
2993 2433 3101 2489 hoc
3149 2433 3209 2488 in
3260 2433 3428 2489 Petro
3479 2434 3926 2508 reprehendero,

2280 2523 2379 2596 qui
2407 2524 2869 2579 circumcisionis
2900 2522 3201 2595 apostolus
3232 2528 3374 2589 erat,
3408 2524 3562 2593 quod
3612 2524 3737 2597 ipse
3788 2542 3933 2598 apo-

2279 2613 2465 2667 stolus
2495 2612 2759 2685 gentium
2791 2613 3058 2684 arguitur
3090 2612 3498 2667 commisisse?
3530 2612 3642 2669 Sed
3685 2618 3750 2669 ut
3798 2618 3932 2671 ante

2269 2702 2397 2771 jam
2427 2701 2704 2772 diximus,
2735 2702 2952 2757 restitit
2998 2702 3321 2757 secundum
3377 2701 3583 2757 faciem
3634 2702 3929 2774 publicam

2279 2790 2445 2846 Petro
2479 2795 2535 2846 et
2564 2790 2805 2861 caeteris,
2852 2793 2917 2845 ut
2958 2789 3286 2863 hypocrisis
3336 2789 3710 2846 observanda:
3758 2791 3926 2865 legis,
3994 2785 4001 2794 ’

2278 2896 2405 2951 quae
2441 2880 2684 2935 nocebat
2713 2880 2797 2934 eis
2828 2880 2925 2951 qui
2957 2896 3024 2935 ex
3054 2879 3329 2952 gentibus
3380 2879 3771 2947 crediderant,
3802 2898 3929 2939 cor-

2278 2968 2557 3041 reptionis
2606 2968 2899 3041 hypocrisi
2951 2969 3381 3034 emendaretur,
3428 2973 3485 3025 et
3542 2974 3788 3042 uterque
3826 2987 3929 3043 po-

2276 3056 2453 3129 pulus
2509 3057 2707 3113 salvus
2766 3059 2945 3125 ﬁeret,
2998 3058 3140 3113 dum
3198 3061 3254 3113 et
3312 3058 3413 3138 qui
3472 3058 3927 3118 circumsionem

2277 3144 2538 3215 laudant,
2599 3150 2836 3202 Petrum
2894 3151 3255 3218 sequuntur;
3312 3151 3369 3202 et
3428 3148 3527 3220 qui
3588 3147 3930 3206 circumcidi

2276 3235 2503 3299 nolunt,
2556 3235 2717 3290 Pauli
2768 3235 3087 3307 praedicant
3134 3234 3481 3291 libertatem.
3517 3237 3678 3301 Quod
3730 3242 3927 3295 autem

520 3329 675 3395 sent,
705 3326 1087 3383 subtrahebat
1107 3331 1163 3382 et
1193 3326 1539 3400 segregabat
1569 3343 1652 3395 se,
1684 3328 1899 3384 timens
1938 3346 2035 3385 eos
2067 3330 2167 3403 qui
2198 3310 2240 3377 C
2280 3326 2380 3395 ait,
2419 3324 2861 3397 reprehensibilis
2906 3328 3042 3391 erat,
3094 3330 3400 3397 propterea
3446 3325 3651 3381 inediae
3704 3331 3926 3400 tempe-

520 3432 591 3472 ex
621 3416 1067 3473 circumcisione
1097 3420 1346 3483 erant,et
1375 3415 1741 3473 simulationi
1772 3419 1900 3489 ejus
1922 3434 2165 3476 consen-

520 3510 745 3576 serunt,
778 3510 836 3563 et
866 3505 1054 3563 caeteri
1081 3505 1270 3563 Judaei
1303 3523 1316 3562 :
1350 3506 1431 3561 ita
1462 3510 1526 3561 ut
1558 3510 1613 3561 et
1643 3507 1939 3564 Barnabas
1988 3510 2163 3565 duce-

517 3599 681 3653 retur
738 3595 810 3653 ab
860 3596 945 3653 eis
990 3596 1050 3651 in
1103 3595 1205 3652 illa
1252 3595 1647 3651 simulatione.
1690 3618 1718 3646 »
1771 3598 1847 3652 Et
1894 3615 1959 3654 eo
2008 3601 2163 3670 quod

442 3714 449 3721 -
517 3685 722 3742 Petrus
752 3688 1067 3757 antequam
1098 3684 1338 3756 quidam
1388 3685 1458 3739 de
1506 3684 1923 3758 Hierosolymis
1963 3688 2164 3743 Antio-

517 3772 712 3830 chiam
740 3773 1026 3840 venirent,
1059 3772 1268 3828 edebat
1315 3789 1451 3828 cum
1510 3774 1803 3845 gentibus,
1839 3775 2167 3833 ostenditur

514 3878 634 3919 non
666 3878 802 3919 eum
832 3859 1080 3917 oblitum
1111 3860 1292 3917 fuisse
1344 3862 1613 3933 praecepti
1649 3878 1663 3917 :
1697 3861 1926 3917 nullum
1980 3863 2166 3919 homi-

518 3967 655 4009 nem
686 3967 1060 4008 communem
1109 3955 1168 4007 et
1214 3951 1591 4007 immundum
1625 3951 1983 4025 dicerc;.sed
2026 3955 2165 4025 quia

516 4046 757 4115 propter
782 4058 901 4110 eos,
934 4041 1033 4114 qui
1064 4039 1257 4097 adhuc
1286 4040 1475 4114 legem
1525 4042 1945 4098 observandam
1991 4049 2161 4115 puta-

512 4131 675 4201 bant,
708 4129 1018 4204 paululum
1048 4146 1112 4187 se
1141 4147 1175 4186 a
1203 4129 1470 4186 convictu
1502 4129 1867 4185 subtraxerat
1897 4131 2160 4202 gentium

513 4221 621 4292 (ita
640 4225 707 4278 ut
735 4217 1134 4278 etiam'ceeteri
1165 4219 1264 4291 qui
1296 4235 1365 4275 ex
1392 4218 1613 4274 Judaeis
1660 4224 1847 4288 erant,
1891 4220 2163 4276 similiter

511 4310 788 4380 facerent,
821 4315 881 4368 et
908 4309 1205 4366 Barnabas
1252 4309 1353 4381 qui
1397 4324 1533 4363 cum
1584 4307 1759 4363 Paulo
1790 4307 1849 4362 in
1884 4308 2158 4380 gentibus

507 4400 885 4472 Evangelium
953 4397 1323 4471 praedicabat,
1395 4395 1503 4451 hoc
1568 4397 1755 4452 facere
1812 4399 2155 4470 cogeretur),

508 4486 571 4541 hi
625 4487 725 4559 qui
772 4487 1089 4543 Antiochiae
1157 4485 1525 4541 crediderant
1572 4501 1639 4541 cx
1697 4486 1991 4557 gentibus,
2053 4503 2159 4543 nec

509 4575 743 4631 fuerant
771 4574 1122 4647 circumcisi,
1155 4564 1655 4646 compellabantur
1684 4576 1753 4630 ad
1786 4573 1931 4648 legis
1980 4593 2156 4632 onera

504 4664 918 4720 transcendere
974 4680 987 4719 :

501 4752 678 4820 Petri,
725 4769 842 4824 qua
884 4751 1118 4809 Judasos
1176 4751 1391 4808 salvari
1451 4759 1707 4825 cuperet,
1740 4756 1840 4809 sed
1875 4761 2146 4826 putantes

494 4838 582 4895 ita
638 4856 699 4896 sc
756 4838 1047 4912 Evangelii
1104 4840 1317 4896 habere
1373 4841 1677 4897 rationem.
1737 4848 1879 4898 Cum
1948 4844 2145 4917 itaque

492 4924 739 4987 vidisset
767 4927 1071 5002 apostolus
1101 4929 1317 4986 Paulus
1344 4930 1657 5003 periclitari
1698 4932 1946 5005 gratiam
1979 4934 2143 4989 Chri-

491 5019 593 5087 sti,
624 5037 776 5077 nova
825 5016 1073 5075 bellator
1101 5024 1267 5076 vetus
1299 5022 1320 5054 ²
1350 5037 1496 5076 usus
1526 5024 1615 5075 est
1643 5026 1763 5076 arte
1815 5024 2139 5095 pugnandi,

487 5115 558 5166 ut
596 5108 1101 5183 dispensationem
1149 5110 1300 5165 407
1350 5110 1522 5178 Petri,
1577 5127 1693 5181 qua
1744 5111 1977 5167 Judzeos
2023 5113 2141 5169 sal-

484 5199 611 5256 vari
641 5200 930 5273 cupiebat,
965 5214 1111 5254 nova
1140 5199 1263 5270 ipse
1306 5199 1781 5256 contradictionis
1833 5201 2169 5274 dispensa--

480 5288 645 5347 tione
675 5288 1013 5364 corrigeret,
1045 5292 1103 5344 et
1132 5288 1428 5345 resisteret
1475 5288 1526 5344 ei
1581 5289 1641 5344 in
1692 5289 1896 5345 faciem
1956 5307 1968 5346 :
2020 5308 2137 5347 non

555 5483 808 5556 ‘lterum
840 5486 1016 5543 audet
1040 5484 1332 5541 Victorius
1362 5500 1537 5556 super
1566 5501 1743 5556 quam
1776 5485 1971 5542 liceat:
1994 5504 2130 5544 nam

479 5555 640 5635 quod
670 5556 1012 5635 in_Vulga_ta
1042 5562 1099 5613 et
1128 5558 1345 5635 Grmoo,
1380 5555 1619 5635 cep/tas,
1646 5574 1749 5628 pro
1780 5560 1963 5623 Petro,
1996 5560 2133 5635 scri-

481 5625 664 5696 bitur,
699 5632 765 5681 ut
791 5625 1055 5703 eamdem
1090 5634 1280 5686 servet
1311 5625 1817 5703 nomenclaturam
1862 5636 1983 5685 tam
2013 5632 2124 5703 hic,

479 5712 659 5827 quam
679 5699 865 5824 gaulo
896 5700 1068 5768 infra,
1100 5701 1435 5785 Hieronymi
1463 5700 1773 5758 lectionem
1821 5707 2028 5774 mutat,
2061 5699 2127 5761 ac

523 5771 649 5826 etro
723 5769 935 5827 enham
968 5773 1294 5827 substituit.

523 5771 649 5842 etr_o
679 5769 935 5842 Cepham
968 5773 1294 5830 substituit.

544 5842 566 5877 ³
596 5840 999 5901 Rescribimus
1025 5848 1201 5916 vetus,
1232 5861 1367 5903 cum
1399 5844 1674 5918 Victorio,
1705 5860 1808 5921 pro
1839 5861 1953 5921 quo
1984 5846 2121 5904 reti-

2276 3415 2460 3482 ravit;
2495 3420 2556 3470 ut
2588 3414 2987 3487 intelligamus
3020 3431 3135 3469 non
3168 3419 3288 3469 tam
3334 3413 3512 3471 Paulo
3561 3433 3695 3472 eum
3746 3416 3927 3475 fuisse

2275 3502 2816 3575 reprehensibilem,
2851 3520 3027 3575 quam
3059 3502 3151 3558 his
3190 3502 3475 3559 fratribus
3527 3519 3661 3561 cum
3711 3506 3925 3577 quibus

2276 3596 2408 3646 ante
2451 3593 2649 3658 edens,
2705 3609 2766 3648 se
2820 3593 2891 3647 ab
2940 3592 3023 3647 eis
3084 3597 3284 3663 postea
3332 3594 3660 3665 separabat.
3715 3594 3924 3651 Utilem

2273 3698 2404 3736 vero
2443 3681 2902 3748 simulationem,
2952 3685 3008 3736 et
3059 3683 3475 3737 assumendam
3528 3681 3587 3737 in
3637 3688 3921 3756 tempore,

2272 3769 2422 3824 Jehu
2454 3771 2607 3841 regis
2639 3768 2815 3825 Israel
2847 3786 2953 3825 nos
3001 3770 3205 3826 doceat
3232 3770 3588 3843 exemplum,
3621 3772 3720 3843 qui
3751 3772 3772 3806 ‘
3802 3789 3919 3829 non

2275 3858 2562 3929 potuisset
2592 3860 2915 3914 interﬁcere
2942 3861 3271 3916 sacerdotes
3303 3860 3458 3926 Baal,
3488 3860 3601 3916 nisi
3630 3877 3692 3917 se
3724 3862 3923 3919 tinxis-

2273 3952 2361 4002 set
2401 3947 2545 4002 velle
2593 3948 2816 4003 idolum
2866 3947 3074 4015 colere,
3129 3948 3330 4005 dicens
3378 3968 3391 4005 :
3441 3949 3780 4019 Congregate
3806 3950 3917 4021 (Al.

2269 4038 2555 4108 congrega)
2610 4037 2752 4091 mihi
2802 4053 2984 4093 omnes
3041 4038 3342 4094 sacerdotes
3387 4039 3541 4095 408
3598 4040 3739 4095 Baal
3796 4058 3816 4095 :
3869 4041 3920 4095 si

2269 4127 2426 4181 anim
2476 4127 2648 4182 Achab
2692 4129 2915 4182 servivit
2961 4125 3108 4182 Baal
3156 4129 3219 4183 in
3263 4130 3479 4200 paucis,
3537 4145 3633 4198 ego
3681 4131 3920 4185 serviam

2270 4217 2331 4269 in
2360 4215 2549 4270 multis
2580 4216 2672 4286 (IV
2700 4216 2823 4286 Reg.
2849 4233 2907 4283 Χ,
2942 4217 3053 4288 18).
3088 4217 3157 4272 Et
3207 4217 3385 4273 David
3435 4219 3673 4291 quando
3723 4223 3916 4275 muta-

2269 4303 2350 4359 vit
2377 4305 2580 4375 faciem
2614 4323 2784 4361 suam
2817 4323 3013 4361 coram
3044 4306 3400 4376 Abimelech,
3426 4312 3485 4363 et
3513 4307 3741 4365 dimisit
3758 4324 3917 4376 eum,

2268 4399 2324 4449 et
2380 4395 2522 4450 abiit
2567 4397 2611 4464 (ι
2674 4398 2799 4465 Reg.
2856 4414 2976 4467 χχι,
3029 4396 3135 4467 13).
3184 4396 3298 4453 Nec
3348 4397 3588 4463 mirum,
3645 4398 3917 4471 quamvis

2256 4484 2454 4555 justos
2485 4485 2774 4551 homines,
2819 4491 3014 4541 tamen
3064 4484 3262 4558 aliqua
3309 4485 3588 4543 simulare
3636 4503 3741 4558 pro
3772 4491 3916 4543 tem-

2265 4590 2421 4645 pore,
2456 4576 2528 4628 ob
2562 4593 2728 4630 suam
2781 4579 2837 4631 et
2882 4575 3129 4631 aliorum
3184 4575 3453 4641 salutem,
3501 4590 3635 4631 cum
3684 4580 3741 4631 et
3785 4574 3913 4649 ipse

1049 4680 1165 4719 non
1214 4662 1603 4736 intelligentes
1652 4664 2150 4736 dispensationem
2184 4685 2229 4751 D
2266 4665 2545 4719 Dominus
2577 4669 2774 4720 noster
2820 4681 2935 4720 non
2984 4664 3219 4721 habens
3248 4668 3574 4736 peccatum,
3627 4679 3733 4720 nec
3783 4681 3911 4721 car-

2260 4771 2390 4808 nem
2425 4755 2665 4826 peccati,
2697 4754 3134 4810 simulationem
3176 4752 3515 4827 peccatricis
3569 4754 3765 4811 carnis
3813 4772 3907 4811 as-

2255 4844 2594 4913 sumpserit,
2660 4847 2725 4898 ut
2780 4845 3177 4899 condemnans
3228 4843 3288 4898 in
3340 4860 3514 4898 carne
3575 4848 3904 4916 peccatum,

2253 4949 2358 4986 nos
2408 4932 2468 4987 in
2518 4949 2578 4987 se
2628 4932 2841 4988 faceret
2887 4932 3184 5004 justitiam
3233 4933 3355 4989 Dei.
3409 4933 3655 5005 Legerat
3703 4934 3908 5006 utique

2252 5019 2466 5076 Paulus
2495 5021 2554 5077 in
2587 5020 2896 5094 Evangelio
2929 5022 3244 5078 Dominum
3295 5021 3729 5095 prmcipientem
3780 5039 3795 5076 :
3847 5020 3910 5078 Si

2248 5119 2430 5166 autem
2473 5113 2783 5183 peccaverit
2830 5114 2892 5167 in
2937 5114 2988 5167 te
3033 5114 3213 5183 frater
3255 5114 3400 5178 tuus,
3442 5109 3577 5165 vade
3607 5119 3661 5167 et
3688 5114 3905 5184 corripe

2247 5216 2370 5255 eum
2416 5204 2563 5257 inter
2592 5206 2642 5257 te
2671 5205 2721 5256 et
2765 5203 2944 5268 ipsum
2972 5202 3170 5257 solum.
3221 5200 3280 5256 Si
3320 5204 3371 5256 te
3417 5200 3680 5273 audierit,
3735 5202 3906 5257 lucri-

2242 5292 2436 5361 feceris
2485 5294 2715 5361 fratrem
2754 5300 2913 5347 tuum
2966 5294 3118 5361 (Luc.
3171 5308 3305 5362 xvn,
3360 5291 3437 5360 3).
3489 5291 3560 5346 Et
3609 5290 3903 5364 quomodo

2242 5487 2773 5563 nuit_Martianasus
2807 5489 3005 5545 minus
3036 5489 3203 5562 bene,
3237 5491 3374 5563 ejus.

2308 5560 2330 5592 ³
2362 5560 2627 5615 Fortasse
2656 5560 2956 5629 verius,ei,
2990 5560 3270 5619 voculam’
3291 5564 3407 5619 duo
3436 5579 3468 5618 e
3498 5560 3721 5617 nostris
3744 5578 3890 5620 mss.

2237 5629 2545 5685 inducunt.

2305 5703 2347 5777 ‘_
2377 5707 2460 5777 _Ex
2509 5702 2728 5777 iisdem
2761 5720 2912 5777 Amss.
2964 5709 3293 5762 amovimus
3357 5705 3516 5777 hinc,
3566 5720 3715 5777 cum,
3783 5706 3887 5777 ad-

2233 5772 2680 5847 verbium,quod
2716 5774 2976 5837 hiantem
3007 5779 3289 5836 reddebat
3318 5772 3755 5836 sensum.Unus
3777 5776 3885 5833 Pa-

2231 5843 2334 5904 lat.
2362 5843 2595 5921 nomen,
2624 5847 2956 5923 Iudaeorum,
2986 5852 3274 5926 praeponit
3298 5850 3515 5924 verbis,
3543 5864 3646 5910 nos
3675 5847 3881 5914 doceat.
