4332 6596
420 504 535 566 365

1121 505 1639 569 COMMENTAR.
1691 510 1765 568 IN
1816 508 2057 569 EPIST.
2106 507 2209 569 AD
2257 514 2536 574 GALA'I‘.
2588 518 2734 576 LIB.
2786 518 2830 589 l,
2882 520 3051 582 CAP.
3104 523 3181 581 Il.

3723 529 3840 590 366

408 640 553 693 eum
603 639 777 695 etiam
828 638 897 694 de
949 638 1211 696 minimis
1266 640 1546 697 fratribus
1596 641 1705 697 hoc
1736 642 2066 698 faciendum
2096 641 2153 710 Α
2188 645 2299 715 3)?
2331 651 2462 717 post
2508 650 2902 707 narrationem
2950 653 3213 726 visionis,
3263 654 3365 710 tali
3396 659 3839 729 responsionem

411 727 675 799 jusserit,
708 744 887 783 ausus
919 733 1009 784 est
1056 729 1457 802 apostolorum
1509 732 1835 787 maximum
1866 731 1924 786 in
1958 749 2070 804 pu-

418 815 571 872 blica
598 817 743 873 facie
771 821 889 873 tam
912 818 1251 891 procaciter,
1278 823 1398 875 tam
1422 826 1758 877 constanter
1786 810 2029 893 arguere
2058 846 2070 887 ;

419 905 532 961 nisi
562 911 618 961 et
646 906 815 962 Petro
848 907 932 963 sic
963 907 1279 980 placuisset
1309 911 1499 980 argui,
1535 914 1593 965 et
1628 909 1839 966 Paulus
1872 927 1986 966 non
2019 910 2069 965 ei

419 995 936 1068 faceretinjuriam
994 999 1062 1053 dc
1117 1014 1231 1069 quo
1273 1003 1407 1053 ante
1465 999 1724 1054 dixerat:
1783 1001 1912 1056 Veni
1938 1002 2068 1055 Hie-

415 1086 745 1159 rosolymam
775 1086 959 1143 videre
987 1092 1233 1155 Petrum,
1263 1091 1315 1143 et
1345 1088 1528 1142 mansi
1554 1090 1702 1159 apud
1727 1104 1853 1145 eum
1883 1089 2069 1144 diebus

416 1175 725 1247 quindecim
745 1192 764 1230 :
794 1177 974 1231 alium
1003 1183 1184 1231 autem
1227 1176 1601 1247 apostolorum
1645 1176 1760 1233 vidi
1786 1179 2069 1233 nominem

415 1262 615 1335 (Galat.
652 1281 689 1337 ι,
744 1264 852 1336 18).
886 1264 956 1319 Et
1013 1281 1291 1321 rursum:
1346 1266 1452 1334 Qui
1499 1268 1648 1322 enim
1694 1275 1957 1339 operatus
1984 1273 2068 1323 est

400 1353 573 1419 Petro
630 1355 691 1409 in
745 1354 1114 1426 apostolatum
1167 1355 1605 1412 circumcisionis
1664 1356 1826 1429 (vers.
1885 1357 1961 1429 8).
2004 1357 2067 1411 Et

400 1442 601 1499 intra:
635 1441 860 1509 Pdtrus,
891 1450 946 1498 et
989 1443 1241 1514 Iacobus,
1281 1450 1337 1499 et
1386 1445 1647 1511 Joannes,
1679 1449 1777 1517 qui
1803 1446 2065 1502 videban-

410 1536 507 1589 tur
531 1533 798 1589 columnae
826 1548 942 1589 esse
988 1535 1152 1603 (vers.
1207 1534 1286 1605 9),
1334 1539 1391 1590 et
1436 1538 1640 1590 caetera
1687 1551 1814 1607 quae
1844 1535 1903 1590 in
1937 1536 2064 1606 ejus

411 1622 616 1678 laudes
675 1627 927 1695 pororat.
1001 1622 1327 1695 Aliquoties
1396 1641 1532 1679 cum
1587 1624 2065 1681 adolescentulus

412 1710 607 1767 Romae
639 1711 1063 1768 controversias
1111 1712 1525 1780 declamarem,
1562 1718 1618 1769 et
1666 1714 1737 1768 ad
1775 1731 1909 1771 vera
1939 1730 2061 1769 cer-

409 1800 633 1856 tamina
689 1800 841 1857 lictis
904 1818 1010 1861 me.
1034 1800 1240 1857 litibus
1300 1804 1316 1837 ¹
1370 1818 1722 1873 exercerem,
1755 1804 2062 1860 currebam

408 1888 480 1944 ad
511 1888 1150 1961 tribunaliajudicum,
1200 1894 1257 1945 et
1308 1890 1732 1948 disertissimos
1764 1896 2063 1949 oratorum

406 1982 571 2074 tanta
597 1978 750 2074 inter
798 1995 861 2035 se
905 1979 1176 2074 videbam
1234 1981 1549 2074 acerbitate
1596 1963 1967 2074 contendere,
2001 1986 2066 2038 ut
2094 2009 2143 2074 B

406 2068 645 2125 omissis
676 2084 827 2140 saepe
855 2068 1126 2141 negotiis,
1150 2069 1210 2125 in
1235 2069 1500 2142 proprias
1523 2071 1910 2127 contumelias
1942 2088 2064 2128 ver-

404 2156 690 2229 terentur,
722 2163 780 2213 et
804 2158 1053 2229 joculari
1092 2175 1154 2214 se
1200 2158 1449 2215 invicem
1501 2160 1673 2216 dente
1706 2161 2059 2217 morderent.

405 2247 461 2302 Si
495 2247 605 2303 hoc
633 2245 717 2301 illi
751 2247 993 2315 faciunt,
1045 2253 1109 2302 ut
1138 2248 1295 2320 apud
1347 2265 1477 2304 reos
1517 2248 1745 2305 nullam
1775 2250 2061 2322 suspicio-

404 2353 540 2393 nem
568 2335 1058 2409 praevaricationis
1096 2336 1420 2408 incurrant,
1448 2343 1506 2394 et
1535 2338 1749 2394 fallunt
1777 2339 2062 2411 populum

403 2424 929 2482 circumstantem:
991 2425 1132 2500 quid
1191 2431 1472 2499 putamus
1536 2432 1731 2484 tantas
1796 2427 2061 2484 Ecclesia:

404 2515 730 2582 columnas,
762 2519 1000 2571 Petrum
1032 2520 1089 2570 et
1118 2515 1388 2585 Paulum,
1410 2520 1575 2572 tanta
1593 2533 1735 2573 vasa
1763 2517 2061 2589 sapientiae

403 2604 561 2661 inter
607 2603 965 2661 dissidentes
1012 2604 1249 2661 Judaaos
1278 2610 1454 2678 atque
1475 2607 1723 2678 gentiles
1753 2608 1940 2662 facere
1970 2607 2064 2663 de-

390 2694 658 2767 buisse?
715 2693 828 2749 nisi
884 2697 949 2748 ut
999 2710 1202 2749 eorum
1261 2694 1540 2750 simulata
1588 2696 1903 2763 contentio,
1950 2712 2061 2767 pax

402 2782 767 2839 credentium
819 2783 1002 2852 ﬁeret,
1052 2787 1109 2838 et
1155 2781 1423 2838 Ecclesiae
1471 2782 1615 2840 ﬁdes
1664 2789 1866 2840 sancto
1908 2784 2063 2840 inter

403 2888 501 2929 eos
529 2872 752 2945 (ALAse)
776 2872 976 2945 jurgio
1025 2873 1420 2928 concordaret.
1474 2873 1624 2928 Sunt
1668 2874 1767 2944 qui
1799 2873 2057 2946 Cephan,

404 2962 497 3018 cui
529 2961 625 3018 hic
657 2962 716 3017 in
748 2962 957 3018 faciem
1006 2961 1225 3018 Paulus
1265 2962 1551 3017 restitisse
1597 2978 1659 3018 se
1689 2963 1914 3034 scribit,
1947 2980 2060 3019 non

406 3054 614 3123 putant
659 3050 992 3124 apostolum
1043 3051 1279 3114 Petrum
1305 3052 1349 3122 ’,
1374 3052 1475 3107 sed
1514 3049 1697 3108 alium
1726 3052 1796 3106 de
1822 3052 2061 3123 Septua-

403 3138 565 3214 ginta
589 3141 741 3196 409
787 3139 1094 3213 discipulis
1139 3139 1251 3196 isto
1301 3141 1582 3196 vocabulo
1629 3146 2057 3214 nuncupatum.

386 3228 475 3301 Et
503 3229 707 3285 dicunt
737 3245 1111 3301 nequaquam
1154 3228 1390 3285 Petrum
1423 3247 1457 3285 a
1497 3230 1766 3286 convictu
1794 3230 2057 3302 gentium

406 3335 471 3374 se
497 3318 761 3392 potuisse
792 3318 1159 3389 subtrahere,
1193 3318 1294 3389 qui
1323 3322 1381 3373 et
1411 3319 1811 3375 centurionem
1842 3319 2056 3376 Corne-

2185 752 2357 792 suam
2405 738 2518 791 ﬁne
2575 738 2967 797 concluserit:
3002 744 3060 797 Si
3114 760 3245 815 ergo
3300 746 3552 801 eamdem
3593 751 3837 816 gratiam

2179 825 2328 881 dedit
2386 826 2509 881 illis
2566 828 2722 895 Deus,
2783 831 2925 885 sicut
2971 841 3025 886 et
3078 833 3234 887 nobis
3289 836 3387 905 qui
3415 835 3749 893 credidimus
3775 840 3838 896 in

2184 918 2485 970 Dominum
2535 919 2714 972 Jesum
2769 917 3088 975 Christum:
3147 938 3274 992 ergo
3343 925 3465 996 quis
3535 941 3688 981 eram
3743 928 3839 999 qui

2172 1020 2390 1075 possem
2418 1007 2709 1077 prohibere
2762 1009 2977 1063 Deum?
3011 1010 3214 1077 Quibus
3263 1012 3492 1081 auditis,
3521 1017 3834 1087 tacuerunt,

2177 1097 2228 1147 et
2254 1094 2700 1166 gloriﬁcaverunt
2757 1097 2924 1152 Deum
2974 1098 3255 1156 dicentes:
3294 1118 3418 1174 ergo
3475 1107 3533 1158 et
3574 1104 3836 1177 gentibus

2178 1182 2314 1236 Deus
2355 1185 2736 1253 penitentiam
2793 1185 2864 1240 ad
2914 1189 3082 1243 vitam
3138 1189 3287 1245 dedit
3345 1191 3506 1262 (Ibid.
3571 1193 3657 1264 17,
3720 1193 3832 1266 18),

2177 1269 2430 1326 maxime
2453 1288 2588 1327 cum
2618 1277 2799 1329 Lucas
2822 1274 3072 1346 scriptor
3099 1276 3376 1347 historia,
3402 1279 3627 1337 nullam
3653 1282 3834 1355 hujus

2177 1359 2562 1416 dissensionis
2584 1360 2760 1417 faciat
2807 1364 3202 1434 mentionem;
3236 1383 3341 1422 nec
3385 1367 3541 1425 dicat
3571 1386 3834 1443 unquam

2175 1447 2411 1503 Petrum
2470 1450 2786 1505 Antiochiae
2845 1451 3027 1508 fuisse
3085 1469 3219 1509 cum
3279 1455 3476 1525 Paulo,
3535 1462 3593 1514 et
3634 1459 3833 1516 locum

2175 1535 2302 1592 dari
2360 1538 2675 1611 Porphyrio
2734 1539 3203 1613 blasphemanti:
3262 1545 3311 1600 si
3369 1550 3565 1602 autem
3623 1547 3830 1606 Petrus

2175 1643 2420 1697 errasse,
2455 1634 2557 1684 aut
2580 1629 2794 1685 Paulus
2825 1632 3146 1702 procaciter
3174 1635 3575 1706 apostolorum
3608 1637 3829 1710 princi-

2174 1734 2306 1789 pem
2334 1718 2665 1774 cont‘utasse
2693 1719 2982 1776 credatur.
3031 1723 3255 1788 Quibus
3296 1724 3554 1796 primum
3581 1742 3827 1799 respon-

2173 1807 2452 1863 dendum.
2486 1807 2729 1864 alterius
2770 1810 2967 1865 nescio
3007 1812 3178 1883 cujus
3229 1813 3434 1886 Cephea
3465 1814 3690 1871 nescire
3722 1833 3830 1873 nos

2174 1911 2389 1951 nomen
2420 1896 2535 1951 nisi
2565 1898 2695 1968 ejus
2754 1898 2855 1970 qui
2906 1899 3049 1955 etin
3110 1901 3443 1975 Evangelia,
3506 1909 3563 1959 et
3604 1904 3664 1959 in
3696 1905 3830 1961 aliis

2174 1976 2339 2031 Pauli
2373 1976 2670 2048 Epistolis,
2695 1983 2752 2033 et
2786 1979 2847 2033 in
2871 1979 2977 2035 hac
3001 1996 3235 2053 quoque
3257 1983 3385 2055 ipsa
3406 1984 3580 2041 modo
3606 1984 3830 2057 Cephas,

2177 2066 2350 2120 modo
2381 2067 2594 2135 Petrus,
2628 2067 2922 2123 scribitur.
2972 2069 3097 2125 Non
3147 2072 3303 2142 quod
3347 2071 3506 2128 aliud
3539 2073 3833 2146 signiﬁcet

2172 2153 2402 2219 Petrus,
2434 2153 2595 2209 aliud
2644 2155 2905 2227 Cephas:
2940 2159 3041 2213 sed
3074 2160 3230 2230 quod
3275 2176 3452 2231 quam
3484 2155 3593 2218 nos
3628 2162 3832 2219 Latine

2174 2246 2230 2298 et
2255 2246 2445 2298 Graece
2484 2251 2693 2314 petram
2744 2260 3018 2302 vocemus
3048 2248 3088 2314 ³,
3141 2247 3291 2303 hanc
3339 2251 3567 2306 Hebraei
3616 2254 3672 2307 et
3700 2252 3831 2324 Syri

2172 2335 2408 2403 propter
2431 2330 2645 2404 linguae
2690 2332 2843 2388 inter
2891 2351 2953 2390 se
3002 2335 3300 2406 viciniam,
3346 2337 3565 2410 Cephan
3596 2356 3831 2395 nuncu-

2172 2425 2333 2493 pent.
2365 2421 2584 2476 Deinde
2642 2425 2832 2477 totum
2893 2430 3309 2496 argumentum
3367 2427 3623 2500 epistolae
3671 2428 3829 2501 quod

2172 2507 2408 2580 oblique
2437 2510 2508 2565 de
2560 2508 2744 2579 Petro,
2793 2512 3009 2568 Jacobo
3057 2518 3113 2569 et
3157 2515 3383 2571 Joanne
3424 2515 3657 2589 dicitur,
3691 2517 3830 2587 huic

2170 2598 2562 2671 intelligentiae
2593 2616 2941 2673 repugnare.
2987 2603 3102 2658 Nec
3144 2603 3361 2660 mirum
3393 2621 3525 2661 esse
3553 2606 3604 2661 si
3638 2605 3828 2662 Lucas

2170 2686 2321 2743 hanc
2353 2704 2476 2743 rem
2524 2689 2794 2757 tacuerit,
2844 2708 2979 2746 cum
3010 2696 3066 2746 et
3116 2692 3231 2748 alia
3278 2692 3462 2749 multa
3508 2694 3824 2766 quaile

2170 2777 2389 2833 Paulus
2438 2778 2794 2834 sustinuisse
2842 2795 2904 2836 se
2953 2780 3212 2852 replicat,
3264 2782 3724 2857 historiographi
3755 2782 3827 2839 li-
3896 2776 3901 2779 ’

2171 2868 2362 2922 eentia
2390 2868 2867 2939 praetermiserit:
2920 2874 2978 2925 et
3025 2887 3141 2926 non
3188 2872 3390 2927 statim
3437 2887 3567 2929 esse
3595 2876 3826 2929 contra-

2170 2956 2346 3023 rium,
2397 2956 2445 3011 si
2491 2957 2647 3028 quod
2701 2956 2851 3011 alius
2903 2959 2975 3013 ob
3025 2975 3261 3015 causam
3303 2960 3551 3033 dignum
3602 2961 3829 3034 putavit

2170 3044 2376 3113 relatu,
2410 3044 2561 3100 alius
2588 3045 2766 3103 inter
2792 3051 2996 3102 caetera
3041 3047 3374 3120 dereliquit.
3409 3049 3673 3122 Denique
3702 3051 3826 3124 pri-

2170 3151 2335 3190 mum
2403 3136 2741 3206 episcopum
2809 3136 3185 3193 Antiochense
3258 3138 3527 3195 Ecclesiae
3584 3143 3825 3197 Petrum

2168 3223 2352 3280 fuisse
2391 3224 2747 3297 accepimus,
2798 3229 2854 3280 et
2902 3226 3149 3282 Romam
3188 3227 3396 3285 exinde
3442 3228 3823 3299 translatum,

2173 3313 2327 3385 quod
2364 3319 2543 3369 Lucas
2575 3313 2809 3385 penitus
2841 3315 3061 3371 omisit.
3094 3320 3180 3371 Ad
3213 3321 3539 3373 extremum
3572 3319 3622 3375 si
3654 3334 3824 3391 prop-

402 3382 554 3463 liuin
577 3407 918 3479 baptizarat.
944 3408 1014 3462 Et
1035 3382 1170 3461 cum
1193 3382 1553 3463 ascendisset
1572 3408 2056 3481 Hierosolymam,
2091 3382 2133 3450 C
2171 3382 2259 3458 ter
2290 3382 2592 3475 Porphyrii
2628 3402 3080 3474 blasphemiam,
3126 3405 3276 3461 alius
3306 3405 3478 3461 nobis
3510 3382 3823 3478 fingendus

390 3494 857 3571 Vdeceptantibus
886 3495 1165 3551 adversus
1197 3511 1259 3551 se
1307 3495 1407 3567 qui
1453 3501 1620 3551 erant
1656 3514 1723 3552 ex
1754 3497 2059 3553 circumcié

410 3585 595 3656 sione,
628 3590 686 3641 et
716 3583 1050 3641 dicentibus
1075 3602 1086 3639 :
1137 3588 1322 3654 Quare
1350 3587 1596 3641 introisti
1637 3585 1718 3642 ad
1745 3588 1890 3643 viros
1915 3604 2060 3659 prae-

402 3677 625 3748 putium
654 3673 931 3742 habentes,
980 3684 1033 3730 et
1081 3673 1435 3730 manducasti
1484 3692 1602 3730 cum
1653 3675 1769 3731 illis
1811 3677 1948 3748 (Act.
1979 3694 2059 3746 x1,

482 3806 499 3840 ι
531 3800 945 3876 Veramhhanc
1001 3800 1575 3876 lectionem__retinet
1614 3802 2062 3876 codexuﬂegius

409 3891 520 3932 ms.
571 3891 630 3929 n.
662 3874 824 3929 3758.
879 3873 1225 3929 Erasmiana
1279 3873 1456 3929 editio
1509 3879 1565 3929 et
1606 3874 1875 3930 nonnulli
1916 3873 2061 3932 mss.

409 3946 577 4003 codd.
637 3945 910 4017 corrupte
967 3944 1170 4018 legunt
1222 3946 1366 4015 ﬁctis
1421 3947 1698 4002 militibus
1758 3963 2059 4004 exercerer.

410 4019 747 4154 MﬂTbuod
780 4087 920 4143 olim
953 4093 1097 4160 erat,
1134 4089 1271 4153 ﬁctis
1297 4089 1594 4155 militibus,
1625 4088 1839 4145 Victor.
1870 4104 2065 4146 emen-

392 4162 589 4229 davit,
619 4177 707 4215 me
735 4160 942 4230 litibus,
976 4177 1044 4216 ex
1091 4177 1236 4232 mss.
1270 4162 1488 4232 quibus
1535 4166 1593 4216 et
1638 4162 1825 4216 nostri
1859 4179 2064 4218 conso-

417 4237 579 4317 nant,
609 4248 726 4287 uno
775 4235 1006 4317 tantum
1065 4231 1379 4289 abludente
1429 4234 1485 4287 in
1545 4248 1704 4300 voce,
1735 4235 1918 4304 factis,
1961 4250 2065 4305 pro
2132 4282 2137 4293 .

438 4305 580 4359 ictis.

438 4305 580 4359 etis.
824 4310 845 4317 ‘

418 4305 457 4377 ﬁ
489 4375 510 4409 ²
538 4375 796 4430 Mearum
852 4375 1097 4430 minime
1150 4376 1240 4429 est
1294 4374 1575 4443 partium,
1602 4376 2067 4432 vetustissimam

420 4446 827 4519 quaestionem,
846 4463 1092 4519 quaeque
1108 4447 1572 4519 spectatissimos
1589 4452 1856 4503 auctores
1873 4448 2071 4504 studia

416 4518 477 4575 in
526 4519 819 4575 contraria
877 4520 1167 4584 distraxit,
1223 4518 1317 4572 hic
1370 4518 1479 4572 loci
1530 4534 1863 4590 recoquere.
1916 4520 2069 4574 Satis

418 4590 877 4662 abundefuerit,
933 4590 1055 4647 sive
1084 4606 1233 4662 quos
1292 4589 1906 4662 Hieronymus’rnotat,
1952 4590 2069 4662 sive

417 4679 563 4735 quos
593 4661 734 4735 tulit,
759 4662 996 4735 sequior
1026 4661 1187 4731 aetas,
1223 4665 1423 4716 Patres
1453 4661 1523 4716 de
1555 4661 1791 4735 nomine
1824 4661 2074 4735 compel-

2158 3497 2256 3548 ‘est
2283 3492 2527 3564 Cepbas,
2561 3508 2632 3547 ne
2682 3491 2887 3546 Petrus
2936 3497 3177 3563 putetur
3207 3509 3456 3561 errasse,
3490 3494 3721 3551 inﬁnita
3750 3496 3824 3551 de

2169 3581 2486 3654 Scripturis
2512 3584 2684 3636 erunt
2704 3580 2961 3635 radenda
2982 3581 3214 3651 divinis,
3240 3598 3366 3654 quae
3390 3581 3508 3648 ille,
3531 3583 3672 3655 quia
3701 3598 3822 3639 non

2170 3670 2460 3743 intelligit,
2522 3669 2886 3753 criminatur.
2933 3670 3044 3725 Sed
3098 3677 3155 3726 et
3203 3673 3513 3728 adversum
3565 3671 3820 3745 Porphy-

2170 3797 2624 3871 propriam,_aut
2670 3794 2918 3871 aliorum
2949 3796 3020 3852 de
3069 3797 3301 3853 diversa
3347 3798 3499 3871 Petri
3530 3797 3822 3871 apostolo-

2171 3867 2303 3926 rum
2326 3868 2608 3944 principis
2630 3885 2662 3922 a
2684 3867 2896 3944 Cepha,
2918 3885 3032 3924 uno
3053 3886 3083 3944 e
3100 3870 3471 3944 septuaginta
3489 3867 3816 3944 discipulis,

2172 3941 2421 4016 persona
2477 3941 2873 4013 opinationem
2915 4012 2923 4016 _
2946 3941 3289 4013 probarunt.
3314 3941 3553 4016 jMulta
3569 4015 3572 4016 ν
3591 3941 3824 4015 quoque

2173 4012 2332 4081 sunt,
2375 4029 2501 4084 quae
2522 4012 2626 4084 me
2675 4028 2743 4084 ex
2777 4012 2927 4067 sacri
2954 4012 3165 4067 textus
3216 4013 3384 4084 serie,
3418 4012 3826 4069 Paulinarum-

2174 4101 2286 4157 que
2316 4082 2511 4139 rerum
2544 4082 2786 4137 historia
2820 4083 2877 4135 in
2919 4085 3186 4157 eamdem
3219 4082 3569 4157 sententiam
3601 4091 3824 4157 pertraf

2172 4154 2362 4213 hant:
2416 4159 2591 4225 atque
2651 4158 2716 4207 ut
2770 4154 2949 4226 semel
2998 4154 3212 4221 dicam,
3272 4154 3647 4226 potissimum
3680 4155 3827 4211 illud

2176 4224 2611 4301 argumentum,
2645 4224 3189 4301 quodieo_tempore
3244 4224 3451 4301 Petrus
3483 4233 3831 4301 non_ageret

2177 4295 2518 4365 Antiochia),
2597 4312 2712 4367 quo
2798 4295 3345 4370 CepphamiPaulus
3430 4295 3827 4370 reprehendit,

2178 4373 2238 4428 in
2272 4376 2547 4444 promptu
2586 4372 2740 4424 esset
2786 4368 2953 4423 novis
2996 4368 3292 4444 rationum
3342 4368 3660 4444 momentis
3685 4368 3830 4425 vali-

2179 4440 2494 4500 dissimum
2519 4442 2940 4505 demonstrare,
2967 4440 3080 4497 nisi
3110 4458 3216 4497 nos
3247 4441 3369 4497 haec
3393 4440 3627 4514 longius
3650 4456 3830 4514 quam

2180 4516 2401 4588 patitur
2429 4514 2719 4588 Notar_um_
2758 4514 3124 4588 propositum
3178 4512 3552 4588 abducerent.
3587 4512 3832 4588 lnterim
3931 4540 3945 4553 -

2181 4583 2406 4643 certum
2437 4590 2545 4651 est,
2598 4583 3192 4658 Latinusuplerosque
3221 4602 3452 4658 omnes
3484 4584 3832 4658 Scriptores,

2181 4658 2554 4731 Cyprianum,
2579 4727 2596 4731 Α
2614 4655 3065 4731 Tertullianum,
3099 4655 3115 4658 ⁷
3138 4656 3431 4731 Hilarium
3488 4655 3831 4725 Diac'onum,

413 4727 783 4824 lam,_quinin
807 4727 960 4824 ‘éam
1010 4727 1355 4824 concessere.
1378 4731 1751 4824 sententiam,
1890 4727 2072 4824 alium
2107 4759 2150 4824 υ
2184 4727 2545 4824 ϐἰ-ἱηερνίμηι
2578 4727 2686 4824 lily“
2707 4727 3020 4824 Thomam,
3054 4745 3120 4785 ac
3140 4730 3448 4824 csjequiores
3479 4746 3694 4824 mag‘no
3724 4746 3836 4824 nu-

394 4822 456 4884 'a
488 4799 658 4884 Petro
691 4805 1178 4884 Geph_am._quem
1216 4805 1435 4860 Paulus
1485 4805 1877 4884 reprehendit,
1919 4805 2073 4860 arbi-
2104 4799 2150 4824 ἰ’
2186 4799 2344 4884 mero
2373 4801 2721 4884 interpretes
2753 4799 2849 4884 (n‘e
2889 4799 3294 4884 ‘ipso'quide’m
3335 4799 3837 4884 exceptae-ngue-

415 4877 555 4934 trati
614 4875 787 4932 suntf
835 4875 1192 4933 Laudandus
1249 4893 1383 4932 cum
1433 4875 1653 4949 primis,
1697 4879 1756 4933 S.
1808 4877 2076 4933 Clemens

412 4948 850 5007 Alexandrinus
907 4950 1130 5021 quinto,
1172 4948 1593 5021 Hypotypbseon
1634 4948 1829 5021 libro:
1884 4949 2074 5021 etqui

414 5024 547 5092 ejus
577 5022 789 5077 recitat
836 5018 1243 5078 testimonium
1294 5018 1579 5076 Eusebius
1628 5018 1892 5093 Pamphii
1928 5018 2074 5093 libro

411 5094 617 5150 Eccles.
646 5095 784 5149 Hist.
819 5110 875 5165 1,7
916 5109 1042 5165 cap.
1108 5095 1193 5147 12.
1257 5094 1355 5148 llis
1413 5092 1813 5163 subscripsere
1865 5092 2074 5165 saeculo

415 5168 631 5237 quarto
685 5164 1015 5221 Dorotheus
1073 5165 1303 5238 Tyrius,
1366 5165 1466 5238 qui
1526 5166 1783 5238 Cepbam
1833 5182 1867 5219 a
1899 5164 2074 5219 Paulo

414 5236 801 5310 redargutum
836 5254 949 5310 non
982 5236 1139 5293 inter
1164 5236 1479 5310 apostolos,
1524 5236 1624 5291 sed
1657 5236 1810 5290 inter
1841 5241 2078 5310 septua-

414 5307 940 5436 ﬁinta'discipulos
977 5313 1176 5365 censet
1202 5307 1234 5391 Ξ,
1252 5313 1308 5363 et
1354 5307 1801 5390 Chrysostomus
1832 5307 1973 5389 tom.
2006 5307 2075 5363 V.

467 5379 628 5436 omil.
682 5381 775 5436 64.
817 5382 1034 5436 auibus
1081 5381 1189 5436 hoc
1220 5396 1415 5436 ipsum
1449 5384 1783 5436 Hieronva
1813 5384 2075 5435 testimo-

467 5379 628 5463 pmil.
653 5458 661 5463 Δ
682 5379 786 5447 6/1,—
817 5381 1034 5463 quibus
1055 5380 1429 5463 Ahocﬂipsum.
1449 5379 1783 5463 lijerocnymi
1813 5380 2077 5463 testimo-
2110 5406 2113 5407 ν

416 5453 613 5521 nium,
649 5458 775 5509 tum
833 5450 993 5508 aliud
1054 5453 1112 5508 S.
1173 5450 1433 5523 Gregorii
1493 5451 1568 5506 M.
1619 5450 1683 5506 in
1718 5450 2077 5507 Ezechielem

416 5524 629 5580 homil.
666 5526 731 5579 18
761 5524 1175 5596 astipulantur,
1211 5528 1412 5596 utpote
1458 5523 1558 5595 qui
1589 5528 1767 5579 testes
1799 5523 1937 5596 sint,
1972 5540 2079 5580 suo

414 5596 842 5723 guilibetaevo,
877 5595 1192 5651 nonnullos
1240 5595 1558 5667 eXstitisse,
1609 5596 1708 5722 qui
1748 5595 2020 5679 .Cepham.
2048 5612 2082 5678 a

462 5673 590 5723 etro
644 5668 1097 5723 distinguerent.
1147 5668 1335 5722 Taceo
1383 5664 1601 5723 Alexan
1653 5686 1762 5723 rini
1808 5668 2080 5723 Chronici

462 5673 590 5724 etro
644 5668 1097 5740 distinguerent.
1147 5668 1335 5722 Taceo
1383 5664 1762 5740 Alexandrini
1808 5664 2080 5740 C—hronici

421 5744 721 5797 auctorem
755 5741 826 5795 ad
853 5739 1072 5801 Christi
1098 5754 1319 5793 annum
1346 5740 1414 5792 30
1445 5745 1501 5794 et
1526 5739 1710 5795 multo
1744 5746 1874 5812 post
1904 5739 2082 5795 0Ecu-

409 5814 725 5868 imenium:
782 5813 1035 5882 denique
1092 5816 1148 5864 et
1206 5815 1500 5882 auctorem
1561 5812 1973 5867 Commentarii
2022 5812 2082 5865 in

416 5882 588 5941 Pauli
629 5880 1042 5957 Epistolas—‘8.
1106 5880 1382 5957 Anselmo
1439 5899 1741 5957 perperan
1787 5883 2081 5957 inscripti,

421 5952 899 6037 recentioresque
929 5954 1077 6013 alios
1109 5952 1306 6028 magni
1351 5952 1608 6013 nominis
1636 5956 1813 6030 viros,
1847 5955 1950 6030 qui
1975 5952 2089 6017 aut

2185 4874 2327 4940 tino,
2353 4872 2453 4944 qui
2477 4875 2679 4926 contra
2700 4872 3004 4946 probatam
3028 4873 3378 4946 Hieronymo
3397 4872 3837 4946 simulationem

2184 4943 2389 5013 sensit)
2420 4960 2522 5015 pro
2554 4958 2670 4997 uno
2702 4943 3023 5018 eodemque
3057 4943 3290 5001 Petrum
3327 4947 3703 5018 Cephamque
3732 4944 3836 5018 ha-

2185 5013 2825 5088 buisse,_nostrumque
2851 5013 3270 5088 Hieronymum
3292 5013 3465 5074 etiam
3495 5013 3627 5088 cum
3652 5013 3839 5088 multo

2184 5095 2336 5163 post,
2373 5104 2438 5143 ac
2473 5090 2587 5143 tere
2620 5086 2728 5163 sub
2759 5087 2885 5141 vita)
2936 5086 3131 5163 ﬁnem,
3167 5090 3445 5146 adversus
3484 5086 3836 5163 Pelagianos

2188 5160 2489 5227 scriberet,
2564 5160 2829 5213 eamdem
2910 5160 3171 5215 tenuisse
3248 5160 3619 5227 sententiam,
3704 5172 3837 5213 vere

2186 5234 2421 5290 Petrum
2480 5235 2621 5286 tunc
2671 5248 2919 5305 errasse,
2978 5232 3147 5304 eique
3204 5234 3338 5303 jure
3397 5231 3591 5305 plane
3626 5227 3839 5305 merito

2187 5306 2434 5362 Paulum
2491 5303 2936 5359 succensuisse:
3003 5300 3254 5372 «'Quis,
3314 5300 3415 5368 ait,
3474 5300 3840 5372 indignatur,

2188 5379 2245 5485 id
2268 5377 2387 5485 Eibi
2417 5374 2720 5485 9denegari
2778 5376 2934 5446 quod
2968 5376 3236 5448 princeps
3293 5371 3691 5447 apostolorum
3724 5388 3844 5429 non

2233 5467 2258 5485 ο
2309 5449 2393 5485 “si
2476 5469 2503 5485 ,ι

2188 5449 2443 5505 habuit?
2476 5469 2503 5496 »

2260 5522 2280 5555 ³
2312 5519 2557 5574 Palatin.
2592 5535 2734 5573 mss.
2768 5534 2925 5590 quem
2960 5536 3055 5574 nos
3083 5519 3274 5572 Latine
3319 5521 3372 5591 et
3400 5515 3580 5591 Graece
3617 5517 3847 5573 Petrum

2192 5608 2461 5656 vocemus,
2498 5595 2655 5646 (tunc
2690 5588 2922 5653 llebrwi,
2971 5593 3212 5661 εἰοεΕῇ
3256 5588 3389 5643 vero
3423 5588 3649 5661 Cephas
3678 5599 3846 5653 Nam.

2192 5676 2350 5729 θεν»
2402 5664 2613 5727 radice,
2666 5663 2820 5716 unde
2864 5672 3008 5724 ποτε»
3048 5660 3306 5731 plurium
3351 5660 3596 5717 numero
3625 5661 3847 5718 Jerem.
3917 5722 3923 5729 η

2192 5754 2267 5803 1v,
2300 5737 2388 5801 30,
2449 5741 2505 5790 et
2532 5736 2639 5789 Job
2696 5750 2824 5801 xxx,
2864 5736 2917 5799 ti,
2971 5736 3139 5802 petrae
3192 5732 3588 5805 appellantur.
3624 5731 3855 5805 Desipit

2193 5809 2495 5877 Erasmus,
2534 5807 2631 5876 qui
2668 5805 3087 5879 Hieronymum
3110 5819 3321 5879 negare
3350 5808 3450 5878 ait,
3484 5806 3711 5879 Gephas
3742 5805 3857 5861 He-

2192 5881 2457 6011 brlaiicum
2515 5893 2643 5932 esse
2701 5890 2933 5949 nomen,
2984 5876 3084 5936 sed
3131 5876 3364 5954 Sirum,
3417 5876 3472 5936 et
3515 5876 3857 5951 signiﬁcare

2193 5968 2298 6011 sci
2338 5966 2454 6009 um.

2193 5966 2454 6013 salicum.
