4332 6614
499 462 614 519 367

1748 458 1814 518 S.
1862 456 2174 518 EUSEBII
2219 455 2668 516 HlEHONYMI

3803 454 3923 517 368

501 591 677 658 rium,
707 590 765 645 in
796 589 932 658 alio,
963 589 1012 645 si
1040 590 1307 646 Christus
1339 590 1608 661 jusserit,
1660 603 1830 661 opere
1861 588 2148 660 pugnabi-
2179 589 2234 654 Α
2265 588 2556 660 quomodo
2587 586 2676 642 vel
2708 585 2926 643 Paulus
2949 589 3292 658 persecutus
3314 585 3391 640 sit
3416 588 3552 641 ante
3572 583 3924 654 Ecclesiam,

501 694 673 734 mus:
709 696 866 734 nunc
897 677 1122 751 reliqua
1152 695 1599 751 prosequamur.

574 767 760 837 (Vers.
796 768 904 830 14).
938 791 966 818 ‹‹
999 768 1110 823 Sed
1161 785 1295 823 cum
1342 768 1618 824 vidissem
1670 766 1824 838 quod
1859 781 1973 820 non
2004 767 2157 820 recto

505 856 650 927 pede
691 856 970 911 incedunt
1000 856 1015 890 ¹
1063 857 1133 912 ad
1161 857 1461 912 veritatem
1496 854 1812 926 Evangelii,
1835 853 1952 909 dixi
1993 853 2158 909 Petro

507 959 704 998 coram
763 943 1058 1000 omnibus.
1117 967 1144 995 ››
1198 945 1360 1000 Sicut
1416 944 1475 998 hi
1509 944 1608 1015 qui
1666 941 1827 998 sanis
1857 942 2160 1015 gressibus

506 1031 835 1088 claudicare
865 1051 927 1089 se
957 1031 1260 1099 simulant,
1295 1049 1406 1087 non
1457 1032 1661 1086 vitium
1712 1029 1932 1086 habent
1967 1030 2027 1085 in
2057 1044 2157 1101 pe-

507 1120 702 1189 dibus,
736 1121 836 1178 sed
867 1127 961 1178 est
986 1121 1186 1193 aliqua
1234 1137 1413 1176 causa
1456 1137 1562 1175 cur
1610 1119 1957 1185 claudicent,
1990 1119 2075 1174 ita
2104 1123 2162 1173 et

504 1209 714 1266 Petrus
744 1210 935 1266 sciens
973 1209 1476 1265 circumcisionem
1523 1213 1580 1264 et
1610 1207 1963 1281 praeputium
2013 1205 2159 1262 nihil

505 1314 655 1369 esse,
687 1299 788 1354 sed
842 1297 1303 1353 observationem
1345 1296 1756 1351 mandatorum
1797 1295 1921 1362 Dei,
1954 1294 2163 1350 edebat

506 1386 742 1458 quidem
775 1389 908 1441 ante
940 1402 1074 1440 cum
1096 1385 1396 1458 gentibus,
1430 1385 1530 1440 sed
1564 1401 1666 1457 pro
1689 1389 1950 1456 tempore
1981 1384 2051 1438 ab
2075 1383 2163 1439 eis

505 1491 587 1542 se,
622 1491 693 1530 ne
717 1474 952 1530 Judaeos
981 1491 1015 1530 a
1071 1474 1184 1530 ﬁde
1239 1473 1454 1530 Christi
1515 1474 1804 1545 perderet,
1851 1471 2160 1528 subtrahe-

491 1564 625 1620 ‘bat.
661 1562 825 1619 Unde
855 1568 914 1619 et
939 1563 1153 1620 Paulus
1175 1564 1378 1618 eadem
1403 1567 1524 1618 arte
1555 1579 1672 1633 qua
1698 1561 1795 1618 ille
1821 1559 2159 1628 simulabat,

506 1652 558 1708 ei
592 1651 809 1707 restitit
837 1651 896 1706 in
947 1651 1176 1719 faciem,
1227 1656 1284 1706 et
1313 1650 1574 1722 loquitur
1621 1667 1815 1706 coram
1847 1649 2159 1716 omnibus;

506 1757 624 1796 non
653 1746 774 1795 tam
806 1744 871 1794 ut
901 1741 1137 1795 Petrum
1169 1744 1380 1812 arguat
1409 1741 1449 1808 ²,
1495 1755 1673 1811 quam
1707 1742 1771 1794 ut
1799 1738 1880 1805 bi,
1914 1754 2162 1810 quorum

509 1846 687 1885 causa
710 1829 921 1884 Petrus
944 1829 1344 1898 simulaverat,
1368 1828 1753 1898 corrigantur,
1777 1826 1865 1882 vel
1890 1831 1954 1881 ut
1984 1826 2160 1881 etiam

509 1917 727 1972 Judaais
778 1918 1072 1990 superbia,
1133 1917 1408 1989 gentibus
1455 1917 1783 1988 desperatio
1840 1915 2159 1971 tolleretur.

511 2007 672 2071 Quod
706 2007 756 2062 si
815 2007 920 2062 cui
964 2007 1073 2062 iste
1126 2023 1240 2062 non
1302 2006 1490 2078 placet
1545 2022 1756 2061 sensus
1807 2005 1849 2073 ⁸,
1896 2021 2012 2076 quo
2058 2020 2162 2058 nec

511 2097 718 2151 Petrus
747 2112 1041 2167 peccasse,
1075 2112 1179 2151 nec
1221 2095 1438 2150 Paulus
1489 2095 1808 2166 procaciter
1834 2093 2164 2149 ostenditur

512 2185 777 2258 arguisse
807 2186 1110 2256 majorem,
1145 2186 1315 2240 debet
1344 2200 1628 2255 exponere
1657 2199 1774 2254 qua
1799 2198 2161 2253 consequen-

507 2274 590 2329 tia
617 2275 766 2332 441
801 2273 910 2329 hoc
960 2272 1173 2330 Paulus
1217 2275 1274 2328 in
1325 2272 1506 2328 altero
1561 2271 1968 2344 reprehendat,
2002 2271 2162 2342 quod

509 2363 636 2434 ipse
671 2362 986 2418 commisit.

583 2473 612 2501 ‹‹
643 2451 703 2508 Si
732 2457 816 2522 tu,
851 2468 984 2507 cum
1015 2451 1252 2507 Judeus
1284 2451 1386 2518 sis,
1441 2450 1757 2523 gentiliter,
1813 2456 1870 2506 et
1909 2467 2025 2506 non
2055 2450 2160 2505 Ju-

507 2540 669 2598 daice
706 2540 892 2596 vivis:
943 2541 1236 2611 quomodo
1286 2545 1488 2613 gentes
1547 2539 1706 2612 cogis
1745 2539 2097 2610 judaizare?
2131 2560 2160 2589 ››

505 2629 906 2685 Indissolubili
956 2634 1300 2709 argumento
1344 2628 1695 2700 constringit
1742 2629 1999 2695 Petrum,
2043 2627 2161 2683 imo

506 2735 610 2790 per
635 2719 889 2788 Petrum,
922 2735 1020 2775 cos
1072 2719 1168 2791 qui
1203 2718 1527 2790 pugnantia
1579 2717 1748 2772 illum
1802 2717 1953 2772 inter
1981 2733 2042 2772 se
2076 2717 2160 2773 fa-

508 2823 636 2864 cere
670 2807 974 2880 cogebant.
1029 2807 1110 2874 Si,
1162 2807 1374 2879 inquit,
1430 2823 1462 2861 o
1493 2810 1681 2873 Petre,
1728 2810 1791 2861 tu
1823 2810 2034 2861 natura
2062 2807 2162 2860 Ju-

508 2895 670 2951 daeus
702 2912 784 2965 es,
836 2896 1219 2952 circumcisus
1267 2912 1301 2951 a
1349 2911 1528 2967 parva
1579 2898 1766 2962 aetate,
1809 2899 1865 2950 et
1895 2894 2166 2950 universa

512 2983 660 3055 legis
691 2989 980 3055 precepts
1008 2984 1366 3050 custodiens,
1401 3000 1555 3038 nunc
1598 2983 1670 3038 ob
1715 2983 1962 3054 gratiam
1995 2982 2165 3038 Chri-

522 3072 597 3128 sti
628 3071 743 3128 scis
775 3088 842 3128 ea
871 3071 1013 3126 nihil
1046 3088 1147 3144 per
1179 3088 1240 3127 se
1272 3071 1484 3127 habere
1518 3069 1807 3142 utilitalis,
1839 3072 1941 3126 sed
1973 3086 2164 3127 exem-

521 3160 708 3232 plaria
735 3176 862 3217 esse
893 3165 950 3217 et
979 3161 1266 3235 imagines
1296 3161 1648 3230 futurorum,
1694 3165 1751 3215 et
1779 3177 1912 3215 cum
1943 3159 2036 3216 his
2067 3161 2166 3232 qui

2268 679 2315 731 si
2350 677 2421 731 de
2453 681 2661 732 natura
2692 674 2983 748 spirituali
3033 674 3178 729 fuit:
3216 678 3320 729 aut
3363 678 3566 746 postea
3608 674 3928 747 Apostolus

2269 765 2477 832 factus,
2513 765 2561 820 si
2591 767 2662 821 de
2709 769 2940 821 terrena
2987 763 3120 818 faece
3162 769 3476 834 generatus
3505 763 3642 818 est?
3672 764 3838 827 Quod
3873 765 3928 820 si

2266 858 2560 909 terrenum
2583 871 2715 909 eum
2741 871 2858 909 non
2882 852 3062 908 fuisse
3085 852 3508 917 contenderint,
3534 852 3723 924 ipsius
3747 854 3926 909 verba

2269 958 2594 1014 ponamus:
2627 944 2864 997 Eramus
2901 941 3014 1011 filii
3067 945 3271 996 natura
3329 943 3455 1012 irae,
3487 943 3629 997 sicut
3658 950 3709 997 et
3735 943 3930 998 caeteri

2271 1029 2479 1101 (Ep/ws.
2515 1047 2576 1096 ιι,
2626 1031 2702 1101 3).
2737 1030 2957 1085 Natura
2985 1030 3007 1063 ⁸
3054 1029 3295 1086 Judaaus
3324 1034 3414 1086 est
3464 1029 3565 1102 qui
3611 1031 3680 1085 de
3711 1047 3924 1104 genere

2268 1123 2359 1172 est
2387 1118 2703 1186 Abraham,
2734 1123 2792 1173 et
2821 1136 2854 1173 a
2886 1119 3227 1190 parentibus
3258 1117 3351 1175 die
3381 1124 3579 1174 octavo
3611 1119 3923 1174 circumci-

2269 1223 2374 1262 sus
2403 1211 2512 1262 est.
2543 1207 2669 1262 Non
2701 1213 2914 1262 natura
2942 1207 3204 1274 Judaeus,
3254 1207 3353 1278 qui
3389 1212 3587 1280 postea
3615 1213 3704 1264 est
3733 1208 3924 1264 factus

2269 1313 2338 1352 ex
2367 1297 2660 1368 gentibus.
2715 1296 2783 1352 Ut
2828 1301 3023 1352 autem
3075 1300 3266 1351 totum
3315 1301 3729 1372 argumentum
3758 1295 3929 1353 brevi

2272 1401 2540 1440 sermone
2559 1385 3072 1457 comprehendam,
3093 1401 3304 1440 sensus
3318 1391 3408 1442 est
3429 1385 3538 1440 iste
3560 1385 3662 1456 qui
3676 1386 3920 1442 texitur:

2272 1474 2409 1535 Nos.
2443 1473 2501 1528 id
2533 1478 2641 1546 est,
2673 1490 2778 1546 ego
2809 1479 2868 1529 et
2894 1478 2980 1543 tu,
3028 1473 3192 1529 Petre
3243 1474 3504 1545 (miscuit
3534 1473 3692 1529 enim
3721 1489 3926 1546 perso-

2278 1579 2415 1617 nam
2441 1579 2635 1632 suam,
2667 1579 2737 1618 ne
2767 1561 2851 1617 illi
2883 1563 3070 1620 facere
3099 1562 3393 1618 videretur
3413 1563 3567 1620 412
3601 1562 3927 1635 injuriam),

2272 1667 2408 1706 cum
2440 1667 2729 1719 essemus,
2779 1651 2990 1723 inquit,
3043 1657 3252 1707 natura
3298 1651 3507 1720 Judrei,
3549 1663 3626 1708 ea'
3649 1651 3928 1708 facientes

2273 1755 2398 1811 qua:
2428 1737 2552 1811 lege
2583 1744 2868 1811 praecepta
2911 1744 3072 1805 sunt,
3117 1745 3175 1795 et
3215 1757 3332 1796 non
3363 1757 3432 1795 ex
3476 1740 3753 1813 gentibus
3783 1756 3926 1813 pec-

2271 1833 2519 1899 catores,
2552 1828 2652 1900 qui
2685 1827 2769 1883 vel
2817 1827 3183 1900 generaliter,
3241 1829 3381 1900 quia
3426 1829 3598 1886 idolis
3635 1829 3924 1896 serviunt,

2272 1922 2624 1989 peccatores,
2641 1922 2799 1988 sunt,
2821 1917 3073 1989 velquos
3087 1934 3242 1974 nunc
3268 1919 3926 1990 putamusimmundos,

2273 2007 2523 2062 scientes
2556 2006 2710 2078 quod
2742 2022 2856 2061 non
2884 2023 3204 2078 possumus
3229 2024 3297 2063 ex
3322 2007 3467 2080 legis
3491 2023 3686 2079 opere,
3717 2007 3818 2062 sed
3850 2022 3922 2062 ex

2272 2094 2484 2151 Christi
2533 2094 2741 2150 salvari
2792 2095 2928 2163 ﬁde,
2977 2096 3338 2153 credidimus
3394 2096 3453 2151 in
3503 2095 3823 2160 Christum,
3858 2099 3926 2151 ut

2272 2185 2424 2256 quod
2460 2184 2550 2240 lex
2581 2183 2750 2240 nobis
2781 2201 2896 2239 non
2946 2185 3204 2253 dederat,
3255 2185 3398 2242 ﬁdes
3429 2185 3714 2242 tribueret
3742 2201 3924 2256 quam

2271 2273 2632 2329 habebamus
2683 2272 2786 2345 (Al.
2821 2272 3132 2344 habemus)
3161 2273 3222 2328 in
3271 2273 3520 2330 Christo.
3555 2274 3718 2340 Quod
3748 2273 3800 2330 si
3831 2287 3921 2329 re-

2271 2363 2540 2418 cedentes
2571 2379 2604 2416 a
2636 2361 2781 2433 lege,
2814 2361 2873 2416 in
2897 2379 3015 2434 qua
3035 2361 3246 2418 salvari
3277 2379 3392 2419 non
3417 2363 3739 2435 potuimus,
3763 2368 3923 2419 tran-

2271 2452 2608 2507 scendimus
2641 2451 2711 2505 ad
2746 2450 2943 2520 ﬁdem,
2992 2450 3052 2505 in
3097 2468 3214 2522 qua
3260 2467 3376 2508 non
3416 2451 3609 2508 carnis
3640 2452 3926 2523 quaritur

2271 2539 2659 2605 circumcisio,
2695 2540 2794 2594 sed
2844 2539 3037 2595 cordis
3090 2541 3218 2612 puri
3269 2540 3533 2596 devotio:
3583 2545 3640 2597 et
3690 2557 3847 2596 nunc
3890 2557 3926 2604 a

2271 2629 2544 2702 gentibus
2576 2628 2895 2684 recedendo
2927 2628 3036 2684 hoc
3065 2628 3316 2701 agimus,
3349 2634 3416 2685 ut
3439 2630 3776 2701 quicunque
3806 2647 3921 2686 non

2272 2719 2350 2774 sit
2378 2717 2782 2788 circumcisus,
2814 2717 3158 2774 immundus
3190 2719 3302 2774 sit:
3337 2735 3472 2791 ergo
3496 2719 3641 2776 ﬁdes
3669 2718 3729 2775 in
3762 2719 3923 2774 Chri-

2273 2811 2452 2874 stum,
2484 2807 2543 2860 in
2575 2823 2692 2878 qua
2721 2822 2829 2862 nos
2882 2807 3238 2878 putabamus
3286 2812 3420 2864 ante
3467 2806 3702 2874 salvari,
3733 2807 3923 2880 magis
3987 2833 4000 2842 -

2274 2895 2488 2968 peccati
2513 2899 2602 2950 est
2632 2893 2920 2963 ministra,
2945 2912 3124 2966 quam
3156 2896 3414 2968 iustitiae,
3441 2913 3567 2968 qua
3598 2897 3788 2953 aufert
3814 2897 3922 2952 cir-

2274 2982 2712 3048 cumcisionem,
2745 2999 2924 3055 quam
2955 2984 3055 3055 qui
3098 3001 3214 3040 non
3254 2984 3544 3052 habuerit,
3577 2986 3922 3043 immundus

2276 3076 2382 3128 est.
2417 3072 2526 3128 Sed
2556 3071 2728 3143 absit,
2755 3077 2822 3128 ut
2843 3073 2996 3144 quod
3026 3072 3206 3129 semel
3227 3073 3508 3142 destruxi,
3530 3079 3588 3130 et
3617 3075 3756 3131 scivi
3779 3075 3924 3130 mihi

2277 3177 2394 3217 non
2451 3160 2759 3235 profuisse,
2819 3177 3054 3217 rursum
3105 3163 3418 3220 vindicem.
3475 3164 3663 3220 Semel
3717 3181 3751 3219 a
3797 3163 3923 3237 lege

527 3267 596 3307 ex
625 3249 896 3322 gentibus
923 3255 1080 3319 sunt,
1105 3251 1300 3305 cibum
1334 3249 1514 3321 capis,
1543 3265 1911 3320 nequaquam
1946 3254 2011 3304 ut
2034 3255 2170 3306 ante
2279 3250 2606 3317 discedens,
2640 3251 2750 3323 legi
2781 3267 2913 3306 sum
2966 3255 3253 3320 mortuus,
3296 3257 3362 3308 ut
3406 3253 3466 3309 in
3511 3252 3738 3309 Christo
3768 3253 3921 3310 vive-

526 3340 952 3412 superstitiose,
981 3341 1082 3395 sed
1120 3339 1299 3395 libere
1328 3345 1384 3394 et
1430 3338 1827 3395 indifferenter
1858 3338 2164 3397 victitans:
2199 3325 2242 3394 C
2279 3355 2424 3407 rem,
2457 3339 2734 3412 crucique
2783 3339 2910 3410 ejus
2957 3340 3190 3409 afﬁxus,
3235 3345 3294 3396 et
3339 3342 3399 3396 in
3438 3358 3652 3398 novum
3684 3347 3924 3398 renatus

523 3430 817 3501 quomodo
847 3446 945 3486 eos
993 3430 1092 3500 qui
1125 3447 1193 3485 ex
1245 3429 1518 3502 gentibus
1565 3428 1954 3497 crediderunt,
2013 3446 2169 3485 nunc
2277 3429 2598 3499 hominem,
2649 3429 2762 3484 ﬁde
2803 3428 2992 3501 magis
3021 3445 3200 3501 quam
3232 3446 3403 3486 carne
3432 3430 3836 3500 subsisterem,
3868 3435 3926 3488 et

519 3520 797 3576 recedens
818 3520 890 3575 ab
911 3519 1016 3587 eis,
1039 3525 1096 3575 et
1118 3519 1285 3590 quasi
1312 3535 1345 3573 a
1366 3517 1783 3573 contaminatis
1808 3522 1864 3573 te
1886 3535 2166 3590 separans

516 3612 574 3663 et
591 3624 920 3674 secernens,
940 3607 1357 3678 compellisjud
1369 3607 1554 3662 aizare
1568 3606 1595 3660 ‘I
1615 3607 1672 3662 Si
1691 3606 1848 3661 enim
1871 3607 1948 3661 im
1960 3607 2163 3663 mundi

517 3700 658 3752 sunt
687 3713 721 3750 a
751 3696 968 3766 quibus
994 3697 1236 3759 recedis,
1269 3695 1481 3750 idcirco
1523 3701 1714 3750 autem
1748 3694 1994 3762 recedis,
2024 3696 2164 3767 quia

514 3800 633 3840 non
660 3784 875 3839 habent
904 3784 1410 3838 circumcisionem
1454 3783 1756 3855 compellis
1784 3801 1882 3839 eos
1909 3784 2159 3840 circum-

515 3873 626 3928 cidi
662 3879 720 3929 et
746 3873 982 3928 Judwos
1030 3872 1194 3928 ﬁeri:
1247 3889 1379 3926 cum
1411 3877 1473 3926 tu
1529 3872 1652 3943 ipse
1693 3876 1868 3928 natus
1896 3872 2157 3943 Judaeus,

513 3961 811 4034 gentiliter
861 3960 1092 4038 vixeris.
1147 3961 1216 4016 Et
1290 3960 1553 4016 laetantcr
1607 3961 1863 4017 ostendit
1917 3978 2155 4018 causam

511 4067 694 4122 quare
741 4052 1050 4107 adversum
1108 4067 1241 4106 eum
1286 4050 1706 4123 disputaverit:
1755 4050 1895 4124 quia
1939 4051 2158 4108 scilicet

508 4145 713 4214 gentes
743 4141 1114 4198 simulatione
1145 4159 1251 4197 sua
1263 4142 1566 4212 judaizare
1595 4140 1986 4213 compelleret,
2012 4143 2153 4198 dum

508 4247 642 4286 eum
674 4233 696 4265 ⁴
724 4230 969 4303 cupiunt
998 4229 1280 4285 aemulari.

579 4320 763 4391 (Vers.
798 4321 902 4392 15).
939 4343 966 4370 (ί
1000 4319 1117 4374 Nos
1164 4324 1371 4374 natura
1417 4318 1627 4383 Judaei,
1676 4321 1732 4374 et
1770 4335 1886 4373 non
1917 4335 1986 4374 ex
2014 4336 2152 4392 gen-

503 4407 664 4462 tibus
693 4415 1050 4479 peccatores.
1111 4430 1138 4456 ››
1188 4407 1524 4477 Subrepunt
1571 4406 1678 4461 hoc
1721 4405 1844 4462 loco
1875 4406 2151 4478 haeretici,

505 4495 607 4566 qui
638 4495 886 4550 ridicula
939 4496 1207 4566 quaedam
1259 4500 1316 4550 et
1371 4495 1569 4566 inepta
1624 4495 1931 4568 fingentes,
1962 4496 2147 4568 aiunt,

503 4600 608 4639 nec
641 4583 1005 4655 spiritualem
1039 4599 1275 4655 peccare
1305 4599 1474 4655 posse
1518 4587 1823 4640 naturam:
1860 4601 1963 4640 nec
1985 4586 2148 4656 juste

499 4671 722 4743 aliquid
755 4673 940 4728 facere
969 4677 1280 4728 terrenam.
1313 4672 1464 4736 Quos
1510 4671 1937 4747 interrogemus
1967 4692 2146 4747 quare

498 4761 568 4816 de
598 4761 752 4816 bona
782 4761 928 4816 oliva
959 4761 1104 4816 rami
1155 4762 1318 4818 fracti
1369 4767 1525 4833 sunt,
1557 4768 1613 4818 et
1659 4780 1762 4818 cur
1791 4763 1861 4818 de
1893 4763 2142 4820 oleastro

494 4851 551 4906 in
585 4850 840 4906 radicem
874 4851 1036 4906 bonae
1069 4850 1229 4905 olivae
1261 4851 1463 4908 inserti
1495 4853 1632 4920 sint,
1673 4854 1720 4908 si
1753 4869 1858 4908 nec
1887 4853 1958 4909 de
1989 4855 2141 4910 bono

493 4940 698 4999 cadere
728 4940 1051 5011 quidquam
1075 4945 1282 5013 potest,
1317 4958 1422 4998 nec
1444 4943 1516 4997 de
1545 4941 1699 4998 malo
1721 4959 1959 5015 surgere
1979 4941 2007 4998 ?
2033 4945 2144 4999 Aut

563 5178 580 5213 ι
613 5173 902 5232 Rescribit
930 5173 1243 5240 Victorius,
1297 5176 1630 5245 incederent,
1667 5181 1731 5232 ut
1759 5176 1817 5232 in
1849 5176 2133 5245 Vulgata:

487 5248 908 5323 contenditque
940 5246 1332 5323 minuslecte
1377 5246 1458 5323 in_
1488 5249 1681 5323 Graeco
1720 5249 1942 5317 haberi,
1965 5246 2133 5323 ’ὄρθο-

486 5315 712 5394 ςποδᾳῦσι
773 5312 876 5392 ρ’το
932 5312 1309 5393 ὁρθοποδῶσιε
1363 5320 1502 5390 quin
1561 5322 1739 5377 etiam
1786 5312 2134 5394 impressam

487 5390 793 5467 lectionem
854 5390 973 5447 nec
1019 5407 1279 5458 sensum,
1333 5407 1438 5446 nec
1495 5390 1907 5463 grammatices
1965 5395 2134 5467 sequi

484 5461 764 5524 regulam.

554 5531 576 5564 ³
605 5534 770 5588 Haud
801 5534 885 5589 sio
918 5552 1061 5590 num
1093 5535 1310 5590 rectius
1340 5533 1400 5588 in
1433 5550 1548 5588 uno
1591 5534 1838 5591 Palatin.
1874 5553 1986 5593 ms.
2017 5553 2133 5594 non

479 5605 591 5677 tam
624 5613 681 5677 ut
710 5603 927 5677 Petrus,

476 5675 1272 5750 simulaverat,_corrigantur,
1325 5675 1583 5750 reliquis,
1625 5695 1754 5750 quae
1797 5679 1892 5734 hic
1922 5682 2126 5737 subse-

2274 3534 2407 3573 cum
2439 3517 2670 3574 Christo
2702 3517 3040 3591 egrederere
3071 3519 3312 3596 mundo.
3337 3521 3498 3585 Quod
3532 3519 3714 3577 semel
3745 3521 3920 3578 ador-

2274 3623 2376 3663 sus
2406 3623 2560 3677 sum,
2586 3610 2774 3663 teneo.
2805 3605 2928 3662 Non
2957 3606 3100 3661 mihi
3141 3607 3326 3680 gratis
3355 3607 3623 3664 Christus
3652 3615 3742 3666 est
3770 3626 3900 3666 mor

2270 3701 2409 3751 tuus
2433 3713 2445 3751 :
2481 3697 2540 3751 in
2571 3713 2685 3767 quo
2718 3696 2934 3751 frustra
2960 3696 3204 3765 credidi,
3232 3697 3282 3754 si
3309 3697 3472 3770 potui
3500 3699 3522 3734 ⁸
3550 3699 3773 3771 absque
3802 3699 3920 3756 ﬁde

2269 3787 2398 3856 ejus
2429 3785 2489 3840 in
2520 3785 2698 3840 veteri
2728 3783 2855 3857 lege
2881 3783 3113 3840 salvari.

2337 3875 2526 3946 (Vers.
2559 3874 2647 3943 46,
2700 3874 2808 3942 17).
2845 3897 2873 3924 ‹‹
2925 3873 3188 3931 Scientes
3241 3880 3436 3932 autem
3484 3877 3645 3948 quod
3674 3877 3916 3949 conju-

2267 3962 2554 4018 stiﬁcatur
2577 3961 2752 4018 homo
2799 3977 2867 4018 ex
2915 3963 3192 4035 operibus
3241 3963 3412 4036 legis,
3463 3965 3575 4022 nisi
3608 3982 3710 4040 per
3730 3967 3913 4024 "fidem

2263 4053 2401 4109 Jesu
2435 4051 2666 4120 Christi,
2697 4055 2755 4107 et
2781 4068 2887 4108 nos
2915 4051 2973 4107 in
3005 4052 3233 4110 Christo
3261 4054 3402 4111 Jesu
3434 4055 3811 4124 credidimus,
3848 4061 3915 4112 ut

2254 4141 2614 4212 justiﬁcetur
2643 4140 2701 4195 in
2730 4140 2842 4196 ﬁde
2902 4141 3139 4213 Christi,
3171 4147 3229 4199 et
3259 4159 3374 4199 non
3407 4159 3474 4200 ex
3522 4145 3799 4216 operibus
3829 4143 3912 4201 le-

2262 4231 2372 4302 gis.
2405 4250 2432 4283 »
2469 4229 2645 4284 Aiunt
2672 4229 2914 4302 quidam
2946 4229 2996 4286 si
3025 4247 3226 4287 verum
3261 4230 3371 4288 hoc
3401 4231 3478 4288 sit
3506 4234 3660 4304 quod
3695 4233 3913 4290 Paulus

2263 4320 2537 4385 afﬁrmat,
2563 4334 2630 4374 ex
2660 4319 2935 4390 operibus
2963 4319 3110 4393 legis
3135 4321 3426 4376 neminem
3448 4321 3786 4392 justiﬁcari,
3811 4323 3912 4379 sed

2243 4426 2328 4465 'ex
2359 4409 2471 4464 ﬁde
2499 4407 2635 4464 Jesu
2686 4408 2921 4476 Christi,
2978 4409 3338 4481 patriarchas
3389 4415 3446 4466 et
3485 4412 3824 4483 prophetas,
3855 4416 3913 4467 et

2259 4503 2514 4565 sanctos,
2549 4498 2649 4569 qui
2707 4503 2842 4554 ante
2891 4499 3105 4555 Christi
3137 4499 3450 4556 adventum
3505 4501 3742 4556 fuerunt
3795 4500 3907 4555 im-

2256 4589 2542 4658 perfectos
2575 4588 2775 4644 fuisse.
2822 4590 2977 4654 Quos
3007 4589 3319 4645 admonere
3365 4589 3650 4645 debemus
3679 4603 3778 4644 eos
3807 4587 3906 4644 hic

2255 4675 2368 4732 dici
2390 4671 2685 4748 justitiam
2716 4694 2832 4732 non
2877 4683 3242 4747 consecutos,
3276 4679 3377 4750 qui
3407 4681 3637 4733 tantum
3667 4693 3736 4733 ex
3765 4693 3904 4751 ope-

2253 4765 2414 4820 ribus
2444 4765 2749 4837 justiﬁcari
2780 4783 2952 4838 posse
2995 4783 3056 4823 se
3086 4767 3350 4823 credunt.
3405 4766 3651 4822 Sanctos
3681 4772 3901 4839 autem,

2252 4855 2352 4926 qui
2385 4854 2710 4926 antiquitus
2753 4856 2992 4924 fuerint,
3025 4873 3094 4912 ex
3142 4857 3256 4913 ﬁde
3285 4855 3495 4911 Christi
3519 4855 3901 4928 justiﬁcatos.

2251 4943 2554 5016 Siquidem
2585 4944 2878 5001 Abraham
2915 4946 3065 5003 vidit
3110 4945 3264 5001 diem
3313 4945 3552 5016 Christi,
3584 4950 3642 5001 et
3670 4944 3902 5004 laetatus

2316 5180 2338 5215 ³
2365 5178 2656 5255 Nimirum
2686 5185 2741 5236 S.
2776 5197 2911 5255 cum
2944 5179 3151 5255 primis
3187 5179 3577 5253 Augustinus,
3611 5178 3713 5255 qui
3741 5179 3899 5255 datis
4003 5209 4012 5220 ο

2245 5253 2316 5308 ad
2350 5252 2766 5326 Hieronymum
2815 5252 3078 5326 epistolis
3109 5256 3168 5310 in
3218 5252 3418 5310 nostra
3464 5252 3800 5310 recensione
3828 5253 3898 5307 56

2248 5331 2304 5380 et
2333 5326 2401 5378 57
2432 5330 2634 5380 contra
2664 5326 2814 5381 hanc
2847 5327 3196 5382 sententiam
3227 5326 3519 5381 velitatur.

2312 5397 2334 5430 ⁴
2361 5396 2754 5469 Vitioseerat
2799 5396 2931 5469 dum
2979 5400 3151 5453 enim.
3206 5396 3555 5469 Huiusmodi
3586 5395 3896 5454 manifesta

2242 5468 2456 5541 menda
2486 5467 2703 5541 saepius
2729 5467 2891 5522 taciti
2925 5467 3310 5541 castigamus;

2311 5539 2332 5573 ⁸
2362 5535 2586 5593 Iterum
2607 5539 2810 5613 vitiose
2840 5543 2898 5594 et
2926 5535 3217 5596 contrario
3249 5559 3431 5597 sensu
3459 5557 3637 5613 penes
3667 5535 3896 5594 Martia-

988 5624 1151 5684 quam
1211 5616 1272 5661 ut
1313 5607 1422 5684 hz',__
1453 5622 1684 5684 quorum
1740 5624 1901 5684 causa
1933 5613 2130 5684 Petrus
2241 5625 2432 5684 meum
2465 5615 2610 5675 erat,
2640 5611 2778 5665 Nam
2806 5619 3034 5684 natura,
3067 5629 3170 5684 pro
3200 5614 3343 5679 Non,
3373 5607 3484 5668 etc'.

2308 5681 2329 5716 °
2359 5681 2702 5756 Nostrorum
2733 5682 2900 5756 codd.
2925 5688 2982 5756 et
3009 5680 3155 5756 quos
3184 5685 3401 5741 Victor.
3427 5680 3741 5756 consuluit,
3773 5697 3892 5756 mea

476 5748 980 5836 quanturverbi‘s',
1011 5752 1159 5836 velut
1204 5753 1378 5836 etiam
1416 5748 1947 5836 Erigit—superbia.
1982 5751 2127 5836 Gen?
2237 5750 2349 5836 lior
2377 5752 2499 5836 haec
2528 5751 2652 5808 visa
2678 5757 2768 5810 est
2812 5752 2982 5812 lectio
3012 5748 3129 5836 prae
3177 5756 3278 5820 illa
3325 5772 3452 5836 quae
3483 5754 3805 5830 obtinebat,
3838 5755 3894 5814 si

471 5818 622 5902 ficus
675 5816 991 5902 desperatio
1047 5824 1359 5902 tolleretur.
1410 5816 1842 5902 praetermissis,
1893 5841 2020 5901 quas
2067 5829 2126 5886 et
2228 5825 2445 5902 Patavi.

467 5887 786 5972 yictorius,
820 5893 878 5948 et
905 5895 1072 5950 vetus
1098 5893 1273 5951 editio
1299 5887 1556 5969 ignorat:
