4332 6598
448 411 567 484 369

1131 417 1655 484 COMMENTAR.
1702 421 1780 482 ΙΝ
1828 420 2078 482 EPIST.
2123 413 2226 480 AD
2273 417 2551 481 GALAT.
2597 421 2746 482 LIB.
2791 421 2842 498 Ῑ,
2888 420 3058 482 CAP.
3104 418 3181 483 II.

3643 416 3646 418 ⁷
3752 411 3874 473 370

451 559 541 613 est
574 551 750 625 (han.
772 569 893 619 vm,
922 553 1035 626 36).
1066 555 1132 610 Et
1151 555 1378 628 Moyses
1410 557 1663 627 majores
1693 554 1926 610 divitias
1949 553 2097 610 aesti-
2125 555 2181 621 Α
2211 552 2264 608 ei
2331 557 2644 625 antequam
2713 561 3055 626 moreretur,
3117 555 3431 610 observans
3486 553 3742 610 Sabbata
3808 556 3867 610 et

453 644 632 700 mavit
661 643 936 699 thesauro
966 643 1390 717 ngyptiorum,
1413 643 1836 716 improperium
1860 643 2098 700 Christi.

451 733 787 806 Aspiciebat
813 732 969 788 enim
1001 733 1059 788 in
1092 733 1621 789 remunerationem
1655 734 1842 805 (Hebr.
1874 750 1954 801 xx,
1985 733 2099 804 26).

453 813 522 878 Et
571 822 752 878 Isaias
803 821 948 876 vidit
1001 821 1248 894 gloriam
1299 821 1516 877 Christi
1567 822 1807 893 (Isa.v1,
1844 824 1894 888 1,
1925 823 2004 894 9),
2040 826 2104 878 ut

449 908 704 968 Joannes
752 910 1111 983 evangelista
1157 915 1581 966 commemorat
1627 913 1808 979 (Joan.
1852 928 1954 976 x11,
1987 912 2099 980 41),

450 993 696 1056 etludas
715 999 785 1055 de
802 1000 1079 1056 omnibus
1098 999 1477 1072 generaliter:
1503 999 1870 1065 Commonere,
1887 1001 2099 1071 inquit,

448 1095 538 1144 vos
566 1089 688 1145 volo
717 1089 872 1145 418
901 1090 1130 1144 scientes
1156 1087 1326 1143 semel
1373 1087 1559 1142 omnia
1588 1104 1608 1142 :
1655 1090 1918 1159 quoniam
1943 1092 2102 1144 Iesus

441 1179 714 1251 populum
760 1178 835 1234 de‘
871 1181 1022 1233 terra
1049 1177 1273 1248 {Egypti
1306 1177 1526 1232 salvans
1555 1193 1574 1232 :
1622 1177 1858 1232 secundo
1888 1193 1976 1233 eos
2007 1178 2104 1248 qui

444 1283 558 1322 non
605 1266 976 1338 crediderunt,
1025 1266 1269 1335 perdidit
1315 1265 1458 1326 (Iud.
1489 1268 1565 1334 5).
1602 1266 1763 1323 Unde
1813 1283 1927 1322 non
1977 1270 2100 1324 tam

449 1354 602 1429 legis
621 1371 800 1427 opera
817 1355 1198 1423 damnantur,
1222 1372 1399 1427 quam
1424 1355 1483 1410 hi
1508 1356 1606 1428 qui
1628 1360 1858 1411 tantum
1883 1373 1951 1412 ex
1972 1371 2102 1427 ope-

446 1445 614 1500 ribus
637 1444 952 1515 justiﬁcari
985 1461 1048 1501 se
1076 1460 1249 1517 posse
1279 1445 1603 1516 conﬁdunt,
1630 1444 1921 1500 Salvatore
1955 1461 2100 1516 quo-

448 1550 562 1606 que
609 1534 682 1589 ad
733 1531 1055 1605 discipulos
1095 1532 1392 1605 loquente,
1423 1535 1543 1590 Nisi
1568 1534 2102 1606 s‘uperabundaverit

438 1625 667 1696 justitia
712 1631 895 1678 vestra
945 1624 1071 1694 plus
1117 1639 1286 1694 quam
1329 1623 1658 1680 Scribarum
1701 1633 1754 1680 et
1783 1625 2097 1681 Pharisae-

442 1727 592 1779 rum,
622 1727 731 1768 non
782 1711 1068 1768 intrabitis
1114 1714 1180 1769 in
1223 1727 1457 1783 regnum
1499 1715 1758 1769 caelorum
1787 1713 2008 1786 (Matth.
2039 1731 2096 1784 v,

442 1801 556 1873 20).
571 1800 1062 1875 Congregandum
1083 1802 1191 1874 (Al.
1216 1803 1736 1874 considerandum)
1758 1803 1868 1858 hoc
1893 1803 1952 1858 in
1973 1802 2098 1858 loco

445 1890 778 1990 quantaﬂin
826 1890 953 1963 lege
990 1891 1448 1990 praecepta-sint,
1480 1893 1867 1990 quaa_explere
1897 1891 2099 1990 nullus
2129 1923 2178 1990 Β

444 1984 640 2052 queat.
666 1979 734 2035 Et
752 1980 1075 2037 econtrario
1097 1980 1435 2049 dicendum,
1463 1982 1733 2054 quaedam
1755 1981 1902 2054 legis
1921 1980 2098 2037 etiam

442 2069 517 2124 ab
547 2068 641 2124 his
673 2069 804 2124 ﬁeri
828 2070 929 2141 qui
958 2068 1231 2142 ignorent
1259 2085 1411 2126 eam.
1447 2071 1559 2127 Sed
1592 2071 1722 2127 ideo
1762 2088 1878 2127 non
1912 2068 2101 2142 justi-

443 2156 609 2213 ﬁcari
660 2162 996 2229 operatores
1054 2159 1204 2229 ejus,
1255 2159 1396 2230 quia
1446 2160 1670 2231 absque
1722 2160 1836 2216 ﬁde
1884 2150 2098 2215 Christi

443 2247 590 2303 ﬁant
621 2261 637 2302 :
692 2247 856 2303 verbi
887 2248 1093 2320 gratia,
1127 2264 1244 2304 non
1276 2249 1531 2305 dormire
1561 2265 1696 2306 cum
1726 2251 1848 2305 viro
1879 2250 2100 2305 dormi-

443 2336 670 2392 tatione
700 2335 988 2404 mulieris,
1024 2353 1140 2392 non
1191 2337 1530 2406 adulterari,
1577 2355 1694 2394 non
1743 2355 1964 2411 rapere,
1999 2339 2100 2394 sed

443 2424 636 2497 magis
666 2424 954 2481 honorare
985 2430 1210 2498 patrem
1243 2430 1301 2482 et
1332 2431 1602 2496 matrem,
1631 2432 1689 2483 et
1719 2432 1944 2495 caetera,
1971 2445 2099 2498 quae

445 2514 737 2586 imperata
784 2519 943 2582 sunt,
998 2515 1202 2570 facere.
1253 2515 1416 2580 Quod
1465 2516 1514 2572 si
1567 2517 1637 2572 de
1685 2516 1906 2572 sanctis
1959 2516 2101 2572 viris

444 2600 616 2658 nobis
645 2602 915 2673 exempla
945 2602 1297 2675 protulerint
1327 2621 1341 2660 :
1392 2604 1550 2675 quod
1599 2604 1658 2660 in
1707 2604 1834 2677 lege
1863 2605 2098 2672 versati,

442 2707 514 2747 ea
537 2707 664 2764 qua:
692 2691 842 2764 legis
872 2692 1124 2761 fuerant,
1160 2693 1569 2765 perpetrarint,
1604 2694 1869 2750 dicemus
1905 2713 1918 2750 :
1955 2693 2102 2761 Quia

435 2781 602 2853 justo
651 2779 743 2837 lex
795 2796 912 2837 non
963 2786 1054 2838 est
1097 2783 1306 2854 posita,
1340 2782 1440 2838 sed
1474 2783 1698 2855 iniquis
1727 2788 1784 2838 et
1813 2801 1928 2839 non
1961 2784 2100 2840 sub-

443 2869 607 2941 ditis,
638 2869 839 2942 impiis
889 2875 947 2925 et
995 2871 1420 2943 peccatoribus,
1453 2872 1869 2928 contaminatis
1900 2877 1958 2928 et
1989 2873 2098 2928 im-

444 2959 687 3016 mundis
715 2959 762 3031 (ι
796 2961 944 3015 Tim.
980 2977 1019 3031 ι,
1050 2961 1107 3029 9,
1141 2960 1250 3032 10).
1285 2960 1392 3025 Qui
1426 2967 1623 3016 autem
1661 2977 1696 3016 a
1745 2962 1860 3018 Deo
1891 2963 2099 3018 doctus

441 3048 546 3115 sit,
577 3064 692 3105 non
724 3048 937 3104 habere
966 3064 1104 3104 eum
1147 3063 1405 3117 necesse,
1439 3054 1505 3105 ut
1557 3049 1646 3105 vel
1696 3051 1768 3106 de
1815 3051 2100 3107 cbaritate

440 3137 719 3193 doceatur
751 3138 790 3205 ί,
825 3138 1007 3193 Paulo
1037 3138 1267 3195 dicente
1299 3155 1313 3194 :
1369 3141 1444 3194 De
1472 3140 1745 3196 charitate
1772 3145 1959 3197 autem
1988 3157 2100 3198 non

437 3241 653 3284 necesse
681 3227 854 3283 habeo
879 3228 1121 3283 scribere
1156 3227 1304 3284 vobis
1337 3246 1355 3283 :
1405 3230 1516 3297 ipsi
1566 3231 1715 3286 enim
1762 3247 1854 3286 vos
1899 3247 1935 3285 a
1984 3236 2098 3286 Deo

2212 643 2572 711 neomenias,
2606 647 2663 698 et
2711 643 2836 699 dies
2885 645 3083 713 festos,
3116 651 3172 701 et
3199 643 3571 699 victimarum
3601 644 3858 717 typicam

2211 732 2634 799 curiositatem,
2665 737 2723 787 et
2772 731 3000 788 fabulas
3037 734 3330 798 Judaicas,
3363 739 3418 788 et
3465 733 3861 805 genealogias.

2211 824 2530 893 Postquam
2554 826 2749 877 autem
2781 822 2940 877 venit
2966 821 3235 878 Christus
3265 827 3322 877 et
3347 821 3457 885 lex,
3483 822 3554 876 de
3580 832 3696 893 qua
3718 822 3862 877 scri-

2211 916 2377 982 ptum
2401 915 2522 967 est:
2546 911 2760 967 Scimus
2781 919 2963 967 autem
2986 913 3118 982 quia
3141 913 3230 967 lex
3253 911 3563 980 spiritualis
3583 915 3662 965 est
3685 910 3857 982 (Rom.

2210 1016 2306 1070 vn,
2368 1001 2486 1070 14),
2549 992 2651 1071 per
2705 999 3100 1072 evangelicam
3156 1000 3367 1072 legem,
3427 999 3540 1072 legi
3598 999 3859 1071 pristina:

2211 1094 2481 1144 mortuus
2521 1093 2655 1144 est:
2707 1092 2764 1144 et
2811 1089 3027 1156 anima,
3061 1107 3190 1161 qua:
3222 1090 3546 1145 secundum
3595 1087 3653 1143 id
3703 1088 3859 1160 quod

2211 1176 2491 1231 scribitur
2519 1177 2589 1231 ad
2624 1177 2918 1233 Romanos
2954 1195 2966 1232 :
3011 1177 3144 1233 Viro
3175 1178 3421 1242 vivente,
3455 1178 3506 1232 si
3537 1177 3857 1248 nupsisset,

2209 1263 2475 1320 adultera
2501 1265 2818 1322 vocabatur
2849 1282 2862 1320 :
2916 1270 3146 1320 mortuo
3188 1267 3310 1320 viro
3342 1282 3468 1331 suo,
3502 1266 3560 1320 id
3594 1270 3702 1333 est,
3736 1264 3862 1337 lege

2209 1353 2408 1420 veteri,
2442 1354 2647 1426 nupsit
2691 1353 2804 1426 legi
2852 1353 3167 1426 spirituali,
3201 1358 3266 1409 ut
3311 1354 3691 1410 fructiﬁcaret
3721 1359 3856 1410 Deo.

2212 1442 2372 1498 Unde
2392 1446 2448 1499 et
2477 1443 2537 1498 in
2559 1443 2704 1499 Osee
2732 1444 2952 1498 adeam
2984 1442 3202 1498 dicitur
3227 1461 3240 1499 :
3270 1444 3353 1499 Ea:
3385 1460 3468 1499 me
3492 1446 3708 1515 fructus
3728 1448 3861 1498 tuus

2209 1535 2466 1588 inventus
2496 1540 2573 1588 est
2602 1531 2756 1603 (Osee
2784 1543 2899 1600 xlv,
2932 1533 3006 1604 9).
3042 1531 3144 1587 Cui
3180 1531 3419 1604 pulchre
3449 1533 3763 1604 mysticum
3793 1530 3860 1584 il-

2207 1621 2308 1678 lud
2339 1621 2588 1677 infertur
2622 1639 2634 1677 :
2671 1623 2804 1690 Quis
2832 1624 3081 1694 sapiens,
3112 1631 3162 1678 et
3189 1622 3461 1692 intelliget
3488 1623 3596 1677 ista
3625 1639 3643 1676 :
3686 1621 3857 1676 intel-

2209 1713 2381 1784 ligens
2412 1712 2452 1778 δ,
2506 1714 2559 1767 et
2603 1720 2884 1782 cognoscet
2929 1727 2995 1767 ea
3041 1711 3202 1782 (Ibid.
3237 1711 3372 1779 10)?
3400 1710 3507 1774 Qui
3537 1727 3639 1783 per
3667 1709 3855 1783 legem

2208 1801 2388 1874 igitur
2417 1800 2804 1874 spiritualem,
2837 1801 2952 1874 legi
3000 1801 3205 1857 litterae
3246 1801 3516 1867 moritur,
3552 1805 3665 1855 Deo
3694 1799 3853 1865 vivit,

2208 1906 2343 1946 cum
2376 1907 2491 1946 non
2535 1891 2614 1946 sit
2658 1891 2786 1946 sine
2826 1890 2954 1963 lege
2987 1891 3105 1956 Dei,
3139 1890 3239 1946 sed
3270 1889 3331 1945 in
3361 1890 3482 1962 lege
3515 1888 3591 1944 sit
3619 1887 3853 1945 Christi.

2208 1980 2317 2047 Qui
2346 1996 2480 2036 vero
2511 1979 2623 2053 legi
2656 1979 2906 2047 moritur
2934 1981 3008 2036 ob
3038 1984 3292 2052 peccata,
3318 1982 3587 2035 mortuus
3617 1977 3856 2050 quidem

2209 2074 2333 2138 est;
2367 2071 2467 2126 sed
2498 2085 2612 2126 non
2658 2073 2850 2140 potest
2894 2070 2964 2125 de
3012 2086 3078 2125 eo
3128 2069 3254 2124 dici“
3293 2070 3448 2141 quod
3480 2068 3768 2140 sequitur,
3800 2071 3861 2121 ut

2208 2162 2356 2215 vivat
2411 2164 2540 2216 Deo.
2588 2159 2731 2215 Esse
2779 2162 2974 2214 autem
3025 2159 3212 2232 legem
3264 2158 3436 2213 aliam
3488 2157 3858 2229 spiritualem

2209 2253 2372 2304 extra
2399 2248 2588 2321 legem
2628 2247 2855 2319 litterae,
2889 2252 2945 2303 et
2995 2247 3132 2302 alibi
3177 2248 3493 2319 Apostolus
3541 2247 3728 2313 docet,
3765 2245 3858 2300 di-

2210 2354 2347 2394 cens
2381 2353 2394 2391 :
2445 2339 2635 2409 Itaque
2681 2338 2772 2393 lea:
2812 2337 3029 2409 quidem
3056 2342 3266 2404 sancta,
3299 2340 3348 2391 et
3377 2336 3701 2392 mandatum
3728 2353 3860 2391 san-

2209 2435 2376 2492 ctum,
2408 2430 2462 2482 et
2501 2427 2738 2499 justum,
2769 2434 2820 2482 et
2868 2427 3069 2483 bonum
3118 2426 3289 2497 (Rom.
3322 2444 3423 2497 v11,
3458 2425 3566 2497 12).
3613 2425 3679 2480 Et
3729 2429 3861 2480 Eze-

2210 2515 2359 2572 chiel
2410 2532 2478 2571 ex
2530 2532 2779 2587 persona
2829 2516 2924 2571 Dei
2964 2533 2976 2569 :
3033 2517 3237 2584 Eduxi,
3269 2515 3487 2585 inquit,
3520 2531 3626 2586 eos,
3660 2515 3718 2569 id
3749 2519 3858 2580 est,

2211 2604 2492 2677 populum
2545 2604 2907 2676 Judzeorum,
2939 2605 3007 2660 de
3056 2613 3206 2660 terra
3251 2605 3473 2676 AEgypti
3499 2621 3518 2656 :
3559 2611 3611 2658 et
3651 2603 3864 2658 adduxi

2207 2710 2296 2751 eos
2327 2697 2383 2750 in
2415 2694 2692 2750 desertum
2723 2712 2741 2748 :
2789 2698 2840 2749 et
2879 2694 3006 2750 dedi
3034 2696 3111 2749 eis
3136 2697 3410 2766 prmoepta
3439 2707 3580 2757 mea,
3613 2695 3665 2746 et
3685 2692 3860 2764 justi-

2206 2785 2488 2855 [icationes
2523 2799 2678 2838 meas
2722 2783 2934 2839 ostendi
2979 2784 3145 2837 illis:
3195 2799 3333 2854 quas
3379 2783 3550 2856 faciet
3596 2781 3774 2852 homo,
3809 2785 3862 2837 et

2207 2875 2349 2928 vivet
2376 2873 2435 2927 in
2466 2874 2545 2928 eis
2574 2873 2785 2944 (Ezech.
2818 2889 2913 2943 xx,
2946 2873 3030 2936 10,
3065 2872 3174 2942 11).
3206 2870 3284 2926 De
3316 2878 3383 2927 ea
3409 2887 3542 2926 vero
3572 2870 3698 2942 lege
3730 2886 3861 2942 quae

2208 2961 2357 3016 iram
2390 2951 2664 3033 operatur
2692 2963 2869 3029 (Rom.
2903 2978 2979 3032 IV,
3005 2961 3117 3028 15),
3149 2960 3242 3016 cui
3276 2964 3333 3015 et
3362 2958 3678 3031 Apostolus
3707 2975 3859 3014 mor-

2207 3055 2351 3108 tuus
2382 3055 2491 3115 est,
2525 3053 2726 3122 postea
2757 3050 2979 3105 infert:
3034 3052 3109 3104 Et
3159 3065 3253 3120 ego
3299 3049 3426 3104 dedi
3465 3051 3544 3104 eis
3581 3052 3860 3120 pracepta

2208 3156 2320 3196 non
2350 3140 2511 3206 bona,
2542 3148 2594 3195 et
2613 3139 3044 3211 justiﬁcationes
3091 3141 3152 3194 in
3199 3139 3397 3210 quibus
3438 3154 3548 3193 non
3587 3139 3770 3193 vivent
3797 3139 3860 3192 in

2209 3231 2294 3286 eis
2319 3229 2532 3302 (Ezech.
2564 3245 2658 3301 xx,
2690 3229 2802 3300 25).
2838 3228 3101 3301 Idipsum
3134 3228 3500 3300 significatur
3529 3230 3586 3282 et
3615 3226 3674 3282 in
3698 3226 3859 3282 Psal-

436 3315 585 3373 do'cti
638 3317 792 3386 estis,
842 3325 903 3372 ut
962 3316 1232 3390 diligatis
1285 3293 1520 3373 invicem
1571 3320 1620 3391 (ι
1669 3319 1845 3376 Thess.
1894 3337 1970 3387 1v,
2016 3320 2095 3392 9).
2128 3293 2172 3361 δ
2209 3293 2401 3375 terio:
2441 3293 2729 3388 'Quom'am
2765 3293 2885 3374 non
2928 3293 3161 3388 cognovi
3188 3293 3592 3386 litteraturam,
3624 3317 3862 3372 introibo

515 3404 706 3473 (Vers.
743 3405 955 3471 16-18).
1010 3425 1032 3453 α
1070 3404 1310 3476 Propter
1356 3407 1510 3476 quod
1552 3423 1621 3462 ex
1649 3407 1926 3478 operibus
1957 3408 2104 3481 legis

441 3492 1017 3564 non~justiﬁcabitur
1051 3493 1247 3548 omnis
1276 3496 1471 3549 caro'.
1503 3495 1668 3558 Quod
1699 3497 1748 3551 si
1779 3503 2104 3568 quaerentes

433 3579 756 3655 justiﬁcari
803 3581 861 3636 in
892 3580 1148 3649 Christo,
1180 3582 1399 3638 inventi
1446 3600 1655 3640 sumus
1703 3589 1762 3640 et
1808 3586 1922 3657 ipsi
1971 3602 2102 3658 pec-

443 3675 676 3728 catores
711 3687 725 3726 :
773 3671 1044 3742 nunquid
1075 3670 1344 3727 Christus
1382 3673 1604 3744 peccati
1650 3673 1920 3729 minister
1967 3674 2106 3730 est?

441 3759 636 3817 Absit.
662 3759 722 3814 Si
751 3759 909 3816 enim
937 3775 1066 3831 quae
1093 3760 1380 3829 destruxi,‘
1410 3761 1532 3818 haec
1555 3761 1767 3829 iterum
1796 3763 2100 3832 reaediﬁco,

444 3849 953 3923 praevaricatorem
986 3865 1081 3904 me
1107 3849 1423 3906 constituo.
1459 3872 1488 3900 »
1533 3851 1658 3909 Non
1682 3851 2106 3923 justiﬁcabitur

445 3939 555 4011 (Al.
578 3937 962 4010 justiﬁcatur)
992 3953 1062 3993 ex
1092 3938 1370 4009 operibus
1397 3938 1543 4012 legis
1573 3956 1708 3996 caro
1738 3940 1860 4009 illa,
1887 3942 1958 3997 de
1987 3958 2106 4014 qua

445 4027 728 4084 scribitur
764 4043 777 4083 :
823 4027 1013 4083 Omnis
1041 4042 1170 4082 caro
1200 4029 1392 4098 fenum
1412 4045 1436 4094 ;
1463 4033 1514 4084 et
1539 4031 1716 4085 munis
1745 4031 1933 4102 gloria
1961 4033 2102 4103 ejus,

443 4119 608 4189 quasi
647 4118 746 4186 ﬂos
793 4117 919 4185 agri
945 4116 969 4151 ³
1019 4117 1144 4188 (Isa.
1178 4133 1270 4182 XL,
1298 4119 1376 4188 6).
1408 4117 1778 4174 Justiﬁoatur
1807 4125 2004 4175 autem
2036 4137 2106 4176 ex

447 4206 567 4260 ﬁde
586 4205 726 4262 Jesu
751 4205 966 4277 Christi
997 4221 1134 4260 caro
1164 4204 1285 4273 illa,
1319 4207 1391 4262 de
1421 4223 1540 4278 qua
1567 4207 1627 4263 in
1659 4207 2104 4264 resurrectionis

449 4293 671 4350 dicitur
717 4299 1131 4350 sacramento:
1179 4294 1380 4350 Omnis
1424 4311 1554 4352 caro
1597 4296 1801 4353 videbit
1853 4297 2105 4354 salutare

447 4383 549 4440 Dei
575 4383 723 4455 (Luc.
759 4400 844 4453 In,
877 4385 955 4456 6).
983 4383 1096 4440 Sed
1143 4387 1203 4439 et
1231 4384 1405 4454 juxta
1435 4384 1808 4443 humiliorem
1841 4386 2100 4443 intellec-

445 4477 599 4541 tum,
624 4472 1066 4545 justiﬁcabatur
1107 4474 1404 4545 quondam
1454 4490 1523 4529 ex
1577 4474 1700 4548 lege
1747 4489 1864 4532 non
1911 4476 2103 4532 omnis

445 4577 604 4635 caro,
635 4563 738 4619 sed
787 4567 1019 4619 tantum
1074 4561 1136 4617 hi
1196 4562 1468 4620 homines
1524 4563 1626 4635 qui
1685 4564 1744 4619 in
1793 4565 2105 4622 Palaestina

2211 3409 2276 3465 in
2303 3409 2688 3480 fortitudinem
2716 3408 2940 3463 Domini
2967 3407 3142 3479 (Psal.
3177 3422 3300 3473 Lxx,
3337 3407 3444 3473 15).

2287 3519 2315 3548 ‹‹
2347 3497 2575 3553 Christo
2606 3497 2870 3552 conﬁxus
2901 3512 3032 3551 sum
3067 3495 3245 3550 cruci.
3283 3516 3310 3543 »
3360 3494 3508 3560 Quia
3545 3493 3772 3548 dixerat
3801 3509 3863 3548 se

2211 3603 2316 3660 per
2345 3586 2529 3659 legem
2562 3585 2674 3659 legi
2707 3589 3027 3652 mortuum,
3049 3584 3341 3656 quomodo
3372 3586 3642 3638 mortuus
3666 3581 3861 3648 fuerit,

2212 3676 2506 3733 ostendit:
2541 3677 2755 3732 Christo
2776 3677 3020 3745 conﬁxus
3049 3691 3173 3729 sum
3201 3675 3371 3740 ciuci,
3395 3671 3606 3728 tollens
3629 3687 3862 3727 crucem

2213 3781 2404 3834 suam,
2439 3771 2496 3822 et
2525 3766 2821 3822 Christum
2863 3781 3137 3837 sequens,
3171 3769 3228 3818 et
3269 3763 3327 3818 in
3372 3762 3502 3835 ipsa
3547 3762 3862 3818 obsecrans

2211 3856 2486 3928 passione
2512 3857 2580 3911 6:
2631 3855 2888 3911 Memento
2934 3856 3066 3917 mei,
3099 3871 3227 3910 cum
3268 3854 3477 3909 veneris
3526 3853 3586 3907 in
3631 3867 3862 3921 regnum

2213 3951 2372 4001 tuum
2433 3947 2585 4014 (Luc.
2642 3962 2808 4010 xxm,
2869 3945 2978 4017 42).
3029 3943 3355 4014 Statimque
3412 3941 3704 3996 audiens:
3755 3941 3860 3996 Ho-

2210 4034 2300 4090 die
2354 4051 2570 4088 mecum
2625 4035 2737 4088 eris
2791 4036 2854 4088 in
2907 4032 3163 4102 paradiso
3219 4029 3376 4100 (Ibid.
3438 4031 3548 4100 43).
3607 4029 3666 4085 Si
3726 4029 3859 4101 quis

2213 4121 2578 4178 mortiﬁcatis
2601 4121 2883 4176 membris
2914 4136 3091 4191 super
3119 4123 3358 4185 terram,
3377 4122 3433 4173 et
3453 4119 3672 4173 mundo
3705 4123 3859 4172 mer-

2211 4215 2372 4276 tuus,
2404 4211 2807 4282 conﬁguratus
2837 4210 2987 4266 415
3038 4207 3215 4263 fuerit
3243 4207 3422 4261 morti
3450 4206 3588 4260 Jesu
3618 4205 3856 4278 Christi,

2213 4299 2574 4374 cruciﬁgitur
2615 4315 2748 4355 cum
2787 4297 2950 4364 Jesu,
2984 4301 3043 4352 et
3071 4301 3356 4367 tropaeum
3388 4293 3858 4350 mortiﬁcationis

2213 4407 2331 4446 suae
2363 4389 2420 4444 in
2453 4389 2611 4462 ligno
2644 4387 2957 4443 Dominicis
2989 4383 3281 4458 passionis
3311 4383 3515 4457 afﬁgit.

2283 4478 2469 4551 (Vers.
2515 4479 2629 4549 20.)
2683 4500 2704 4526 α
2737 4477 2880 4532 Vivo
2929 4480 3125 4531 autem
3166 4475 3292 4545 jam
3343 4491 3460 4530 non
3512 4488 3666 4546 ego:
3717 4471 3862 4528 vivit
3959 4497 3964 4500 ·

2214 4573 2410 4624 autem
2442 4568 2501 4623 in
2534 4583 2627 4622 me
2657 4566 2946 4622 Christus.
2979 4587 3010 4618 ιι
3062 4563 3185 4620 Non
3217 4563 3356 4618 vivit
3384 4563 3482 4619 ille
3528 4562 3628 4636 qui
3673 4578 3860 4634 quon-

444 4657 634 4709 erant.
663 4652 831 4710 Nunc
860 4656 1055 4708 autem
1088 4667 1158 4709 ex
1186 4653 1304 4709 ﬁde
1325 4652 1469 4710 Jesu
1498 4652 1712 4710 Christi
1736 4655 2103 4725 justiticatur
2129 4666 2178 4731 ι)
2210 4658 2345 4714 dam
2364 4657 2590 4712 vivebat
2609 4656 2665 4712 in
2688 4655 3063 4728 lege,quippe
3080 4655 3176 4726 qui
3201 4652 3862 4726 persequebaturEccle—

443 4741 646 4799 omnis
695 4758 851 4808 caro,
883 4741 1024 4797 dum
1055 4741 1316 4798 Ecclesia
1343 4743 1472 4814 ejus
1523 4743 1584 4798 in
1630 4747 1750 4800 toto
1795 4744 1932 4800 orbe
1964 4746 2096 4800 fun-

446 4831 648 4887 datur.
1045 4871 1048 4874 .

449 4964 454 4968 .
520 4921 708 4993 (Vers.
746 4918 858 4992 19).
914 4942 942 4971 «
975 4920 1095 4993 Ego
1134 4920 1308 4977 enim»
1333 4937 1436 4994 per
1462 4921 1652 4996 legem
1683 4921 1797 4996 legi
1830 4928 2100 4979 mortuus

449 5025 606 5076 sum,
640 5012 798 5067 414
827 5013 894 5066 ut
923 5009 1040 5066 Deo
1076 5010 1287 5066 vivam.
1323 5033 1351 5061 »
1402 5011 1578 5068 Aliud
1624 5017 1714 5069 est
1762 5029 1866 5085 per
1912 5012 2100 5086 legem

453 5100 670 5170 mori‘,
721 5100 882 5158 aliud
930 5099 1046 5173 legi
1089 5100 1260 5156 mori.
1293 5101 1401 5165 Qui
1432 5099 1544 5174 legi
1575 5102 1845 5172 moritur,
1877 5101 2104 5159 vivebat

527 5243 544 5276 ί
578 5241 704 5317 Duo
750 5259 784 5317 e
829 5241 1047 5299 nostris
1096 5259 1240 5300 mss.
1273 5248 1332 5300 et
1376 5245 1676 5317 Rabanus,
1704 5253 1764 5302 ut
1803 5246 1996 5302 saltem
2039 5245 2104 5302 de

452 5313 725 5371 charitote
751 5315 1033 5371 doceatur.

463 5422 468 5423 κ
524 5388 546 5421 ³
574 5385 709 5464 Quae
756 5385 894 5464 hinc
940 5387 1324 5461 subsequitur
1372 5388 1524 5445 sacri
1565 5393 1757 5446 textus
1795 5389 2102 5464 pericopen

453 5458 640 5515 nostri
670 5459 816 5515 codd
829 5502 841 5514 .
874 5464 1086 5515 tacent.

523 5530 876 5608 3__Rescribit
915 5530 1165 5608 Victoris
1220 5533 1358 5608 feni,
1408 5548 1477 5608 ex
1511 5533 1718 5608 Graeco
1747 5530 2011 5608 χόρτου,
2047 5540 2107 5590 et

453 5602 724 5679 codicum
756 5602 1058 5679 suffragio.
1085 5602 1374 5679 Putatque
1402 5605 1475 5660 ab
1507 5602 1811 5679 imperitis
1825 5602 2108 5662 substitu-

452 5677 574 5732 tam
623 5691 850 5743 vocem,
880 5675 1036 5748 agri,
1073 5675 1180 5802 ﬂii
1230 5675 1566 5750 Hieronymi
1594 5675 2106 5735 consuetudinem

452 5745 803 5802 ianorarint.
837 5747 995 5802 quod
1026 5746 1070 5802 L
1147 5746 1162 5760 '
1194 5747 1432 5802 scilicet.
1465 5765 1581 5802 non
1613 5767 1782 5802 suam
1821 5749 1918 5802 ille
1963 5751 2106 5802 cita-

452 5745 803 5820 ignorarint,
837 5745 995 5820 quod
1026 5746 1070 5802 L

2209 4747 2379 4804 siam.
2413 4746 2568 4802 Vivit
2615 4751 2810 4802 autem
2856 4745 2915 4800 in
2966 4760 3032 4800 eo
3075 4742 3366 4811 Christus,
3401 4741 3707 4815 sapientia,
3743 4742 3860 4798 for-

2207 4836 2418 4904 titudo,
2453 4852 2666 4902 sermo,
2708 4851 2842 4906 pax,
2873 4833 3178 4906 gaudium,
3210 4837 3543 4904 ceteraeque
3571 4832 3816 4887 virtutes
3842 4849 3856 4898 ;

2209 4943 2358 4999 quas
2379 4925 2479 4998 qui
2509 4942 2626 4980 non
2658 4924 2853 4990 habet,
2878 4940 2992 4978 non
3027 4927 3219 4995 potest
3238 4922 3430 4978 dicere
3454 4940 3466 4976 :
3506 4922 3647 4978 Vivit
3675 4924 3860 4975 autem

2209 5017 2272 5070 in
2299 5030 2386 5071 me
2415 5014 2679 5080 Christus,
2711 5013 2822 5069 hoc
2852 5016 3048 5068 autem
3079 5016 3270 5068 totum
3299 5012 3412 5067 sub
3455 5027 3564 5066 sua
3609 5023 3860 5080 persona

2210 5105 2520 5161 adversum
2543 5107 2780 5159 Petrum
2810 5102 2880 5157 de
2904 5105 3070 5157 Petro
3100 5101 3377 5173 disputat.
3416 5120 3443 5151 «ι
3473 5097 3634 5162 Quod
3657 5099 3855 5151 autem

2210 5251 2300 5304 ret
2345 5247 2682 5304 editionem.
2733 5244 2913 5303 Nobis
2959 5243 3020 5322 in
3073 5243 3224 5322 hanc
3279 5243 3407 5313 ejus
3458 5235 3855 5322 opinationem

2211 5323 2527 5376 concedere
2558 5335 2662 5390 per
2690 5335 2835 5374 mss.
2870 5316 3276 5372 auctoritatem
3311 5312 3425 5390 non
3458 5312 3610 5390 licet.

2283 5392 2306 5426 ⁸
2335 5391 2498 5448 Unus
2529 5381 2851 5459 Palatinus,
2878 5389 3048 5444 Aliud
3077 5390 3153 5443 est
3181 5403 3279 5457 per
3318 5385 3489 5453 legem
3541 5381 3650 5452 legi
3688 5381 3856 5450 meri,

2211 5464 2388 5533 aliud,
2431 5467 2540 5518 etc.

2282 5536 2304 5571 ⁸
2341 5532 2516 5591 idem.
2553 5550 2690 5594 ms.,
2720 5534 2817 5587 aut
2847 5532 3176 5601 intelligens.

2283 5608 2305 5643 ³
2338 5609 2401 5662 In
2455 5605 2587 5676 aliis
2634 5603 2823 5674 libris,
2873 5611 2926 5658 et
2976 5597 3045 5657 in
3085 5602 3265 5668 ipsam
3310 5597 3600 5653 observans
3654 5597 3862 5668 passio-

2213 5695 2358 5751 nem,
2395 5683 2506 5735 etc.

1194 5747 1432 5820 scilicet,
1453 5747 1581 5807 'non
1613 5767 1782 5809 suam
1821 5749 1918 5806 ille
1963 5751 2106 5806 cita-
2219 5803 2221 5806 .
