4332 6604
3740 376 3856 441 372

440 394 553 458 3Ἶ1
1692 387 1756 449 S.
1804 382 2117 448 EUSEBII
2160 380 2608 471 HIERONYMI

447 542 605 584 nunc
634 521 758 583 vivo
786 522 846 582 in
877 541 1071 582 carne.
1100 547 1127 575 ››
1158 524 1336 581 Aliud
1368 525 1459 579 est
1490 520 1551 578 in
1581 537 1752 577 carne
1781 535 1929 584 esse,
1953 521 2009 573 et
2041 516 2099 571 in
2130 517 2184 582 Α
2215 516 2396 590 gratis
2426 518 2732 582 mortuus;
2767 515 2823 569 et
2852 509 3197 569 concludere
3230 528 3245 569 :
3277 511 3402 568 Non
3433 509 3616 585 igitur
3644 527 3751 585 per
3779 511 3861 569 le-

445 632 618 672 carne
648 616 858 671 vivere.
893 617 999 683 Qui
1042 618 1192 671 enim
1254 617 1312 669 in
1362 628 1530 668 carne
1569 617 1721 679 sunt,
1751 611 1857 665 Deo
1884 609 2097 679 placere
2209 622 2340 676 gem
2373 604 2630 676 justitia.
2665 609 2979 675 Hucusque
3029 606 3233 658 contra
3283 601 3540 670 Petrum,
3575 619 3733 659 nunc
3790 603 3861 660 ad

440 721 555 766 non
603 708 826 777 possunt
874 705 1045 777 (Rom.
1076 723 1199 773 VIII,
1234 707 1310 771 8).
1346 702 1510 758 Unde
1541 702 1612 757 ad
1656 702 1800 755 bene
1843 697 2100 753 viventes
2210 694 2444 751 Galatas
2492 694 2817 750 revertitur.

445 795 700 851 dicitur:
733 794 826 850 Vos
847 800 1041 850 autem
1068 810 1177 851 non
1203 795 1332 850 estis
1354 795 1414 847 in
1436 807 1600 847 carne
1624 794 1661 844 ί.
1700 812 1727 838 ‹‹
1750 789 1811 842 In
1835 788 1948 842 ﬁde
1973 787 2099 842 vivo
2282 787 2440 857 (Cap.
2473 784 2569 839 III.
2604 814 2673 824 —-
2701 783 2865 838 Vers.
2900 782 2976 853 1.)
3010 804 3031 831 α
3067 781 3110 838 0
3141 780 3426 838 insensati
3458 782 3695 850 Galatae,
3721 782 3856 855 quis

445 885 580 943 Filii
632 883 735 940 Dei
789 883 945 956 (Ibid.
978 886 1056 955 9),
1107 883 1206 956 qui
1241 881 1445 939 dilexit
1486 897 1577 935 me
1630 884 1685 933 et
1731 876 1975 933 tradidit
2006 892 2101 931 se-
2211 891 2313 930 vos
2362 873 2672 929 fascinavit
2703 874 2725 907 ³
2757 876 2779 926 Ρ
2810 895 2837 921 ››
2887 870 3207 943 Dupliciter
3252 871 3347 927 hic
3395 870 3559 929 locus
3607 871 3861 945 intelligi

449 974 771 1046 metipsum
805 989 908 1044 pro
940 989 1049 1030 me.
1081 996 1101 1023 ι
1138 974 1225 1028 Ad
1249 973 1542 1027 Romanos
1574 970 1644 1023 de
1678 969 1789 1024 Deo
1820 966 2099 1038 loquitur,

452 1064 609 1135 quod
641 1061 787 1118 Filio
819 1078 926 1118 suo
958 1079 1075 1119 non
1105 1062 1382 1135 pepercit,
1418 1060 1517 1114 sed
1548 1074 1651 1130 pro
1706 1056 1876 1112 nobis
1925 1054 2101 1110 tradi-

453 1152 605 1208 derit
651 1167 786 1207 eum
819 1152 996 1223 (Rom.
1028 1169 1151 1217 VIII,
1182 1151 1293 1222 3'2).
1328 1150 1493 1205 Nunc
1540 1163 1673 1202 vero
1727 1147 1798 1201 de
1850 1144 2099 1212 Christo,

451 1242 609 1315 quod
658 1258 719 1297 se
768 1241 892 1313 ipse
936 1240 1227 1295 tradidit:
1286 1240 1393 1307 Qui
1438 1237 1645 1294 dilexit
1674 1252 1779 1303 me,
1810 1234 2024 1306 inquit,
2054 1236 2105 1289 et

454 1331 685 1387 tradidit
711 1329 1051 1401 semetipsum
1102 1345 1204 1398 pro
1252 1344 1357 1382 me.
1410 1329 1471 1382 In
1502 1324 1810 1397 Evangelio
1841 1340 1973 1381 vero
2008 1321 2106 1378 ubi

452 1419 715 1493 Apostoli
746 1421 1188 1487 enumerantur,
1222 1417 1472 1471 infertur
1507 1432 1520 1471 :
1574 1418 1637 1470 Et
1674 1414 1839 1470 Judas
1870 1414 2105 1469 Iscario-

458 1511 534 1565 tis
562 1507 672 1581 (Al.
706 1507 975 1579 Scarioth)
1008 1509 1106 1578 qui
1150 1516 1199 1563 et
1245 1506 1482 1562 tradidit
1532 1521 1657 1560 eum
1704 1504 1853 1574 (Luc.
1885 1520 1961 1573 VI,
1997 1503 2105 1573 16).

455 1597 713 1654 Rursum
745 1596 805 1652 in
836 1597 1039 1651 eodem
1076 1612 1087 1649 :
1142 1597 1271 1650 Ecce
1300 1595 1759 1666 apprOpinquavit
1800 1594 1893 1663 qui
1930 1590 2110 1645 tradet

457 1702 546 1744 me
589 1684 799 1758 (Matth.
831 1702 985 1751 xxvx,
1020 1683 1131 1755 46).
1181 1683 1262 1738 De
1313 1682 1681 1754 principibus
1732 1698 1865 1736 vero
1921 1696 2108 1735 sacer-

461 1777 691 1842 dotum,
704 1778 761 1830 et
778 1772 1108 1829 senioribus
1133 1771 1330 1844 populi
1348 1772 1651 1843 Scriptura
1668 1771 2108 1837 commemorat,

2212 966 2422 1035 potest.
2456 962 2557 1017 Vel
2606 962 2736 1017 ideo
2786 961 3113 1016 insensatos
3164 960 3399 1018 Galatas
3447 961 3791 1034 appellatos,
3825 981 3860 1019 a

2213 1051 2535 1123 majoribus
2562 1051 2632 1105 ad
2665 1050 2894 1106 minora
2920 1049 3236 1119 venientes,
3257 1050 3396 1121 quia
3426 1051 3707 1124 coeperint
3738 1051 3858 1124 spi-

2213 1142 2353 1211 ritu,
2384 1146 2442 1196 et
2472 1156 2645 1195 carne
2675 1145 3160 1196 consummentur
3190 1142 3357 1211 (Vers.
3390 1141 3445 1212 3)
3478 1157 3490 1194 :
3542 1140 3631 1197 vel
3671 1142 3744 1196 ob
3778 1142 3863 1211 id,

2215 1232 2369 1303 quod
2390 1246 2753 1302 unaquaeque
2766 1230 3058 1303 provincia
3073 1246 3212 1286 suas
3229 1228 3440 1285 habeat
3454 1230 3860 1303 proprietates.

2216 1321 2519 1377 Cretenses
2542 1337 2772 1392 semper
2794 1322 3125 1391 mendaces,
3151 1319 3338 1375 malas
3370 1319 3610 1388 bestias,
3635 1325 3867 1379 ventres

2217 1411 2435 1483 pigros,
2470 1426 2602 1465 vere
2633 1410 2704 1465 ab
2735 1410 3073 1481 Epimenide
3105 1413 3274 1482 poeta
3311 1408 3522 1476 dictos,
3550 1410 3864 1481 Apostolus

2220 1500 2561 1572 comprobat
2608 1500 2730 1571 (Tit.
2776 1517 2815 1569 1,
2858 1501 2966 1567 12).
3020 1498 3216 1554 Vanos
3263 1501 3517 1565 Mauros,
3547 1502 3605 1553 et
3654 1497 3873 1556 feroces

2220 1590 2542 1659 Dalmatas,
2566 1589 2806 1644 Latinus
2833 1588 3027 1662 pulsat
3052 1587 3391 1644 historicus.
3411 1587 3675 1644 Timidos
3698 1587 3873 1661 Phry-

2220 1696 2345 1751 gas,
2396 1695 2599 1734 omnes
2650 1683 2830 1750 poeta:
2890 1677 3166 1733 lacerant.
3212 1676 3458 1733 Athenis
3513 1678 3874 1751 expeditiora

2223 1768 2383 1824 nasci
2416 1767 2669 1839 ingenia,
2694 1766 3030 1840 philosophi
3060 1767 3405 1839 gloriantur.
3433 1766 3660 1824 Graecos
3689 1766 3867 1836 leves,

460 1865 618 1940 quod
637 1862 1151 1920 condemnaverint
1167 1861 1372 1917 Jesum
1397 1860 1660 1928 morti,et
1685 1859 1933 1932 ligentes
1952 1875 2108 1927 eum,
2144 1891 2193 1956 Β
2224 1858 2377 1956 apud
2428 1858 2513 1956 (ιλ
2540 1857 2821 1912 Cazsarem
2870 1856 3147 1930 suggillat
3184 1856 3433 1956 Tullius,
3466 1857 3664 1956 dicens
3698 1874 3713 1913 :
3761 1860 3873 1956 Aut

462 1952 739 2011 duxerint
786 1957 844 2009 et
885 1950 1233 2007 tradiderint
1270 1950 1453 2009 Pilato
1483 1949 1713 2022 praesidi
1746 1949 1903 2021 (Ibid.
1939 1965 2111 2014 xxvu,

463 2045 517 2113 1,
548 2044 619 2110 2;
654 2043 818 2097 Marc.
852 2058 945 2111 xv,
983 2040 1054 2111 1).
1078 2041 1158 2095 .Et
1192 2040 1466 2111 deinceps
1509 2040 1578 2093 de
1607 2038 1791 2093 Pilato
1824 2055 1836 2092 :
1894 2040 2115 2093 Dimisit

463 2134 548 2190 eis
575 2130 905 2197 Barabbam,
936 2132 1119 2186 Jesum
1148 2134 1334 2186 autem
1366 2129 1707 2199 ﬂagellatum
1747 2128 1971 2184 tradidit
2016 2130 2113 2195 eis,

463 2227 526 2279 ut
575 2220 954 2292 cruciﬁgerent
1003 2220 1164 2274 illum
1214 2218 1427 2291 (Matth.
1459 2236 1637 2285 xxx-'11,
1667 2219 1777 2287 26).
1830 2218 2014 2290 Igitur
2062 2223 2118 2273 et

465 2313 635 2369 Pater
661 2309 904 2366 tradidit
937 2308 1168 2377 Filium,
1203 2313 1260 2363 et
1306 2307 1486 2363 Filius
1536 2308 1661 2379 ipse
1712 2324 1773 2362 se
1823 2306 2065 2362 tradidit
2101 2321 2115 2362 :

468 2404 526 2457 et
543 2399 729 2455 Judas
749 2402 805 2454 et
824 2398 1154 2454 sacerdotes
1177 2413 1311 2452 eum
1334 2395 1697 2468 principibus
1728 2395 2117 2466 tradiderunt,

471 2493 528 2547 et
548 2489 621 2546 ad
644 2492 973 2544 extremum
994 2486 1275 2541 traditum
1305 2485 1438 2553 sibi,
1462 2486 1703 2539 tradidit
1727 2484 1851 2556 ipse
1874 2472 2116 2540 Pilatus.

471 2578 582 2635 Sed
606 2578 775 2633 Pater
804 2575 1065 2646 tradidit,
1090 2578 1155 2629 ut
1181 2574 1431 2630 salvaret
1452 2574 1749 2646 perditum
1783 2574 2072 2629 mundum
2104 2591 2117 2630 :

470 2660 661 2726 Jesus‘
691 2666 817 2739 ipse
866 2682 927 2721 se
975 2664 1238 2732 tradidit,
1273 2667 1336 2719 ut
1367 2663 1551 2719 Patris
1592 2680 1879 2735 suamque
1909 2664 2122 2719 faceret

470 2757 831 2813 voluntatem
861 2771 873 2809 :
909 2754 1091 2810 Judas
1115 2756 1310 2809 autem
1344 2758 1400 2813 et
1429 2754 1761 2809 sacerdotes
1783 2757 1840 2808 et
1862 2754 2119 2809 seniores

472 2845 695 2921 populi,
729 2848 783 2901 et
813 2843 1057 2915 Pilatus,
1088 2843 1268 2898 vitam
1302 2843 1473 2898 morti
1506 2842 1687 2898 nescii
1731 2842 2117 2898 tradiderunt.

473 2938 608 3003 Quae
654 2951 788 2990 cum
835 2933 966 3005 ipsa
1005 2949 1235 3005 quoque
1266 2948 1328 2987 se
1359 2937 1462 3004 'pro
1496 2936 1692 2987 nostra
1721 2931 1910 2987 salute
1942 2932 2117 2988 tradi-

474 3023 645 3095 derit,
682 3024 886 3078 beatus
918 3021 1291 3093 multumque
1342 3021 1495 3088 felix,
1530 3021 1631 3093 qui
1678 3022 1903 3077 vivente
1951 3021 2009 3075 in
2060 3037 2123 3076 se

475 3112 723 3185 Christo,
757 3128 860 3184 per
889 3109 1154 3183 singulas
1188 3109 1569 3181 cogitationes
1622 3113 1677 3165 et
1728 3127 1901 3182 opera
1933 3114 2124 3182 potest

475 3203 667 3260 dicere
699 3219 713 3257 :
768 3204 829 3257 In
872 3200 978 3272 ﬁde
1014 3202 1134 3255 vivo
1163 3200 1297 3255 Filii
1326 3201 1478 3256 416
1508 3200 1624 3265 Dei,
1657 3201 1753 3271 qui
1780 3199 1986 3256 dilexit
2012 3217 2119 3269 me,

476 3300 527 3350 et
555 3291 788 3348 tradidit
834 3291 1184 3361 semetipsum
1209 3306 1309 3361 pro
1340 3307 1446 3344 me.

551 3381 736 3455 (Vers.
768 3380 881 3452 21.)
937 3402 964 3429 ‹‹
996 3378 1121 3434 Non
1152 3378 1359 3448 abjicio
1391 3378 1638 3451 gratiam
1671 3378 1771 3435 Dei
1807 3395 1819 3434 :
1871 3379 1920 3434 si
1968 3378 2123 3435 enim

478 3487 585 3545 per
613 3474 822 3543 Legem
853 3468 1127 3540 justitia;
1180 3484 1315 3539 ergo
1347 3468 1613 3523 Christus
1645 3467 1827 3540 gratis
1859 3472 2126 3524 mortuus

481 3563 589 3618 est.
622 3582 649 3611 υ
686 3558 900 3631 Abjicit
929 3556 1176 3631 gratiam
1208 3557 1329 3623 Dei,
1364 3562 1485 3613 tam
1518 3557 1614 3612 ille
1645 3558 1746 3629 qui
1779 3562 1911 3630 post
1940 3560 2124 3614 Evan-

480 3649 700 3724 gelium
728 3648 869 3704 vivit
914 3648 971 3702 in
1028 3651 1193 3719 Lege,
1227 3663 1404 3717 quam
1456 3647 1506 3701 is
1558 3646 1658 3718 qui
1704 3646 1955 3719 peccatis
1996 3652 2129 3720 post

481 3738 847 3811 baptismum
898 3735 1250 3793 sordidatur.
1304 3735 1411 3799 Qui
1467 3740 1663 3791 autem
1720 3740 1911 3808 potest
1956 3737 2130 3808 juxta

481 3825 825 3900 Apostolum
857 3824 1049 3880 dicere
1082 3840 1096 3879 ε
1153 3822 1340 3879 Gratia
1370 3826 1487 3895 ejus
1526 3827 1585 3878 in
1640 3841 1724 3879 me
1764 3841 1873 3880 non
1900 3827 2009 3897 fuit
2038 3843 2129 3881 va-

480 3933 585 3974 cua
632 3916 679 3989 (I
709 3915 831 3972 Cor.
865 3931 961 3981 xv,
996 3913 1103 3983 10),
1156 3912 1265 3968 iste
1309 3917 1364 3968 et
1404 3914 1509 3969 hoc
1541 3913 1801 3985 loquitur
1831 3914 2125 3970 confiden-

480 4010 570 4062 ter
597 4023 610 4061 :
646 4003 761 4061 Non
786 4004 991 4076 adjicio
1011 4004 1264 4073 gratiam
1284 4004 1399 4059 Dei.
1425 4004 1587 4068 Quod
1616 4007 1809 4059 autem
1840 4005 2126 4076 sequitur,

479 4094 649 4152 valde
672 4092 1067 4151 necessarium
1090 4098 1177 4149 est
1199 4094 1506 4150 adversum
1533 4111 1629 4150 eos
1664 4094 1763 4166 qui
1795 4100 1926 4167 post
1954 4095 2128 4150 ﬁdem

480 4184 692 4242 Christi
723 4187 934 4258 putant
963 4183 1109 4257 legis
1148 4188 1437 4256 praecepta
1466 4184 1768 4240 servanda.
1802 4183 2127 4239 Dicendum

481 4275 697 4350 quippe
744 4278 879 4331 est:
936 4273 994 4329 Si
1045 4288 1149 4344 per
1193 4271 1380 4345 legem
1422 4271 1656 4344 justilia
1709 4277 1816 4340 est,
1851 4289 1987 4344 ergo
2020 4273 2127 4342 (Al.

481 4363 660 4436 quod)
712 4362 980 4419 Christus
1022 4361 1272 4435 gratiam
1306 4364 1578 4416 mortuus
1609 4364 1697 4416 est
1728 4360 1833 4431 (Al.
1868 4360 1985 4429 sit).
2017 4363 2132 4415 Aut

481 4456 636 4509 certe
665 4452 929 4518 doceant,
978 4436 1270 4523 quomodo
1314 4466 1429 4504 non
1461 4448 1729 4505 Christus
1758 4450 1941 4522 gratis
1974 4467 2130 4505 mor-

484 4546 624 4597 tuus
673 4540 768 4611 sit,
802 4540 851 4595 si
901 4556 1077 4612 opera
1116 4539 1449 4609 justiﬁcant
1481 4538 1585 4610 (Al.
1612 4539 1981 4611 justificent).
2016 4542 2125 4596 Sed

2225 1947 2426 2002 levium
2476 1946 2805 2015 Graecorum,
2856 1955 2953 2002 aut
3002 1948 3331 2003 immanium
3380 1947 3758 2003 barbarorum.
3804 1946 3872 2003 Et

2225 2053 2326 2109 pro
2375 2036 2574 2091 Flacco
2622 2038 2894 2107 Ingenila,
2927 2036 3139 2109 inquit,
3172 2037 3389 2104 levitas,
3422 2046 3474 2092 et
3514 2037 3726 2092 erudita
3768 2054 3870 2093 va-

2224 2128 2390 2181 nitas.
2425 2126 2625 2197 Ipsum
2660 2125 2857 2197 Israel,
2890 2126 3048 2198 gravi
3099 2126 3290 2196 corde,
3322 2130 3380 2182 et
3429 2127 3579 2182 dura
3628 2126 3871 2198 cervice,

2226 2230 2431 2270 omnes
2462 2214 2772 2287 Scripturae
2820 2220 3075 2287 arguunt
3103 2215 3299 2285 (Exod.
3332 2233 3510 2284 xxxu,
3549 2217 3603 2284 9,
3645 2224 3699 2271 et
3746 2232 3875 2286 pas-

2225 2306 2371 2376 sim).
2405 2305 2468 2359 In
2500 2304 2657 2359 hunc
2686 2309 2823 2377 'ergo
2856 2305 3094 2360 modum
3129 2305 3379 2361 arbitror
3426 2309 3484 2361 et
3526 2303 3873 2377 Apostolum

2230 2397 2377 2451 4l7
2422 2392 2656 2449 Galatas
2705 2394 2963 2465 regionis
3015 2411 3133 2450 suae
3186 2392 3533 2467 proprietate
3582 2394 3871 2467 pulsasse.

2231 2484 2386 2539 Licet
2415 2484 2654 2555 quidam
2688 2483 2994 2555 profundis
3049 2500 3107 2540 se
3151 2484 3573 2556 quaestionibus
3612 2484 3879 2541 inseren-

2230 2578 2337 2641 tes,
2372 2574 2539 2645 quasi
2591 2574 2699 2628 sub
2732 2574 2973 2628 obtentu
3005 2573 3256 2629 vitandae
3284 2573 3593 2644 haereseos,
3627 2592 3753 2648 quae
3785 2574 3879 2630 di-

2228 2679 2426 2719 versas
2474 2666 2717 2718 naturas
2766 2662 2962 2732 infert,
3012 2660 3229 2731 dicant,
3281 2664 3484 2737 Tyrios
3540 2682 3772 2738 quoque
3824 2669 3882 2722 et

2231 2753 2525 2817 Sidonios,
2585 2751 2869 2807 Moabitae
2920 2759 2976 2808 et
3024 2752 3414 2820 Ammonitas,
3462 2758 3519 2810 et
3569 2754 3874 2823 Idummos,

2229 2841 2576 2913 Babylonios
2618 2845 2675 2896 et
2702 2841 3018 2913 /Egyptios,
3050 2859 3374 2914 omnesque
3404 2848 3627 2919 gentes,
3659 2860 3785 2915 quia
3816 2843 3876 2899 in

2229 2930 2543 3003 Scripturis
2594 2931 2995 2997 nominantur,
3027 2932 3239 2988 habere
3286 2933 3556 3004 quaedam
3595 2932 3879 2990 idiomata

2232 3037 2300 3076 ex
2330 3020 2523 3075 causis
2560 3020 3047 3091 praecedentibus,
3081 3026 3135 3076 et
3167 3022 3376 3078 merito
3406 3038 3648 3095 operum
3680 3023 3877 3096 pristi-

2231 3126 2463 3179 norum,
2496 3125 2570 3163 ne
2601 3110 2836 3181 justitia
2882 3110 2985 3165 Dei
3033 3110 3227 3166 veniat
3277 3111 3338 3167 in
3392 3112 3686 3169 dubium:
3742 3130 3877 3170 cum

2235 3215 2602 3272 unaquaeque
2648 3215 2791 3271 gens
2841 3199 2930 3255 vel
2981 3199 3222 3268 bonum,
3255 3199 3343 3257 vel
3398 3200 3621 3258 malum
3669 3202 3881 3259 habere

2236 3293 2551 3355 asseratur,
2585 3289 2739 3361 quod
2773 3287 2887 3345 alia
2930 3306 3045 3344 non
3086 3288 3313 3345 habeat.
3346 3291 3471 3347 Non
3504 3292 3646 3349 istas
3677 3292 3880 3349 altitu-

2234 3380 2403 3435 dines
2435 3378 2813 3449 declinantes,
2840 3375 3141 3451 superiora
3168 3380 3565 3437 sectabimur:
3600 3386 3701 3438 aut
3728 3381 3882 3438 stul-

2235 3469 2374 3525 titiae
2399 3484 2497 3524 eos
2519 3468 2706 3541 argui,
2726 3468 3007 3537 dicentes,
3032 3486 3133 3542 per
3158 3487 3337 3542 quam
3359 3471 3635 3543 spiritum
3656 3471 3805 3546 legis
3826 3476 3885 3529 et

2235 3558 2487 3614 litteram
2519 3558 2842 3631 dijudicare
2873 3576 2986 3614 non
3020 3559 3250 3631 possint
3283 3575 3295 3616 :
3329 3566 3431 3617 aut
3460 3561 3599 3618 vitio
3630 3563 3735 3634 (Al.
3770 3562 3882 3637 via)

2236 3648 2427 3721 gentis
2460 3647 2695 3719 corripi,
2727 3648 2884 3719 quod
2916 3648 3197 3705 indociles
3238 3649 3358 3705 sint
3403 3655 3460 3707 et
3502 3651 3799 3721 vecordes,
3828 3656 3886 3708 et

2237 3738 2310 3793 ad
2342 3737 2692 3809 sapientiam
2743 3737 3049 3794 tardiores.
3098 3740 3259 3804 Quod
3319 3744 3515 3796 autem
3568 3742 3880 3813 sequitur:
3952 3794 3959 3801 .

2240 3827 2346 3894 Qui
2388 3842 2477 3881 vos
2516 3828 2834 3898 fuscinavit,
2868 3826 3041 3900 digne
3070 3828 3250 3884 Paulo
3282 3830 3405 3902 (qui
3434 3829 3543 3887 etsi
3572 3829 3882 3902 imperitus

2239 3920 2328 3971 est
2376 3932 2663 3985 sermone,
2719 3933 2835 3971 non
2886 3921 3082 3973 tamen
3133 3918 3380 3975 scientia
3425 3921 3498 3991 (ll
3540 3921 3671 3976 Cor.
3715 3937 3793 3989 x1,
3824 3921 3881 3993 6)

2239 4006 2522 4061 debemus
2555 4021 2857 4078 exponere,
2889 4024 3000 4062 non
3037 4024 3151 4079 quo
3182 4008 3377 4066 scierit
3409 4025 3536 4065 esse
3568 4009 3879 4079 fascinum,

2241 4094 2342 4168 qui
2370 4093 2543 4166 vulgo
2576 4098 2817 4166 putatur
2846 4112 3090 4164 nocere;
3143 4098 3243 4152 sed
3298 4114 3443 4154 usus
3489 4115 3758 4155 sermone
3807 4098 3885 4155 sit

2237 4183 2393 4239 trivii
2425 4184 2532 4256 (Al.
2565 4183 2745 4255 trito),
2775 4188 2831 4239 et
2862 4189 2926 4239 ut
2955 4185 3013 4241 in
3047 4186 3291 4254 cmteris,
3314 4186 3396 4244 ita
3425 4191 3481 4244 et
3510 4188 3570 4244 in
3600 4189 3709 4245 hoc
3740 4205 3884 4261 quo-

2240 4290 2355 4346 que
2385 4273 2530 4343 loco,
2563 4273 2803 4329 verbum
2852 4274 3206 4346 quotidianae
3251 4278 3760 4335 sermocinationis
3791 4296 3883 4336 as-

2243 4364 2583 4435 sumpserit.
2620 4362 2889 4435 Legimus
2937 4363 2997 4419 in
3047 4366 3417 4423 Proverbiis:
3468 4369 3681 4425 Donum
3708 4368 3885 4424 invidi

2239 4454 2448 4508 cruciat
2493 4453 2675 4510 oculos
2726 4454 2913 4522 (Prov.
2945 4472 3107 4523 χχιιι,
3141 4455 3219 4523 6).
3252 4455 3359 4520 Qui
3392 4457 3546 4529 apud
3589 4474 3696 4514 nos
3741 4456 3882 4512 invi-

2226 4542 2363 4611 ‘dus,
2417 4542 2477 4597 in
2528 4543 2722 4599 erco
2777 4543 3207 4615 significantius
3258 4545 3514 4619 ponitur,
3553 4548 3880 4618 fascinator,

486 4628 756 4703 quamvis
805 4628 924 4683 sint
958 4628 1229 4703 hebetes,
1262 4627 1453 4683 dicere
1492 4645 1607 4684 non
1640 4629 1941 4685 audebunt
1970 4630 2130 4686 Chri-
2163 4637 2207 4703 Β
2241 4638 2298 4688 et
2342 4632 2401 4686 in
2449 4632 2752 4704 Sapientia
2795 4650 2921 4704 quae
2962 4632 3289 4691 Salomonis
3320 4634 3597 4706 scripitur
3627 4650 3640 4689 :
3692 4635 3884 4693 Fasci-

481 4722 643 4779 etum
662 4716 787 4773 sine
807 4734 981 4773 causa
1002 4720 1319 4773 mortuum.
1337 4718 1422 4772 Ad
1444 4718 1789 4789 particulam
1807 4718 2003 4792 itaque
2025 4719 2133 4793 syl-

482 4806 743 4880 logismi,
776 4823 902 4879 quae
934 4806 1029 4862 hic
1062 4806 1427 4878 proponitur,
1462 4806 1519 4862 id
1554 4813 1642 4863 est
1676 4826 1688 4863 :
1738 4808 1799 4863 Si
1851 4812 1999 4865 enim
2032 4827 2135 4883 per

485 4898 657 4970 legem
700 4896 950 4967 justitia,
1011 4910 1138 4965 ergo
1199 4895 1443 4951 Christus
1493 4898 1669 4968 gratis
1724 4905 1973 4954 mortuus
2032 4904 2127 4968 est,

485 4987 770 5049 debemus
802 4982 947 5039 illud
981 4982 1281 5040 assumere
1312 4986 1465 5057 quod
1496 4992 1919 5057 consequenter
1948 4987 2131 5043 infer-

481 5081 601 5147 tur,
632 5080 688 5133 et
717 5073 915 5148 negari
947 5090 1062 5130 non
1094 5077 1285 5147 potest
1317 5091 1329 5131 :
1364 5074 1631 5131 Christus
1663 5080 1860 5132 autem
1893 5093 2009 5133 non
2042 5082 2131 5134 est

556 5239 971 5295 1Interserunt
1021 5236 1137 5291 duo
1180 5251 1324 5290 mss.
1377 5241 1434 5291 et
1482 5236 1777 5306 Rabanus,
1810 5241 1860 5293 et
1899 5238 2127 5305 Christi,

483 5310 817 5389 quaeverba
848 5310 1083 5367 Graecus
1112 5306 1239 5389 ipse
1270 5312 1462 5389 textus
1494 5314 1741 5389 recusat.

516 5379 574 5418 λ²
603 5384 666 5438 In
716 5387 849 5438 ante
900 5396 1009 5437 nos
1061 5379 1232 5435 editis
1286 5379 1431 5435 falso
1474 5381 1729 5446 additur,
1760 5400 1865 5437 non
1909 5383 2128 5438 cratere

482 5456 723 5526 veritati,
758 5471 890 5509 cum
937 5455 1063 5526 ipse
1100 5452 1508 5526 Hieronymus
1539 5453 1741 5526 doceat
1788 5455 1909 5509 haec
1954 5458 2128 5515 verba

484 5540 599 5580 non
648 5522 849 5580 haberi
898 5522 980 5580 in'
1005 5522 1438 5598 exemplaribus
1485 5524 1837 5598 Adamantii,
1874 5543 1999 5598 qua:
2040 5527 2127 5581 vir

483 5598 722 5651 sanctus
755 5602 990 5652 secutus
1023 5602 1128 5651 est.
1166 5596 1351 5651 MART.
1385 5627 1453 5637 ο-
1486 5598 1620 5660 Qua)
1661 5596 1795 5651 olim
1848 5596 1940 5651 hic
1985 5599 2125 5653 sub-

473 5666 971 5740 jungebanturiex
998 5668 1245 5740 Vulgata
1276 5669 1589 5739 interprete
1619 5669 1813 5737 verba,
1866 5686 1975 5724 non
2006 5687 2122 5725 cre-

480 5738 609 5796 dere
627 5739 864 5805 veritati,
883 5738 1171 5797 Victorius
1194 5741 1417 5813 pridem
1430 5738 1454 5812 ξ)
1467 5756 1565 5797 ure
1584 5741 1802 5812 optimo
1822 5744 2120 5817 expunxit,

2243 4724 2394 4778 natio
2423 4724 2800 4794 malignitatis
2830 4724 3081 4779 obscurat
3126 4724 3264 4780 bona
3310 4724 3460 4796 (δίῳ.
3493 4741 3570 4793 ιν,
3608 4725 3716 4794 12).
3747 4724 3884 4790 Qui--

2243 4812 2352 4867 bus
2385 4812 2662 4867 docemur
2693 4811 2992 4885 exemplis,
3019 4814 3173 4886 quod
3206 4811 3291 4870 vel
3324 4813 3556 4869 invidus
3588 4813 3779 4871 aliena
3808 4813 3887 4871 fe-

2240 4901 2459 4956 licitate
2488 4901 2799 4967 crucietur,
2830 4901 2915 4957 vel
2965 4902 3016 4959 is
3066 4903 3125 4958 in
3175 4921 3290 4975 quo
3333 4904 3488 4961 bona
3516 4904 3635 4961 sint
3663 4904 3883 4975 aliqua,

2239 4990 2351 5047 alio
2405 4990 2750 5058 fascinante,
2782 4992 2837 5047 id
2872 4998 2978 5060 est,
3014 4992 3304 5049 invidente
3335 4998 3628 5073 noceatur.
3662 4992 3888 5049 Dicitur

2238 5080 2499 5136 fascinus
2540 5082 2769 5153 proprie
2817 5083 3142 5138 infantibus
3190 5099 3417 5151 nocere,
3451 5087 3507 5139 et
3549 5081 3704 5139 aetati
3753 5100 3885 5156 par-

2237 5244 2390 5313 quod
2421 5260 2489 5299 ex
2532 5244 2844 5317 ipsiusmet
2872 5243 3207 5317 Hieronymi
3237 5243 3593 5316 expositione
3624 5245 3886 5302 subnexa

2236 5321 2460 5390 constet
2508 5333 2538 5370 a
2583 5332 2668 5390 se_
2689 5317 3107 5390 praetermissa,
3139 5322 3444 5390 propterea
3474 5318 3632 5390 quod
3667 5318 3724 5373 in
3757 5318 3882 5375 Ori-

2236 5388 2400 5464 genis
2449 5387 2888 5464 exemplaribus,
2932 5405 3046 5443 non
3094 5387 3560 5464 inveniebantur.
3620 5390 3880 5464 ldipsum

2235 5459 2698 5533 luculentissima
2746 5460 3053 5533 conﬁrmat
3099 5460 3157 5515 S.
3207 5462 3377 5517 Pater
3407 5462 3578 5533 infra,
3612 5459 3753 5518 dum
3784 5479 3882 5518 ex-

2234 5532 2401 5602 ponit
2450 5547 2523 5603 ea
2564 5530 2738 5603 verba
2795 5529 3001 5601 capitis
3058 5533 3293 5603 quinti:
3350 5529 3670 5590 Currebatis
3727 5536 3878 5598 bene,

2233 5601 2472 5682 guisvos
2504 5601 2783 5682 impedivit
2813 5603 3035 5682 veritati
3062 5601 3173 5660 uon
3201 5606 3421 5682 obedire
3443 5610 3468 5660 .9
3512 5605 3673 5662 Adde
3723 5606 3880 5682 qqu

2230 5675 2293 5729 in
2325 5673 2438 5744 his,
2472 5672 2690 5745 quibus
2721 5689 2825 5729 nos
2858 5672 3100 5746 utimur,
3132 5692 3277 5734 mss.
3311 5677 3447 5735 sint.
