4332 6562
353 411 472 476 373

1023 413 1533 479 COMMENTAR.
1581 417 1658 478 IN
1704 415 1952 479 EPIST.
1998 415 2101 480 AD
2147 418 2424 481 GALAT.
2473 418 2620 479 LIB.
2668 411 2716 491 I,
2763 416 2936 478 CAP.
2985 409 3093 476 III.

3656 409 3788 479 374

353 547 527 619 vulsa,
563 551 624 605 et
655 549 747 606 his
779 555 877 624 qui
913 552 1160 608 necdum
1191 551 1357 606 ﬁrmo
1387 550 1629 623 vestigio
1663 552 1843 626 ﬁgant
1872 568 2005 626 gra-
2033 555 2088 622 Α
2120 552 2353 608 niarum
2378 551 2720 624 superstitio
2752 551 3037 620 dederint,
3071 567 3144 607 an
3176 547 3412 606 auditus
3446 545 3604 618 ﬁdei,
3661 565 3767 624 per

358 639 522 696 dum.
561 639 718 696 Unde
747 645 802 695 et
834 640 1076 713 quidam
1108 657 1137 696 e
1168 641 1480 714 gentibus:

451 792 636 841 Nescio
665 792 782 856 quis
803 795 1014 842 teneros
1043 793 1227 843 oculus
1258 792 1386 842 mihi
1410 793 1628 843 fascinat
1659 808 1841 854 agnos.

1232 857 1449 918 (VmGIL.
1480 856 1652 919 Eclog.
1686 860 1734 918 3)

351 997 469 1054 Hoc
500 1002 696 1054 utrum
728 1015 953 1070 verum,
987 1015 1168 1054 necne
1213 996 1308 1062 sit,
1366 1001 1518 1052 Deus
1562 997 1809 1054 viderit:
1861 1001 1999 1072 quia

349 1091 540 1160 potest
569 1087 716 1156 ﬁeri,
751 1092 814 1143 ut
846 1093 902 1144 et
933 1088 1225 1142 daemones
1257 1085 1392 1144 huic
1427 1091 1660 1158 peccato
1701 1087 1994 1155 serviant;

347 1180 404 1232 et
431 1192 818 1249 quoscunque
848 1178 908 1232 in
951 1176 1047 1232 Dei
1081 1191 1252 1248 opere
1282 1175 1370 1231 vel
1427 1177 1692 1247 coepisse,
1726 1177 1813 1232 vel
1863 1194 1995 1250 pro-

343 1265 552 1322 fecisse
583 1265 979 1338 cognoverint,
1021 1283 1120 1321 eos
1152 1283 1185 1320 a
1217 1265 1382 1320 bonis
1415 1266 1690 1337 operibus
1713 1271 1992 1323 avertant.

273 1343 280 1348 ’
339 1354 506 1411 Nunc
535 1355 682 1410 illud
717 1356 776 1410 in
807 1373 986 1410 causa
1035 1359 1140 1421 est,
1189 1356 1343 1426 quod
1384 1372 1452 1410 ex
1508 1355 1780 1427 opinione
1834 1357 1993 1429 vulgi

339 1449 650 1517 sumptum
679 1450 962 1517 putamus
993 1444 1345 1517 exempium,
1383 1446 1755 1516 utquomodo
1796 1454 1993 1502 tenera

339 1539 482 1591 aetas
529 1535 721 1590 noceri
757 1535 970 1590 dicitur
997 1533 1258 1590 fascino:
1295 1533 1378 1589 sic
1434 1534 1609 1590 etiam
1667 1535 1880 1590 Galatae
1930 1535 1988 1592 in

337 1623 552 1681 Christi
575 1625 688 1679 ﬁde
720 1640 907 1695 nuper
933 1623 1074 1692 nati,
1106 1628 1162 1679 et
1192 1623 1397 1680 nutriti
1433 1623 1603 1692 lacte,
1662 1630 1717 1680 et
1746 1642 1860 1680 non
1893 1642 1986 1681 so-

332 1712 454 1769 lido
495 1712 622 1769 cibo
655 1714 703 1785 (I
731 1713 853 1770 Cor.
890 1731 974 1779 III,
1024 1714 1104 1784 2),
1149 1714 1308 1769 velut
1359 1714 1614 1786 quodam
1665 1714 1988 1771 fascinante

334 1802 491 1860 418
522 1801 642 1858 sint
663 1802 838 1859 nociti
865 1819 877 1858 :
913 1807 970 1858 et
998 1803 1301 1860 stomacho
1333 1803 1468 1858 ﬁdei
1499 1809 1818 1861 nauseante
1876 1805 1982 1874 (At.

335 1894 711 1970 nauseantes)
766 1892 1021 1964 Spiritus
1072 1893 1258 1949 sancti
1320 1893 1516 1949 cibum
1598 1894 1982 1950 evomuerint.

337 1982 498 2048 Quod
531 1981 582 2037 si
621 1981 839 2053 aliquis
870 1982 1238 2051 contradicit,
1272 1987 1522 2054 exponat
1578 1985 1871 2055 quomodo
1913 1985 1982 2039 de

332 2070 634 2134 communi
684 2069 959 2142 opinione
1007 2071 1086 2126 sit
1135 2078 1462 2144 sumptum,
1511 2072 1678 2128 vallis
1750 2074 1984 2130 Titano-

333 2177 488 2226 rum,
523 2160 581 2215 in
615 2160 950 2232 Regnorum
996 2160 1166 2216 libris
1221 2164 1292 2233 (II
1339 2164 1466 2232 Reg.
1521 2180 1682 2218 xxm.
1731 2164 1841 2235 13),
1892 2165 1980 2219 Si-

337 2265 493 2306 renas
539 2253 596 2304 et
652 2249 1040 2306 Onocentauri
1090 2251 1149 2306 in
1208 2251 1356 2306 Isaia
1409 2252 1563 2324 (Cap.
1629 2271 1816 2308 xxxxv.
1870 2255 1976 2325 14),

327 2341 614 2396 Arcturus
667 2343 723 2393 et
770 2339 968 2406 Orion,
1016 2345 1072 2395 et
1121 2340 1384 2396 Pleiades
1434 2342 1492 2396 in
1538 2343 1646 2396 Job
1693 2343 1845 2415 (Cap.
1899 2361 1975 2411 1x,

331 2428 408 2500 9),
468 2432 526 2484 et
573 2431 780 2483 czetera
835 2428 929 2484 his
1016 2429 1254 2499 similia,
1319 2447 1446 2501 quae
1532 2430 1736 2503 utique
1813 2449 1980 2488 voca-

329 2516 487 2586 bula,
521 2517 830 2590 gentilium
863 2518 1196 2574 fabularum
1215 2524 1271 2575 et
1293 2537 1502 2576 causas
1526 2525 1582 2575 et
1599 2520 1852 2592 origines
1876 2522 1976 2578 ha-

329 2607 446 2664 bet.
478 2607 914 2680 Interrogemus
943 2625 1079 2680 ergo
1111 2609 1218 2664 hoc
1269 2608 1393 2664 loco
1445 2609 1820 2680 Marcionem,
1874 2611 1976 2682 qui

328 2696 642 2769 prophetas
669 2697 958 2769 repudiat,
995 2699 1288 2769 quomodo
1319 2698 1683 2771 interpretur
1731 2700 1786 2754 id
1819 2703 1974 2772 quod

327 2787 614 2858 sequitur.

405 2877 597 2932 «Ante
625 2894 874 2948 quorum
890 2877 1089 2933 oculos
1100 2867 1132 2933 J
1139 2893 1276 2933 esus
1294 2877 1560 2934 Christus
1573 2879 1936 2952 proscriptus
1957 2883 1972 2915 ¹

330 2970 438 3033 est,
471 2967 530 3021 in
557 2966 722 3022 vobis
776 2967 1092 3022 cruciﬁxus
1141 2971 1309 3022 est.»
1359 2966 1537 3022 Nobis
1611 2967 1768 3022 enim
1821 2974 1974 3023 recte

331 3057 708 3128 praescriptus
731 3061 820 3111 est
850 3055 1136 3124 Christus,
1169 3057 1240 3111 de
1269 3059 1440 3127 cujus
1469 3056 1730 3128 patibulo
1756 3062 1811 3112 et
1841 3075 1973 3129 pas-

329 3143 512 3211 sione,
546 3143 732 3216 alapis
753 3148 810 3199 et
839 3145 1106 3217 ﬂagellis,
1141 3146 1334 3201 omnis
1368 3145 1786 3218 prophetarum
1829 3165 1971 3219 prte-

327 3224 736 3300 diCitchorus,
787 3239 852 3289 ut
881 3251 1114 3290 crucem
1145 3235 1333 3306 ipsius
1383 3252 1495 3291 non
1541 3236 1612 3290 de
1665 3237 1972 3309 Evangelio

2114 659 2296 714 quam
2326 661 2394 698 ex
2427 643 2700 714 gentibus
2731 640 3063 697 credidistis
3085 641 3112 696 ?
3143 640 3307 707 Quod
3341 641 3389 697 si
3423 639 3624 712 negari
3649 655 3768 697 non

2111 737 2320 804 potest.
2357 732 2638 803 Spiritum
2670 735 2940 786 sanctum
2972 734 3029 785 et
3057 729 3322 798 virtutes,
3358 747 3486 802 quas
3519 731 3578 786 in
3613 729 3768 803 prin-

2111 821 2261 894 cipio
2296 822 2425 876 ﬁdei
2455 825 2755 891 acceptum
2787 819 3071 891 Spiritum
3104 820 3526 892 sequebantur,
3551 836 3667 876 non
3695 836 3766 877 ex

2109 911 2384 982 operibus
2416 910 2582 981 legis,
2624 910 2724 965 sed
2757 925 2824 964 ex
2857 909 2969 965 ﬁde
3014 909 3229 966 Christi
3279 910 3465 978 datas,
3520 909 3764 966 manife-

2108 1006 2264 1055 stum
2298 1004 2404 1066 est,
2432 1017 2532 1054 vos
2555 1017 2587 1054 a
2609 997 2950 1054 melioribus
2980 1015 3215 1056 exorsos
3262 999 3369 1072 [Αἰ.
3403 999 3655 1072 exesos],
3696 999 3757 1056 in

2107 1089 2306 1160 pejora
2344 1103 2631 1144 corruere.
2684 1088 3131 1146 Consideremus
3181 1093 3377 1145 autem
3426 1087 3754 1161 diligenter,

2106 1177 2246 1248 quia
2276 1195 2388 1232 non
2449 1177 2682 1233 dixerit:
2752 1179 2878 1235 Voto
2906 1196 2940 1233 a
2983 1180 3134 1235 vobis
3179 1179 3387 1234 discere
3436 1183 3630 1236 utrum
3687 1195 3759 1235 ex

2104 1269 2356 1338 operibus
2385 1269 2651 1338 Spiritum
2685 1269 3012 1339 accepistis;
3038 1268 3137 1323 sed
3171 1267 3467 1338 adjecerit,
3491 1284 3561 1323 ea:
3593 1268 3747 1324 419

2102 1359 2355 1427 aperibus
2386 1357 2535 1426 tegis.
2562 1356 2792 1411 Sciebat
2821 1355 2976 1411 enim
3009 1360 3066 1411 et
3095 1354 3426 1412 Cornelium
3463 1356 3755 1412 centurio-

2102 1461 2233 1499 nem
2258 1445 2541 1516 Spiritum
2570 1461 2638 1499 ex
2667 1445 2941 1516 operibus
2971 1444 3266 1517 accepisse
3318 1445 3455 1516 (Act.
3508 1462 3565 1512 x,
3617 1445 3705 1516 47)
3741 1463 3754 1514 ;

2099 1535 2198 1589 sed
2250 1551 2364 1589 non
2393 1551 2463 1589 ex
2505 1534 2781 1606 operibus
2828 1534 3014 1606 Legis,
3067 1549 3244 1606 quam
3302 1532 3635 1610 nesciebat.
3684 1531 3746 1588 Si

2099 1628 2295 1679 autem
2319 1623 2643 1679 econtrario
2691 1623 2924 1695 dicitur,
2973 1639 3110 1696 ergo
3159 1627 3217 1678 et
3264 1623 3389 1679 sine
3438 1622 3749 1680 auditione

2098 1713 2233 1768 ﬁdei
2267 1714 2449 1786 accipi
2482 1714 2732 1786 Spiritus
2758 1717 2966 1787 potest,
2986 1730 3103 1770 non
3121 1712 3628 1785 respondebimus,
3655 1727 3752 1768 ac-

2096 1803 2320 1875 cepisse
2342 1803 2579 1875 quidem
2611 1819 2746 1860 eum
2780 1803 3091 1876 Spiritum,
3119 1803 3220 1860 sed
3251 1819 3320 1859 ex
3351 1801 3554 1858 auditu
3586 1800 3746 1869 ﬁdei,

2096 1895 2152 1947 et
2173 1892 2425 1948 naturali
2452 1893 2578 1966 lege
2599 1895 2640 1961 ²,
2673 1910 2799 1965 quae
2831 1891 3095 1965 loquitur
3115 1891 3175 1947 in
3205 1891 3482 1948 cordibus
3505 1889 3746 1962 nostris,

2093 1980 2247 2037 bona
2276 1999 2520 2054 quaeque
2550 1982 2838 2048 facienda,
2873 1987 2928 2039 et
2947 1983 3184 2039 vitanda
3214 1981 3396 2038 mala:
3431 1997 3532 2053 per
3563 1996 3741 2053 quam

2093 2071 2316 2127 dudum
2368 2089 2600 2144 quoque
2661 2073 2978 2140 Abraham,
3049 2072 3306 2146 Moysen,
3393 2074 3451 2127 et
3502 2075 3740 2127 caeteros

2091 2166 2322 2217 sanctos
2338 2163 2694 2232 justiﬁcatos
2727 2162 3055 2229 retulimus,
3090 2177 3268 2234 quam
3308 2176 3520 2234 augere
3571 2158 3740 2215 dein-

2092 2268 2227 2323 ceps
2260 2257 2451 2323 potest
2479 2269 2720 2324 operum
2753 2251 3101 2319 observatio,
3135 2250 3398 2325 legisque
3451 2251 3560 2321 (At.
3593 2247 3742 2322 legis

2091 2342 2630 2413 quoque)iustitia:
2667 2358 2782 2396 non
2841 2345 3036 2397 tamen
3086 2339 3340 2397 carnalis
3387 2339 3555 2412 legis,
3607 2354 3734 2411 quas

2089 2430 2383 2504 praeteriit,
2417 2433 2517 2487 sed
2552 2430 2894 2503 spiritualis,
2946 2431 3085 2504 quia
3135 2430 3225 2486 lex
3274 2429 3598 2503 spiritualis
3648 2433 3737 2487 est

2088 2522 2267 2593 (Rom.
2298 2538 2398 2587 v11,
2433 2523 2542 2592 1-4).
2572 2522 2770 2592 Neque
2789 2537 2944 2588 vero,
2974 2521 3111 2593 quia
3131 2521 3304 2577 ﬁdem
3352 2520 3738 2594 praeferimus.

2073 2610 2254 2683 'Legis
2287 2628 2460 2683 opera
2508 2611 2868 2666 destruimus
2916 2611 3091 2682 (Rom.
3149 2627 3231 2681 III,
3282 2610 3394 2682 31),
3444 2627 3549 2667 nec
3597 2609 3741 2666 dici-

2087 2717 2221 2756 mus
2263 2701 2588 2756 secundum
2639 2701 2957 2772 quosdam:
3008 2701 3292 2756 Faciamus
3343 2701 3514 2771 mata,
3567 2699 3739 2757 donec

2084 2793 2313 2846 veniant
2339 2791 2496 2858 bona,
2533 2806 2759 2861 quorum
2803 2790 3084 2847 damnatio
3122 2790 3280 2862 justo
3325 2795 3406 2846 est
3459 2789 3628 2862 (Ibid.
3659 2789 3737 2862 8),

2085 2881 2186 2935 sed
2219 2880 2484 2934 servituti
2517 2879 2768 2952 gratiam
2836 2879 3271 2951 anteponimus.
3321 2878 3728 2950 Dicimusque,

2085 2969 2239 3041 quod
2271 2969 2456 3024 Judaei
2489 2974 2725 3040 propter
2755 2973 2978 3024 metum
3029 2968 3270 3036 faciunt,
3304 2967 3363 3024 id
3394 2984 3501 3024 nos
3547 2967 3736 3023 facere

2083 3063 2321 3131 propter
2346 3059 2708 3114 charitatem.
2761 3057 2898 3114 Illos
2926 3075 3122 3114 servos
3170 3073 3320 3128 esse,
3371 3074 3480 3113 nos
3529 3057 3720 3114 ﬁlios:

2082 3148 2216 3204 illos
2246 3150 2372 3221 cogi
2408 3149 2479 3204 ad
2531 3149 2774 3220 bonum,
2809 3165 2916 3204 nos
2963 3149 3182 3205 bonum
3231 3147 3551 3221 suscipere.
3603 3147 3731 3204 Non

2082 3237 2266 3310 igitur
2295 3255 2363 3292 ex
2394 3238 2507 3292 ﬁde
2535 3237 2748 3294 Christi
2781 3237 3013 3293 licentia
3044 3235 3307 3292 nascitur
3327 3234 3730 3308 delinquendi;

326 3326 582 3390 tantum,
619 3323 678 3377 in
710 3339 826 3394 quo
856 3323 1171 3378 cruciﬁxus
1202 3325 1486 3379 refertur:
1521 3325 1620 3379 sed
1655 3325 1839 3380 multo
1873 3343 1972 3380 an-
2006 3315 2047 3382 C
2088 3327 2188 3382 sed
2219 3344 2288 3382 ex
2316 3325 2624 3382 dilectione
2655 3325 2786 3381 ﬁdei
2815 3325 3084 3381 voluntas
3127 3325 3267 3380 boni
3320 3325 3512 3396 operis
3555 3341 3732 3397 auge-

326 3415 565 3484 tequam
599 3412 950 3467 descendere
983 3412 1324 3484 dignaretur
1345 3414 1415 3468 ad
1451 3417 1656 3483 terras,
1689 3419 1747 3468 et
1792 3415 1978 3469 homi-

324 3519 459 3558 nem
483 3501 584 3574 qui
615 3505 704 3556 est
734 3501 1051 3556 cruciﬁxus
1094 3506 1442 3565 assumeret,
1477 3503 1831 3558 noverimus.
1864 3505 1977 3560 Nec

325 3607 505 3664 parva
534 3589 666 3645 laus
688 3589 1052 3656 Galatarum,
1088 3595 1194 3656 est,
1238 3592 1393 3663 quod
1425 3593 1505 3646 ita
1536 3593 1888 3647 crediderint
1918 3594 1974 3648 in

324 3679 694 3746 cruciﬁxum,
729 3684 944 3736 utante
977 3680 1162 3735 fuerat
1185 3679 1267 3735 eis
1300 3681 1691 3753 praescriptus,
1726 3699 1840 3753 quo
1871 3683 1978 3738 sci-

323 3767 460 3826 licet
490 3769 823 3825 lectitantes
854 3770 1190 3841 prophetas,
1233 3775 1291 3825 et
1321 3771 1518 3826 omnia
1560 3772 1770 3827 veteris
1831 3772 1976 3844 legis

325 3864 693 3916 sacramenta
725 3865 1055 3925 noscentes,
1086 3860 1179 3914 via
1235 3865 1291 3915 ct
1341 3861 1543 3917 ordine
1588 3863 1856 3917 venerint
1903 3864 1973 3918 ad

329 3949 707 4004 credendum.
748 3949 980 4022 Legitur
1011 3950 1069 4004 in
1094 3950 1451 4021 quibusdam
1474 3951 1775 4008 codicibus
1804 3972 1816 4009 :
1842 3955 1977 4023 Quis

323 4053 418 4094 vos
447 4040 742 4109 fascinavit
778 4055 888 4094 non
933 4038 1149 4094 credere
1197 4041 1459 4096 veritati?
1518 4041 1628 4096 Sed
1681 4041 1789 4096 hoc
1839 4042 1977 4113 quia

325 4127 385 4184 in
409 4128 843 4200 exemplaribus
872 4129 1205 4184 Adamantii
1229 4147 1344 4200 non
1363 4130 1971 4195 habetur,omisimus.

395 4217 580 4286 (Vers.
610 4219 692 4286 '2.)
729 4240 748 4266 α
784 4218 900 4274 Hoc
931 4225 1123 4274 solum
1157 4237 1190 4273 a
1225 4219 1392 4274 vobis
1439 4219 1568 4275 volo
1604 4221 1848 4287 discere,
1903 4239 1972 4277 ex

323 4305 604 4379 operibus
635 4306 802 4378 Legis
829 4307 1102 4379 spiritum
1147 4307 1476 4379 accepistis.
1533 4326 1604 4363 an
1655 4326 1719 4364 ex
1771 4311 1975 4366 auditu

323 4394 505 4452 ﬁdei?
528 4417 556 4446 »
586 4395 735 4451 Sunt
765 4396 1022 4468 quidem,
1044 4397 1144 4464 ait,
1170 4396 1356 4452 multa
1379 4413 1505 4468 quae
1525 4404 1775 4469 possunt
1798 4399 1975 4454 inter-

321 4485 624 4558 rogatione
654 4503 758 4542 vos
816 4502 1038 4559 cogere,
1073 4485 1206 4558 Legi
1238 4486 1616 4558 Evangelium
1670 4489 1975 4559 praeferen-

324 4573 502 4630 dum:
539 4575 640 4631 sed
677 4575 958 4648 quoniam
991 4576 1274 4632 insensati
1308 4575 1472 4646 estis,
1505 4580 1562 4630 et
1605 4593 1978 4649 nequaquam

321 4678 393 4720 ea
423 4665 669 4736 potestis
701 4665 923 4734 audire,
957 4665 1214 4738 simplici
1246 4665 1550 4722 vobiscum
1595 4683 1864 4722 sermone
1903 4669 1980 4725 lo-
2009 4697 2056 4763 D

323 4765 489 4822 quor,
523 4754 581 4806 et
610 4751 680 4806 de
712 4769 778 4808 eo
813 4755 970 4825 quod
1004 4757 1340 4826 promptum
1374 4759 1484 4824 est,
1507 4755 1775 4811 sciscitor
1807 4773 1818 4811 :
1849 4758 1975 4828 Spi-

324 4839 502 4896 ritum
536 4845 810 4897 sanctum
842 4859 1016 4914 quem
1050 4842 1381 4915 accepistis,
1426 4849 1627 4900 utrum
1647 4845 1810 4900 vobis
1832 4845 1976 4919 legis

323 4931 767 5002 opera,Sabbati
791 4933 1142 5000 observatio,
1167 4933 1654 5004 circumcisionis,
1677 4939 1732 4990 et
1745 4952 1974 4992 neome-

396 5073 423 5146 ‘_
447 5075 798 5146 Proscriptus
829 5070 1475 5146 similiterleguntediti
1512 5076 1674 5132 libri:
1703 5077 1803 5132 sed
1828 5094 1972 5133 mss.

320 5142 491 5220 codd.
527 5142 778 5220 retin—ent
817 5145 1037 5220 ubique
1094 5142 1720 5220 vocemipraescriptus,
1772 5155 1828 5203 et
1867 5149 1974 5205 hoc

319 5214 494 5292 modo
556 5215 891 5292 leg_endu_m_
923 5214 1066 5292 satis
1094 5214 1439 5292 ostendunt
1470 5214 1862 5292 expositiones
1913 5222 1969 5275 S.

316 5285 682 5366 Hieronymi,
717 5289 816 5360 qui
844 5289 1270 5366 aitLChristum
1321 5292 1496 5366 nobis
1542 5285 1671 5347 esse
1712 5296 1968 5366 prescri-

357 5362 493 5436 tum,
547 5359 603 5413 id
667 5359 757 5436 est
801 5361 1165 5436 praedictam,
1203 5364 1262 5417 in
1323 5364 1597 5436 omnibus
1646 5359 1967 5436 prophetis.

373 5447 504 5486 ART.
554 5463 628 5508 _—-
697 5431 953 5508 I’laCeret
1002 5435 1336 5491 Martiaan
1402 5435 1532 5508 legi,
1593 5431 1969 5508 pfwsiriptus,

317 5503 822 5580 quemadmodum
856 5507 989 5580 etin
1025 5509 1285 5580 subnexa
1312 5503 1671 5580 expositione
1692 5503 1972 5580 Hier'ony-l

319 5589 452 5648 mus
486 5577 736 5648 praefert,
773 5581 827 5631 et
859 5577 916 5631 in
961 5579 1084 5634 suis
1122 5580 1220 5635 ille
1251 5577 1549 5635 codicibus
1580 5597 1641 5634 se
1694 5581 1772 5636 ait
1821 5577 1972 5635 inv—e-

319 5647 497 5703 uisse;
532 5647 725 5723 Nostri
757 5651 1083 5723 econtrario
1114 5651 1209 5707 hic
1257 5651 1607 5723 impressam
1654 5652 1965 5707 lectionem

317 5722 610 5798 asserunt,
644 5737 775 5798 quae
806 5737 912 5778 nec
944 5738 1006 5777 re
1037 5722 1179 5798 ipsa
1213 5722 1488 5781 dissentit
1545 5727 1649 5780 abs
1700 5725 1972 5798 Hierony-

318 5789 517 5850 miana
547 5789 905 5867 acceptione,
941 5811 1043 5853 nec
1059 5789 1107 5852 ἐι
1140 5793 1333 5854 Greece
1383 5801 1563 5869 textu,
1621 5789 1965 5876 προεγράςιῇε

2086 3420 2201 3483 tur,
2234 3417 2375 3470 dum
2431 3417 2584 3471 bona
2634 3415 2763 3470 ideo
2813 3415 3083 3482 facimus,
3127 3431 3243 3470 non
3288 3414 3428 3486 quia
3467 3413 3732 3486 judicem

2086 3506 2494 3573 formidamus,
2528 3506 2626 3560 sed
2661 3504 3031 3576 quiescimus
3062 3519 3130 3558 ea
3148 3503 3198 3558 ei
3231 3501 3536 3575 placerein
3554 3518 3731 3574 quem

2087 3595 2401 3651 credimus.
2432 3597 2657 3660 Quaerat
2688 3594 3006 3667 quispiam,
3039 3592 3087 3649 si
3112 3593 3256 3648 ﬁdes
3274 3609 3389 3648 non
3411 3597 3500 3648 est
3529 3592 3643 3648 nisi
3665 3607 3734 3647 ex

2088 3685 2293 3740 auditu
2316 3687 2490 3755 (Rom.
2524 3703 2579 3750 x,
2618 3686 2728 3755 17),
2761 3685 3052 3755 quomodo
3081 3682 3181 3756 qui
3214 3682 3376 3738 surdi
3421 3682 3542 3738 nati
3573 3687 3731 3738 sunt.

2088 3779 2336 3847 possunt
2369 3774 2487 3829 ﬁeri
2523 3773 2857 3829 Christiani.
2891 3778 3072 3828 Deum
3125 3773 3344 3846 quippe
3393 3771 3620 3828 Patrem
3667 3788 3737 3828 ex

2087 3864 2497 3936 magnitudine
2532 3868 2588 3919 et
2621 3862 3057 3936 pulchritudine
3114 3867 3513 3919 creaturarum
3548 3865 3737 3935 potest

2087 3954 2219 4025 quis
2251 3953 2598 4026 intelligere,
2630 3958 2688 4007 et
2719 3971 2751 4008 a
2783 3952 3218 4008 conditionibus
3269 3952 3537 4008 conditor
3591 3967 3732 4008 con-

2087 4048 2400 4114 sequenter
2429 4041 2766 4113 agnoscitur
2811 4041 2965 4110 (Sap.
3014 4057 3138 4105 xm,
3180 4043 3258 4111 5].
3291 4040 3504 4098 Christi
3536 4045 3732 4096 autem

2086 4132 2380 4198 nativitas,
2407 4147 2566 4200 crux,
2601 4147 2780 4200 mors,
2833 4129 3201 4196 resurrectio,
3236 4129 3350 4184 nisi
3401 4145 3470 4185 ex
3528 4129 3733 4184 auditu

2087 4218 2222 4274 sciri
2263 4235 2380 4275 non
2413 4210 2626 4291 potest.
2662 4220 2778 4272 Aut
2810 4217 2972 4272 surdi
3012 4215 3190 4288 igitur
3245 4215 3561 4272 Christiani
3616 4231 3732 4270 non

2087 4314 2262 4364 sunt:
2322 4313 2424 4363 aut
2471 4307 2521 4363 si
2574 4307 2735 4361 surdi
2787 4309 2926 4361 sunt
2981 4303 3320 4373 Christiani,
3372 4302 3585 4360 falsum
3645 4307 3735 4360 est

2090 4399 2248 4470 quod
2281 4398 2417 4454 alibi
2451 4398 2521 4454 ab
2545 4395 2820 4470 Apostolo
2842 4395 3081 4450 dicitur:
3117 4396 3300 4466 Itaque
3354 4393 3486 4465 ﬁdes
3534 4409 3605 4450 ex
3633 4409 3733 4449 au-

2091 4489 2251 4552 ditu;
2280 4488 2506 4544 auditus
2532 4496 2714 4543 autent
2761 4502 2860 4559 per
2887 4486 3110 4540 verbum
3154 4486 3251 4540 Dei
3279 4486 3452 4552 (Rom.
3512 4501 3568 4552 x,
3623 4484 3733 4556 17).

2088 4578 2178 4632 Ad
2211 4577 2367 4648 quod
2401 4577 2539 4648 quid
2575 4575 2827 4648 simplici
2859 4574 3237 4648 responsione
3267 4577 3575 4630 contentus
3620 4578 3730 4644 est,

2089 4666 2252 4736 dicit,
2286 4682 2399 4721 non
2453 4682 2584 4721 eum
2618 4665 2968 4738 generaliter
2997 4665 3234 4733 dixisse,
3267 4665 3412 4720 ﬁdes
3463 4664 3730 4720 omnium

2091 4773 2155 4812 ex
2179 4755 2384 4811 auditu
2416 4760 2532 4822 est;
2568 4755 2667 4809 sed
2699 4754 2842 4810 ﬁdes
2860 4770 2926 4808 ex
2957 4753 3182 4823 auditu,
3214 4755 3369 4826 quod
3392 4753 3527 4810 etin
3546 4759 3729 4826 parte,

2091 4851 2148 4901 et
2179 4847 2235 4899 in
2271 4849 2390 4900 toto
2424 4843 2606 4915 accipi
2656 4848 2885 4915 potest:
2946 4859 3147 4898 eorum
3207 4843 3426 4900 scilicet
3481 4843 3626 4900 ﬁdes
3665 4860 3734 4899 ex

2089 4936 2318 5001 auditu,
2342 4933 2442 5001 qui
2476 4933 2746 4998 audiunt,
2771 4933 2870 5005 qui
2901 4934 3162 4989 credunt.
3197 4933 3306 5001 Qui
3356 4937 3551 4990 autem
3595 4931 3734 4989 huic

2083 5075 2377 5133 Victorius
2402 5076 2682 5149 continuo
2709 5078 3049 5149 proscriptus
3071 5075 3230 5149 legit.

2154 5153 2174 5184 ²
2207 5150 2338 5220 Legi
2376 5155 2598 5204 natum
2628 5144 2722 5203 hic
2754 5147 2886 5220 plus
2924 5144 3104 5218 'justo
3128 5144 3416 5220 'tribuere
3473 5144 3736 5220 videatur

2082 5215 2506 5297 Hieronymus:
2544 5220 2643 5292 qui
2679 5215 2796 5297 non
2829 5215 3143 5297 est—tamen
3190 5219 3302 5297 alig
3356 5233 3536 5297 sensu
3581 5215 3734 5272 acci-

2082 5288 2542 5366 piendus,quam
2562 5288 2764 5366 quoin
2790 5293 3319 5366 cap.I_saicc‘xx1v,5,
3339 5288 3565 5352 scribit,
3590 5304 3735 5366 pra:-

2082 5359 2202 5422 inia
2231 5359 2700 5436 adepturosfqui
2732 5359 3060 5418 naturalem
3094 5359 3280 5436 legem
3331 5359 3735 5426 servaverint;

2081 5443 2138 5492 et
2168 5439 2224 5492 in
2257 5433 2542 5501 Ezechiel,
2569 5433 2661 5506 xv,
2697 5436 2801 5492 17:
2835 5459 2860 5483 ‹‹
2896 5433 3283 5490 Condemnari
3335 5447 3442 5485 nos
3496 5446 3736 5506 compa-

2081 5509 2304 5564 ratione
2337 5501 2680 5578 Gentiliurn,
2716 5507 2761 5561 si
2795 5506 2877 5560 illi
2908 5507 3031 5577 lege
3057 5506 3272 5578 t'aciant
3296 5501 3582 5578 naturali,
3605 5501 3734 5574 qua:

2081 5599 2186 5636 nos
2220 5581 2436 5650 scripta
2469 5575 2843 5650 negligimus.
2871 5600 2896 5626 »
2919 5575 3728 5650 CdnferendusAugustinus,

2079 5656 2250 5723 cujus
2283 5645 2516 5706 summa
2546 5645 2604 5705 in
2628 5645 2743 5705 hac
2775 5651 3092 5720 quaestione
3123 5645 3451 5703 auctoritas
3478 5652 3566 5723 est
3591 5647 3728 5723 _lib.

2079 5719 2363 5804 dei'Spirit.
2387 5729 2446 5804 et
2470 5725 2715 5804 Littera,
2743 5719 3053 5804 capuxxvu
3085 5725 3360 5804 etseqq"
3393 5724 3451 5776 et
3490 5720 3558 5804 SA,
3590 5719 3732 5778 Ful-

2079 5792 2334 5870 gentius,
2365 5796 2430 5856 de
2457 5792 2757 5863 Incarnat.,
2791 5792 2844 5851 et
2875 5794 3074 5850 Gratia
3103 5792 3312 5852 Christi
3332 5808 3460 5868 cap.
3489 5792 3582 5850 26.
