4332 6564
522 445 636 509 375

1765 445 1829 507 S.
1875 441 2187 507 EUSEBII
2231 437 2678 504 HIERONYMI

3814 437 3934 498 376

525 574 803 653 scrupulo
837 579 1176 637 satisfacere
1205 579 1221 614 ¹
1253 581 1516 648 conatur,
1566 578 1731 651 prius
1760 577 1900 632 illud
1934 576 2182 633 tentabit
2207 576 2264 642 Α
2291 579 2469 640 tetur,
2506 579 2569 628 ut
2597 572 2825 644 scriptae
2885 573 3064 627 sunt:
3123 569 3195 624 de
3241 566 3356 625 hoc
3407 567 3652 642 potestis
3704 535 3930 626 dicere:

529 669 811 739 asserere,
846 670 1002 742 quod
1039 669 1283 725 nutibus
1306 669 1461 725 420
1492 684 1723 741 quoque
1755 670 1811 722 et
1839 665 2181 738 quotidiana

533 759 994 826 conversatione,
1029 763 1086 814 et
1143 763 1208 814 ut
1263 762 1344 814 ita
1397 757 1640 814 dixerim
1692 757 1872 811 totius
1920 756 2180 828 corporis

531 847 809 922 loquente
839 851 1031 922 gestu,
1059 847 1222 904 surdi
1246 851 1494 920 possunt
1525 845 1896 918 Evangelium
1920 845 2177 900 discere:

536 939 747 995 deinde
773 938 950 994 etiam
983 937 1114 1004 hoc,
1148 938 1298 1008 quod
1352 936 1450 990 Dei
1489 950 1680 991 sermo
1720 934 1811 990 cui
1866 933 2010 989 nihil
2052 951 2180 990 sur-

535 1029 679 1084 dum
702 1031 812 1095 est,
843 1027 914 1082 ad
949 1043 1047 1082 eas
1073 1025 1261 1099 magis
1291 1025 1567 1096 loquatur
1597 1039 1787 1091 aures,
1847 1024 1918 1078 de
1966 1023 2182 1094 quibus

537 1120 596 1173 et
620 1116 747 1189 ipse
777 1115 859 1172 ait
888 1115 947 1170 in
979 1113 1287 1187 Evangelio
1317 1132 1330 1170 :
1369 1114 1473 1182 Qui
1500 1114 1656 1169 habet
1687 1129 1849 1168 aures
1897 1111 2182 1177 audiendi,

536 1204 738 1262 audiat
767 1205 918 1277 (Luc.
950 1221 1074 1267 vm,
1107 1203 1182 1274 8).
1223 1204 1292 1258 Et
1320 1201 1379 1258 in
1427 1201 1775 1275 Apocalypsi
1804 1219 1817 1257 :
1870 1202 1975 1270 Qui
2019 1201 2184 1256 habet

515 1279 749 1364 aurem,
781 1293 969 1350 audiat
1009 1292 1144 1365 quid
1193 1287 1425 1362 spiritus
1483 1291 1630 1346 dicat
1688 1292 1945 1347 Ecclesiis
1997 1291 2180 1362 (Apoc.

535 1398 600 1449 ιι,
637 1384 744 1453 11).
782 1381 850 1437 Et
875 1381 1094 1438 Isaias:
1130 1383 1391 1437 Dominus
1438 1380 1652 1436 addidit
1694 1382 1837 1435 mihi
1872 1381 2186 1435 auriculam

537 1471 664 1538 Usa.
698 1488 748 1540 L,
778 1470 856 1542 5).
891 1471 1004 1525 Iste
1035 1474 1124 1526 est
1155 1469 1304 1526 alius
1336 1470 1533 1535 homo,
1581 1468 1674 1523 cui
1722 1469 1878 1524 Dous
1927 1467 2188 1540 loquitur

537 1559 600 1616 in
629 1559 875 1627 occulto,
906 1559 1003 1630 qui
1051 1558 1267 1614 clamat
1295 1558 1353 1613 in
1405 1559 1576 1613 corde
1624 1556 1953 1613 credentis:
2015 1557 2183 1622 Abba,

538 1651 710 1707 Pater
732 1650 915 1722 (Rom.
964 1648 1243 1718 vm,15):
1297 1653 1355 1703 et
1397 1651 1485 1716 (ut
1531 1647 1868 1718 frequenter
1915 1646 2184 1718 exposui-

541 1736 698 1808 mus)
731 1737 1024 1808 quomodo
1055 1752 1265 1807 corpus
1297 1736 1497 1791 omnia
1537 1737 1820 1802 membra,
1875 1740 1931 1791 et
1976 1751 2186 1791 sensus

538 1825 753 1882 habet:
790 1826 870 1881 ita
899 1825 1157 1880 animam
1190 1841 1419 1897 quoque
1452 1824 1757 1880 universos
1777 1827 1834 1879 et
1863 1841 2095 1888 sensus,
2133 1828 2188 1879 et

543 1914 812 1970 membra
867 1913 1102 1984 habere,
1147 1919 1206 1969 et
1250 1913 1402 1969 inter
1458 1914 1705 1969 caetera’
1751 1929 1923 1968 aures
1969 1912 2184 1968 etiam:
2215 1945 2264 2010 B

547 2019 697 2076 quas
724 2003 822 2074 qui
855 2002 1148 2070 habuerit,
1182 2020 1296 2058 non
1350 2017 1700 2074 magnopere
1748 2002 2034 2074 indigebit
2092 2001 2187 2057 his

543 2092 787 2150 auribus
810 2093 1069 2163 corporis
1100 2092 1172 2147 ad
1204 2091 1415 2148 Christi
1440 2090 1818 2163 Evangelium
1841 2107 2190 2163 cognoscen-

543 2181 707 2237 dam.
741 2180 928 2236 Simul
963 2184 1160 2236 autem
1195 2181 1369 2236 etiam
1402 2180 1545 2235 illud
1577 2180 1881 2249 attendite,
1915 2179 2068 2251 quod
2094 2180 2188 2234 hic

545 2268 800 2343 Spiritus
841 2270 1062 2341 absque
1092 2269 1209 2325 ullo
1259 2269 1657 2324 additamenta
1713 2273 1930 2324 sanctus
1977 2268 2189 2324 intelli-

545 2362 738 2432 gatur,
755 2375 930 2430 quem
957 2374 1026 2414 ex
1045 2359 1197 2414 dono
1223 2359 1319 2414 Dei
1334 2359 1772 2430 consequimur,
1796 2362 1978 2413 etnon
2005 2357 2191 2413 homi-

548 2447 646 2503 nis
686 2447 757 2502 de
814 2464 930 2520 quo
987 2446 1122 2504 alibi
1185 2448 1500 2504 scribitur:
1551 2452 1910 2518 Incorruptus
1950 2448 2192 2519 Spiritus

547 2539 629 2593 est
652 2538 712 2591 in
751 2536 1005 2592 omnibus
1035 2536 1184 2607 (Sap.
1213 2549 1314 2602 ΧΠ,
1350 2536 1422 2606 1).
1455 2537 1525 2592 Et
1555 2553 1567 2590 :
1602 2538 1718 2607 Ipse
1747 2536 1988 2606 Spiritus
2043 2537 2192 2592 testi-

550 2625 803 2681 monium
849 2625 1030 2682 reddit
1067 2626 1172 2697 [AL
1224 2625 1446 2695 reddet]
1493 2626 1722 2697 spiritui
1767 2633 1951 2681 nostra
2016 2626 2189 2696 (Rom.

547 2728 670 2782 VIII,
707 2715 815 2781 16).
843 2714 914 2770 Et
938 2713 997 2768 in
1031 2713 1142 2770 alio
1173 2713 1334 2770 loco:
1369 2716 1531 2770 Nemo
1559 2716 1663 2769 scit
1709 2731 1775 2769 ea
1821 2729 1947 2785 quae
1991 2714 2050 2770 in
2099 2714 2192 2770 ho-

543 2803 697 2860 mine
724 2811 874 2869 sunt,
905 2804 1019 2860 nisi
1039 2805 1272 2876 spiritus
1302 2804 1542 2859 hominis
1572 2806 1669 2874 qui
1695 2810 1776 2859 est
1805 2805 1868 2858 in
1897 2821 1959 2859 eo
1989 2805 2042 2875 (I
2065 2807 2190 2862 Cor.

546 2909 613 2959 ιι,
645 2891 756 2963 11).
789 2894 861 2948 Et
890 2892 950 2947 in
981 2892 1250 2948 Daniele:
1311 2892 1640 2960 Ben-edicite,
1693 2895 1918 2963 spiritus
1962 2898 2014 2949 et
2061 2895 2191 2948 ani-

551 2993 665 3037 mae
685 2981 987 3051 justorum,
1019 2981 1309 3036 Dominum
1335 2981 1495 3050 (Dan.
1528 2999 1610 3049 Ill,
1644 2983 1755 3049 86).

624 3071 819 3137 (Vers.
887 3069 966 3139 3.)
1026 3068 1180 3124 «Sic
1236 3069 1401 3124 stulti
1452 3071 1614 3140 estis,
1665 3073 1731 3124 ut
1794 3087 1925 3125 cum
1978 3071 2196 3143 Spiritu

557 3156 868 3229 casperitis,
920 3173 1076 3212 nunc
1107 3173 1281 3214 carne
1324 3157 1857 3214 consummemini?
1889 3183 1916 3208 ‹‹
1941 3160 2000 3215 Si
2032 3176 2196 3216 sanc-

544 3250 668 3302 ta‘m
701 3245 986 3317 Spiritum
1021 3249 1365 3318 acceperant
1391 3247 1626 3316 Galatae,
1679 3249 1970 3319 quomodo
2028 3247 2192 3304 stulti

2289 665 2382 720 Sic
2413 662 2630 720 stultus
2662 678 2744 732 es,
2777 666 2843 716 ut
2873 676 3004 716 cum
3033 658 3242 730 spiritu
3274 658 3540 730 coeperis,
3574 675 3730 714 nunc
3764 674 3935 715 carne

2255 773 2260 776 ·
2290 751 2719 810 consummeris
2741 751 2769 804 ‘P

2361 841 2548 914 (Vers.
2605 841 2683 911 4.)
2728 839 2970 894 «Tanta
3025 837 3182 910 passi
3227 837 3371 893 estis
3420 837 3547 893 sine
3613 853 3816 906 causa,
3887 837 3936 893 si

2290 936 2487 986 tamen
2511 931 2636 986 sine
2656 945 2850 984 causa.
2877 951 2905 978 »
2925 927 3374 984 Consideremus
3395 925 3656 982 infelices
3677 926 3935 994 Judaaos,

2291 1020 2512 1088 quanta
2543 1015 2956 1087 superstitione
2987 1018 3044 1070 et
3074 1013 3495 1069 observationis
3518 1013 3717 1069 labore
3741 1014 3939 1070 vivant

2293 1107 2445 1162 inter
2473 1111 2708 1160 caeteras
2759 1103 3046 1171 nationes,
3096 1102 3376 1169 dicentes,
3409 1118 3480 1158 ne
3531 1102 3812 1175 tetigeris,
3862 1120 3937 1159 ne

2293 1195 2639 1268 gustaveris,
2669 1209 2740 1249 ne
2771 1191 3188 1259 attractaveris,
3224 1196 3281 1247 et
3308 1191 3689 1264 probabimus
3736 1209 3936 1249 verum

2292 1301 2420 1341 esse
2452 1284 2606 1356 quod
2653 1282 2904 1338 dicitur:
2958 1284 3126 1337 Tanta
3177 1284 3328 1353 passi
3373 1283 3501 1337 estis
3548 1283 3670 1337 sine
3716 1298 3884 1337 causa
3911 1299 3931 1336 :

2294 1374 2397 1429 sed
2429 1390 2544 1429 non
2576 1373 2776 1428 statim
2837 1372 2907 1426 ad
2956 1388 3055 1426 eos
3115 1370 3402 1426 sententia
3453 1375 3832 1442 temperatur,
3883 1375 3940 1428 et

2295 1463 2475 1518 dubia
2515 1463 2600 1527 ﬁt,
2632 1464 2684 1517 si
2721 1464 2906 1517 tamen
2956 1462 3078 1516 sine
3105 1477 3301 1516 causa:
3336 1459 3475 1531 quia
3501 1459 3685 1516 dehis
3707 1459 3938 1528 dicitur,

2296 1552 2396 1623 qui
2428 1555 2676 1624 possunt
2713 1555 2847 1622 post
2902 1550 3110 1622 Legem
3159 1549 3231 1604 ad
3277 1547 3657 1621 Evangelium
3709 1548 3939 1604 reverti.

2296 1639 2505 1696 Melius
2537 1645 2734 1694 autem
2782 1638 2867 1694 sic
2911 1637 3153 1712 intelligi
3206 1641 3417 1711 potest,
3463 1638 3620 1710 quod
3680 1637 3954 1709 primum

2295 1730 2598 1785 credentes
2630 1727 2846 1784 Galatae
2878 1728 2937 1783 in
2967 1728 3348 1796 Cruciﬁxum,
3381 1731 3439 1782 et
3468 1744 3502 1782 a
3547 1726 3787 1794 Judaeis,
3822 1733 3880 1782 et
3908 1743 3943 1782 a

2296 1818 2573 1891 gentibus
2603 1818 2914 1890 opprobria
2958 1816 3144 1872 multa
3181 1817 3454 1888 perpessi
3483 1816 3622 1887 sint,
3670 1831 3941 1888 persecu-

2297 1908 2486 1963 tiones
2544 1923 2660 1961 non
2710 1905 2988 1961 minimas
3038 1904 3446 1962 sustinuerint.
3494 1907 3646 1970 Quas
3725 1905 3942 1960 frustra

2299 2000 2628 2070 arguuntur
2683 1995 2864 2051 fuisse
2939 1995 3224 2067 perpessi,
3285 1995 3333 2050 si
3389 2012 3423 2050 a
3468 1995 3656 2067 gratia
3729 1993 3942 2049 Christi

2297 2087 2591 2151 recedant,
2612 2088 2847 2157 propter
2877 2101 3054 2156 quam
3085 2079 3250 2140 tanta
3280 2083 3541 2157 perpessi
3574 2087 3731 2139 sunt.
3756 2082 3943 2138 Simul

2298 2180 2355 2230 et
2385 2173 2484 2229 illa
2533 2191 2686 2246 spes,
2739 2175 2891 2246 quod
2923 2174 2945 2208 ³
2993 2173 3328 2245 quicunque
3384 2173 3456 2229 ob
3504 2172 3718 2229 Christi
3769 2172 3944 2227 fidem

2297 2263 2671 2333 laboraverit,
2711 2268 2767 2318 et
2797 2266 2998 2335 postea
3040 2263 3242 2335 lapsus
3287 2262 3461 2318 fuerit
3507 2262 3567 2317 in
3617 2265 3944 2333 peccatum,

2301 2353 2454 2408 sicut
2478 2353 2670 2424 priora
2699 2353 2825 2408 sine
2855 2369 3034 2408 causa
3057 2351 3273 2407 dicitur
3302 2368 3511 2423 passus
3571 2350 3754 2406 fuisse
3801 2350 3944 2404 dum

2302 2447 2521 2514 peccat,
2555 2442 2640 2497 sic
2673 2458 2909 2497 rursum
2935 2458 3048 2497 non
3076 2442 3282 2513 perdat
3311 2458 3397 2512 ea,
3441 2440 3490 2496 si
3533 2441 3605 2495 ad
3638 2437 3948 2512 pristinam

2300 2532 2476 2587 ﬁdem
2502 2535 2560 2586 et
2587 2532 2657 2586 ad
2695 2530 3004 2603 antiquum
3039 2530 3301 2586 studium
3334 2534 3674 2586 revertatur.
3725 2528 3946 2584 Aliter:

2299 2621 2359 2676 Si
2388 2620 2918 2686 cireumoisionem,
2952 2620 3163 2692 inquit,
3199 2620 3416 2692 putatis
3435 2619 3795 2692 sequendam
3820 2632 3948 2674 esse

2301 2715 2432 2782 post
2463 2710 2741 2783 gratiam:
2776 2725 2912 2782 ergo
2943 2727 3129 2782 usque
3161 2711 3234 2765 ad
3268 2726 3521 2782 praesens
3550 2713 3782 2782 tempus
3814 2709 3942 2765 sine

2302 2799 2744 2858 circumcisione
2774 2799 3050 2866 viventes,
3079 2797 3277 2854 omnia
3306 2815 3438 2870 quae
3464 2797 3622 2871 passi
3665 2798 3826 2867 estis,
3886 2799 3944 2854 in

2302 2889 2536 2944 irritum
2561 2893 2698 2943 sunt
2723 2888 2988 2944 deducta.
3023 2891 3158 2953 Quae
3203 2889 3445 2960 quidem
3475 2887 3620 2942 mihi
3663 2886 3942 2946 videmini

2303 2994 2419 3034 non
2451 2977 2670 3032 frustra
2699 2977 3073 3046 sustinuisse,
3107 2977 3207 3049 qui
3235 2977 3354 3032 scio
3376 2977 3589 3050 Degem
3608 2981 3741 3048 post
3770 2981 3946 3033 Evan-

2301 3064 2520 3139 gelium
2555 3083 2671 3121 non
2699 3065 2907 3122 valere.
2955 3065 3054 3121 Vel
3106 3077 3260 3121 certe
3307 3066 3427 3122 sic:
3481 3065 3605 3121 Non
3653 3065 3776 3122 leve
3823 3070 3948 3122 erat

2303 3155 2609 3222 damnum,
2671 3153 2720 3210 si
2778 3153 3282 3209 circumcisionem
3330 3157 3665 3225 sequentes,
3714 3157 3945 3209 tantum

2303 3243 2621 3316 pristinum
2654 3243 2788 3298 fidei
2812 3243 3219 3314 perdidissetis
3263 3243 3561 3299 laborem:
3614 3259 3770 3297 nunc
3813 3258 3946 3298 vero

549 3334 762 3391 erant?
788 3335 1005 3390 Verum
1039 3317 1236 3391 statim
1269 3335 1536 3403 solvitur,
1569 3317 1811 3408 coepisse
1833 3337 2070 3409 quidem
2093 3355 2191 3394 eos
2222 3317 2265 3384 C
2301 3333 2373 3388 ad
2408 3333 2515 3388 hoc
2545 3332 2960 3388 detrimentum
3008 3332 3184 3387 etiam
3237 3332 3732 3404 praevaricationis
3780 3347 3950 3403 paena

546 3422 856 3496 Spiritum,
889 3425 991 3480 sed
1024 3441 1158 3480 cum
1190 3441 1362 3481 carne
1392 3430 1964 3493 consummarentur,
2009 3426 2192 3499 Spiri-

547 3516 674 3568 tum
708 3512 780 3568 ab
811 3512 896 3568 eis
927 3513 1108 3569 fuisse
1138 3513 1461 3569 sublatum.
1496 3513 1659 3570 Unde
1690 3514 1817 3570 sine
1839 3531 2018 3571 causa
2034 3516 2193 3588 passi

550 3605 690 3657 sunt
718 3606 884 3658 tanta
911 3619 1038 3673 quae
1070 3602 1227 3674 passi
1261 3607 1419 3658 sunt.
1454 3605 1616 3669 Quod
1649 3619 1720 3658 ne
1751 3604 1865 3659 sibi
1897 3609 2030 3676 post
2060 3622 2192 3676 pec-

547 3693 745 3745 catum
785 3689 1057 3758 eveniret,
1095 3690 1268 3745 David
1302 3694 1593 3762 precatur,
1627 3691 1869 3748 dicens:
1929 3693 2196 3764 Spiritum

551 3785 818 3833 sanctum
865 3786 1018 3832 tuum
1046 3794 1116 3834 ne
1142 3781 1364 3850 auferas
1395 3796 1433 3833 a
1461 3795 1546 3834 me
1594 3780 1772 3849 (Psal.
1808 3798 1857 3850 L,
1899 3782 2002 3852 l3).
2055 3782 2195 3837 Dili-

551 3871 756 3940 genter
785 3865 1066 3922 attendite
1097 3868 1252 3938 quod
1285 3867 1382 3939 qui
1403 3869 1734 3940 Scripturas
1747 3869 1919 3940 juxta
1941 3869 2196 3926 litteram

556 3954 845 4026 sequitur,
879 3956 1276 4011 consummari
1307 3973 1480 4012 carne
1508 3956 1754 4013 dicatur.
1809 3959 2198 4023 Quamobrem

553 4041 701 4098 illud
734 4043 887 4115 quod
921 4045 992 4100 ad
1041 4045 1374 4102 Corinthios
1419 4046 1703 4118 scriptum
1746 4053 1872 4104 est:
1922 4049 1983 4103 In
2037 4065 2201 4104 carne

554 4134 816 4202 viventes,
850 4149 962 4190 non
984 4136 1154 4206 juxta
1183 4151 1408 4192 carnem
1435 4137 1742 4192 militamus
1771 4138 1844 4199 (II
1881 4138 2000 4194 Cor.
2035 4156 2090 4205 x,
2123 4139 2199 4210 3),

554 4223 765 4280 melius
796 4223 880 4280 sic
909 4223 1157 4297 intelligi
1198 4229 1409 4295 potest,
1445 4230 1510 4280 ut
1539 4225 1600 4280 hi
1627 4223 1879 4282 militare
1930 4226 2204 4282 dicantur

554 4311 616 4367 in
647 4327 842 4381 carne,
868 4312 969 4385 qui
997 4313 1179 4368 Vetus
1195 4315 1638 4369 Testamentum
1661 4314 1963 4369 humiliter
1983 4316 2201 4372 edisse-

555 4401 827 4465 runt.Qui
849 4417 984 4456 vero
1011 4400 1798 4474 sequunturintelligentiam
1814 4403 2201 4474 spiritualem,

560 4487 681 4543 sint
708 4488 944 4557 quidem
977 4489 1034 4543 in
1068 4507 1263 4557 carne,
1295 4490 1433 4561 quia
1462 4492 1726 4547 eamdem
1775 4492 2030 4549 habeant
2048 4493 2205 4550 litte-

556 4591 686 4631 ram
716 4578 864 4633 421
922 4594 1101 4649 quam
1160 4579 1368 4649 Judei,
1430 4580 1530 4634 sed
1583 4596 1698 4636 non
1749 4581 1919 4651 juxta
1966 4598 2200 4639 carnem

2303 3422 2576 3489 sociatur,
2602 3426 2668 3477 ut
2695 3426 2753 3477 et
2784 3422 3075 3494 praeterita
3105 3421 3230 3477 sine
3257 3438 3434 3477 causa
3491 3421 3751 3493 perpessi
3795 3421 3945 3491 sitis,

2303 3515 2360 3566 et
2389 3510 2448 3565 in
2472 3512 2626 3567 422
2659 3511 2856 3566 futuro
2887 3510 3252 3566 cruciemini.
3285 3511 3532 3574 Quidam
3581 3509 3840 3566 coactius
3870 3509 3950 3565 ita

2305 3599 2646 3673 intelligunt
2668 3600 3063 3656 :Considerate
3076 3599 3386 3671 pristinam
3399 3599 3598 3672 gratis:
3619 3599 3947 3654 libertatem

2306 3692 2363 3743 et
2391 3689 2694 3759 prasentis
2727 3703 2904 3743 onera
2935 3687 3360 3744 observationis
3391 3688 3450 3742 in
3480 3687 3626 3754 leae,
3687 3693 3746 3742 et
3791 3687 3948 3742 vide-

2306 3776 2447 3831 bitis
2478 3793 2655 3854 quam
2689 3776 2874 3832 multa
2901 3793 3068 3833 casso
3096 3778 3290 3833 studio
3323 3777 3609 3833 feceritis:
3643 3775 3778 3832 licet
3832 3793 3947 3832 non

2307 3865 2540 3938 penitus
2572 3866 2798 3921 fructus
2823 3866 3036 3922 erroris
3067 3866 3240 3922 istius
3270 3867 3670 3938 desperandus
3687 3865 3783 3937 sit,
3805 3866 3948 3921 dum

2308 3952 2429 4009 zelo
2460 3954 2560 4010 Dei
2592 3954 2663 4009 ad
2698 3955 2806 4010 hoc
2837 3955 3034 4028 ipsum
3065 3955 3206 4010 estis
3238 3955 3494 4010 adducti.
3537 3955 3950 4028 Ignorantibus

2310 4043 2468 4098 enim
2495 4043 2737 4100 concedi
2767 4045 2934 4100 venia
2965 4049 3176 4116 potest,
3209 4045 3257 4100 si
3291 4045 3362 4100 ad
3390 4043 3627 4100 meliora
3665 4043 3948 4111 conversi,

2319 4132 2624 4188 scientiam
2650 4134 2709 4188 in
2726 4132 2892 4190 vobis
2913 4135 3172 4190 doceatis
3193 4134 3649 4201 ﬂuctuasse,non
3663 4134 3950 4190 studium.

2381 4225 2569 4290 (Vere.
2597 4222 2676 4295 5.)
2710 4246 2738 4273 ‹‹
2770 4223 2880 4286 Qui
2925 4239 3062 4296 ergo
3092 4223 3300 4279 tribuit
3340 4223 3505 4279 vobis
3553 4224 3851 4295 spiritum,
3899 4227 3957 4280 et

2314 4316 2592 4384 operatur
2621 4313 2864 4368 virtutes
2897 4313 2955 4366 in
2988 4313 3173 4378 vobis,
3197 4329 3266 4368 ex
3296 4313 3572 4385 operibus
3591 4311 3761 4384 legis,
3793 4330 3866 4368 an
3887 4329 3956 4368 ex

2314 4401 2519 4456 auditu
2567 4401 2744 4456 fidei?
2797 4402 3034 4470 Tribuit,
3093 4402 3202 4457 hoc
3249 4406 3338 4457 est
3373 4401 3746 4468 administrat,
3812 4418 3956 4473 prea-

2316 4491 2502 4546 sentis
2534 4491 2816 4562 temporis
2847 4495 2937 4546 est
2966 4490 3277 4562 legendum
3305 4510 3317 4559 ;
3368 4496 3435 4546 ut
3473 4490 3815 4546 ostendatur
3854 4507 3958 4561 per

2315 4579 2583 4652 singulas
2613 4581 2786 4636 horas
2816 4583 2989 4652 atque
3022 4586 3322 4636 momenta
3351 4593 3581 4651 semper
3602 4577 3796 4650 dignis
3820 4583 3956 4634 san-

559 4661 837 4754 militent,
879 4683 926 4754 ra
973 4683 1145 4722 carne
1204 4668 1275 4722 ad
1349 4667 1619 4740 spiritum
1696 4672 2198 4728 transcendentes.
2234 4690 2278 4754 Ι)
2318 4676 2474 4724 ctum
2508 4670 2790 4742 Spiritum
2823 4669 3148 4724 ministrari
3181 4688 3193 4737 ;
3228 4674 3284 4725 et
3312 4674 3530 4742 quanto
3560 4668 3692 4740 quis
3735 4667 3795 4722 in
3854 4667 3958 4723 Dei

561 4751 805 4816 Quando
834 4753 1098 4809 videritis
1131 4771 1262 4810 eum
1297 4757 1395 4828 qui
1428 4757 1686 4828 primum
1718 4760 1902 4815 credit
1943 4775 2011 4815 ex
2058 4777 2198 4833 gen—

555 4838 736 4905 tibus,
769 4844 826 4896 et
852 4842 925 4897 ad
955 4841 1171 4899 Christi
1201 4849 1462 4900 aratrum
1523 4845 1699 4902 mittit
1749 4865 1989 4904 manum
2047 4849 2197 4920 (Luc.

558 4947 635 4997 Ix,
664 4928 778 5001 62),
831 4931 1041 5002 praevio
1099 4931 1293 5004 aliquo
1341 4935 1576 4990 doctore
1629 4937 1932 5008 prudente,
1977 4938 2062 4994 sic
2101 4955 2204 5010 per

556 5018 727 5092 Legis
757 5018 869 5075 iter
898 5021 968 5075 ad
1003 5021 1383 5094 Evangelium
1438 5041 1697 5097 pergere,
1741 5031 1808 5081 ut
1851 5027 2049 5082 omnia
2103 5026 2204 5082 illa

556 5126 682 5182 qua
712 5108 792 5164 ibi
822 5109 1040 5183 scripta
1071 5114 1229 5177 sunt,
1279 5113 1349 5167 de
1401 5114 1662 5179 sabbato,
1721 5115 1792 5170 de
1842 5116 2081 5187 azymis,
2132 5117 2202 5171 de

556 5197 1021 5266 circumcisione,
1053 5200 1124 5254 de
1153 5199 1426 5269 victimis,
1458 5202 1632 5274 digne
1664 5203 1777 5259 Deo
1803 5203 2114 5278 intelligat,
2147 5209 2204 5260 et

555 5286 830 5361 deinceps
862 5293 994 5360 post
1017 5287 1310 5361 Evangelii
1345 5287 1653 5346 lectionem
1685 5309 1717 5346 a
1746 5292 1947 5348 Judaeo
1979 5292 2199 5366 aliquo,

553 5380 655 5431 aut
683 5377 1017 5436 Judaeorum
1052 5378 1207 5434 socio
1238 5380 1602 5451 persuaderi,
1632 5384 1688 5435 et
1717 5380 1960 5437 umbras
1981 5386 2036 5436 et
2061 5382 2198 5437 alle-

552 5464 724 5534 goria
754 5467 956 5523 nubila
984 5467 1418 5540 derelinquens,
1454 5468 1536 5523 sic
1567 5469 2199 5542 Seripturasinterpre-

628 5693 647 5771 ξ
679 5693 740 5771 in
774 5696 1128 5771 uno___Palat.,
1150 5700 1596 5771 scrupulositales
1624 5702 1825 5766 facere.

627 5763 648 5797 ³
675 5764 840 5835 Apud
872 5763 1216 5843 Victoriam,
1255 5763 1486 5842 [egimus
1523 5777 1575 5828 et
1596 5763 1742 5828 inter
1761 5775 1978 5843 caetera,
2013 5776 2121 5829 eto.

2316 4775 2488 4831 opere
2547 4764 2606 4814 et
2668 4774 2865 4814 amore
2927 4759 3258 4830 profecerit.
3307 4762 3468 4813 tanto
3506 4757 3699 4829 magis
3771 4755 3958 4813 sancti

2311 4847 2567 4920 Spiritus
2599 4847 2659 4903 in
2683 4865 2744 4904 se
2774 4847 2987 4922 habere
3017 4847 3277 4919 virtutes,
3310 4865 3458 4920 quas
3517 4846 3752 4903 auditus
3798 4847 3956 4914 fidei,

2311 4941 2369 4991 et
2400 4953 2513 4991 non
2573 4935 2718 5007 legis
2765 4952 2942 5009 opera
2989 4941 3422 4993 consummant.
3474 4937 3597 4991 Non
3649 4953 3763 5007 quo
3813 4936 3959 5009 legis

2313 5041 2486 5096 opera
2517 5028 2943 5082 contemnenda
2994 5026 3134 5093 sint,
3193 5031 3252 5081 et
3298 5027 3521 5095 absque
3578 5024 3664 5080 eis
3712 5023 3961 5097 simplex

2313 5115 2458 5170 fides
2490 5115 2979 5187 appetenda;sed
3011 5133 3126 5188 quo
3175 5114 3305 5188 ipsa
3361 5130 3535 5185 opera
3578 5114 3690 5169 fide
3739 5113 3956 5170 Christi

2314 5204 2698 5260 adornentur.
2760 5205 2916 5261 Scita
2963 5209 3052 5261 est
3107 5203 3262 5260 enim
3323 5202 3606 5272 sapientis
3671 5201 3775 5258 viri
3859 5201 3961 5258 illa

2313 5293 2626 5348 sententia.
2679 5315 2704 5344 ιι
2735 5293 2859 5349 Non
2910 5293 3140 5350 fidelem
3197 5294 3386 5349 vivere
3433 5309 3501 5348 ex
3540 5292 3797 5364 justitia,
3857 5291 3956 5348 sed

2297 5383 2537 5452 justum
2571 5399 2638 5436 ex
2667 5383 2801 5437 ﬁde.
2821 5405 2849 5430 η
2879 5382 3067 5437 Simul
3099 5383 3433 5439 ostenditur
3449 5382 3702 5450 Galatas,
3725 5383 3958 5452 accepto

2311 5476 2444 5541 post
2466 5471 2642 5526 ﬁdem
2675 5474 2876 5526 sancto
2895 5471 3135 5541 Spiritu,
3158 5473 3312 5528 dona
3341 5472 3622 5530 habuisse
3647 5471 3957 5527 virtutum.

2377 5701 2614 5827 3(feritas
2676 5699 3018 5773 Victorium,
3071 5703 3241 5759 simul
3289 5708 3340 5760 et
3411 5704 3506 5760 hic
3581 5701 3960 5776 aspiciendam

2377 5787 2410 5827 ο
2455 5813 2467 5827 .
2500 5787 2529 5827 e
2554 5788 2611 5827 .c.

2307 5787 2467 5845 quoa,
2500 5787 2611 5828 etc.

2779 6544 2805 6545 κ
2865 6542 2896 6543 κ
2961 6537 3163 6544 ____—
