4332 6598
418 457 533 523 377

1099 465 1593 530 COMMENTAR
1638 467 1716 530 IN
1759 467 2010 528 EPIST.
2055 466 2158 529 AD
2202 466 2480 529 GALAT.
2531 469 2678 530 LIB.
2723 469 2771 542 Ι,
2818 468 2994 530 CAP.
3037 467 3145 530 IlI.

3707 461 3826 530 378

418 595 478 652 id
509 599 621 663 est,
654 595 1043 669 prophetiam,
1075 614 1288 670 genera
1329 599 1688 674 linguarum,
1721 601 2062 657 morborum
2179 595 2455 672 lapidibus
2492 604 2616 657 istis
2645 603 2910 657 suscitare
2937 602 3080 672 ﬁlios
3107 601 3381 658 Abraham
3409 601 3718 672 (Matth.ur,
3741 600 3819 673 9).

421 687 774 752 curationes,
806 690 862 742 et
893 692 1116 752 caetera,
1152 706 1278 761 qua:
1311 691 1380 744 ad
1415 689 1746 747 Corinthios
1789 691 1848 746 in
1893 691 2062 748 donis

419 774 826 847 spiritualibus
857 783 1280 834 enumerantur
1327 781 1375 850 (I
1423 780 1542 836 Cor.
1594 798 1695 848 xu,
1746 783 1798 847 4,
1854 782 1962 853 12).
1996 782 2064 837 Et

418 869 614 920 tamen
646 869 776 936 post
807 870 968 921 tanta
986 867 1147 938 (quia
1177 869 1419 924 forsitan
1455 871 1705 942 gratiam
1734 871 2064 925 discernen-

416 954 624 1010 dorum
659 953 975 1026 spirituum
1008 973 1122 1011 non
1156 956 1509 1028 habebant)a
1539 958 1704 1014 falsis
1726 960 2064 1015 doctoribus

414 1041 622 1098 irretiti
655 1048 810 1100 sunt.
856 1044 1298 1100 Observandum
1358 1047 1556 1116 etiam,
1618 1049 1769 1119 quod
1838 1050 2064 1120 operari

411 1130 658 1188 virtutes
689 1133 962 1189 dicantur
991 1134 1049 1188 in
1083 1134 1177 1190 his
1209 1135 1307 1206 qui
1361 1152 1477 1191 non
1527 1141 1731 1192 tenent
1769 1137 2062 1210 Evangelii

410 1221 712 1278 veritatem
746 1239 758 1277 :
794 1222 949 1277 sicut
975 1223 1034 1277 in
1066 1223 1182 1279 illis
1206 1225 1306 1296 qui
1334 1225 1646 1280 Dominum
1672 1243 1786 1280 non
1810 1242 2062 1297 sequen-

409 1314 522 1376 tes,
577 1309 637 1366 in
685 1311 922 1366 nomine
968 1313 1100 1384 ejus
1145 1312 1314 1384 signa
1359 1313 1672 1382 faciebant,
1703 1314 1926 1371 Joanne
1972 1315 2061 1371 vel

411 1399 668 1456 maxime
699 1406 1089 1471 conquerente
1124 1419 1136 1458 :
1169 1403 1742 1474 Praeceptor,vidimus
1771 1407 2061 1476 quemdam

412 1490 469 1543 in
518 1491 741 1545 nomine
785 1497 878 1546 tuo
927 1492 1233 1562 ejicientem
1268 1491 1564 1560 daemonia,
1598 1497 1649 1548 et
1675 1494 2062 1564 prohibuimus

410 1594 555 1647 eum,
599 1580 729 1650 quia
776 1595 888 1633 non
934 1582 1182 1651 sequitur
1231 1582 1514 1637 nobiseum
1564 1582 1749 1654 (Marc.
1813 1601 1890 1647 1x,
1945 1583 2056 1652 37).

408 1666 530 1722 Hoc
583 1668 888 1722 adversum
942 1667 1264 1735 haereticos,
1323 1669 1423 1741 qui
1473 1670 1874 1742 probationem
1927 1671 2060 1727 fidei

412 1771 534 1811 suae
563 1772 631 1810 ex
657 1772 724 1810 eo
755 1756 802 1810 si
835 1757 1070 1830 signum
1104 1758 1340 1830 aliquod
1375 1759 1636 1828 fecerint,
1673 1761 2056 1818 arbitrantur.

410 1844 516 1909 Qui
567 1861 700 1900 cum
762 1846 1245 1903 manducaverint
1301 1852 1358 1902 et
1413 1847 1667 1903 biberint
1712 1851 1769 1904 in
1821 1851 2059 1908 nomine

409 1933 640 2035 Domini
676 1933 1160 2035 (habentoquippe
1183 1940 1258 2035 vet—
1278 1936 1390 2035 ipsi
1426 1937 1612 2035 altare
1660 1937 2054 2035 sacrilegum),
2088 1971 2135 2035 B

403 2026 462 2078 et
489 2022 660 2095 signa
692 2022 895 2090 multa,
930 2023 1192 2081 invocato
1223 2025 1540 2093 Salvatore,
1575 2027 1782 2084 fecisse
1827 2045 1890 2084 se
1929 2030 2054 2100 jac-

403 2115 554 2177 tent,
589 2111 646 2165 in
679 2111 774 2166 die
804 2112 1006 2182 iudicii
1039 2115 1421 2170 merebuntur
1446 2116 1650 2172 audire
1701 2133 1714 2171 :
1766 2119 1884 2174 Non
1930 2117 2062 2174 novi

402 2215 496 2255 vos
525 2199 785 2255 discedite
815 2217 849 2256 a
875 2218 964 2258 me
992 2203 1088 2274 qui
1115 2205 1424 2275 aperamini
1451 2206 1815 2278 iniquitatem
1845 2206 2052 2280 (Matth.

401 2306 504 2359 vn,
536 2289 650 2360 23).

476 2378 662 2449 (Vers.
695 2379 774 2451 6.)
808 2402 836 2429 «
868 2379 1031 2436 Sicut
1059 2381 1354 2437 Abraham
1387 2383 1636 2439 credidit
1675 2389 1811 2450 Deo,
1861 2390 1917 2442 et
1967 2404 2054 2443 re-

396 2471 676 2540 putatum
704 2471 794 2524 est
820 2467 907 2523 illi
938 2469 1009 2524 'ad
1038 2470 1354 2541 justitiam.
1389 2495 1412 2524 ι
1449 2473 1532 2528 Ab
1563 2472 1673 2529 hoc
1701 2473 1827 2530 loco
1865 2491 2056 2547 usque

397 2557 474 2612 ad
508 2572 644 2612 eum
678 2557 778 2613 ubi
807 2557 1084 2613 scribitur
1113 2575 1124 2612 :
1160 2559 1267 2626 Qui
1295 2576 1364 2614 ea:
1386 2561 1492 2630 ﬁde
1509 2563 2057 2633 sunt,benedicentur

396 2662 526 2702 cum
559 2645 712 2717 ﬁdeli
740 2647 1034 2717 Abraham,
1057 2649 1312 2703 Marcion
1335 2650 1406 2705 de
1427 2667 1534 2706 suo
1558 2652 1832 2724 Apostolo
1854 2653 2052 2710 erasit.

395 2735 556 2792 428
605 2735 717 2791 Sed
777 2736 918 2808 quid
976 2738 1197 2808 profuit
1244 2738 1354 2794 hoc
1404 2739 1632 2810 tulisse,
1667 2758 1799 2796 cum
1850 2748 2056 2800 caetera

394 2841 530 2897 quae
562 2824 824 2896 reliquit,
857 2825 1100 2882 insania
1132 2827 1262 2897 ejus
1301 2829 1546 2885 adversa
1594 2829 1753 2886 sint?
1799 2833 2055 2887 Credidit

394 2917 600 2970 autem
630 2914 925 2970 Abraham
957 2915 1096 2981 Deo,
1128 2915 1328 2972 exiens
1357 2919 1429 2973 de
1459 2919 1646 2990 patria
1677 2937 1787 2976 sua
1837 2920 1895 2975 in
1940 2927 2051 2976 ter-

393 3019 530 3058 ram
561 3019 739 3075 quam
774 3004 1072 3061 nesciebat
1096 3005 1249 3076 (Gen.
1282 3023 1382 3078 xu,
1414 3008 1468 3078 4)
1503 3026 1515 3063 :
1549 3009 1752 3064 Saram
1797 3027 2052 3082 nonage-

389 3092 650 3160 nariam,
679 3097 737 3148 et
767 3093 1027 3150 sterilem
1059 3096 1361 3152 conﬁdens
1384 3112 1513 3152 esse
1545 3099 1870 3169 parituram
1895 3099 2048 3170 (Gen.

385 3198 552 3250 xvm,
609 3182 727 3254 10);
778 3187 834 3238 et
881 3183 1082 3239 audita
1127 3185 1582 3256 repromissione
1631 3186 1755 3254 Dei,
1789 3188 1945 3260 quod
1989 3187 2049 3243 in

387 3272 560 3328 Isaac
616 3274 921 3327 vocaretur
975 3289 1174 3328 semen
1249 3275 1378 3345 ejus
1445 3275 1602 3346 (Ibid.
1676 3278 1784 3348 18),
1852 3277 2048 3349 ipsum

386 3363 560 3417 Isaac
613 3361 863 3416 offerens
916 3361 1217 3417 victimam
1267 3343 1308 3429 ί,
1354 3368 1411 3419 et
1457 3369 1652 3420 tamen
1699 3365 1770 3422 de
1826 3367 2052 3423 Domini
2083 3343 2125 3409 (ἶ

383 3447 861 3520 repromissione
909 3465 1023 3504 non
1077 3451 1356 3508 dubitans
1404 3454 1560 3524 (Gen.
1608 3471 1748 3519 xxu,
1789 3458 1823 3510 3
1860 3462 2052 3529 seqq.).

386 3538 574 3593 Recte
606 3535 709 3591 tali
743 3541 1050 3608 reputatur
1079 3539 1224 3594 fides
1272 3540 1344 3594 ad
1385 3541 1707 3612 justitiam,
1739 3544 1840 3614 qui
1886 3546 2056 3618 Legis

385 3642 577 3700 opera
603 3641 1048 3698 supergressus,
1098 3632 1280 3683 Deum
1335 3647 1450 3685 non
1501 3635 1681 3698 metu,
1733 3634 1835 3688 sed
1879 3633 2054 3691 dilec-

383 3709 558 3772 tidne
588 3716 982 3787 promeruerit
1010 3717 1115 3788 (At.
1143 3719 1510 3790 promeruit].

469 3803 658 3876 (Vers.
690 3804 814 3876 7.)«
839 3805 1202 3877 Cognoscitis
1222 3809 1526 3880 ergo,quia
1546 3807 1646 3881 qui
1667 3826 1732 3866 ex
1761 3811 1872 3868 ﬁde
1896 3818 2055 3882 sunt,

385 3893 451 3950 bi
494 3892 599 3948 filii
633 3899 774 3948 sunt
800 3893 1118 3949 Abraham.
1154 3919 1176 3947 ι
1211 3894 1448 3953 Plenius
1478 3899 1550 3953 de
1580 3898 1688 3955 hoc
1719 3899 1779 3955 in
1811 3902 2058 3974 epistola

385 3983 469 4038 ad
540 3981 837 4038 Romanos
898 3982 1183 4054 disputat,
1238 3986 1392 4056 quod
1451 3987 1598 4043 ﬁdes
1656 3994 1924 4061 reputata
1979 3991 2059 4047 sit

382 4070 645 4126 Abrahae
677 4071 748 4127 ad
776 4071 1099 4142 justitiam,
1134 4089 1249 4128 non
1272 4073 1331 4128 in
1365 4074 1827 4150 circumcisione,
1861 4081 1961 4134 sed
1996 4080 2054 4135 in

383 4159 686 4233 praéputio
721 4159 898 4229 (Rom.
925 4178 1000 4231 ιν,
1035 4162 1060 4216 1
1096 4164 1360 4234 seqq.).Et
1389 4163 1702 4238 diligenter
1720 4168 2052 4238 observans,

385 4250 567 4304 docet
598 4264 696 4304 eos
728 4249 882 4305 filios
911 4267 1040 4307 esse
1062 4251 1330 4320 Abrahae,
1363 4254 1699 4326 quicunque
1730 4259 1840 4312 hac
1863 4262 2057 4314 mente

387 4337 796 4406 crediderunt,
830 4355 946 4412 qua
976 4340 1425 4397 incircumcisus
1451 4344 1700 4399 credidit
1737 4346 2053 4414 Abraham,

388 4426 496 4499 qui
529 4426 850 4483 exsultavit
880 4434 946 4484 ut
971 4430 1195 4485 videret
1223 4430 1378 4486 diem
1410 4433 1664 4500 Domini,
1700 4439 1758 4490 et
1789 4436 1954 4500 vidit,
2002 4441 2058 4491 et

387 4515 630 4574 lmtatus
669 4523 758 4573 est
787 4518 970 4589 (Joan.
1015 4536 1137 4586 vui,
1185 4519 1300 4591 56).
1351 4518 1515 4576 Unde
1561 4527 1618 4576 et
1666 4522 1736 4577 ad
1789 4522 2056 4581 infideles

388 4606 630 4662 Judeos
655 4606 961 4662 dicitur23i
979 4609 1090 4678 ﬁtii
1108 4609 1296 4664 essetis
1314 4609 1574 4674 Abrahae,
1617 4626 1779 4682 opera
1818 4612 2055 4668 Abrahae

2176 691 2422 763 Lapides
2476 691 2552 746 ibi
2604 707 2774 746 nemo
2821 689 3071 761 ambigit
3099 691 3249 746 dura
3278 689 3600 762 significari
3649 690 3825 745 corda

2172 781 2501 854 gentilium,
2536 797 2664 851 qu;v
2698 779 2923 835 mollita
2970 785 3110 835 sunt
3157 784 3377 851 postea,
3409 783 3466 834 et
3495 778 3628 833 fidei
3668 795 3822 834 rece-

2172 888 2306 943 pere
2337 869 3001 942 signaculum.Virtutes
3033 868 3327 923 Abraham
3361 867 3420 923 in
3454 867 3670 940 quibus
3693 873 3826 926 ante

2172 960 2680 1016 circumcisionem
2726 959 2842 1014 Deo
2888 957 3124 1029 placuit,
3173 957 3426 1030 diligens
3477 955 3658 1012 lector
3682 972 3826 1012 enu-

2173 1066 2352 1114 mera,
2413 1053 2470 1104 et
2527 1064 2909 1120 quoscunque
2953 1047 3010 1102 in
3067 1046 3245 1102 simili
3297 1063 3468 1118 opere
3518 1045 3824 1118 repereris,

2172 1138 2346 1193 dicito
2377 1137 2527 1192 filios
2557 1154 2684 1193 esse
2713 1136 3030 1203 Abraham,
3055 1135 3366 1207 justiﬁcati
3411 1134 3469 1190 in
3517 1134 3820 1207 praeputio,

2172 1226 2273 1298 qui
2306 1224 2812 1282 circumcisionem
2846 1241 2961 1280 non
2996 1225 3067 1280 ob
3102 1225 3375 1280 meritum
3409 1240 3675 1296 operum,
3720 1226 3820 1280 sed

2169 1314 2230 1370 in
2262 1315 2499 1388 signum
2523 1313 2654 1369 fidei
2682 1313 2892 1385 prioris
2915 1313 3310 1385 accepit.Quia
3332 1312 3488 1368 enim
3515 1330 3583 1368 ex
3599 1312 3823 1369 semine

2169 1406 2297 1476 ejus
2331 1409 2453 1460 erat
2482 1402 2747 1458 Christus
2778 1401 3062 1458 oriundus
3112 1401 3192 1473 (in
3243 1417 3358 1472 quo
3411 1401 3817 1458 universarum

2168 1493 2430 1565 gentium
2464 1493 2652 1548 fuerat
2680 1491 3006 1546 benedictio
3037 1489 3412 1562 repromissa,
3444 1493 3500 1545 et
3531 1491 3603 1545 ab
3633 1491 3816 1546 Abra-

2168 1583 2306 1638 ham
2339 1598 2526 1654 usque
2556 1582 2628 1636 ad
2660 1579 2957 1636 Christum
2991 1579 3177 1637 multa
3207 1584 3371 1635 erant
3391 1577 3604 1634 saecula
3633 1583 3820 1635 trans-

2169 1672 2369 1740 itura),
2403 1671 2710 1743 providens
2743 1675 2912 1736 Deus,
2949 1686 3020 1724 ne
3051 1667 3276 1724 soboles
3322 1667 3517 1723 dilecti
3569 1668 3816 1724 Abrahae

2168 1761 2391 1817 caeteris
2424 1761 2760 1816 nationibus
2790 1759 3259 1823 miscerentur,et
3279 1756 3561 1830 paulatim
3596 1757 3818 1813 familia

2168 1851 2297 1922 ejus
2345 1852 2500 1906 424
2547 1849 2712 1906 fieret
2755 1847 2978 1904 incerta
3033 1849 3075 1917 ²,
3129 1862 3366 1920 gregem
3427 1845 3812 1902 Israeliticum

2168 1940 2424 2012 quodam
2484 1937 2950 1994 circumcisionis
2999 1935 3256 1992 cauterio
3315 1936 3613 1991 denotavit
3659 1935 3815 2006 (Gen.

2166 2047 2305 2097 xvu,
2341 2031 2450 2096 10),
2487 2034 2552 2084 ut
2580 2027 2840 2084 viventes
2887 2027 3040 2082 inter
3085 2025 3406 2097 Egyptios,
3440 2025 3592 2080 inter
3637 2031 3815 2096 Assy-

2167 2119 2305 2189 rios,
2361 2117 2709 2190 Babylonios
2769 2122 2943 2188 atque
2994 2115 3313 2180 Chaldaeos,
3357 2114 3465 2169 hoc
3515 2113 3818 2186 signaculo
3885 2107 3892 2111 ’

2165 2208 2692 2281 distinguerentur.
2725 2205 2990 2277 Denique
3034 2221 3138 2276 per
3185 2203 3578 2275 quadraginta
3631 2221 3816 2260 annos

2165 2297 2226 2353 in
2255 2313 2451 2353 eremo
2480 2295 2680 2351 nullus
2711 2298 2799 2350 est
2827 2293 3214 2350 circumcisus
3259 2294 3458 2363 (Josue,
3504 2309 3558 2359 v,
3604 2294 3659 2360 5,
3709 2293 3766 2362 6)
3799 2310 3811 2348 :

2166 2385 2275 2441 soli
2293 2385 2509 2457 quippe
2526 2384 2652 2440 sine
2670 2383 2871 2440 Gentis
2889 2382 3132 2439 alterius
3151 2380 3500 2437 admistione
3520 2379 3810 2437 vivebant:

2164 2475 2363 2531 statim
2395 2480 2460 2530 ut
2487 2473 2764 2530 Jordanis
2790 2473 2977 2545 ripam
3002 2477 3410 2544 transgressus
3429 2475 3517 2527 est
3538 2469 3811 2543 populus,

2163 2567 2220 2619 et
2250 2563 2309 2618 in
2340 2563 2663 2618 Palaestinas
2695 2567 2908 2618 terram
2933 2561 3200 2617 Judaeum
3227 2575 3290 2616 se
3311 2575 3552 2615 examen
3575 2558 3812 2626 infudit,

2165 2652 2536 2708 circumcisio
2568 2651 2896 2708 necessaria
2925 2651 3120 2705 futuro
3141 2666 3210 2704 ex
3239 2647 3648 2706 commistione
3667 2664 3814 2720 gen-

2163 2743 2311 2797 tium
2361 2741 2614 2813 providit
2661 2739 2862 2796 errori.
2919 2739 3080 2803 Quod
3141 2741 3336 2794 autem
3379 2753 3412 2792 a
3455 2736 3592 2792 Jesu
3643 2737 3810 2805 duce,

2163 2831 2420 2886 secundo
2451 2829 2730 2886 scribitur
2755 2827 3008 2901 populus
3038 2826 3425 2882 circumcisus
3455 2825 3614 2896 (Ibid.
3645 2826 3700 2891 2,
3733 2825 3811 2894 3),

2163 2919 2460 2990 significat
2506 2922 2563 2974 et
2608 2919 2666 2973 in
2717 2934 2912 2973 eremo
2954 2933 3223 2990 cessasse
3278 2913 3808 2977 circumcisionem,

2161 3024 2290 3079 quas
2320 3007 2379 3062 in
2405 3008 2649 3080 Egypto
2677 3005 3100 3071 rationabiliter
3130 3004 3542 3073 exercebatur;
3575 3007 3631 3058 et
3651 3019 3684 3057 a
3704 3003 3814 3058 Do-

2161 3097 2322 3152 mino
2350 3095 2492 3152 Jesu
2524 3095 2752 3152 Christo
2785 3093 3077 3167 spirituali
3100 3092 3546 3150 circumcisione
3573 3093 3812 3148 creden-

2159 3189 2249 3241 tes
2280 3192 2410 3242 esSe
2441 3185 2830 3241 mundandos.

2234 3275 2416 3346 (Vers.
2445 3278 2498 3344 8,
2531 3275 2611 3347 9.)
2643 3297 2671 3326 ‹‹
2708 3274 3024 3330 Providens
3070 3276 3264 3328 autem
3315 3271 3634 3343 Scriptura,
3676 3270 3813 3343 quia

2163 3380 2231 3420 ex
2252 3365 2674 3436 fidejustiﬁcat
2704 3368 2906 3437 gentes
2929 3364 3104 3430 Deus,
3127 3359 3532 3434 praenuntiavit
3550 3359 3810 3427 Abrahae,

2168 3451 2306 3525 quia
2356 3452 2866 3520 benedicenturin
2897 3457 2953 3507 te
2983 3467 3187 3506 omnes
3239 3454 3464 3521 gentes.
3499 3448 3683 3520 Igitur
3711 3447 3811 3520 qui

2165 3558 2233 3596 ex
2263 3541 2376 3596 fide
2407 3545 2564 3608 sunt,
2595 3540 3014 3596 benedicentur
3051 3556 3184 3594 cum
3229 3537 3382 3593 fideli
3433 3535 3748 3592 Abraham.
3784 3558 3812 3585 »

2165 3630 2292 3686 Non
2326 3647 2442 3702 quo
2473 3629 2602 3702 ipsa
2632 3629 2952 3702 Scriptura,
3003 3631 3398 3683 atramentum
3445 3623 3716 3680 videlicet
3757 3630 3815 3680 et

2166 3719 2542 3786 membranae,
2575 3736 2702 3792 quae
2729 3717 3101 3774 insensibiles
3132 3719 3274 3772 sunt
3302 3715 3344 3786 ³,
3370 3713 3598 3788 possint
3621 3713 3818 3769 futura

2165 3825 2557 3881 praenoscere;
2587 3809 2690 3865 sed
2741 3825 2856 3880 quo
2904 3807 3160 3879 Spiritus
3207 3807 3549 3874 sanctustet
3577 3819 3810 3870 sensus,

2166 3898 2267 3971 qui
2317 3899 2376 3954 in
2406 3898 2599 3955 littera
2645 3897 2805 3965 latet,
2856 3895 3060 3953 multis
3109 3899 3240 3969 post
3286 3891 3516 3950 seculis
3569 3896 3816 3948 ventura

2167 3988 2558 4059 praedixerint.
2613 3987 2788 4043 Porro
2846 3985 3178 4058 exemplum
3245 3984 3405 4056 quod
3466 3983 3538 4036 de
3606 3981 3814 4037 Genesi

2166 4082 2472 4148 sumptum
2500 4080 2607 4142 est,
2641 4077 2721 4130 ita
2751 4076 2809 4131 in
2842 4075 3074 4147 proprio
3103 4072 3400 4128 volumine
3429 4070 3764 4126 continetur
3797 4088 3810 4125 :

2164 4165 2230 4220 Et
2275 4165 2656 4221 benedicentur
2708 4164 2768 4219 in
2815 4165 3023 4218 semine
3066 4171 3157 4217 tuo
3197 4177 3380 4217 omnes
3415 4167 3598 4230 gentes
3647 4165 3816 4217 terra

2166 4255 2318 4326 (Gen.
2351 4272 2450 4323 xu,
2484 4256 2559 4326 3).
2593 4254 2754 4319 Quod
2786 4250 3100 4326 Apostolus
3150 4267 3327 4322 super
3370 4247 3595 4304 Christo
3633 4247 3813 4303 inter-

2165 4348 2452 4417 pretatus,
2487 4344 2568 4399 ait
2600 4361 2612 4398 :
2645 4345 2758 4399 Non
2791 4351 2868 4398 est
2895 4344 3178 4414 scriptum,
3209 4341 3271 4394 Et
3299 4337 3623 4402 seminibus,
3656 4337 3816 4408 quasi

2166 4434 2225 4487 in
2257 4435 2447 4488 multis
2477 4453 2495 4488 :
2524 4433 2617 4489 sed
2646 4433 2805 4504 quasi
2835 4433 2892 4486 in
2927 4446 3062 4493 uno,
3094 4434 3160 4486 Et
3185 4429 3387 4483 semini
3435 4435 3546 4497 tuo,
3589 4429 3686 4499 qui
3735 4434 3813 4481 est

2163 4525 2418 4578 Christus
2473 4527 2638 4591 (vers.
2701 4525 2809 4592 16).
2860 4521 2978 4576 Hoc
3025 4524 3220 4575 autem
3266 4518 3325 4572 in
3379 4518 3654 4573 omnibus
3703 4516 3811 4586 (At.

2165 4615 2351 4683 novis]
2385 4629 2530 4683 pene
2560 4611 2934 4682 testimoniis,
2967 4627 3096 4683 quae
3127 4610 3196 4664 de
3224 4608 3520 4663 veteribus
3553 4606 3719 4662 libris
3751 4606 3809 4662 in

387 4697 652 4768 faceretis
680 4697 839 4766 (Ibid.
873 4697 984 4769 39).
1015 4698 1150 4762 Quae
1200 4703 1396 4754 autem
1429 4699 1542 4755 alia
1566 4698 1686 4770 (illo
1714 4701 1772 4754 in
1796 4706 2058 4775 tempore
2088 4719 2135 4783 D
2165 4701 2322 4758 Novo
2354 4707 2662 4775 assumpta
2692 4706 2834 4756 sunt
2853 4701 3245 4768 Testamento,
3290 4699 3596 4754 observare
3645 4697 3813 4753 debe-

389 4802 531 4842 cum
565 4784 687 4841 hac
717 4786 1084 4859 dicebantur)
1112 4788 1184 4843 ab
1213 4787 1299 4843 eis
1323 4804 1499 4861 opera
1526 4789 1812 4846 Dominus
1834 4797 2057 4863 expete-

392 4874 500 4931 bat
529 4873 646 4931 nisi
670 4874 1079 4932 credulitatem
1101 4877 1160 4932 in
1182 4876 1394 4932 Filium
1421 4877 1540 4946 Dei,
1563 4894 1739 4950 quem
1764 4880 1932 4935 Pater
1952 4882 2057 4937 mi-

391 4967 555 5019 serat
579 4963 925 5036 loquentem
951 4966 1080 5034 :Qui
1106 4966 1277 5022 credit
1305 4967 1364 5022 in
1393 4983 1498 5035 me,
1532 4969 1842 5025 non'credit
1862 4972 1926 5026 in
1945 4987 2051 5043 me,

390 5053 488 5107 sed
538 5055 600 5110 in
643 5069 770 5110 eum
817 5057 915 5125 qui
954 5067 1042 5110 me
1085 5057 1241 5112 misit
1282 5057 1459 5129 (Joan.
1505 5073 1605 5123 xu,
1648 5058 1775 5130 114)?
1808 5059 1968 5116 Unde
1997 5066 2054 5116 et

390 5138 457 5194 in
493 5141 605 5196 alio
638 5142 764 5198 loco
794 5143 866 5199 de
896 5145 1129 5216 generis
1158 5145 1269 5201 sibi
1293 5146 1731 5219 antiquitate,et
1750 5147 2053 5206 nobilitate

393 5227 814 5302 plaudentibus
859 5234 1251 5306 respondetur
1299 5251 1314 5290 :
1363 5237 1428 5291 Et
1471 5251 1542 5292 ne
1586 5235 1859 5308 dixeritis,
1920 5240 2053 5310 quia

389 5323 616 5391 patrem
665 5320 924 5377 habemus
981 5323 1279 5383 Abraham.
1341 5326 1517 5381 Potest
1571 5326 1720 5381 enim
1783 5327 1923 5382 Deus
1984 5328 2053 5383 de

465 5521 640 5594 {Duo
671 5534 844 5585 mss.,
894 5522 954 5575 in
984 5521 1168 5594 ipsum
1213 5523 1371 5579 Isaae
1414 5525 1696 5594 conferens
1744 5525 2044 5579 victimam.

467 5589 490 5624 ’
519 5591 764 5677 Constat
787 5605 930 5677 vero.
951 5589 1236 5677 et‘lplures
1268 5589 1579 5677 alias,qu:e
1609 5612 1677 5677 ex
1703 5595 1923 5677 populo
1946 5597 2043 5653 Dei

398 5677 513 5719 non
540 5667 727 5730 erant,
747 5679 817 5720 ex
836 5663 1070 5721 Oriente
1095 5666 1363 5724 nationes
1384 5663 1890 5724 circumcisionem
1914 5686 2046 5726 sus-

397 5734 768 5810 cepisseine‘c
797 5735 925 5810 ipse
955 5735 1240 5793 diffitetur
1267 5739 1656 5810 Hieronymus
1694 5756 1830 5796 cum
1877 5740 2042 5810 alibi,

394 5805 522 5862 tum
568 5805 839 5865 interius'
864 5805 969 5863 lib.
1018 5824 1081 5877 u,
1129 5824 1255 5880 cap.
1287 5811 1320 5864 4
1352 5829 1366 5868 :
1400 5834 1429 5862 «
1460 5805 1532 5868 Et
1579 5812 1809 5886 Egypti
1858 5805 2046 5870 sacer;

2167 4808 2320 4854 mus,
2369 4792 2524 4863 quod
2574 4791 2867 4846 memoriis
2915 4789 3269 4846 crediderint
3310 4785 3678 4860 evangelista;
3723 4786 3814 4844 vel

2161 4879 2430 4952 apostoli;
2465 4884 2522 4936 et
2551 4883 2785 4935 tantum
2817 4895 2993 4935 sensu
3025 4878 3327 4950 explicato,
3362 4893 3510 4948 saepe
3541 4876 3805 4932 ordinem

2160 4974 3125 5041 commutaverunt,nonnunquam
3148 4966 3237 5023 vel
3261 4965 3619 5022 detraxerint
3638 4965 3811 5020 verba

2157 5058 2248 5114 vel
2275 5057 2625 5115 addiderint.
2659 5058 2815 5114 Nulli
2864 5074 2998 5114 vero
3048 5056 3293 5112 dubium
3342 5055 3495 5128 quod
3540 5053 3600 5108 in
3652 5054 3810 5107 Isaac

2159 5152 2216 5204 et
2244 5149 2445 5213 Jacob,
2479 5149 2594 5204 sive
2627 5148 2684 5203 in
2716 5146 3023 5203 duodecim
3059 5144 3429 5219 patriarchis,
3479 5146 3537 5198 et
3584 5139 3808 5196 caeteris

2158 5238 2260 5310 qui
2283 5238 2353 5294 de
2375 5237 2671 5294 Abraham
2695 5237 2877 5308 stirpe
2902 5236 3288 5298 descendunt,
3320 5249 3434 5288 non
3468 5229 3684 5286 fuerint
3709 5229 3806 5284 be-

2159 5324 2398 5381 nedictae
2420 5324 2702 5382 universa:
2730 5324 2994 5381 nationes
3017 5342 3031 5382 :
3059 5323 3160 5379 sed
3188 5322 3247 5377 in
3272 5318 3499 5377 Christo
3516 5317 3548 5373 J
3555 5333 3680 5381 esu,
3704 5332 3808 5388 per

2156 5527 2322 5583 dotes
2370 5530 2428 5580 et
2480 5523 2825 5588 Ismaelitas,
2877 5511 3228 5579 Medianzeos
3275 5514 3625 5589 praeputium
3685 5532 3802 5572 non

2379 5640 2391 5653 .
2426 5618 2454 5647 n

2379 5640 2391 5653 .
2426 5618 2454 5647 ἢ

2155 5598 2397 5725 118³ὺὲῗο
2431 5685 2573 5724 mss.
2607 5683 2732 5738 quae
2761 5665 3062 5721 invisibiles
3089 5665 3217 5716 sunt
3245 5679 3263 5714 .·
3296 5675 3363 5715 ex
3393 5676 3510 5733 quo
3548 5675 3683 5716 mox
3713 5675 3802 5716 re-

2153 5743 2431 5815 ponimus
2463 5741 2592 5797 late!
2623 5755 2726 5812 pro
2757 5739 2945 5794 latens.
