4332 6604
475 400 591 463 379

1727 406 1794 468 S.
1839 403 2147 469 EUSEBII
2191 400 2634 466 HlERONYMI

3767 399 3886 463 380

478 551 653 607 quem
685 551 889 593 omnes
920 538 1124 610 gentes
1151 536 1398 595 laudant
1427 540 1633 607 Deum,
1667 545 1723 596 et
1759 540 2121 596 benedicitur
2148 548 2202 622 Α
2233 538 2290 592 in
2340 537 2521 592 Deum
2571 535 2744 590 fidem
2800 533 2964 606 prius
3024 533 3082 589 in
3140 550 3274 590 eum
3327 532 3648 591 credidisse
3679 552 3887 593 narra-

480 640 697 680 novum
728 641 937 681 nomen
967 644 1142 699 super
1162 630 1602 685 terram.Potest
1624 634 1818 685 autem
1843 629 2086 699 intelligi
2110 633 2123 665 ί

477 713 791 786 Apostolus
823 718 879 770 et
902 716 973 770 de
1003 715 1114 771 alio
1146 719 1433 773 Genescos
1464 718 1586 773 loco
1608 719 1931 789 exemplum
1959 718 2125 774 semi-

479 803 573 858 nis
612 820 952 875 usurpasse,
1002 806 1102 859 ubi
1148 805 1468 862 scribitur:
1504 808 1701 862 Eduxit
1748 816 1929 861 autem
1975 811 2125 878 foras

480 893 630 949 425
666 891 847 963 (haud
878 894 1124 950 dubium
1156 896 1298 967 quin
1328 896 1644 968 Abraham)
1693 899 1850 963 Deus,
1889 902 1941 951 et
1981 898 2124 951 dixit

471 983 525 1037 ei
567 999 588 1036 :
616 982 803 1053 Aspice
850 984 910 1037 in
958 985 1154 1039 caelum
1199 990 1253 1039 et
1296 1003 1526 1039 numera
1573 986 1780 1051 stellas,
1831 989 1882 1041 si
1919 988 2123 1057 poteris

473 1070 830 1127 dinumerare
875 1090 984 1128 eas.
1034 1076 1095 1127 Et
1142 1076 1220 1129 ait
1263 1076 1354 1128 illi
1382 1093 1401 1129 :
1434 1075 1520 1129 Sic
1546 1078 1650 1129 erit
1676 1092 1857 1129 semen
1907 1084 2063 1129 tuum
2101 1094 2119 1129 :

472 1166 523 1216 et
556 1160 788 1216 credidit
820 1162 1097 1216 Abraham
1123 1165 1248 1232 Deo,
1284 1168 1335 1217 et
1365 1166 1677 1234 reputatum
1714 1169 1790 1218 est
1820 1166 1872 1218 ei
1901 1164 1970 1217 ad
2004 1168 2121 1231 ius-

465 1251 658 1305 titiam
705 1249 859 1321 (Gen.
892 1268 985 1320 xv,
1016 1252 1070 1317 5,
1103 1252 1179 1321 6).
1229 1252 1570 1323 Quicunque
1620 1252 1801 1325 igitur
1849 1254 2116 1318 credunt,

467 1338 887 1394 benedicentur
915 1356 1047 1394 cum
1082 1339 1237 1395 fideli
1259 1341 1577 1410 Abraham,
1600 1342 1699 1413 qui
1730 1342 1802 1397 ob
1827 1343 2119 1415 egregiam

543 1483 557 1515 ¹
588 1481 864 1550 Verbum,
898 1472 1167 1555 intelligi,
1206 1486 1495 1541 Victorius
1526 1491 1697 1541 tacet.

2237 632 2354 683 tur.
2413 627 2566 682 426
2626 625 2785 680 Sicut
2834 625 2984 679 Eoos
3034 624 3105 679 ob
3156 623 3537 696 principalem
3586 624 3647 680 in
3702 625 3881 683 Deum

2236 733 2420 788 spem,
2457 721 2512 769 et
2542 716 2692 769 inter
2720 719 2955 769 caeteros
2992 714 3371 783 eminentem,
3423 731 3689 785 sperasse
3733 716 3880 772 scri-

2234 806 2395 861 bitur
2418 806 2683 860 invocare
2716 803 3027 859 Dominum
3055 804 3236 859 Deum
3268 806 3422 873 (Gen.
3475 821 3551 875 1v,
3599 804 3711 877 26).
3753 805 3881 862 Non

2235 912 2349 967 quo
2380 900 2436 949 et
2466 893 2609 948 Abel
2641 894 2709 947 dc
2740 909 2852 964 quo
2874 892 3159 948 Dominus
3181 893 3298 950 ait:
3327 895 3436 949 Vox
3453 895 3746 964 sanguinis
3763 897 3881 966 fra-

2235 986 2333 1039 tris
2364 987 2447 1039 tui
2473 983 2679 1039 clamat
2712 982 2779 1036 ad
2810 999 2894 1036 me
2921 982 3077 1053 (Ibid.
3111 983 3235 1055 10);
3268 987 3325 1038 et
3355 983 3545 1038 caeteri
3579 983 3875 1056 deinceps,

2232 1073 2413 1128 Deum
2461 1089 2574 1126 non
2621 1071 2980 1142 speraverint
3029 1070 3324 1138 invocare;
3372 1072 3473 1127 sed
3525 1089 3638 1144 quo
3690 1090 3760 1128 ex
3807 1089 3877 1129 ea

2232 1166 2393 1234 parte
2443 1162 2851 1234 unusquisque
2898 1160 3241 1235 appelletur,
3294 1177 3469 1234 quam
3506 1162 3592 1218 vel
3624 1162 3875 1221 maxime

2230 1251 2423 1306 habet

1645 1750 1981 1838 LIBER
2063 1748 2703 1883 SECUNDUS.

547 2029 696 2086 425
736 2029 888 2084 426
920 2029 1081 2094 Quod
1131 2028 1190 2083 in
1233 2029 1422 2100 primo
1454 2029 2012 2085 Commentariorum
2046 2032 2114 2086 ad
2148 2032 2196 2098 B
2229 2029 2310 2084 ait
2338 2028 2489 2083 Varo
2520 2026 2827 2099 trilingues
2858 2043 3006 2093 esse,
3035 2027 3190 2097 quod
3222 2030 3278 2082 et
3317 2026 3511 2083 Graece
3534 2025 3870 2100 loquantur,

479 2116 715 2173 Galatas
735 2116 1046 2183 libro,cum
1071 2118 1139 2173 de
1161 2120 1420 2190 gentium
1446 2118 1901 2191 proprietatibus
1923 2122 2119 2192 dispu-

475 2210 682 2271 tarem,
715 2206 998 2261 intactum
1033 2207 1402 2279 reliqueram,
1430 2226 1585 2263 nunc
1620 2209 1674 2262 in
1708 2213 1963 2265 secundo
1997 2212 2120 2266 red-

477 2295 735 2350 dendum
765 2296 995 2351 videtur
1027 2314 1039 2351 :
1075 2297 1173 2368 qui
1202 2298 1321 2353 sint
1352 2297 1587 2364 Galatae,
1619 2299 1708 2354 vel
1744 2302 2118 2371 quo,etunde

476 2384 837 2439 transierint.
873 2384 1078 2440 Utrum
1106 2386 1412 2460 indigenas
1444 2405 1541 2443 eos
1576 2388 1807 2459 fuderit,
1840 2408 1913 2445 an
1946 2391 2118 2445 adve-

475 2489 583 2528 nas
631 2490 807 2544 quam
858 2491 1015 2530 nunc
1064 2475 1346 2543 incolunt,
1404 2482 1556 2533 terra
1614 2480 1936 2551 susceperit
1990 2497 2003 2537 :
2062 2485 2119 2535 et

450 2566 672 2618 -utrum
703 2562 965 2635 linguam
994 2567 1283 2623 connubio
1315 2568 1695 2639 perdiderint,
1722 2587 1791 2624 an
1823 2574 1879 2625 ct
1910 2588 2116 2625 novam

474 2650 803 2719 didicerint,
836 2657 891 2709 et
921 2671 1034 2710 non
1069 2655 1371 2711 amiserint
1403 2675 1591 2713 suam.
1636 2659 1867 2713 Marcus
1913 2659 2115 2729 Varro,

475 2746 819 2797 cunctarum
852 2743 1268 2817 antiquitatum
1313 2745 1803 2819 diligentissimus
1851 2766 2116 2819 perscru-

474 2834 650 2897 tator,
683 2836 739 2886 et
768 2833 957 2888 caeteri
988 2833 1086 2904 qui
1116 2851 1250 2890 eum
1276 2836 1487 2891 imitati
1532 2841 1690 2904 sunt,
1726 2838 1911 2893 multa
1944 2856 2121 2910 super

478 2919 587 2975 hac
618 2924 807 2992 gente,
839 2925 895 2976 et
923 2923 1416 2995 dignamemoria
1435 2927 1821 2983 tradiderunt.
1846 2929 1956 2983 Sed
1982 2929 2120 3000 quia

476 3008 648 3063 nobis
680 3011 1041 3081 propositum
1074 3017 1183 3076 est,
1217 3013 1659 3069 incircumcisos
1703 3015 1972 3071 homines
2002 3033 2117 3070 non

475 3096 846 3155 introducere
866 3100 925 3154 in
952 3101 1236 3172 templum
1260 3103 1443 3174 Dei(et
1464 3109 1526 3158 ut
1550 3104 1893 3175 simpliciter
1915 3106 2115 3172 fatear,

476 3186 647 3242 multi
669 3187 794 3259 jam
828 3189 967 3243 anni
1000 3193 1139 3245 sunt
1168 3192 1321 3261 quod
1353 3192 1473 3246 haec
1515 3191 1703 3263 legere
1754 3193 2116 3263 desivimus),

476 3276 760 3331 Lactantii
794 3277 980 3334 nostri
1010 3297 1138 3350 quae
1170 3280 1227 3334 in
1259 3281 1428 3336 tertio
1450 3282 1518 3336 ad
1546 3281 1796 3337 Probum
1824 3283 2119 3338 volumine

2229 2126 2286 2174 et
2306 2118 2538 2188 'Latine,
2571 2122 2629 2173 et
2658 2116 2895 2173 Gallice.
2920 2115 3211 2187 Oppidum
3245 2116 3469 2187 Rhoda,
3503 2115 3691 2172 coloni
3723 2117 3872 2174 Bho-

2228 2208 2457 2263 diorum
2504 2206 2884 2261 locaverunt:
2938 2206 3091 2261 unde
3138 2205 3331 2261 amnis
3376 2205 3694 2262 Rhodanus
3724 2207 3741 2242 ¹
3771 2223 3873 2263 no-

2229 2314 2361 2351 men
2419 2295 2656 2366 accepit.
2710 2295 3091 2351 Praetermitto
3140 2294 3504 2367 Carthaginis
3542 2294 3873 2352 conditores

2226 2386 2446 2457 Tyrios,
2499 2391 2551 2439 et
2601 2384 2879 2456 Agenoris
2929 2385 3169 2451 urbem;
3212 2390 3487 2455 praetereo
3536 2385 3871 2442 427-428

2225 2474 2453 2530 Thebas
2484 2474 2846 2545 Liberi,quas
2872 2473 2930 2527 in
2966 2473 3151 2528 Africa
3202 2472 3461 2528 condidit
3493 2489 3507 2528 :
3564 2490 3691 2545 quae.
3727 2474 3877 2529 civi-

2226 2568 2316 2619 tas
2348 2580 2502 2618 nunc
2533 2563 2849 2618 Thebestia
2879 2562 3111 2617 dicitur.
3148 2561 3437 2635 Relinque
3485 2580 3613 2618 eam
3648 2568 3872 2636 partem

2227 2653 2570 2724 Libyw,qum
2603 2651 2815 2707 Graecis
2848 2651 3094 2706 urbibus
3127 2652 3298 2723 plena
3328 2653 3527 2708 est.Ad
3559 2651 3875 2725 Hispanias

2226 2741 2665 2814 transgredior:
2700 2758 2891 2796 nonne
2939 2746 3264 2813 Saguntum
3308 2742 3521 2798 Graecis
3570 2758 3638 2797 ex
3682 2741 3876 2799 insula

2226 2832 2515 2903 Zacyntho
2561 2831 2800 2903 profecti
2851 2832 3240 2886 condiderunt
3273 2849 3285 2886 :
3320 2836 3376 2886 et
3404 2831 3687 2904 oppidum
3731 2832 3872 2888 Tar-

2227 2924 2447 2990 tesson,
2495 2921 2647 2992 quod
2692 2937 2849 2975 nunc
2897 2924 3136 2975 vocatur
3165 2920 3390 2976 Carteia
3419 2922 3458 2990 ²,
3496 2921 3661 2977 Iones
3691 2921 3872 2978 Graeci

2228 3008 2497 3064 homines
2516 3008 2738 3063 locasse
2766 3008 3133 3064 referuntur?
3160 3014 3381 3065 Montes
3410 3027 3641 3082 quoque
3666 3011 3870 3083 Hispa-

2229 3098 2480 3164 niarum,
2515 3097 2709 3169 Calpe,
2742 3099 2910 3153 Idrus
2931 3099 3234 3171 3,Pyrene:
3266 3101 3404 3155 item
3425 3099 3629 3155 insulsa
3649 3100 3870 3173 Aphro-

2229 3187 2507 3252 disiadcs,
2561 3193 2618 3242 et
2673 3188 3022 3260 Gymnesiae,
3091 3206 3218 3261 quas
3264 3193 3549 3245 vocantur
3592 3189 3889 3263 Baleares,

2230 3293 2424 3332 nonne
2464 3277 2641 3331 Graeci
2674 3278 2964 3332 sermonis
3016 3278 3232 3333 indicia
3275 3278 3721 3335 demonstrant?
3753 3281 3885 3352 Ipsa

477 3364 549 3466 de
578 3365 689 3465 hac
719 3371 888 3467 gente
920 3368 1191 3468 opinatus
1223 3371 1317 3437 sit,
1351 3362 1528 3429 verba
1559 3389 1844 3443 ponemus
1869 3390 1918 3429 ;‹‹
1950 3373 2115 3443 Galli,
2158 3407 2201 3475 Ο
2238 3366 2468 3475 italiae
2496 3365 2968 3475 Grmcis‘popu’lis
2994 3372 3303 3475 ‘occupata,
3356 3368 3541 3469 Major
3587 3370 3884 3475 quondam

476 3453 690 3526 inquit,
722 3456 1048 3529 antiquitus
1080 3476 1113 3513 a
1142 3460 1391 3515 candore
1421 3461 1700 3533 corporis,
1738 3461 1952 3516 Galatae
1979 3481 2125 3518 nun-

480 3545 878 3617 cupabantur;
909 3550 965 3601 et
990 3547 1207 3620 Sibylla
1240 3549 1324 3605 sic
1356 3567 1454 3605 eos
1477 3550 1917 3622 appellat.Quod
1946 3552 2128 3623 signi-

483 3634 659 3690 ficare
686 3634 873 3690 voluit
901 3640 1091 3706 poeta.
1127 3654 1261 3692 cum
1296 3639 1377 3693 ait
1428 3657 1440 3695 :
1495 3641 1625 3693 Tum
1674 3641 1844 3695 lactea
1892 3643 2033 3697 colla
2064 3675 2130 3682 ——

478 3723 624 3797 Auro
670 3723 1036 3778 innectuntur
1081 3727 1256 3796 (Virg.
1308 3725 1408 3781 lib.
1458 3744 1581 3793 vm,
1646 3728 1883 3799 Aineid.)
1917 3747 1935 3782 .·
1996 3746 2129 3784 cum

479 3814 679 3882 posset
708 3810 921 3878 dicere,
955 3811 1224 3868 candida.
1255 3813 1400 3869 Hinc
1424 3815 1625 3887 utique
1656 3817 1880 3872 Galatia
1900 3817 2129 3888 provin-

481 3898 666 3966 cia,in
699 3914 877 3970 quam
910 3899 1055 3955 Galli
1084 3900 1401 3973 aliquando
1432 3903 1891 3969 venientes,cum
1919 3905 2132 3961 Graecis

481 4003 545 4044 se
578 3988 1130 4045 miscuerunt.Unde
1161 3990 1417 4062 primum
1449 4008 1517 4047 ea
1543 3993 1699 4065 regio
1733 3993 2128 4065 Gallogrmcia,

481 4080 616 4149 post
645 4076 871 4133 Galatia
903 4079 1206 4135 nominata
1236 4085 1344 4137 est.
1374 4104 1400 4131 ››
1432 4083 1547 4138 Nec
1577 4084 1788 4138 mirum
1824 4084 1873 4139 si
1904 4084 2011 4139 hoc
2034 4084 2132 4141 ille

480 4166 553 4223 de
583 4165 803 4223 Calatis
836 4167 1061 4240 dixerit,
1113 4174 1169 4225 et
1214 4170 1619 4227 Occidentales
1652 4171 1918 4244 populos,
1950 4174 2131 4229 tantis

480 4255 541 4312 in
574 4257 765 4313 medio
799 4262 1088 4314 terrarum
1119 4259 1324 4331 spatiis
1346 4261 1846 4332 praetermissisﬁn
1876 4262 2130 4319 Orientis

478 4346 653 4418 plaga
682 4348 1017 4403 consedisse
1047 4348 1433 4404 memorarit.:
1469 4366 1602 4405 cum
1635 4354 1860 4405 constet
1881 4349 2132 4407 Orientis

481 4440 683 4491 contra
722 4440 779 4491 et
825 4436 1052 4492 Graeciaa
1100 4437 1390 4503 examina,
1442 4438 1514 4492 ad
1564 4437 1893 4494 Occidentis
1924 4439 2132 4496 ultima

480 4522 830 4593 pervenisse.
886 4524 1205 4580 Massiliam
1256 4525 1479 4581 Phoczei
1521 4526 1948 4585 condiderunt:
1983 4546 2130 4601 quos

556 4684 572 4716 ¹
606 4683 881 4739 Notatum
914 4690 1046 4740 ante
1076 4702 1182 4741 nos
1213 4687 1456 4743 eruditis
1485 4689 1812 4755 viris,hanc
1833 4692 1905 4747 de
1927 4692 2129 4748 Rhoda

446 4804 451 4809 ,
485 4754 1050 4849 sententiam,Lquod
1082 4754 1888 4849 dederit‘Rhodanonomen,
1931 4765 2129 4849 S.“Do-
2163 4784 2209 4849 D

488 4830 705 4907 ctorem
740 4826 1027 4907 delibasse
1058 4846 1126 4883 ex
1151 4829 1242 4907 his
1271 4830 1579 4907 Pliniiglib.
1609 4851 1693 4902 in,
1717 4826 1884 4906 caput
1916 4838 2134 4907 :letquc

484 4896 582 4953 ubi
612 4892 804 4973 Rhoda
824 4899 1163 4973 Rhodiorum
1190 4904 1320 4972 fuit,
1356 4904 1496 4958 unde
1524 4892 1706 4966 dictus
1726 4892 1897 4963 miilto
1930 4892 2131 4973 Gallia-

482 4986 611 5051 rum
625 4968 1028 5051 fertilissimus
1055 4968 1347 5051 Rhodanus
1392 4977 1651 5051 amnis._.l
1662 4994 1755 5051 am
1786 4994 1951 5051 vero,
1962 4968 2129 5051 quod

482 5041 592 5098 hoc
624 5041 858 5117 longius
891 5060 923 5097 a
953 5043 1212 5117 veritatis
1260 5047 1452 5117 specie
1496 5048 1667 5117 absit,
1701 5050 1894 5103 danda
1927 5041 2127 5106 Hiero-

482 5131 658 5186 nymo
689 5114 876 5180 venia,
921 5116 1021 5184 qui
1063 5116 1173 5171 sibi
1208 5114 1403 5182 fucum
1437 5118 1506 5173 ab
1538 5114 1937 5176 eruditissimo
1988 5140 2127 5177 auc-

481 5189 604 5242 tore
635 5186 761 5241 fieri
793 5186 870 5241 sit
900 5202 1130 5258 passus.
1162 5188 1453 5243 Nimirum
1490 5191 1639 5245 ultro
1682 5193 1934 5247 fatemur
1974 5194 2127 5249 Rho-

483 5258 618 5313 dam
679 5258 1038 5314 Rhodiorum
1091 5259 1398 5326 coloniam,
1458 5278 1570 5315 non
1630 5262 1950 5318 Galliarum
2001 5282 2129 5321 esse

482 5330 784 5411 oppidum,
839 5332 951 5411 sed.
988 5331 1428 5411 Hispaniarum,
1472 5333 1711 5388 immani
1766 5351 1798 5389 a
1846 5336 2126 5411 Rhodano

483 5401 757 5477 dissitum
803 5402 1023 5477 spatio;
1074 5401 1167 5459 cui
1217 5404 1355 5459 dare
1401 5421 1610 5459 nomen
1660 5423 1847 5477 neque
1898 5408 1969 5462 ob
2017 5408 2126 5463 loci

485 5470 1064 5558 distantiam-potuit,
1096 5492 1285 5558 neque
1316 5492 1419 5548 per
1442 5481 1690 5558 {etate-m,
1714 5470 1843 5533 cum
1869 5479 2126 5558 diuante

486 5542 1004 5620 Rhodanusetdde
1052 5542 1288 5604 nomine
1317 5542 1638 5619 exstiterit,
1679 5542 1869 5620 quam
1924 5551 2126 5607 Rhoda

484 5618 657 5692 esset.
692 5614 876 5692 Hodie,
900 5618 998 5692 illa
1029 5621 1187 5676 Rosos
1217 5620 1450 5690 dicitur,
1504 5624 1561 5674 et
1609 5614 1734 5692 quae
1784 5622 1937 5677 circa
1966 5623 2121 5678 Rho-

480 5685 700 5766 danum
731 5690 1196 5766 estﬁhodanusia
1225 5712 1243 5747 :
1267 5685 1707 5766 constatquefex
1728 5710 1798 5766 eo
1819 5694 2123 5764 deceptum

478 5755 735 5819 Plinium
764 5775 970 5818 vocum
1020 5763 1425 5835 similitudine,
1480 5755 1636 5837 quod
1687 5765 1860 5824 sicuti
1900 5755 2121 5826 nullam

2240 3455 2459 3512 Graecia
2488 3456 2823 3510 vocabatur.
2880 3455 3045 3510 Certe
3094 3457 3249 3528 quod
3300 3457 3496 3527 negari
3528 3474 3643 3514 non
3676 3462 3887 3531 potest,

2241 3546 2482 3600 Romani
2523 3546 2593 3599 de
2636 3545 2821 3599 JEnece
2872 3544 3071 3599 Asiani
3103 3545 3361 3602 hominis
3406 3546 3585 3619 stirpe
3633 3549 3894 3620 generati
3994 3579 4003 3587 ι

2241 3640 2397 3690 sunt.
2432 3636 2510 3689 Ex
2543 3651 2655 3705 quo
2681 3634 2891 3702 evenit,
2918 3639 2983 3689 ut
3014 3639 3071 3689 ct
3103 3635 3163 3689 in
3188 3634 3496 3692 Occidente
3526 3636 3707 3692 Gra-ci
3738 3654 3891 3709 saepe

2243 3723 2531 3778 acuminis
2565 3723 2932 3793 reperiantur
2984 3723 3239 3795 ingenia,
3273 3728 3329 3779 et
3356 3723 3414 3778 in
3447 3722 3681 3780 Oriente
3731 3724 3891 3782 stoli-

2242 3812 2481 3867 ditatem
2533 3811 2841 3866 barbaram
2876 3813 2898 3846 ὀ
2928 3813 3245 3868 redoleant.
3296 3816 3410 3868 Nec
3455 3812 3564 3868 hoc
3607 3813 3881 3884 dicimus,

2242 3902 2397 3972 quod
2429 3918 2544 3955 non
2575 3918 2605 3956 e
2637 3901 2868 3971 regione
2900 3902 3213 3973 utrobique
3243 3903 3472 3958 diversa
3519 3908 3838 3961 nascantur
3869 3920 3883 3960 :

2242 3993 2343 4047 sed
2376 3992 2531 4063 quod
2562 4008 2630 4045 ex
2657 4008 2871 4063 magna
2919 3997 3082 4063 parte
3133 3992 3308 4048 etiam
3358 3996 3563 4048 caetera
3593 4010 3723 4067 quae
3769 4011 3886 4050 non

2242 4086 2382 4136 sunt
2421 4080 2657 4151 similia,
2694 4086 3127 4153 nuncupentur.
3162 4082 3362 4155 Itaque
3405 4100 3519 4139 non
3549 4082 3766 4139 mirum
3798 4088 3889 4141 est

2243 4169 2479 4237 stultos,
2541 4174 2598 4225 et
2658 4171 2729 4225 ad
2787 4170 3230 4243 intelligentiam
3300 4171 3588 4229 tardiores
3651 4172 3889 4230 Galatas

2243 4258 2601 4332 appellatos;
2652 4276 2785 4314 cum
2844 4266 2899 4315 et
2946 4259 3201 4316 Hilarius
3258 4261 3475 4317 Latinae
3541 4262 3886 4336 eloquentiae

2242 4348 2791 4416 Rhodanus,Gallus
2824 4349 2950 4421 ipse
2980 4354 3036 4405 et
3064 4349 3313 4406 Pictavis
3342 4351 3597 4424 genitus,
3628 4353 3688 4407 in
3720 4352 3889 4425 hym-

2241 4455 2451 4495 norum
2487 4438 2785 4494 carmine5
2815 4438 3011 4495 Gallos
3057 4438 3340 4495 indociles
3388 4443 3571 4496 vocet.
3616 4441 3685 4495 Et
3732 4440 3885 4512 quod

2241 4543 2398 4583 nunc
2427 4531 2724 4583 oratorum
2772 4527 2989 4583 fertiles
3039 4533 3198 4599 sunt,
3230 4545 3345 4585 non
3375 4532 3496 4584 tam
3529 4528 3601 4584 ad
3631 4528 3888 4600 regionis

2240 4689 2455 4745 RhOdt'B
2486 4689 2546 4745 in
2578 4689 2857 4761 Hispania
2886 4690 3243 4745 mentionem
3276 4687 3538 4761 fecit,ita
3566 4688 3881 4761 Rhodanu-

2241 4762 2339 4817 siae
2370 4762 2523 4817 circa
2553 4760 2899 4816 Rhodanum
2931 4760 3177 4817 nullam.
3222 4764 3398 4816 Porro
3441 4760 3882 4818 Rhodanusiam

2241 4850 2354 4889 non
2389 4834 2626 4916 dedisse
2641 4833 2933 4916 Rhodano
2964 4849 3197 4902 nomen,
3231 4832 3330 4889 sed
3364 4833 3680 4907 accepisse,
3714 4850 3884 4890 nemo

2240 4922 2353 4960 non
2386 4904 2675 4976 intelligit.
3503 4904 3522 4907 “
3664 4904 3672 4906 ⁷

2276 5048 2284 5057 _
2311 4978 2332 5010 ²
2363 4975 2607 5031 Palatin.
2637 4993 2747 5061 ms.
2785 4977 3007 5032 Carceia
3036 4994 3055 5031 :
3086 4992 3257 5103 porro
3280 4975 3505 5062 junctis
3539 4974 3885 5033 Cistercien-

2240 5048 2426 5103 sibus.
2460 5048 2681 5103 Hadria
2713 5066 2815 5103 pro
2843 5049 3018 5103 Idrus.
3053 5064 3083 5103 e
3139 5049 3447 5103 Gumnasiw
3493 5063 3595 5103 nro
3645 5046 3885 5103 Gymne-

2239 5048 2426 5131 sibus,
2460 5048 2815 5133 Hydriqpro
2843 5049 3018 5117 Idrus,
3053 5046 3111 5105 et
3139 5046 3447 5119 Gymhasiw
3492 5063 3595 5119 pro
3645 5046 3886 5119 Gymne-

2236 5122 2359 5190 siw,
2392 5120 2633 5176 consule
2662 5120 2938 5176 Plinium.

2247 5265 2278 5280 η
2309 5193 2498 5280 {Nor}.
2533 5193 2858 5280 Idrusused
2909 5191 3117 5280 Hydfia
3158 5190 3361 5264 legunt
3406 5205 3551 5246 mss.
3602 5190 3831 5249 codices
3864 5208 3879 5247 :

2240 5265 2335 5369 Εαέ
2336 5265 3444 5393 1Ἐῦἔὲίὲἒέῗ,δςᾶξίῖζίῗιίιξίῖἲῗιῗὺανονωηο

2307 5407 2327 5441 ⁵
2357 5413 2650 5481 Hymnum
2684 5413 2740 5481 et
2769 5425 3001 5481 carmen
3032 5424 3216 5463 unum
3247 5406 3521 5481 idemque
3550 5407 3885 5481 sonare,do-

2234 5483 2323 5534 cet
2371 5478 2496 5534 i'se
2546 5480 2803 5536 Hilarius
2852 5480 2913 5535 in
2962 5484 3210 5536 tractatu
3244 5478 3459 5552 psalmi
3489 5496 3602 5537 LIV.
3636 5480 3717 5535 Ex
3755 5480 3883 5551 ejus

2234 5566 2364 5604 vero
2396 5498 2630 5604 Evmnis
2662 5550 2804 5604 nulli
2839 5556 3139 5604 sunerant.
3171 5555 3521 5604 tantumque
3550 5551 3883 5604 verosimile

2230 5566 2364 5605 vero
2396 5551 2630 5624 hymnis
2662 5551 2804 5624 nulli
2839 5556 3139 5624 superant,
3171 5551 3521 5624 tantumque
3550 5551 3884 5624 verosimile

2233 5622 2661 5749 est,tquosdam
2693 5621 2752 5678 in
2785 5621 3176 5679 ecclesiastica
3203 5621 3534 5697 psalmo'dia
3550 5622 3732 5680 fuisse
3752 5640 3885 5681 sus-

2233 5710 2336 5767 cep
2367 5710 2449 5749 os.

3970 5660 4001 5675 ,ι
4056 5662 4063 5666 .
