  <div class='ocr_page' id='page_1' title='image "/cluster/home/n/w/nwhite01/storage/ocr_20150623/26/umn.31951002477320a/194.png"; bbox 0 0 4332 6584; ppageno 0'>
   <div class='ocr_carea' id='block_1_1' title="bbox 309 403 421 474">
    <p class='ocr_par' dir='ltr' id='par_1_1' title="bbox 309 403 421 474">
     <span class='ocr_line' id='line_1_1' title="bbox 309 403 421 474; baseline -0.036 0"><span class='ocrx_word' id='word_1_1' title='bbox 309 403 421 474; x_wconf 75' lang='grc'><strong>381</strong></span> 
     </span>
    </p>
   </div>
   <div class='ocr_carea' id='block_1_2' title="bbox 959 404 3069 493">
    <p class='ocr_par' dir='ltr' id='par_1_2' title="bbox 959 404 3069 493">
     <span class='ocr_line' id='line_1_2' title="bbox 959 404 3069 493; baseline 0.001 -21"><span class='ocrx_word' id='word_1_2' title='bbox 959 404 1479 475; x_wconf 84' lang='lat' dir='ltr'><strong>COMMENTAR.</strong></span> <span class='ocrx_word' id='word_1_3' title='bbox 1527 410 1605 474; x_wconf 92' lang='lat' dir='ltr'><strong>IN</strong></span> <span class='ocrx_word' id='word_1_4' title='bbox 1651 411 1902 475; x_wconf 86' lang='lat' dir='ltr'><strong>EPIST.</strong></span> <span class='ocrx_word' id='word_1_5' title='bbox 1946 412 2051 475; x_wconf 80' lang='lat' dir='ltr'><strong>AD</strong></span> <span class='ocrx_word' id='word_1_6' title='bbox 2097 408 2385 476; x_wconf 81' lang='lat' dir='ltr'><strong>GALAT.</strong></span> <span class='ocrx_word' id='word_1_7' title='bbox 2430 415 2585 479; x_wconf 81' lang='lat' dir='ltr'><strong>LIB.</strong></span> <span class='ocrx_word' id='word_1_8' title='bbox 2626 416 2701 493; x_wconf 92' lang='grc' dir='ltr'><strong>Ῑῐ,</strong></span> <span class='ocrx_word' id='word_1_9' title='bbox 2749 413 2920 477; x_wconf 83' lang='lat' dir='ltr'><strong>CAP.</strong></span> <span class='ocrx_word' id='word_1_10' title='bbox 2963 406 3069 477; x_wconf 85' lang='grc' dir='ltr'><strong>ΙῙῙ.</strong></span> 
     </span>
    </p>
   </div>
   <div class='ocr_carea' id='block_1_3' title="bbox 3607 404 3728 473">
    <p class='ocr_par' dir='ltr' id='par_1_3' title="bbox 3607 404 3728 473">
     <span class='ocr_line' id='line_1_3' title="bbox 3607 404 3728 473; baseline 0 0"><span class='ocrx_word' id='word_1_11' title='bbox 3607 404 3728 473; x_wconf 73' lang='lat'><strong>382</strong></span> 
     </span>
    </p>
   </div>
   <div class='ocr_carea' id='block_1_4' title="bbox 325 542 3725 618">
    <p class='ocr_par' dir='ltr' id='par_1_4' title="bbox 325 542 3725 618">
     <span class='ocr_line' id='line_1_4' title="bbox 325 542 3725 618; baseline 0 -18"><span class='ocrx_word' id='word_1_12' title='bbox 325 542 717 617; x_wconf 79' lang='lat' dir='ltr'><strong>diligentiam,</strong></span> <span class='ocrx_word' id='word_1_13' title='bbox 748 559 923 617; x_wconf 89' lang='lat' dir='ltr'><strong>quam</strong></span> <span class='ocrx_word' id='word_1_14' title='bbox 963 546 1031 600; x_wconf 91' lang='lat' dir='ltr'><strong>ad</strong></span> <span class='ocrx_word' id='word_1_15' title='bbox 1086 545 1508 601; x_wconf 87' lang='lat' dir='ltr'><strong>rhetoricorum</strong></span> <span class='ocrx_word' id='word_1_16' title='bbox 1558 547 1662 618; x_wconf 75' lang='grc' dir='ltr'><strong>[Αἱ.</strong></span> <span class='ocrx_word' id='word_1_17' title='bbox 1722 546 1965 602; x_wconf 89' lang='lat' dir='ltr'><strong>rhetori-</strong></span> <span class='ocrx_word' id='word_1_18' title='bbox 1995 550 2047 617; x_wconf 82' lang='grc' dir='ltr'><strong>Α</strong></span> <span class='ocrx_word' id='word_1_19' title='bbox 2079 547 2241 604; x_wconf 86' lang='lat' dir='ltr'>Unde</span> <span class='ocrx_word' id='word_1_20' title='bbox 2264 548 2335 602; x_wconf 91' lang='lat' dir='ltr'><strong>ad</strong></span> <span class='ocrx_word' id='word_1_21' title='bbox 2364 565 2461 603; x_wconf 90' lang='lat' dir='ltr'><strong>eos</strong></span> <span class='ocrx_word' id='word_1_22' title='bbox 2509 547 2822 604; x_wconf 80' lang='lat' dir='ltr'><strong>scribitur:</strong></span> <span class='ocrx_word' id='word_1_23' title='bbox 2869 549 2944 603; x_wconf 87' lang='lat' dir='ltr'><strong>De</strong></span> <span class='ocrx_word' id='word_1_24' title='bbox 2991 548 3257 604; x_wconf 86' lang='lat' dir='ltr'><strong>charitate</strong></span> <span class='ocrx_word' id='word_1_25' title='bbox 3300 553 3480 602; x_wconf 87' lang='lat' dir='ltr'><strong>autem</strong></span> <span class='ocrx_word' id='word_1_26' title='bbox 3521 546 3725 618; x_wconf 83' lang='lat' dir='ltr'><strong>frater-</strong></span> 
     </span>
    </p>
   </div>
   <div class='ocr_carea' id='block_1_5' title="bbox 310 632 1966 707">
    <p class='ocr_par' dir='ltr' id='par_1_5' title="bbox 310 632 1966 707">
     <span class='ocr_line' id='line_1_5' title="bbox 310 632 1966 707; baseline 0 -16"><span class='ocrx_word' id='word_1_27' title='bbox 310 635 470 706; x_wconf 86' lang='lat' dir='ltr'><strong>cum]</strong></span> <span class='ocrx_word' id='word_1_28' title='bbox 503 634 815 690; x_wconf 89' lang='lat' dir='ltr'><strong>clamorem</strong></span> <span class='ocrx_word' id='word_1_29' title='bbox 847 632 1136 705; x_wconf 78' lang='lat' dir='ltr'><strong>pertinet:</strong></span> <span class='ocrx_word' id='word_1_30' title='bbox 1171 635 1424 690; x_wconf 81' lang='lat' dir='ltr'><strong>maxime</strong></span> <span class='ocrx_word' id='word_1_31' title='bbox 1465 652 1597 690; x_wconf 90' lang='lat' dir='ltr'><strong>cum</strong></span> <span class='ocrx_word' id='word_1_32' title='bbox 1648 636 1966 707; x_wconf 78' lang='lat' dir='ltr'><strong>Aquitania</strong></span> 
     </span>
    </p>
   </div>
   <div class='ocr_carea' id='block_1_6' title="bbox 320 723 1966 798">
    <p class='ocr_par' dir='ltr' id='par_1_6' title="bbox 320 723 1966 798">
     <span class='ocr_line' id='line_1_6' title="bbox 320 723 1966 798; baseline 0.002 -18"><span class='ocrx_word' id='word_1_33' title='bbox 320 724 430 797; x_wconf 78' lang='lat' dir='ltr'><strong><em>[AL</em></strong></span> <span class='ocrx_word' id='word_1_34' title='bbox 464 723 827 796; x_wconf 82' lang='lat' dir='ltr'><strong>Aquitanica]</strong></span> <span class='ocrx_word' id='word_1_35' title='bbox 875 723 1070 781; x_wconf 85' lang='lat' dir='ltr'><strong>Graca</strong></span> <span class='ocrx_word' id='word_1_36' title='bbox 1118 742 1180 780; x_wconf 92' lang='lat' dir='ltr'><strong>se</strong></span> <span class='ocrx_word' id='word_1_37' title='bbox 1219 725 1403 795; x_wconf 85' lang='lat' dir='ltr'><strong>jactet</strong></span> <span class='ocrx_word' id='word_1_38' title='bbox 1448 726 1708 798; x_wconf 80' lang='lat' dir='ltr'><strong>origine:</strong></span> <span class='ocrx_word' id='word_1_39' title='bbox 1751 732 1807 781; x_wconf 91' lang='lat' dir='ltr'><strong>et</strong></span> <span class='ocrx_word' id='word_1_40' title='bbox 1856 727 1966 783; x_wconf 87' lang='lat' dir='ltr'><strong>Ga-</strong></span> 
     </span>
    </p>
   </div>
   <div class='ocr_carea' id='block_1_7' title="bbox 313 812 1966 885">
    <p class='ocr_par' dir='ltr' id='par_1_7' title="bbox 313 812 1966 885">
     <span class='ocr_line' id='line_1_7' title="bbox 313 812 1966 885; baseline 0.001 -15"><span class='ocrx_word' id='word_1_41' title='bbox 313 812 445 870; x_wconf 83' lang='lat' dir='ltr'><strong>lata</strong></span> <span class='ocrx_word' id='word_1_42' title='bbox 477 830 592 869; x_wconf 90' lang='lat' dir='ltr'><strong>non</strong></span> <span class='ocrx_word' id='word_1_43' title='bbox 624 814 696 868; x_wconf 92' lang='lat' dir='ltr'><strong>de</strong></span> <span class='ocrx_word' id='word_1_44' title='bbox 724 812 825 868; x_wconf 88' lang='lat' dir='ltr'><strong>illa</strong></span> <span class='ocrx_word' id='word_1_45' title='bbox 855 818 1018 885; x_wconf 87' lang='lat' dir='ltr'><strong>parte</strong></span> <span class='ocrx_word' id='word_1_46' title='bbox 1048 820 1361 881; x_wconf 89' lang='lat' dir='ltr'><strong>terrarum,</strong></span> <span class='ocrx_word' id='word_1_47' title='bbox 1413 816 1512 870; x_wconf 88' lang='lat' dir='ltr'><strong>sed</strong></span> <span class='ocrx_word' id='word_1_48' title='bbox 1568 816 1639 870; x_wconf 92' lang='lat' dir='ltr'><strong>de</strong></span> <span class='ocrx_word' id='word_1_49' title='bbox 1679 816 1966 871; x_wconf 87' lang='lat' dir='ltr'><strong>ferociori-</strong></span> 
     </span>
    </p>
   </div>
   <div class='ocr_carea' id='block_1_8' title="bbox 311 901 1968 975">
    <p class='ocr_par' dir='ltr' id='par_1_8' title="bbox 311 901 1968 975">
     <span class='ocr_line' id='line_1_8' title="bbox 311 901 1968 975; baseline 0.001 -15"><span class='ocrx_word' id='word_1_50' title='bbox 311 903 426 960; x_wconf 87' lang='lat' dir='ltr'><strong>bus</strong></span> <span class='ocrx_word' id='word_1_51' title='bbox 452 901 638 959; x_wconf 83' lang='lat' dir='ltr'><strong>Gallis</strong></span> <span class='ocrx_word' id='word_1_52' title='bbox 687 901 808 959; x_wconf 90' lang='lat' dir='ltr'><strong>sint</strong></span> <span class='ocrx_word' id='word_1_53' title='bbox 855 902 1118 974; x_wconf 87' lang='lat' dir='ltr'><strong>profecti.</strong></span> <span class='ocrx_word' id='word_1_54' title='bbox 1170 903 1364 958; x_wconf 87' lang='lat' dir='ltr'><strong>Vultis</strong></span> <span class='ocrx_word' id='word_1_55' title='bbox 1415 905 1584 975; x_wconf 90' lang='lat' dir='ltr'><strong>scire,</strong></span> <span class='ocrx_word' id='word_1_56' title='bbox 1635 922 1666 960; x_wconf 94' lang='grc' dir='ltr'>ο</span> <span class='ocrx_word' id='word_1_57' title='bbox 1698 905 1881 961; x_wconf 89' lang='lat' dir='ltr'><strong>Paula</strong></span> <span class='ocrx_word' id='word_1_58' title='bbox 1910 910 1968 962; x_wconf 88' lang='lat' dir='ltr'><strong>et</strong></span> 
     </span>
    </p>
   </div>
   <div class='ocr_carea' id='block_1_9' title="bbox 312 991 1969 1066">
    <p class='ocr_par' dir='ltr' id='par_1_9' title="bbox 312 991 1969 1066">
     <span class='ocr_line' id='line_1_9' title="bbox 312 991 1969 1066; baseline 0.001 -17"><span class='ocrx_word' id='word_1_59' title='bbox 312 992 716 1060; x_wconf 89' lang='lat' dir='ltr'><strong>Eustochium,</strong></span> <span class='ocrx_word' id='word_1_60' title='bbox 764 993 1058 1064; x_wconf 90' lang='lat' dir='ltr'><strong>quomodo</strong></span> <span class='ocrx_word' id='word_1_61' title='bbox 1115 991 1430 1064; x_wconf 82' lang='lat' dir='ltr'><strong>Apostolus</strong></span> <span class='ocrx_word' id='word_1_62' title='bbox 1488 1010 1969 1066; x_wconf 82' lang='lat' dir='ltr'><strong>unamquamque</strong></span> 
     </span>
    </p>
   </div>
   <div class='ocr_carea' id='block_1_10' title="bbox 311 1080 1966 1155">
    <p class='ocr_par' dir='ltr' id='par_1_10' title="bbox 311 1080 1966 1155">
     <span class='ocr_line' id='line_1_10' title="bbox 311 1080 1966 1155; baseline 0.002 -20"><span class='ocrx_word' id='word_1_63' title='bbox 311 1080 672 1154; x_wconf 84' lang='lat' dir='ltr'><strong>provinciam</strong></span> <span class='ocrx_word' id='word_1_64' title='bbox 705 1080 830 1137; x_wconf 87' lang='lat' dir='ltr'><strong>suis</strong></span> <span class='ocrx_word' id='word_1_65' title='bbox 880 1081 1338 1153; x_wconf 76' lang='lat' dir='ltr'><strong>proprietatibus</strong></span> <span class='ocrx_word' id='word_1_66' title='bbox 1385 1081 1723 1137; x_wconf 87' lang='lat' dir='ltr'><strong>denotarit?</strong></span> <span class='ocrx_word' id='word_1_67' title='bbox 1772 1084 1966 1155; x_wconf 87' lang='lat' dir='ltr'><strong>Usque</strong></span> 
     </span>
    </p>
   </div>
   <div class='ocr_carea' id='block_1_11' title="bbox 310 1170 1965 1241">
    <p class='ocr_par' dir='ltr' id='par_1_11' title="bbox 310 1170 1965 1241">
     <span class='ocr_line' id='line_1_11' title="bbox 310 1170 1965 1241; baseline -0.001 -13"><span class='ocrx_word' id='word_1_68' title='bbox 310 1170 482 1228; x_wconf 84' lang='lat' dir='ltr'><strong>hodie</strong></span> <span class='ocrx_word' id='word_1_69' title='bbox 511 1172 717 1227; x_wconf 91' lang='lat' dir='ltr'><strong>eadem</strong></span> <span class='ocrx_word' id='word_1_70' title='bbox 745 1170 834 1225; x_wconf 87' lang='lat' dir='ltr'><strong>vel</strong></span> <span class='ocrx_word' id='word_1_71' title='bbox 864 1170 1150 1225; x_wconf 83' lang='lat' dir='ltr'><strong>virtutum</strong></span> <span class='ocrx_word' id='word_1_72' title='bbox 1200 1170 1443 1241; x_wconf 90' lang='lat' dir='ltr'><strong>vestigia</strong></span> <span class='ocrx_word' id='word_1_73' title='bbox 1481 1176 1845 1241; x_wconf 77' lang='lat' dir='ltr'><strong>permanent,</strong></span> <span class='ocrx_word' id='word_1_74' title='bbox 1877 1172 1965 1228; x_wconf 89' lang='lat' dir='ltr'><strong>vel</strong></span> 
     </span>
    </p>
   </div>
   <div class='ocr_carea' id='block_1_12' title="bbox 310 1258 1962 1333">
    <p class='ocr_par' dir='ltr' id='par_1_12' title="bbox 310 1258 1962 1333">
     <span class='ocr_line' id='line_1_12' title="bbox 310 1258 1962 1333; baseline -0.001 -16"><span class='ocrx_word' id='word_1_75' title='bbox 310 1277 596 1317; x_wconf 87' lang='lat' dir='ltr'><strong>errorum.</strong></span> <span class='ocrx_word' id='word_1_76' title='bbox 621 1260 896 1315; x_wconf 79' lang='lat' dir='ltr'><strong>Romana</strong></span> <span class='ocrx_word' id='word_1_77' title='bbox 926 1258 1112 1331; x_wconf 87' lang='lat' dir='ltr'><strong>plebis</strong></span> <span class='ocrx_word' id='word_1_78' title='bbox 1131 1259 1406 1315; x_wconf 87' lang='lat' dir='ltr'><strong>laudatur</strong></span> <span class='ocrx_word' id='word_1_79' title='bbox 1430 1260 1575 1315; x_wconf 86' lang='lat' dir='ltr'><strong>ﬁdes</strong></span> <span class='ocrx_word' id='word_1_80' title='bbox 1606 1261 1779 1333; x_wconf 85' lang='lat' dir='ltr'><strong>(Rom.</strong></span> <span class='ocrx_word' id='word_1_81' title='bbox 1816 1280 1853 1333; x_wconf 79' lang='grc' dir='ltr'><strong>ι,</strong></span> <span class='ocrx_word' id='word_1_82' title='bbox 1885 1263 1962 1331; x_wconf 90' lang='lat'><strong>8).</strong></span> 
     </span>
    </p>
   </div>
   <div class='ocr_carea' id='block_1_13' title="bbox 306 1348 1966 1421">
    <p class='ocr_par' dir='ltr' id='par_1_13' title="bbox 306 1348 1966 1421">
     <span class='ocr_line' id='line_1_13' title="bbox 306 1348 1966 1421; baseline -0.001 -13"><span class='ocrx_word' id='word_1_83' title='bbox 306 1349 416 1409; x_wconf 89' lang='lat' dir='ltr'><strong>Ubi</strong></span> <span class='ocrx_word' id='word_1_84' title='bbox 460 1349 601 1406; x_wconf 88' lang='lat' dir='ltr'><strong>alibi</strong></span> <span class='ocrx_word' id='word_1_85' title='bbox 634 1353 797 1405; x_wconf 92' lang='lat' dir='ltr'><strong>tanto</strong></span> <span class='ocrx_word' id='word_1_86' title='bbox 848 1348 1041 1404; x_wconf 91' lang='lat' dir='ltr'><strong>studio</strong></span> <span class='ocrx_word' id='word_1_87' title='bbox 1090 1353 1146 1405; x_wconf 89' lang='lat' dir='ltr'><strong>et</strong></span> <span class='ocrx_word' id='word_1_88' title='bbox 1192 1349 1539 1421; x_wconf 86' lang='lat' dir='ltr'><strong>frequentia,</strong></span> <span class='ocrx_word' id='word_1_89' title='bbox 1589 1350 1658 1405; x_wconf 92' lang='lat' dir='ltr'><strong>ad</strong></span> <span class='ocrx_word' id='word_1_90' title='bbox 1691 1350 1966 1407; x_wconf 87' lang='lat' dir='ltr'><strong>ecclesias</strong></span> 
     </span>
    </p>
   </div>
   <div class='ocr_carea' id='block_1_14' title="bbox 304 1437 1961 1511">
    <p class='ocr_par' dir='ltr' id='par_1_14' title="bbox 304 1437 1961 1511">
     <span class='ocr_line' id='line_1_14' title="bbox 304 1437 1961 1511; baseline -0.001 -15"><span class='ocrx_word' id='word_1_91' title='bbox 304 1442 363 1496; x_wconf 89' lang='lat' dir='ltr'><strong>et</strong></span> <span class='ocrx_word' id='word_1_92' title='bbox 392 1439 465 1495; x_wconf 92' lang='lat' dir='ltr'><strong>ad</strong></span> <span class='ocrx_word' id='word_1_93' title='bbox 496 1442 822 1511; x_wconf 87' lang='lat' dir='ltr'><strong>martyrum</strong></span> <span class='ocrx_word' id='word_1_94' title='bbox 854 1437 1122 1511; x_wconf 87' lang='lat' dir='ltr'><strong>sepulcra</strong></span> <span class='ocrx_word' id='word_1_95' title='bbox 1168 1437 1534 1494; x_wconf 88' lang='lat' dir='ltr'><strong>concurritur</strong></span> <span class='ocrx_word' id='word_1_96' title='bbox 1554 1438 1581 1492; x_wconf 87' lang='lat'><strong>?</strong></span> <span class='ocrx_word' id='word_1_97' title='bbox 1614 1439 1713 1493; x_wconf 91' lang='lat' dir='ltr'><strong>ubi</strong></span> <span class='ocrx_word' id='word_1_98' title='bbox 1775 1439 1857 1494; x_wconf 88' lang='lat' dir='ltr'><strong>sic</strong></span> <span class='ocrx_word' id='word_1_99' title='bbox 1890 1440 1961 1495; x_wconf 89' lang='lat' dir='ltr'><strong>ad</strong></span> 
     </span>
    </p>
   </div>
   <div class='ocr_carea' id='block_1_15' title="bbox 307 1527 1964 1597">
    <p class='ocr_par' dir='ltr' id='par_1_15' title="bbox 307 1527 1964 1597">
     <span class='ocr_line' id='line_1_15' title="bbox 307 1527 1964 1597; baseline 0.001 -13"><span class='ocrx_word' id='word_1_100' title='bbox 307 1527 758 1585; x_wconf 88' lang='lat' dir='ltr'><strong>similitudinem</strong></span> <span class='ocrx_word' id='word_1_101' title='bbox 820 1528 1071 1584; x_wconf 86' lang='lat' dir='ltr'><strong>ccelestis</strong></span> <span class='ocrx_word' id='word_1_102' title='bbox 1130 1528 1373 1583; x_wconf 90' lang='lat' dir='ltr'><strong>tonitrui</strong></span> <span class='ocrx_word' id='word_1_103' title='bbox 1424 1530 1595 1584; x_wconf 84' lang='lat' dir='ltr'><strong>Amen</strong></span> <span class='ocrx_word' id='word_1_104' title='bbox 1625 1530 1845 1597; x_wconf 85' lang='lat' dir='ltr'><strong>reboat,</strong></span> <span class='ocrx_word' id='word_1_105' title='bbox 1906 1534 1964 1585; x_wconf 86' lang='lat' dir='ltr'><strong>et</strong></span> 
     </span>
    </p>
   </div>
   <div class='ocr_carea' id='block_1_16' title="bbox 304 1617 1957 1691">
    <p class='ocr_par' dir='ltr' id='par_1_16' title="bbox 304 1617 1957 1691">
     <span class='ocr_line' id='line_1_16' title="bbox 304 1617 1957 1691; baseline 0.001 -18"><span class='ocrx_word' id='word_1_106' title='bbox 304 1617 837 1680; x_wconf 65' lang='lat' dir='ltr'><strong>vacuajdolorum</strong></span> <span class='ocrx_word' id='word_1_107' title='bbox 898 1617 1118 1689; x_wconf 87' lang='lat' dir='ltr'><strong>templa</strong></span> <span class='ocrx_word' id='word_1_108' title='bbox 1175 1617 1569 1690; x_wconf 80' lang='lat' dir='ltr'><strong>quatiuntur?</strong></span> <span class='ocrx_word' id='word_1_109' title='bbox 1622 1619 1747 1673; x_wconf 91' lang='lat' dir='ltr'><strong>Non</strong></span> <span class='ocrx_word' id='word_1_110' title='bbox 1805 1619 1957 1691; x_wconf 91' lang='lat' dir='ltr'><strong>quod</strong></span> 
     </span>
    </p>
   </div>
   <div class='ocr_carea' id='block_1_17' title="bbox 301 1705 1960 1779">
    <p class='ocr_par' dir='ltr' id='par_1_17' title="bbox 301 1705 1960 1779">
     <span class='ocr_line' id='line_1_17' title="bbox 301 1705 1960 1779; baseline 0.001 -16"><span class='ocrx_word' id='word_1_111' title='bbox 301 1705 482 1763; x_wconf 86' lang='lat' dir='ltr'><strong>aliam</strong></span> <span class='ocrx_word' id='word_1_112' title='bbox 541 1706 796 1763; x_wconf 90' lang='lat' dir='ltr'><strong>habeant</strong></span> <span class='ocrx_word' id='word_1_113' title='bbox 848 1707 1097 1762; x_wconf 86' lang='lat' dir='ltr'><strong>Romani</strong></span> <span class='ocrx_word' id='word_1_114' title='bbox 1146 1708 1347 1774; x_wconf 83' lang='lat' dir='ltr'><strong>fidem,</strong></span> <span class='ocrx_word' id='word_1_115' title='bbox 1397 1708 1511 1763; x_wconf 91' lang='lat' dir='ltr'><strong>nisi</strong></span> <span class='ocrx_word' id='word_1_116' title='bbox 1574 1708 1726 1764; x_wconf 89' lang='lat' dir='ltr'><strong>hanc</strong></span> <span class='ocrx_word' id='word_1_117' title='bbox 1783 1726 1960 1779; x_wconf 88' lang='lat' dir='ltr'><strong>quam</strong></span> 
     </span>
    </p>
   </div>
   <div class='ocr_carea' id='block_1_18' title="bbox 301 1795 1961 1869">
    <p class='ocr_par' dir='ltr' id='par_1_18' title="bbox 301 1795 1961 1869">
     <span class='ocr_line' id='line_1_18' title="bbox 301 1795 1961 1869; baseline 0.001 -17"><span class='ocrx_word' id='word_1_118' title='bbox 301 1811 509 1853; x_wconf 88' lang='lat' dir='ltr'><strong>omnes</strong></span> <span class='ocrx_word' id='word_1_119' title='bbox 538 1795 755 1852; x_wconf 87' lang='lat' dir='ltr'><strong>Christi</strong></span> <span class='ocrx_word' id='word_1_120' title='bbox 786 1795 1097 1864; x_wconf 86' lang='lat' dir='ltr'><strong>Ecclesia;</strong></span> <span class='ocrx_word' id='word_1_121' title='bbox 1148 1797 1249 1851; x_wconf 91' lang='lat' dir='ltr'><strong>sed</strong></span> <span class='ocrx_word' id='word_1_122' title='bbox 1302 1798 1456 1869; x_wconf 91' lang='lat' dir='ltr'><strong>quod</strong></span> <span class='ocrx_word' id='word_1_123' title='bbox 1509 1798 1737 1853; x_wconf 89' lang='lat' dir='ltr'><strong>devotio</strong></span> <span class='ocrx_word' id='word_1_124' title='bbox 1786 1797 1846 1852; x_wconf 91' lang='lat' dir='ltr'><strong>in</strong></span> <span class='ocrx_word' id='word_1_125' title='bbox 1877 1797 1961 1853; x_wconf 91' lang='lat' dir='ltr'><strong>eis</strong></span> 
     </span>
    </p>
   </div>
   <div class='ocr_carea' id='block_1_19' title="bbox 304 1884 2039 1993">
    <p class='ocr_par' dir='ltr' id='par_1_19' title="bbox 304 1884 2039 1993">
     <span class='ocr_line' id='line_1_19' title="bbox 304 1884 2039 1993; baseline 0.001 -53"><span class='ocrx_word' id='word_1_126' title='bbox 304 1885 497 1993; x_wconf 43' lang='lat' dir='ltr'><strong>maior</strong></span> <span class='ocrx_word' id='word_1_127' title='bbox 527 1884 625 1984; x_wconf 76' lang='lat' dir='ltr'><strong>sit,</strong></span> <span class='ocrx_word' id='word_1_128' title='bbox 658 1889 717 1941; x_wconf 87' lang='lat' dir='ltr'><strong>et</strong></span> <span class='ocrx_word' id='word_1_129' title='bbox 761 1884 1113 1957; x_wconf 86' lang='lat' dir='ltr'><strong>simplicitas</strong></span> <span class='ocrx_word' id='word_1_130' title='bbox 1143 1885 1215 1941; x_wconf 94' lang='lat' dir='ltr'><strong>ad</strong></span> <span class='ocrx_word' id='word_1_131' title='bbox 1266 1887 1645 1954; x_wconf 78' lang='lat' dir='ltr'><strong>credendum.</strong></span> <span class='ocrx_word' id='word_1_132' title='bbox 1701 1887 1957 1942; x_wconf 85' lang='lat' dir='ltr'><strong>Rursum</strong></span> <span class='ocrx_word' id='word_1_133' title='bbox 1992 1928 2039 1993; x_wconf 79' lang='grc' dir='ltr'><strong>Β</strong></span> 
     </span>
    </p>
   </div>
   <div class='ocr_carea' id='block_1_20' title="bbox 304 1973 1964 2047">
    <p class='ocr_par' dir='ltr' id='par_1_20' title="bbox 304 1973 1964 2047">
     <span class='ocr_line' id='line_1_20' title="bbox 304 1973 1964 2047; baseline 0.002 -18"><span class='ocrx_word' id='word_1_134' title='bbox 304 1973 602 2029; x_wconf 81' lang='lat' dir='ltr'><strong>facilitatis</strong></span> <span class='ocrx_word' id='word_1_135' title='bbox 653 1978 709 2029; x_wconf 91' lang='lat' dir='ltr'><strong>et</strong></span> <span class='ocrx_word' id='word_1_136' title='bbox 756 1975 1042 2047; x_wconf 87' lang='lat' dir='ltr'><strong>superbia</strong></span> <span class='ocrx_word' id='word_1_137' title='bbox 1096 1980 1444 2047; x_wconf 90' lang='lat' dir='ltr'><strong>arguuntur.</strong></span> <span class='ocrx_word' id='word_1_138' title='bbox 1502 1975 1840 2046; x_wconf 85' lang='lat' dir='ltr'><strong>Facilitatis,</strong></span> <span class='ocrx_word' id='word_1_139' title='bbox 1897 1980 1964 2032; x_wconf 90' lang='lat' dir='ltr'><strong>ut</strong></span> 
     </span>
    </p>
   </div>
   <div class='ocr_carea' id='block_1_21' title="bbox 299 2062 1963 2138">
    <p class='ocr_par' dir='ltr' id='par_1_21' title="bbox 299 2062 1963 2138">
     <span class='ocr_line' id='line_1_21' title="bbox 299 2062 1963 2138; baseline 0.002 -20"><span class='ocrx_word' id='word_1_140' title='bbox 299 2062 387 2119; x_wconf 91' lang='lat' dir='ltr'><strong>ibi</strong></span> <span class='ocrx_word' id='word_1_141' title='bbox 415 2078 429 2118; x_wconf 90' lang='lat'>:</span> <span class='ocrx_word' id='word_1_142' title='bbox 465 2066 614 2137; x_wconf 91' lang='lat' dir='ltr'><strong>Rogo</strong></span> <span class='ocrx_word' id='word_1_143' title='bbox 641 2080 754 2129; x_wconf 85' lang='lat' dir='ltr'><strong>vos,</strong></span> <span class='ocrx_word' id='word_1_144' title='bbox 784 2067 1014 2134; x_wconf 83' lang='lat' dir='ltr'><strong>fratres,</strong></span> <span class='ocrx_word' id='word_1_145' title='bbox 1044 2073 1105 2121; x_wconf 88' lang='lat' dir='ltr'><strong>ut</strong></span> <span class='ocrx_word' id='word_1_146' title='bbox 1150 2066 1440 2122; x_wconf 74' lang='lat' dir='ltr'><strong>observetis</strong></span> <span class='ocrx_word' id='word_1_147' title='bbox 1470 2083 1559 2121; x_wconf 87' lang='lat' dir='ltr'><strong>eos</strong></span> <span class='ocrx_word' id='word_1_148' title='bbox 1603 2068 1699 2138; x_wconf 89' lang='lat' dir='ltr'><strong>qui</strong></span> <span class='ocrx_word' id='word_1_149' title='bbox 1745 2066 1963 2122; x_wconf 86' lang='lat' dir='ltr'><strong>dissen-</strong></span> 
     </span>
    </p>
   </div>
   <div class='ocr_carea' id='block_1_22' title="bbox 295 2153 1966 2227">
    <p class='ocr_par' dir='ltr' id='par_1_22' title="bbox 295 2153 1966 2227">
     <span class='ocr_line' id='line_1_22' title="bbox 295 2153 1966 2227; baseline 0.001 -18"><span class='ocrx_word' id='word_1_150' title='bbox 295 2155 481 2210; x_wconf 84' lang='lat' dir='ltr'><strong>siones</strong></span> <span class='ocrx_word' id='word_1_151' title='bbox 512 2157 564 2208; x_wconf 90' lang='lat' dir='ltr'><strong>et</strong></span> <span class='ocrx_word' id='word_1_152' title='bbox 622 2153 975 2225; x_wconf 68' lang='lat' dir='ltr'><strong>offendicula,</strong></span> <span class='ocrx_word' id='word_1_153' title='bbox 1030 2162 1231 2226; x_wconf 76' lang='lat' dir='ltr'><strong>prater</strong></span> <span class='ocrx_word' id='word_1_154' title='bbox 1283 2155 1601 2211; x_wconf 78' lang='lat' dir='ltr'><strong>doctrinam</strong></span> <span class='ocrx_word' id='word_1_155' title='bbox 1657 2172 1828 2227; x_wconf 90' lang='lat' dir='ltr'><strong>quam</strong></span> <span class='ocrx_word' id='word_1_156' title='bbox 1874 2173 1966 2212; x_wconf 90' lang='lat' dir='ltr'><strong>vos</strong></span> 
     </span>
    </p>
   </div>
   <div class='ocr_carea' id='block_1_23' title="bbox 292 2242 1967 2317">
    <p class='ocr_par' dir='ltr' id='par_1_23' title="bbox 292 2242 1967 2317">
     <span class='ocr_line' id='line_1_23' title="bbox 292 2242 1967 2317; baseline 0.003 -20"><span class='ocrx_word' id='word_1_157' title='bbox 292 2242 601 2310; x_wconf 76' lang='lat' dir='ltr'><strong>didicistis,</strong></span> <span class='ocrx_word' id='word_1_158' title='bbox 634 2243 890 2312; x_wconf 84' lang='lat' dir='ltr'><strong>faciunt:</strong></span> <span class='ocrx_word' id='word_1_159' title='bbox 922 2252 978 2299; x_wconf 85' lang='lat' dir='ltr'><strong>et</strong></span> <span class='ocrx_word' id='word_1_160' title='bbox 1024 2243 1299 2301; x_wconf 88' lang='lat' dir='ltr'><strong>dectinate</strong></span> <span class='ocrx_word' id='word_1_161' title='bbox 1345 2247 1419 2301; x_wconf 92' lang='lat' dir='ltr'><strong>ab</strong></span> <span class='ocrx_word' id='word_1_162' title='bbox 1452 2247 1602 2301; x_wconf 89' lang='lat' dir='ltr'><strong>illis:</strong></span> <span class='ocrx_word' id='word_1_163' title='bbox 1654 2247 1967 2317; x_wconf 87' lang='lat' dir='ltr'><strong>hujusmodi</strong></span> 
     </span>
    </p>
   </div>
   <div class='ocr_carea' id='block_1_24' title="bbox 298 2330 1961 2406">
    <p class='ocr_par' dir='ltr' id='par_1_24' title="bbox 298 2330 1961 2406">
     <span class='ocr_line' id='line_1_24' title="bbox 298 2330 1961 2406; baseline 0.001 -18"><span class='ocrx_word' id='word_1_164' title='bbox 298 2333 459 2388; x_wconf 84' lang='lat' dir='ltr'><strong>enim</strong></span> <span class='ocrx_word' id='word_1_165' title='bbox 490 2330 704 2387; x_wconf 87' lang='lat' dir='ltr'><strong>Christo</strong></span> <span class='ocrx_word' id='word_1_166' title='bbox 730 2332 959 2387; x_wconf 84' lang='lat' dir='ltr'><strong>Domino</strong></span> <span class='ocrx_word' id='word_1_167' title='bbox 982 2331 1096 2405; x_wconf 80' lang='grc' dir='ltr'><strong>[ΑΙ.</strong></span> <span class='ocrx_word' id='word_1_168' title='bbox 1131 2333 1293 2389; x_wconf 88' lang='lat' dir='ltr'><strong>addit</strong></span> <span class='ocrx_word' id='word_1_169' title='bbox 1322 2336 1533 2406; x_wconf 88' lang='lat' dir='ltr'><strong>nostro]</strong></span> <span class='ocrx_word' id='word_1_170' title='bbox 1555 2350 1665 2390; x_wconf 85' lang='lat' dir='ltr'><strong>non</strong></span> <span class='ocrx_word' id='word_1_171' title='bbox 1694 2336 1961 2402; x_wconf 85' lang='lat' dir='ltr'><strong>serviunt,</strong></span> 
     </span>
    </p>
   </div>
   <div class='ocr_carea' id='block_1_25' title="bbox 294 2420 1965 2493">
    <p class='ocr_par' dir='ltr' id='par_1_25' title="bbox 294 2420 1965 2493">
     <span class='ocr_line' id='line_1_25' title="bbox 294 2420 1965 2493; baseline 0.001 -16"><span class='ocrx_word' id='word_1_172' title='bbox 294 2420 399 2477; x_wconf 87' lang='lat' dir='ltr'><strong>sed</strong></span> <span class='ocrx_word' id='word_1_173' title='bbox 426 2436 524 2475; x_wconf 90' lang='lat' dir='ltr'><strong>suo</strong></span> <span class='ocrx_word' id='word_1_174' title='bbox 547 2422 769 2477; x_wconf 87' lang='lat' dir='ltr'><strong>ventri:</strong></span> <span class='ocrx_word' id='word_1_175' title='bbox 808 2429 857 2477; x_wconf 90' lang='lat' dir='ltr'><strong>et</strong></span> <span class='ocrx_word' id='word_1_176' title='bbox 884 2438 983 2493; x_wconf 90' lang='lat' dir='ltr'><strong>per</strong></span> <span class='ocrx_word' id='word_1_177' title='bbox 1010 2422 1194 2478; x_wconf 81' lang='lat' dir='ltr'><strong>dulces</strong></span> <span class='ocrx_word' id='word_1_178' title='bbox 1222 2438 1501 2479; x_wconf 74' lang='lat' dir='ltr'><strong>sermones</strong></span> <span class='ocrx_word' id='word_1_179' title='bbox 1531 2441 1582 2479; x_wconf 78' lang='grc' dir='ltr'><strong><em>ϐι</em></strong></span> <span class='ocrx_word' id='word_1_180' title='bbox 1632 2425 1965 2481; x_wconf 85' lang='lat' dir='ltr'><strong>benedictio-</strong></span> 
     </span>
    </p>
   </div>
   <div class='ocr_carea' id='block_1_26' title="bbox 288 2510 1967 2571">
    <p class='ocr_par' dir='ltr' id='par_1_26' title="bbox 288 2510 1967 2571">
     <span class='ocr_line' id='line_1_26' title="bbox 288 2510 1967 2571; baseline 0.002 -6"><span class='ocrx_word' id='word_1_181' title='bbox 288 2526 397 2567; x_wconf 79' lang='lat' dir='ltr'><strong>nes</strong></span> <span class='ocrx_word' id='word_1_182' title='bbox 426 2510 690 2566; x_wconf 78' lang='lat' dir='ltr'><strong>seducunt</strong></span> <span class='ocrx_word' id='word_1_183' title='bbox 729 2512 894 2567; x_wconf 90' lang='lat' dir='ltr'><strong>corda</strong></span> <span class='ocrx_word' id='word_1_184' title='bbox 942 2513 1340 2568; x_wconf 85' lang='lat' dir='ltr'><strong>innocentium.</strong></span> <span class='ocrx_word' id='word_1_185' title='bbox 1405 2515 1587 2571; x_wconf 83' lang='lat' dir='ltr'><strong>Vestra</strong></span> <span class='ocrx_word' id='word_1_186' title='bbox 1639 2517 1786 2570; x_wconf 85' lang='lat' dir='ltr'><strong>enim</strong></span> <span class='ocrx_word' id='word_1_187' title='bbox 1840 2514 1967 2569; x_wconf 91' lang='lat' dir='ltr'><strong>obe-</strong></span> 
     </span>
    </p>
   </div>
   <div class='ocr_carea' id='block_1_27' title="bbox 290 2599 1970 2675">
    <p class='ocr_par' dir='ltr' id='par_1_27' title="bbox 290 2599 1970 2675">
     <span class='ocr_line' id='line_1_27' title="bbox 290 2599 1970 2675; baseline 0.002 -19"><span class='ocrx_word' id='word_1_188' title='bbox 290 2599 517 2656; x_wconf 82' lang='lat' dir='ltr'><strong>dientia</strong></span> <span class='ocrx_word' id='word_1_189' title='bbox 547 2601 609 2654; x_wconf 86' lang='lat' dir='ltr'><strong>in</strong></span> <span class='ocrx_word' id='word_1_190' title='bbox 638 2616 854 2656; x_wconf 87' lang='lat' dir='ltr'><strong>omnem</strong></span> <span class='ocrx_word' id='word_1_191' title='bbox 877 2602 1058 2658; x_wconf 88' lang='lat' dir='ltr'><strong>locum</strong></span> <span class='ocrx_word' id='word_1_192' title='bbox 1075 2604 1401 2674; x_wconf 87' lang='lat' dir='ltr'><strong>pervulgata</strong></span> <span class='ocrx_word' id='word_1_193' title='bbox 1425 2608 1528 2660; x_wconf 87' lang='lat' dir='ltr'><strong>est.</strong></span> <span class='ocrx_word' id='word_1_194' title='bbox 1554 2604 1770 2659; x_wconf 83' lang='lat' dir='ltr'><strong>Gaudeo</strong></span> <span class='ocrx_word' id='word_1_195' title='bbox 1792 2605 1970 2675; x_wconf 79' lang='lat' dir='ltr'><strong>igitur</strong></span> 
     </span>
    </p>
   </div>
   <div class='ocr_carea' id='block_1_28' title="bbox 291 2689 1970 2763">
    <p class='ocr_par' dir='ltr' id='par_1_28' title="bbox 291 2689 1970 2763">
     <span class='ocr_line' id='line_1_28' title="bbox 291 2689 1970 2763; baseline 0.001 -18"><span class='ocrx_word' id='word_1_196' title='bbox 291 2690 361 2745; x_wconf 87' lang='lat' dir='ltr'><strong>in</strong></span> <span class='ocrx_word' id='word_1_197' title='bbox 416 2689 607 2744; x_wconf 85' lang='lat' dir='ltr'><strong>vobis:</strong></span> <span class='ocrx_word' id='word_1_198' title='bbox 646 2698 698 2745; x_wconf 84' lang='lat' dir='ltr'><strong>et</strong></span> <span class='ocrx_word' id='word_1_199' title='bbox 732 2690 852 2745; x_wconf 88' lang='lat' dir='ltr'><strong>volo</strong></span> <span class='ocrx_word' id='word_1_200' title='bbox 900 2706 992 2746; x_wconf 88' lang='lat' dir='ltr'><strong>vos</strong></span> <span class='ocrx_word' id='word_1_201' title='bbox 1021 2693 1293 2763; x_wconf 77' lang='lat' dir='ltr'><strong>sapientes</strong></span> <span class='ocrx_word' id='word_1_202' title='bbox 1322 2708 1434 2747; x_wconf 86' lang='lat' dir='ltr'><strong>esse</strong></span> <span class='ocrx_word' id='word_1_203' title='bbox 1463 2695 1521 2747; x_wconf 82' lang='lat' dir='ltr'><strong>in</strong></span> <span class='ocrx_word' id='word_1_204' title='bbox 1555 2693 1709 2758; x_wconf 89' lang='lat' dir='ltr'><strong>bono,</strong></span> <span class='ocrx_word' id='word_1_205' title='bbox 1761 2698 1813 2749; x_wconf 92' lang='lat' dir='ltr'><strong>et</strong></span> <span class='ocrx_word' id='word_1_206' title='bbox 1842 2696 1970 2748; x_wconf 85' lang='lat' dir='ltr'><strong>sim-</strong></span> 
     </span>
    </p>
   </div>
   <div class='ocr_carea' id='block_1_29' title="bbox 283 2779 1965 2854">
    <p class='ocr_par' dir='ltr' id='par_1_29' title="bbox 283 2779 1965 2854">
     <span class='ocr_line' id='line_1_29' title="bbox 283 2779 1965 2854; baseline 0.002 -21"><span class='ocrx_word' id='word_1_207' title='bbox 283 2779 475 2853; x_wconf 66' lang='lat' dir='ltr'><strong>plices</strong></span> <span class='ocrx_word' id='word_1_208' title='bbox 504 2780 567 2833; x_wconf 86' lang='lat' dir='ltr'><strong>in</strong></span> <span class='ocrx_word' id='word_1_209' title='bbox 597 2779 743 2835; x_wconf 88' lang='lat' dir='ltr'><strong>malo</strong></span> <span class='ocrx_word' id='word_1_210' title='bbox 793 2780 967 2850; x_wconf 91' lang='lat' dir='ltr'><strong>(Rom.</strong></span> <span class='ocrx_word' id='word_1_211' title='bbox 1020 2798 1138 2847; x_wconf 86' lang='lat' dir='ltr'><strong>xv1,</strong></span> <span class='ocrx_word' id='word_1_212' title='bbox 1191 2782 1399 2853; x_wconf 85' lang='grc'><strong>17-19).</strong></span> <span class='ocrx_word' id='word_1_213' title='bbox 1451 2782 1747 2854; x_wconf 83' lang='lat' dir='ltr'><strong>Superbia</strong></span> <span class='ocrx_word' id='word_1_214' title='bbox 1794 2799 1965 2837; x_wconf 90' lang='lat' dir='ltr'><strong>vero:</strong></span> 
     </span>
    </p>
   </div>
   <div class='ocr_carea' id='block_1_30' title="bbox 288 2867 1971 2942">
    <p class='ocr_par' dir='ltr' id='par_1_30' title="bbox 288 2867 1971 2942">
     <span class='ocr_line' id='line_1_30' title="bbox 288 2867 1971 2942; baseline 0.001 -16"><span class='ocrx_word' id='word_1_215' title='bbox 288 2867 437 2926; x_wconf 81' lang='lat' dir='ltr'><strong>Noli</strong></span> <span class='ocrx_word' id='word_1_216' title='bbox 453 2868 629 2923; x_wconf 88' lang='lat' dir='ltr'><strong>altum</strong></span> <span class='ocrx_word' id='word_1_217' title='bbox 672 2884 879 2940; x_wconf 86' lang='lat' dir='ltr'><strong>sapere,</strong></span> <span class='ocrx_word' id='word_1_218' title='bbox 912 2870 1005 2924; x_wconf 90' lang='lat' dir='ltr'><strong>sed</strong></span> <span class='ocrx_word' id='word_1_219' title='bbox 1054 2872 1183 2926; x_wconf 87' lang='lat' dir='ltr'><strong>time</strong></span> <span class='ocrx_word' id='word_1_220' title='bbox 1224 2871 1397 2940; x_wconf 87' lang='lat' dir='ltr'><strong>(Rom.</strong></span> <span class='ocrx_word' id='word_1_221' title='bbox 1430 2888 1507 2938; x_wconf 83' lang='lat' dir='ltr'><strong>x1,</strong></span> <span class='ocrx_word' id='word_1_222' title='bbox 1548 2872 1659 2942; x_wconf 82' lang='lat'><strong>20).</strong></span> <span class='ocrx_word' id='word_1_223' title='bbox 1693 2871 1760 2926; x_wconf 88' lang='lat' dir='ltr'><strong>Et</strong></span> <span class='ocrx_word' id='word_1_224' title='bbox 1789 2889 1800 2926; x_wconf 95' lang='lat'><strong>:</strong></span> <span class='ocrx_word' id='word_1_225' title='bbox 1836 2873 1971 2928; x_wconf 86' lang='lat' dir='ltr'><strong>Noto</strong></span> 
     </span>
    </p>
   </div>
   <div class='ocr_carea' id='block_1_31' title="bbox 295 2958 1972 3032">
    <p class='ocr_par' dir='ltr' id='par_1_31' title="bbox 295 2958 1972 3032">
     <span class='ocr_line' id='line_1_31' title="bbox 295 2958 1972 3032; baseline 0.001 -17"><span class='ocrx_word' id='word_1_226' title='bbox 295 2973 409 3015; x_wconf 85' lang='lat' dir='ltr'><strong>vos</strong></span> <span class='ocrx_word' id='word_1_227' title='bbox 440 2958 720 3028; x_wconf 84' lang='lat' dir='ltr'><strong>ignorare,</strong></span> <span class='ocrx_word' id='word_1_228' title='bbox 778 2960 999 3029; x_wconf 78' lang='lat' dir='ltr'><strong>fratres,</strong></span> <span class='ocrx_word' id='word_1_229' title='bbox 1058 2962 1387 3032; x_wconf 79' lang='lat' dir='ltr'><strong>mysterium</strong></span> <span class='ocrx_word' id='word_1_230' title='bbox 1426 2960 1542 3032; x_wconf 86' lang='lat' dir='ltr'><strong>hoc,</strong></span> <span class='ocrx_word' id='word_1_231' title='bbox 1600 2969 1661 3016; x_wconf 86' lang='lat' dir='ltr'><strong>ut</strong></span> <span class='ocrx_word' id='word_1_232' title='bbox 1714 2978 1823 3015; x_wconf 82' lang='lat' dir='ltr'><strong>non.</strong></span> <span class='ocrx_word' id='word_1_233' title='bbox 1851 2963 1972 3017; x_wconf 85' lang='lat' dir='ltr'><strong>sitis</strong></span> 
     </span>
    </p>
   </div>
   <div class='ocr_carea' id='block_1_32' title="bbox 302 3048 1968 3121">
    <p class='ocr_par' dir='ltr' id='par_1_32' title="bbox 302 3048 1968 3121">
     <span class='ocr_line' id='line_1_32' title="bbox 302 3048 1968 3121; baseline 0.001 -18"><span class='ocrx_word' id='word_1_234' title='bbox 302 3048 423 3120; x_wconf 85' lang='lat' dir='ltr'><strong>ipsi</strong></span> <span class='ocrx_word' id='word_1_235' title='bbox 453 3048 602 3103; x_wconf 82' lang='lat' dir='ltr'><strong>vobis</strong></span> <span class='ocrx_word' id='word_1_236' title='bbox 632 3049 905 3120; x_wconf 82' lang='lat' dir='ltr'><strong>sapientes</strong></span> <span class='ocrx_word' id='word_1_237' title='bbox 951 3048 1110 3120; x_wconf 85' lang='lat' dir='ltr'><strong>(Ibid.</strong></span> <span class='ocrx_word' id='word_1_238' title='bbox 1144 3049 1254 3121; x_wconf 84' lang='lat'><strong>25).</strong></span> <span class='ocrx_word' id='word_1_239' title='bbox 1318 3050 1386 3104; x_wconf 87' lang='lat' dir='ltr'><strong>Et</strong></span> <span class='ocrx_word' id='word_1_240' title='bbox 1432 3049 1492 3105; x_wconf 91' lang='lat' dir='ltr'><strong>in</strong></span> <span class='ocrx_word' id='word_1_241' title='bbox 1547 3050 1968 3121; x_wconf 87' lang='lat' dir='ltr'><strong>sequentibus:</strong></span> 
     </span>
    </p>
   </div>
   <div class='ocr_carea' id='block_1_33' title="bbox 313 3136 1974 3211">
    <p class='ocr_par' dir='ltr' id='par_1_33' title="bbox 313 3136 1974 3211">
     <span class='ocr_line' id='line_1_33' title="bbox 313 3136 1974 3211; baseline 0.001 -18"><span class='ocrx_word' id='word_1_242' title='bbox 313 3138 461 3193; x_wconf 91' lang='lat' dir='ltr'><strong>Dico</strong></span> <span class='ocrx_word' id='word_1_243' title='bbox 490 3136 643 3193; x_wconf 92' lang='lat' dir='ltr'><strong>enim</strong></span> <span class='ocrx_word' id='word_1_244' title='bbox 678 3153 782 3208; x_wconf 90' lang='lat' dir='ltr'><strong>per</strong></span> <span class='ocrx_word' id='word_1_245' title='bbox 812 3138 1061 3210; x_wconf 83' lang='lat' dir='ltr'><strong>gratiam</strong></span> <span class='ocrx_word' id='word_1_246' title='bbox 1085 3155 1213 3211; x_wconf 82' lang='lat' dir='ltr'><strong>qua</strong></span> <span class='ocrx_word' id='word_1_247' title='bbox 1237 3139 1373 3195; x_wconf 89' lang='lat' dir='ltr'><strong>data</strong></span> <span class='ocrx_word' id='word_1_248' title='bbox 1397 3144 1485 3195; x_wconf 90' lang='lat' dir='ltr'><strong>est</strong></span> <span class='ocrx_word' id='word_1_249' title='bbox 1510 3140 1676 3205; x_wconf 87' lang='lat' dir='ltr'><strong>mihi,</strong></span> <span class='ocrx_word' id='word_1_250' title='bbox 1701 3140 1974 3195; x_wconf 90' lang='lat' dir='ltr'><strong>omnibus</strong></span> 
     </span>
    </p>
   </div>
   <div class='ocr_carea' id='block_1_34' title="bbox 315 3224 1975 3300">
    <p class='ocr_par' dir='ltr' id='par_1_34' title="bbox 315 3224 1975 3300">
     <span class='ocr_line' id='line_1_34' title="bbox 315 3224 1975 3300; baseline 0.002 -21"><span class='ocrx_word' id='word_1_251' title='bbox 315 3224 424 3297; x_wconf 89' lang='lat' dir='ltr'><strong>qui</strong></span> <span class='ocrx_word' id='word_1_252' title='bbox 457 3228 596 3279; x_wconf 88' lang='lat' dir='ltr'><strong>sunt</strong></span> <span class='ocrx_word' id='word_1_253' title='bbox 624 3224 780 3279; x_wconf 88' lang='lat' dir='ltr'><strong>inter</strong></span> <span class='ocrx_word' id='word_1_254' title='bbox 807 3242 950 3293; x_wconf 89' lang='lat' dir='ltr'><strong>vos;</strong></span> <span class='ocrx_word' id='word_1_255' title='bbox 1004 3242 1121 3281; x_wconf 91' lang='lat' dir='ltr'><strong>non</strong></span> <span class='ocrx_word' id='word_1_256' title='bbox 1152 3225 1285 3297; x_wconf 89' lang='lat' dir='ltr'><strong>plus</strong></span> <span class='ocrx_word' id='word_1_257' title='bbox 1318 3244 1519 3299; x_wconf 89' lang='lat' dir='ltr'><strong>sapere</strong></span> <span class='ocrx_word' id='word_1_258' title='bbox 1562 3245 1721 3299; x_wconf 88' lang='lat' dir='ltr'><strong>quam</strong></span> <span class='ocrx_word' id='word_1_259' title='bbox 1771 3231 1975 3300; x_wconf 84' lang='lat' dir='ltr'><strong>oportet</strong></span> 
     </span>
    </p>
   </div>
   <div class='ocr_carea' id='block_1_35' title="bbox 2074 633 3726 707">
    <p class='ocr_par' dir='ltr' id='par_1_35' title="bbox 2074 633 3726 707">
     <span class='ocr_line' id='line_1_35' title="bbox 2074 633 3726 707; baseline -0.002 -15"><span class='ocrx_word' id='word_1_260' title='bbox 2074 638 2292 707; x_wconf 74' lang='lat' dir='ltr'><strong>uitatis,</strong></span> <span class='ocrx_word' id='word_1_261' title='bbox 2344 652 2454 691; x_wconf 88' lang='lat' dir='ltr'><strong>non</strong></span> <span class='ocrx_word' id='word_1_262' title='bbox 2516 652 2730 690; x_wconf 84' lang='lat' dir='ltr'><strong>necesse</strong></span> <span class='ocrx_word' id='word_1_263' title='bbox 2786 637 3045 691; x_wconf 84' lang='lat' dir='ltr'><strong>habemus</strong></span> <span class='ocrx_word' id='word_1_264' title='bbox 3102 636 3337 691; x_wconf 84' lang='lat' dir='ltr'><strong>scribere</strong></span> <span class='ocrx_word' id='word_1_265' title='bbox 3392 634 3558 688; x_wconf 84' lang='lat' dir='ltr'><strong>vobis.</strong></span> <span class='ocrx_word' id='word_1_266' title='bbox 3618 633 3726 704; x_wconf 86' lang='lat' dir='ltr'><strong>Ipsi</strong></span> 
     </span>
    </p>
   </div>
   <div class='ocr_carea' id='block_1_36' title="bbox 2076 721 3723 791">
    <p class='ocr_par' dir='ltr' id='par_1_36' title="bbox 2076 721 3723 791">
     <span class='ocr_line' id='line_1_36' title="bbox 2076 721 3723 791; baseline -0.004 -9"><span class='ocrx_word' id='word_1_267' title='bbox 2076 729 2225 782; x_wconf 90' lang='lat' dir='ltr'><strong>enim</strong></span> <span class='ocrx_word' id='word_1_268' title='bbox 2280 742 2368 782; x_wconf 87' lang='lat' dir='ltr'><strong>vos</strong></span> <span class='ocrx_word' id='word_1_269' title='bbox 2424 745 2459 781; x_wconf 88' lang='lat' dir='ltr'><strong>a</strong></span> <span class='ocrx_word' id='word_1_270' title='bbox 2514 727 2623 781; x_wconf 89' lang='lat' dir='ltr'><strong>Deo</strong></span> <span class='ocrx_word' id='word_1_271' title='bbox 2674 725 2964 790; x_wconf 85' lang='lat' dir='ltr'><strong>didicistis,</strong></span> <span class='ocrx_word' id='word_1_272' title='bbox 3027 728 3089 779; x_wconf 89' lang='lat' dir='ltr'><strong>ut</strong></span> <span class='ocrx_word' id='word_1_273' title='bbox 3148 724 3398 791; x_wconf 85' lang='lat' dir='ltr'><strong>diligatis</strong></span> <span class='ocrx_word' id='word_1_274' title='bbox 3473 721 3723 776; x_wconf 87' lang='lat' dir='ltr'><strong>invicem.</strong></span> 
     </span>
    </p>
   </div>
   <div class='ocr_carea' id='block_1_37' title="bbox 2073 812 3731 886">
    <p class='ocr_par' dir='ltr' id='par_1_37' title="bbox 2073 812 3731 886">
     <span class='ocr_line' id='line_1_37' title="bbox 2073 812 3731 886; baseline -0.004 -15"><span class='ocrx_word' id='word_1_275' title='bbox 2073 818 2301 871; x_wconf 84' lang='lat' dir='ltr'><strong>Etenim</strong></span> <span class='ocrx_word' id='word_1_276' title='bbox 2329 816 2516 886; x_wconf 80' lang='lat' dir='ltr'><strong>facitis</strong></span> <span class='ocrx_word' id='word_1_277' title='bbox 2548 814 2689 870; x_wconf 88' lang='lat' dir='ltr'><strong>illud</strong></span> <span class='ocrx_word' id='word_1_278' title='bbox 2722 816 2779 869; x_wconf 85' lang='lat' dir='ltr'><strong>in</strong></span> <span class='ocrx_word' id='word_1_279' title='bbox 2810 830 2991 868; x_wconf 86' lang='lat' dir='ltr'><strong>omnes</strong></span> <span class='ocrx_word' id='word_1_280' title='bbox 3010 815 3217 884; x_wconf 80' lang='lat' dir='ltr'><strong>fratres</strong></span> <span class='ocrx_word' id='word_1_281' title='bbox 3238 814 3299 867; x_wconf 87' lang='lat' dir='ltr'><strong>in</strong></span> <span class='ocrx_word' id='word_1_282' title='bbox 3329 812 3587 868; x_wconf 83' lang='lat' dir='ltr'><strong>universa</strong></span> <span class='ocrx_word' id='word_1_283' title='bbox 3614 814 3731 867; x_wconf 83' lang='lat' dir='ltr'><strong>Ma-</strong></span> 
     </span>
    </p>
   </div>
   <div class='ocr_carea' id='block_1_38' title="bbox 2074 900 3726 975">
    <p class='ocr_par' dir='ltr' id='par_1_38' title="bbox 2074 900 3726 975">
     <span class='ocr_line' id='line_1_38' title="bbox 2074 900 3726 975; baseline -0.003 -16"><span class='ocrx_word' id='word_1_284' title='bbox 2074 904 2300 961; x_wconf 86' lang='lat' dir='ltr'><strong>cedonia</strong></span> <span class='ocrx_word' id='word_1_285' title='bbox 2329 906 2379 975; x_wconf 89' lang='grc' dir='ltr'><strong>(ι</strong></span> <span class='ocrx_word' id='word_1_286' title='bbox 2412 905 2590 959; x_wconf 87' lang='lat' dir='ltr'><strong>Thess.</strong></span> <span class='ocrx_word' id='word_1_287' title='bbox 2628 921 2703 970; x_wconf 81' lang='grc' dir='ltr'><strong>ιν,</strong></span> <span class='ocrx_word' id='word_1_288' title='bbox 2734 903 2810 975; x_wconf 84' lang='grc'><strong>9).</strong></span> <span class='ocrx_word' id='word_1_289' title='bbox 2863 903 2973 959; x_wconf 88' lang='lat' dir='ltr'><strong>Sed</strong></span> <span class='ocrx_word' id='word_1_290' title='bbox 3028 901 3540 974; x_wconf 90' lang='lat' dir='ltr'><strong>reprehenduntur</strong></span> <span class='ocrx_word' id='word_1_291' title='bbox 3571 900 3726 971; x_wconf 89' lang='lat' dir='ltr'><strong>quod</strong></span> 
     </span>
    </p>
   </div>
   <div class='ocr_carea' id='block_1_39' title="bbox 2076 990 3729 1062">
    <p class='ocr_par' dir='ltr' id='par_1_39' title="bbox 2076 990 3729 1062">
     <span class='ocr_line' id='line_1_39' title="bbox 2076 990 3729 1062; baseline -0.004 -13"><span class='ocrx_word' id='word_1_292' title='bbox 2076 994 2246 1049; x_wconf 87' lang='lat' dir='ltr'><strong>otiosi</strong></span> <span class='ocrx_word' id='word_1_293' title='bbox 2275 995 2483 1049; x_wconf 89' lang='lat' dir='ltr'><strong>domos</strong></span> <span class='ocrx_word' id='word_1_294' title='bbox 2513 993 2877 1048; x_wconf 86' lang='lat' dir='ltr'><strong>circumeant</strong></span> <span class='ocrx_word' id='word_1_295' title='bbox 2903 1009 2915 1045; x_wconf 93' lang='lat'><strong>:</strong></span> <span class='ocrx_word' id='word_1_296' title='bbox 2950 995 3007 1047; x_wconf 87' lang='lat' dir='ltr'><strong>et</strong></span> <span class='ocrx_word' id='word_1_297' title='bbox 3037 990 3294 1046; x_wconf 89' lang='lat' dir='ltr'><strong>alienum</strong></span> <span class='ocrx_word' id='word_1_298' title='bbox 3327 991 3729 1062; x_wconf 85' lang='lat' dir='ltr'><strong>exspectantes</strong></span> 
     </span>
    </p>
   </div>
   <div class='ocr_carea' id='block_1_40' title="bbox 2075 1076 3729 1153">
    <p class='ocr_par' dir='ltr' id='par_1_40' title="bbox 2075 1076 3729 1153">
     <span class='ocr_line' id='line_1_40' title="bbox 2075 1076 3729 1153; baseline -0.003 -16"><span class='ocrx_word' id='word_1_299' title='bbox 2075 1082 2295 1148; x_wconf 91' lang='lat' dir='ltr'><strong>cibum,</strong></span> <span class='ocrx_word' id='word_1_300' title='bbox 2328 1083 2467 1137; x_wconf 90' lang='lat' dir='ltr'><strong>dum</strong></span> <span class='ocrx_word' id='word_1_301' title='bbox 2528 1080 2779 1153; x_wconf 87' lang='lat' dir='ltr'><strong>singulis</strong></span> <span class='ocrx_word' id='word_1_302' title='bbox 2836 1080 3066 1151; x_wconf 88' lang='lat' dir='ltr'><strong>placere</strong></span> <span class='ocrx_word' id='word_1_303' title='bbox 3126 1080 3482 1145; x_wconf 87' lang='lat' dir='ltr'><strong>desiderant,</strong></span> <span class='ocrx_word' id='word_1_304' title='bbox 3528 1082 3585 1133; x_wconf 93' lang='lat' dir='ltr'><strong>et</strong></span> <span class='ocrx_word' id='word_1_305' title='bbox 3614 1076 3729 1133; x_wconf 91' lang='lat' dir='ltr'><strong>huc</strong></span> 
     </span>
    </p>
   </div>
   <div class='ocr_carea' id='block_1_41' title="bbox 2075 1167 3727 1241">
    <p class='ocr_par' dir='ltr' id='par_1_41' title="bbox 2075 1167 3727 1241">
     <span class='ocr_line' id='line_1_41' title="bbox 2075 1167 3727 1241; baseline -0.002 -16"><span class='ocrx_word' id='word_1_306' title='bbox 2075 1170 2333 1241; x_wconf 86' lang='lat' dir='ltr'><strong>illucque</strong></span> <span class='ocrx_word' id='word_1_307' title='bbox 2381 1171 2737 1236; x_wconf 88' lang='lat' dir='ltr'><strong>discurrant,</strong></span> <span class='ocrx_word' id='word_1_308' title='bbox 2787 1170 2928 1240; x_wconf 90' lang='lat' dir='ltr'><strong>quid</strong></span> <span class='ocrx_word' id='word_1_309' title='bbox 2974 1168 3127 1239; x_wconf 89' lang='lat' dir='ltr'><strong>apud</strong></span> <span class='ocrx_word' id='word_1_310' title='bbox 3184 1167 3448 1240; x_wconf 88' lang='lat' dir='ltr'><strong>singulos</strong></span> <span class='ocrx_word' id='word_1_311' title='bbox 3499 1170 3727 1240; x_wconf 86' lang='lat' dir='ltr'><strong>agatur,</strong></span> 
     </span>
    </p>
   </div>
   <div class='ocr_carea' id='block_1_42' title="bbox 2077 1258 3726 1330">
    <p class='ocr_par' dir='ltr' id='par_1_42' title="bbox 2077 1258 3726 1330">
     <span class='ocr_line' id='line_1_42' title="bbox 2077 1258 3726 1330; baseline -0.004 -14"><span class='ocrx_word' id='word_1_312' title='bbox 2077 1260 2403 1316; x_wconf 87' lang='lat' dir='ltr'><strong>enuntient.</strong></span> <span class='ocrx_word' id='word_1_313' title='bbox 2439 1258 2718 1330; x_wconf 89' lang='lat' dir='ltr'><strong>Sequitur</strong></span> <span class='ocrx_word' id='word_1_314' title='bbox 2748 1258 2905 1312; x_wconf 90' lang='lat' dir='ltr'><strong>enim</strong></span> <span class='ocrx_word' id='word_1_315' title='bbox 2931 1275 2943 1322; x_wconf 87' lang='lat'><strong>;</strong></span> <span class='ocrx_word' id='word_1_316' title='bbox 2969 1259 3239 1326; x_wconf 82' lang='lat' dir='ltr'><strong>Rogamus</strong></span> <span class='ocrx_word' id='word_1_317' title='bbox 3260 1259 3442 1311; x_wconf 88' lang='lat' dir='ltr'><strong>autem</strong></span> <span class='ocrx_word' id='word_1_318' title='bbox 3471 1271 3585 1324; x_wconf 89' lang='lat' dir='ltr'><strong>vos,</strong></span> <span class='ocrx_word' id='word_1_319' title='bbox 3606 1258 3726 1327; x_wconf 83' lang='lat' dir='ltr'><strong>fra-</strong></span> 
     </span>
    </p>
   </div>
   <div class='ocr_carea' id='block_1_43' title="bbox 2076 1345 3729 1418">
    <p class='ocr_par' dir='ltr' id='par_1_43' title="bbox 2076 1345 3729 1418">
     <span class='ocr_line' id='line_1_43' title="bbox 2076 1345 3729 1418; baseline -0.002 -15"><span class='ocrx_word' id='word_1_320' title='bbox 2076 1352 2204 1415; x_wconf 87' lang='lat' dir='ltr'><strong>tres,</strong></span> <span class='ocrx_word' id='word_1_321' title='bbox 2237 1359 2297 1404; x_wconf 91' lang='lat' dir='ltr'><strong>ut</strong></span> <span class='ocrx_word' id='word_1_322' title='bbox 2328 1349 2619 1404; x_wconf 82' lang='lat' dir='ltr'><strong>abundetis</strong></span> <span class='ocrx_word' id='word_1_323' title='bbox 2657 1349 2854 1418; x_wconf 88' lang='lat' dir='ltr'><strong>magis,</strong></span> <span class='ocrx_word' id='word_1_324' title='bbox 2914 1349 2963 1402; x_wconf 89' lang='lat' dir='ltr'><strong>et</strong></span> <span class='ocrx_word' id='word_1_325' title='bbox 2992 1361 3216 1415; x_wconf 84' lang='lat' dir='ltr'><strong>operam</strong></span> <span class='ocrx_word' id='word_1_326' title='bbox 3262 1345 3400 1401; x_wconf 88' lang='lat' dir='ltr'><strong>detis</strong></span> <span class='ocrx_word' id='word_1_327' title='bbox 3443 1352 3505 1400; x_wconf 91' lang='lat' dir='ltr'><strong>ut</strong></span> <span class='ocrx_word' id='word_1_328' title='bbox 3552 1345 3729 1415; x_wconf 82' lang='lat' dir='ltr'><strong>quieti</strong></span> 
     </span>
    </p>
   </div>
   <div class='ocr_carea' id='block_1_44' title="bbox 2072 1435 3727 1507">
    <p class='ocr_par' dir='ltr' id='par_1_44' title="bbox 2072 1435 3727 1507">
     <span class='ocr_line' id='line_1_44' title="bbox 2072 1435 3727 1507; baseline -0.003 -14"><span class='ocrx_word' id='word_1_329' title='bbox 2072 1440 2195 1494; x_wconf 87' lang='lat' dir='ltr'><strong>sitis</strong></span> <span class='ocrx_word' id='word_1_330' title='bbox 2217 1456 2235 1493; x_wconf 90' lang='lat'><strong>:</strong></span> <span class='ocrx_word' id='word_1_331' title='bbox 2266 1447 2328 1493; x_wconf 89' lang='lat' dir='ltr'><strong>ut</strong></span> <span class='ocrx_word' id='word_1_332' title='bbox 2353 1442 2403 1493; x_wconf 89' lang='lat' dir='ltr'><strong>et</strong></span> <span class='ocrx_word' id='word_1_333' title='bbox 2434 1444 2673 1493; x_wconf 85' lang='lat' dir='ltr'><strong>vestrum</strong></span> <span class='ocrx_word' id='word_1_334' title='bbox 2705 1440 2721 1471; x_wconf 76' lang='grc' dir='ltr'><strong>ι</strong></span> <span class='ocrx_word' id='word_1_335' title='bbox 2769 1438 3051 1507; x_wconf 81' lang='lat' dir='ltr'><strong>negotium</strong></span> <span class='ocrx_word' id='word_1_336' title='bbox 3096 1437 3296 1506; x_wconf 86' lang='lat' dir='ltr'><strong>agatis,</strong></span> <span class='ocrx_word' id='word_1_337' title='bbox 3330 1442 3380 1490; x_wconf 89' lang='lat' dir='ltr'><strong>et</strong></span> <span class='ocrx_word' id='word_1_338' title='bbox 3424 1435 3727 1506; x_wconf 86' lang='lat' dir='ltr'><strong>operemini</strong></span> 
     </span>
    </p>
   </div>
   <div class='ocr_carea' id='block_1_45' title="bbox 2071 1524 3723 1598">
    <p class='ocr_par' dir='ltr' id='par_1_45' title="bbox 2071 1524 3723 1598">
     <span class='ocr_line' id='line_1_45' title="bbox 2071 1524 3723 1598; baseline -0.002 -16"><span class='ocrx_word' id='word_1_339' title='bbox 2071 1530 2329 1583; x_wconf 87' lang='lat' dir='ltr'><strong>manibus</strong></span> <span class='ocrx_word' id='word_1_340' title='bbox 2356 1530 2551 1583; x_wconf 85' lang='lat' dir='ltr'><strong>vestris</strong></span> <span class='ocrx_word' id='word_1_341' title='bbox 2599 1530 2742 1582; x_wconf 85' lang='lat' dir='ltr'><strong>sicut</strong></span> <span class='ocrx_word' id='word_1_342' title='bbox 2785 1528 3149 1598; x_wconf 70' lang='lat' dir='ltr'><strong>praecepimus</strong></span> <span class='ocrx_word' id='word_1_343' title='bbox 3196 1524 3372 1580; x_wconf 88' lang='lat' dir='ltr'><strong>vobis:</strong></span> <span class='ocrx_word' id='word_1_344' title='bbox 3424 1527 3486 1579; x_wconf 87' lang='lat' dir='ltr'><strong>ut</strong></span> <span class='ocrx_word' id='word_1_345' title='bbox 3541 1530 3593 1579; x_wconf 86' lang='lat' dir='ltr'><strong>et</strong></span> <span class='ocrx_word' id='word_1_346' title='bbox 3627 1524 3723 1579; x_wconf 84' lang='lat' dir='ltr'><strong>ho-</strong></span> 
     </span>
    </p>
   </div>
   <div class='ocr_carea' id='block_1_46' title="bbox 2070 1612 3726 1685">
    <p class='ocr_par' dir='ltr' id='par_1_46' title="bbox 2070 1612 3726 1685">
     <span class='ocr_line' id='line_1_46' title="bbox 2070 1612 3726 1685; baseline -0.004 -12"><span class='ocrx_word' id='word_1_347' title='bbox 2070 1627 2221 1673; x_wconf 90' lang='lat' dir='ltr'><strong>neste</strong></span> <span class='ocrx_word' id='word_1_348' title='bbox 2275 1616 2573 1673; x_wconf 84' lang='lat' dir='ltr'><strong>ambuletis</strong></span> <span class='ocrx_word' id='word_1_349' title='bbox 2630 1616 2699 1671; x_wconf 89' lang='lat' dir='ltr'><strong>ad</strong></span> <span class='ocrx_word' id='word_1_350' title='bbox 2738 1632 2826 1671; x_wconf 89' lang='lat' dir='ltr'><strong>eos</strong></span> <span class='ocrx_word' id='word_1_351' title='bbox 2886 1616 2980 1685; x_wconf 88' lang='lat' dir='ltr'><strong>qui</strong></span> <span class='ocrx_word' id='word_1_352' title='bbox 3034 1615 3173 1685; x_wconf 81' lang='lat' dir='ltr'><strong>foris</strong></span> <span class='ocrx_word' id='word_1_353' title='bbox 3212 1621 3361 1679; x_wconf 87' lang='lat' dir='ltr'><strong>sunt,</strong></span> <span class='ocrx_word' id='word_1_354' title='bbox 3420 1618 3468 1667; x_wconf 89' lang='lat' dir='ltr'><strong>et</strong></span> <span class='ocrx_word' id='word_1_355' title='bbox 3512 1612 3726 1668; x_wconf 85' lang='lat' dir='ltr'><strong>nullius</strong></span> 
     </span>
    </p>
   </div>
   <div class='ocr_carea' id='block_1_47' title="bbox 2071 1700 3730 1779">
    <p class='ocr_par' dir='ltr' id='par_1_47' title="bbox 2071 1700 3730 1779">
     <span class='ocr_line' id='line_1_47' title="bbox 2071 1700 3730 1779; baseline -0.003 -18"><span class='ocrx_word' id='word_1_356' title='bbox 2071 1707 2284 1779; x_wconf 87' lang='lat' dir='ltr'><strong>aliquid</strong></span> <span class='ocrx_word' id='word_1_357' title='bbox 2312 1707 2631 1763; x_wconf 86' lang='lat' dir='ltr'><strong>desideretis</strong></span> <span class='ocrx_word' id='word_1_358' title='bbox 2665 1706 2825 1777; x_wconf 85' lang='lat' dir='ltr'><strong>(Ibid.</strong></span> <span class='ocrx_word' id='word_1_359' title='bbox 2864 1706 2950 1772; x_wconf 89' lang='grc'><strong>10,</strong></span> <span class='ocrx_word' id='word_1_360' title='bbox 2977 1704 3086 1775; x_wconf 92' lang='grc'><strong>11).</strong></span> <span class='ocrx_word' id='word_1_361' title='bbox 3118 1703 3281 1770; x_wconf 88' lang='lat' dir='ltr'><strong>Quod</strong></span> <span class='ocrx_word' id='word_1_362' title='bbox 3305 1717 3377 1758; x_wconf 89' lang='lat' dir='ltr'><strong>ne</strong></span> <span class='ocrx_word' id='word_1_363' title='bbox 3408 1700 3541 1773; x_wconf 91' lang='lat' dir='ltr'><strong>quis</strong></span> <span class='ocrx_word' id='word_1_364' title='bbox 3561 1704 3730 1773; x_wconf 89' lang='lat' dir='ltr'><strong>putet</strong></span> 
     </span>
    </p>
   </div>
   <div class='ocr_carea' id='block_1_48' title="bbox 2071 1790 3727 1868">
    <p class='ocr_par' dir='ltr' id='par_1_48' title="bbox 2071 1790 3727 1868">
     <span class='ocr_line' id='line_1_48' title="bbox 2071 1790 3727 1868; baseline -0.004 -16"><span class='ocrx_word' id='word_1_365' title='bbox 2071 1797 2261 1852; x_wconf 83' lang='lat' dir='ltr'><strong>ofﬁcio</strong></span> <span class='ocrx_word' id='word_1_366' title='bbox 2296 1796 2484 1868; x_wconf 90' lang='lat' dir='ltr'><strong>magis</strong></span> <span class='ocrx_word' id='word_1_367' title='bbox 2518 1794 2802 1865; x_wconf 90' lang='lat' dir='ltr'><strong>docentis,</strong></span> <span class='ocrx_word' id='word_1_368' title='bbox 2837 1810 3014 1865; x_wconf 89' lang='lat' dir='ltr'><strong>quam</strong></span> <span class='ocrx_word' id='word_1_369' title='bbox 3046 1791 3185 1848; x_wconf 91' lang='lat' dir='ltr'><strong>vitio</strong></span> <span class='ocrx_word' id='word_1_370' title='bbox 3216 1792 3410 1864; x_wconf 86' lang='lat' dir='ltr'><strong>gentis</strong></span> <span class='ocrx_word' id='word_1_371' title='bbox 3452 1790 3727 1846; x_wconf 88' lang='lat' dir='ltr'><strong>admoni-</strong></span> 
     </span>
    </p>
   </div>
   <div class='ocr_carea' id='block_1_49' title="bbox 2071 1877 3723 1955">
    <p class='ocr_par' dir='ltr' id='par_1_49' title="bbox 2071 1877 3723 1955">
     <span class='ocr_line' id='line_1_49' title="bbox 2071 1877 3723 1955; baseline -0.004 -14"><span class='ocrx_word' id='word_1_372' title='bbox 2071 1890 2221 1955; x_wconf 91' lang='lat' dir='ltr'><strong>tum,</strong></span> <span class='ocrx_word' id='word_1_373' title='bbox 2256 1886 2316 1941; x_wconf 91' lang='lat' dir='ltr'><strong>in</strong></span> <span class='ocrx_word' id='word_1_374' title='bbox 2349 1886 2608 1942; x_wconf 90' lang='lat' dir='ltr'><strong>secunda</strong></span> <span class='ocrx_word' id='word_1_375' title='bbox 2639 1884 2711 1940; x_wconf 88' lang='lat' dir='ltr'><strong>ad</strong></span> <span class='ocrx_word' id='word_1_376' title='bbox 2761 1884 2996 1939; x_wconf 90' lang='lat' dir='ltr'><strong>eosdem</strong></span> <span class='ocrx_word' id='word_1_377' title='bbox 3041 1880 3297 1937; x_wconf 91' lang='lat' dir='ltr'><strong>inculcat</strong></span> <span class='ocrx_word' id='word_1_378' title='bbox 3342 1896 3409 1935; x_wconf 90' lang='lat' dir='ltr'><strong>ac</strong></span> <span class='ocrx_word' id='word_1_379' title='bbox 3458 1877 3723 1952; x_wconf 85' lang='lat' dir='ltr'><strong>replicat,</strong></span> 
     </span>
    </p>
   </div>
   <div class='ocr_carea' id='block_1_50' title="bbox 2072 1968 3725 2043">
    <p class='ocr_par' dir='ltr' id='par_1_50' title="bbox 2072 1968 3725 2043">
     <span class='ocr_line' id='line_1_50' title="bbox 2072 1968 3725 2043; baseline -0.004 -13"><span class='ocrx_word' id='word_1_380' title='bbox 2072 1976 2311 2031; x_wconf 89' lang='lat' dir='ltr'><strong>dicens:</strong></span> <span class='ocrx_word' id='word_1_381' title='bbox 2347 1976 2489 2031; x_wconf 88' lang='lat' dir='ltr'><strong>Nam</strong></span> <span class='ocrx_word' id='word_1_382' title='bbox 2517 1979 2569 2031; x_wconf 89' lang='lat' dir='ltr'><strong>et</strong></span> <span class='ocrx_word' id='word_1_383' title='bbox 2607 1990 2735 2030; x_wconf 89' lang='lat' dir='ltr'><strong>cum</strong></span> <span class='ocrx_word' id='word_1_384' title='bbox 2763 1988 2997 2029; x_wconf 85' lang='lat' dir='ltr'><strong>essemus</strong></span> <span class='ocrx_word' id='word_1_385' title='bbox 3045 1970 3192 2043; x_wconf 88' lang='lat' dir='ltr'><strong>apud</strong></span> <span class='ocrx_word' id='word_1_386' title='bbox 3223 1986 3332 2041; x_wconf 89' lang='lat' dir='ltr'><strong>vos,</strong></span> <span class='ocrx_word' id='word_1_387' title='bbox 3366 1969 3465 2025; x_wconf 85' lang='lat' dir='ltr'><strong>hoc</strong></span> <span class='ocrx_word' id='word_1_388' title='bbox 3509 1968 3725 2024; x_wconf 86' lang='lat' dir='ltr'><strong>denun-</strong></span> 
     </span>
    </p>
   </div>
   <div class='ocr_carea' id='block_1_51' title="bbox 2071 2057 3723 2135">
    <p class='ocr_par' dir='ltr' id='par_1_51' title="bbox 2071 2057 3723 2135">
     <span class='ocr_line' id='line_1_51' title="bbox 2071 2057 3723 2135; baseline -0.006 -14"><span class='ocrx_word' id='word_1_389' title='bbox 2071 2067 2346 2121; x_wconf 89' lang='lat' dir='ltr'><strong>tiabamus</strong></span> <span class='ocrx_word' id='word_1_390' title='bbox 2387 2066 2555 2135; x_wconf 88' lang='lat' dir='ltr'><strong>vobis,</strong></span> <span class='ocrx_word' id='word_1_391' title='bbox 2610 2064 2872 2135; x_wconf 85' lang='lat' dir='ltr'><strong>quoniam</strong></span> <span class='ocrx_word' id='word_1_392' title='bbox 2914 2064 2964 2117; x_wconf 90' lang='lat' dir='ltr'><strong>si</strong></span> <span class='ocrx_word' id='word_1_393' title='bbox 2992 2062 3111 2133; x_wconf 86' lang='lat' dir='ltr'><strong>quis</strong></span> <span class='ocrx_word' id='word_1_394' title='bbox 3165 2061 3386 2131; x_wconf 88' lang='lat' dir='ltr'><strong>operari</strong></span> <span class='ocrx_word' id='word_1_395' title='bbox 3431 2074 3541 2114; x_wconf 88' lang='lat' dir='ltr'><strong>non</strong></span> <span class='ocrx_word' id='word_1_396' title='bbox 3588 2057 3723 2125; x_wconf 83' lang='lat' dir='ltr'><strong>vult,</strong></span> 
     </span>
    </p>
   </div>
   <div class='ocr_carea' id='block_1_52' title="bbox 2073 2146 3727 2218">
    <p class='ocr_par' dir='ltr' id='par_1_52' title="bbox 2073 2146 3727 2218">
     <span class='ocr_line' id='line_1_52' title="bbox 2073 2146 3727 2218; baseline -0.005 -8"><span class='ocrx_word' id='word_1_397' title='bbox 2073 2172 2172 2210; x_wconf 90' lang='lat' dir='ltr'><strong>nec</strong></span> <span class='ocrx_word' id='word_1_398' title='bbox 2197 2155 2517 2210; x_wconf 84' lang='lat' dir='ltr'><strong>manducet.</strong></span> <span class='ocrx_word' id='word_1_399' title='bbox 2549 2154 2877 2210; x_wconf 76' lang='lat' dir='ltr'><strong>Audiuimus</strong></span> <span class='ocrx_word' id='word_1_400' title='bbox 2931 2152 3081 2207; x_wconf 86' lang='lat' dir='ltr'><strong>enim</strong></span> <span class='ocrx_word' id='word_1_401' title='bbox 3138 2149 3284 2203; x_wconf 87' lang='lat' dir='ltr'><strong>inter</strong></span> <span class='ocrx_word' id='word_1_402' title='bbox 3312 2163 3402 2203; x_wconf 90' lang='lat' dir='ltr'><strong>vos</strong></span> <span class='ocrx_word' id='word_1_403' title='bbox 3458 2146 3727 2218; x_wconf 88' lang='lat' dir='ltr'><strong>quosdam</strong></span> 
     </span>
    </p>
   </div>
   <div class='ocr_carea' id='block_1_53' title="bbox 2075 2238 3728 2314">
    <p class='ocr_par' dir='ltr' id='par_1_53' title="bbox 2075 2238 3728 2314">
     <span class='ocr_line' id='line_1_53' title="bbox 2075 2238 3728 2314; baseline -0.005 -14"><span class='ocrx_word' id='word_1_404' title='bbox 2075 2245 2359 2301; x_wconf 86' lang='lat' dir='ltr'><strong>ambulare</strong></span> <span class='ocrx_word' id='word_1_405' title='bbox 2389 2244 2649 2314; x_wconf 83' lang='lat' dir='ltr'><strong>inquieto,</strong></span> <span class='ocrx_word' id='word_1_406' title='bbox 2677 2242 2823 2298; x_wconf 83' lang='lat' dir='ltr'><strong>nihil</strong></span> <span class='ocrx_word' id='word_1_407' title='bbox 2859 2247 3165 2312; x_wconf 86' lang='lat' dir='ltr'><strong>operantes,</strong></span> <span class='ocrx_word' id='word_1_408' title='bbox 3193 2239 3292 2294; x_wconf 86' lang='lat' dir='ltr'><strong>sed</strong></span> <span class='ocrx_word' id='word_1_409' title='bbox 3322 2238 3538 2292; x_wconf 84' lang='lat' dir='ltr'><strong>curiose</strong></span> <span class='ocrx_word' id='word_1_410' title='bbox 3564 2252 3728 2306; x_wconf 87' lang='lat' dir='ltr'><strong>agen-</strong></span> 
     </span>
    </p>
   </div>
   <div class='ocr_carea' id='block_1_54' title="bbox 2077 2326 3728 2404">
    <p class='ocr_par' dir='ltr' id='par_1_54' title="bbox 2077 2326 3728 2404">
     <span class='ocr_line' id='line_1_54' title="bbox 2077 2326 3728 2404; baseline -0.007 -15"><span class='ocrx_word' id='word_1_411' title='bbox 2077 2338 2175 2389; x_wconf 85' lang='lat' dir='ltr'><strong>tes.</strong></span> <span class='ocrx_word' id='word_1_412' title='bbox 2211 2335 2312 2389; x_wconf 83' lang='lat' dir='ltr'><strong>IIis</strong></span> <span class='ocrx_word' id='word_1_413' title='bbox 2363 2339 2552 2388; x_wconf 87' lang='lat' dir='ltr'><strong>autem</strong></span> <span class='ocrx_word' id='word_1_414' title='bbox 2581 2334 2678 2404; x_wconf 88' lang='lat' dir='ltr'><strong>qui</strong></span> <span class='ocrx_word' id='word_1_415' title='bbox 2727 2331 3002 2401; x_wconf 85' lang='lat' dir='ltr'><strong>ejusmodi</strong></span> <span class='ocrx_word' id='word_1_416' title='bbox 3030 2336 3184 2395; x_wconf 84' lang='lat' dir='ltr'><strong>sunt,</strong></span> <span class='ocrx_word' id='word_1_417' title='bbox 3237 2326 3626 2382; x_wconf 86' lang='lat' dir='ltr'><strong>denuntiamus</strong></span> <span class='ocrx_word' id='word_1_418' title='bbox 3675 2326 3728 2380; x_wconf 71' lang='lat' dir='ltr'><strong>et</strong></span> 
     </span>
    </p>
   </div>
   <div class='ocr_carea' id='block_1_55' title="bbox 2076 2414 3723 2480">
    <p class='ocr_par' dir='ltr' id='par_1_55' title="bbox 2076 2414 3723 2480">
     <span class='ocr_line' id='line_1_55' title="bbox 2076 2414 3723 2480; baseline -0.007 0"><span class='ocrx_word' id='word_1_419' title='bbox 2076 2425 2420 2480; x_wconf 88' lang='lat' dir='ltr'><strong>obsecramus</strong></span> <span class='ocrx_word' id='word_1_420' title='bbox 2449 2423 2508 2477; x_wconf 89' lang='lat' dir='ltr'><strong>in</strong></span> <span class='ocrx_word' id='word_1_421' title='bbox 2539 2422 2773 2478; x_wconf 85' lang='lat' dir='ltr'><strong>Domino</strong></span> <span class='ocrx_word' id='word_1_422' title='bbox 2821 2422 2950 2476; x_wconf 88' lang='lat' dir='ltr'><strong>Jesu</strong></span> <span class='ocrx_word' id='word_1_423' title='bbox 2980 2418 3210 2480; x_wconf 86' lang='lat' dir='ltr'><strong>Christo.</strong></span> <span class='ocrx_word' id='word_1_424' title='bbox 3243 2420 3301 2471; x_wconf 91' lang='lat' dir='ltr'><strong>ut</strong></span> <span class='ocrx_word' id='word_1_425' title='bbox 3331 2432 3456 2472; x_wconf 90' lang='lat' dir='ltr'><strong>cum</strong></span> <span class='ocrx_word' id='word_1_426' title='bbox 3501 2414 3723 2469; x_wconf 86' lang='lat' dir='ltr'><strong>silentio</strong></span> 
     </span>
    </p>
   </div>
   <div class='ocr_carea' id='block_1_56' title="bbox 2076 2503 3727 2583">
    <p class='ocr_par' dir='ltr' id='par_1_56' title="bbox 2076 2503 3727 2583">
     <span class='ocr_line' id='line_1_56' title="bbox 2076 2503 3727 2583; baseline -0.008 -14"><span class='ocrx_word' id='word_1_427' title='bbox 2076 2517 2381 2583; x_wconf 85' lang='lat' dir='ltr'><strong>operantes,</strong></span> <span class='ocrx_word' id='word_1_428' title='bbox 2438 2528 2602 2567; x_wconf 87' lang='lat' dir='ltr'><strong>suum</strong></span> <span class='ocrx_word' id='word_1_429' title='bbox 2655 2526 2854 2583; x_wconf 89' lang='lat' dir='ltr'><strong>panem</strong></span> <span class='ocrx_word' id='word_1_430' title='bbox 2909 2508 3240 2563; x_wconf 82' lang='lat' dir='ltr'><strong>manducent</strong></span> <span class='ocrx_word' id='word_1_431' title='bbox 3300 2506 3374 2576; x_wconf 90' lang='lat' dir='ltr'><strong>(II</strong></span> <span class='ocrx_word' id='word_1_432' title='bbox 3413 2503 3588 2560; x_wconf 85' lang='lat' dir='ltr'><strong>Thess.</strong></span> <span class='ocrx_word' id='word_1_433' title='bbox 3644 2518 3727 2572; x_wconf 77' lang='lat' dir='ltr'><strong>ut,</strong></span> 
     </span>
    </p>
   </div>
   <div class='ocr_carea' id='block_1_57' title="bbox 2082 2591 3728 2673">
    <p class='ocr_par' dir='ltr' id='par_1_57' title="bbox 2082 2591 3728 2673">
     <span class='ocr_line' id='line_1_57' title="bbox 2082 2591 3728 2673; baseline -0.007 -16"><span class='ocrx_word' id='word_1_434' title='bbox 2082 2604 2288 2673; x_wconf 80' lang='grc'><strong>10-12).</strong></span> <span class='ocrx_word' id='word_1_435' title='bbox 2342 2602 2607 2673; x_wconf 90' lang='lat' dir='ltr'><strong>Longum</strong></span> <span class='ocrx_word' id='word_1_436' title='bbox 2639 2605 2727 2655; x_wconf 87' lang='lat' dir='ltr'><strong>est</strong></span> <span class='ocrx_word' id='word_1_437' title='bbox 2776 2598 2825 2654; x_wconf 90' lang='lat' dir='ltr'><strong>si</strong></span> <span class='ocrx_word' id='word_1_438' title='bbox 2873 2597 3045 2652; x_wconf 88' lang='lat' dir='ltr'><strong>velim</strong></span> <span class='ocrx_word' id='word_1_439' title='bbox 3093 2597 3162 2651; x_wconf 91' lang='lat' dir='ltr'><strong>de</strong></span> <span class='ocrx_word' id='word_1_440' title='bbox 3210 2593 3503 2665; x_wconf 86' lang='lat' dir='ltr'><strong>Apostolo,</strong></span> <span class='ocrx_word' id='word_1_441' title='bbox 3554 2595 3613 2647; x_wconf 88' lang='lat' dir='ltr'><strong>et</strong></span> <span class='ocrx_word' id='word_1_442' title='bbox 3656 2591 3728 2646; x_wconf 90' lang='lat' dir='ltr'><strong>de</strong></span> 
     </span>
    </p>
   </div>
   <div class='ocr_carea' id='block_1_58' title="bbox 2079 2681 3729 2764">
    <p class='ocr_par' dir='ltr' id='par_1_58' title="bbox 2079 2681 3729 2764">
     <span class='ocr_line' id='line_1_58' title="bbox 2079 2681 3729 2764; baseline -0.008 -16"><span class='ocrx_word' id='word_1_443' title='bbox 2079 2691 2397 2764; x_wconf 89' lang='lat' dir='ltr'><strong>Scripturis</strong></span> <span class='ocrx_word' id='word_1_444' title='bbox 2410 2690 2683 2746; x_wconf 90' lang='lat' dir='ltr'><strong>omnibus</strong></span> <span class='ocrx_word' id='word_1_445' title='bbox 2701 2686 3067 2760; x_wconf 89' lang='lat' dir='ltr'><strong>singularum</strong></span> <span class='ocrx_word' id='word_1_446' title='bbox 3084 2681 3729 2757; x_wconf 88' lang='lat' dir='ltr'><strong>gentium,velvirtutes</strong></span> 
     </span>
    </p>
   </div>
   <div class='ocr_carea' id='block_1_59' title="bbox 2079 2770 3729 2847">
    <p class='ocr_par' dir='ltr' id='par_1_59' title="bbox 2079 2770 3729 2847">
     <span class='ocr_line' id='line_1_59' title="bbox 2079 2770 3729 2847; baseline -0.009 -9"><span class='ocrx_word' id='word_1_447' title='bbox 2079 2782 2407 2847; x_wconf 87' lang='lat' dir='ltr'><strong>observare,</strong></span> <span class='ocrx_word' id='word_1_448' title='bbox 2438 2780 2527 2835; x_wconf 88' lang='lat' dir='ltr'><strong>vel</strong></span> <span class='ocrx_word' id='word_1_449' title='bbox 2557 2779 2697 2833; x_wconf 88' lang='lat' dir='ltr'><strong>vitia</strong></span> <span class='ocrx_word' id='word_1_450' title='bbox 2721 2795 2735 2834; x_wconf 91' lang='lat'><strong>:</strong></span> <span class='ocrx_word' id='word_1_451' title='bbox 2760 2793 2893 2832; x_wconf 89' lang='lat' dir='ltr'><strong>cum</strong></span> <span class='ocrx_word' id='word_1_452' title='bbox 2919 2778 2989 2831; x_wconf 91' lang='lat' dir='ltr'><strong>ad</strong></span> <span class='ocrx_word' id='word_1_453' title='bbox 3014 2775 3132 2829; x_wconf 85' lang='lat' dir='ltr'><strong>hac</strong></span> <span class='ocrx_word' id='word_1_454' title='bbox 3152 2774 3277 2845; x_wconf 90' lang='lat' dir='ltr'><strong>ipsa</strong></span> <span class='ocrx_word' id='word_1_455' title='bbox 3300 2788 3426 2844; x_wconf 86' lang='lat' dir='ltr'><strong>qua</strong></span> <span class='ocrx_word' id='word_1_456' title='bbox 3449 2770 3729 2835; x_wconf 82' lang='lat' dir='ltr'><strong>diximus,</strong></span> 
     </span>
    </p>
   </div>
   <div class='ocr_carea' id='block_1_60' title="bbox 2062 2857 3729 2939">
    <p class='ocr_par' dir='ltr' id='par_1_60' title="bbox 2062 2857 3729 2939">
     <span class='ocr_line' id='line_1_60' title="bbox 2062 2857 3729 2939; baseline -0.007 -14"><span class='ocrx_word' id='word_1_457' title='bbox 2062 2870 2215 2926; x_wconf 70' lang='lat' dir='ltr'><strong>&#39;inde</strong></span> <span class='ocrx_word' id='word_1_458' title='bbox 2237 2869 2495 2925; x_wconf 91' lang='lat' dir='ltr'><strong>devoluti</strong></span> <span class='ocrx_word' id='word_1_459' title='bbox 2518 2869 2705 2924; x_wconf 90' lang='lat' dir='ltr'><strong>simus</strong></span> <span class='ocrx_word' id='word_1_460' title='bbox 2728 2867 2883 2939; x_wconf 90' lang='lat' dir='ltr'><strong>quod</strong></span> <span class='ocrx_word' id='word_1_461' title='bbox 2908 2864 3121 2921; x_wconf 83' lang='lat' dir='ltr'><strong>Galatae</strong></span> <span class='ocrx_word' id='word_1_462' title='bbox 3144 2862 3308 2918; x_wconf 89' lang='lat' dir='ltr'><strong>stulti</strong></span> <span class='ocrx_word' id='word_1_463' title='bbox 3357 2866 3412 2917; x_wconf 92' lang='lat' dir='ltr'><strong>et</strong></span> <span class='ocrx_word' id='word_1_464' title='bbox 3454 2857 3729 2915; x_wconf 87' lang='lat' dir='ltr'><strong>vecordes</strong></span> 
     </span>
    </p>
   </div>
   <div class='ocr_carea' id='block_1_61' title="bbox 2081 2949 3731 3033">
    <p class='ocr_par' dir='ltr' id='par_1_61' title="bbox 2081 2949 3731 3033">
     <span class='ocr_line' id='line_1_61' title="bbox 2081 2949 3731 3033; baseline -0.008 -18"><span class='ocrx_word' id='word_1_465' title='bbox 2081 2958 2445 3033; x_wconf 89' lang='lat' dir='ltr'><strong>pronuntiati</strong></span> <span class='ocrx_word' id='word_1_466' title='bbox 2478 2959 2614 3013; x_wconf 87' lang='lat' dir='ltr'><strong>sint.</strong></span> <span class='ocrx_word' id='word_1_467' title='bbox 2648 2957 2770 3013; x_wconf 88' lang='lat' dir='ltr'><strong>Scit</strong></span> <span class='ocrx_word' id='word_1_468' title='bbox 2825 2970 3053 3010; x_wconf 90' lang='lat' dir='ltr'><strong>mecum</strong></span> <span class='ocrx_word' id='word_1_469' title='bbox 3086 2952 3183 3023; x_wconf 91' lang='lat' dir='ltr'><strong>qui</strong></span> <span class='ocrx_word' id='word_1_470' title='bbox 3246 2949 3392 3005; x_wconf 85' lang='lat' dir='ltr'><strong>vidit</strong></span> <span class='ocrx_word' id='word_1_471' title='bbox 3444 2950 3731 3021; x_wconf 82' lang='lat' dir='ltr'><strong>Ancyram</strong></span> 
     </span>
    </p>
   </div>
   <div class='ocr_carea' id='block_1_62' title="bbox 2083 3037 3731 3119">
    <p class='ocr_par' dir='ltr' id='par_1_62' title="bbox 2083 3037 3731 3119">
     <span class='ocr_line' id='line_1_62' title="bbox 2083 3037 3731 3119; baseline -0.007 -16"><span class='ocrx_word' id='word_1_472' title='bbox 2083 3050 2190 3119; x_wconf 78' lang='lat' dir='ltr'><strong>(At.</strong></span> <span class='ocrx_word' id='word_1_473' title='bbox 2251 3049 2589 3119; x_wconf 86' lang='lat' dir='ltr'><strong>Anchiram]</strong></span> <span class='ocrx_word' id='word_1_474' title='bbox 2670 3044 3042 3118; x_wconf 85' lang='lat' dir='ltr'><strong>metrOpolim</strong></span> <span class='ocrx_word' id='word_1_475' title='bbox 3100 3040 3336 3097; x_wconf 87' lang='lat' dir='ltr'><strong>Galatia</strong></span> <span class='ocrx_word' id='word_1_476' title='bbox 3415 3037 3731 3102; x_wconf 88' lang='lat' dir='ltr'><strong>civitatem,</strong></span> 
     </span>
    </p>
   </div>
   <div class='ocr_carea' id='block_1_63' title="bbox 2084 3126 3731 3210">
    <p class='ocr_par' dir='ltr' id='par_1_63' title="bbox 2084 3126 3731 3210">
     <span class='ocr_line' id='line_1_63' title="bbox 2084 3126 3731 3210; baseline -0.007 -18"><span class='ocrx_word' id='word_1_477' title='bbox 2084 3143 2225 3209; x_wconf 91' lang='lat' dir='ltr'><strong>quot</strong></span> <span class='ocrx_word' id='word_1_478' title='bbox 2257 3140 2360 3210; x_wconf 93' lang='lat' dir='ltr'><strong><em>[Al.</em></strong></span> <span class='ocrx_word' id='word_1_479' title='bbox 2396 3138 2572 3210; x_wconf 74' lang='lat' dir='ltr'><strong>quod)</strong></span> <span class='ocrx_word' id='word_1_480' title='bbox 2604 3152 2759 3191; x_wconf 90' lang='lat' dir='ltr'><strong>nunc</strong></span> <span class='ocrx_word' id='word_1_481' title='bbox 2810 3150 2998 3205; x_wconf 90' lang='lat' dir='ltr'><strong>usque</strong></span> <span class='ocrx_word' id='word_1_482' title='bbox 3046 3128 3470 3187; x_wconf 86' lang='lat' dir='ltr'><strong>schismatibus</strong></span> <span class='ocrx_word' id='word_1_483' title='bbox 3520 3126 3731 3182; x_wconf 89' lang='lat' dir='ltr'><strong>dilace-</strong></span> 
     </span>
    </p>
   </div>
   <div class='ocr_carea' id='block_1_64' title="bbox 2085 3216 3734 3299">
    <p class='ocr_par' dir='ltr' id='par_1_64' title="bbox 2085 3216 3734 3299">
     <span class='ocr_line' id='line_1_64' title="bbox 2085 3216 3734 3299; baseline -0.008 -15"><span class='ocrx_word' id='word_1_484' title='bbox 2085 3237 2208 3285; x_wconf 89' lang='lat' dir='ltr'><strong>rata</strong></span> <span class='ocrx_word' id='word_1_485' title='bbox 2237 3229 2332 3296; x_wconf 89' lang='lat' dir='ltr'><strong>sit,</strong></span> <span class='ocrx_word' id='word_1_486' title='bbox 2393 3232 2537 3299; x_wconf 91' lang='lat' dir='ltr'><strong>quot</strong></span> <span class='ocrx_word' id='word_1_487' title='bbox 2584 3226 2689 3295; x_wconf 82' lang='lat' dir='ltr'><strong><em>[AL</em></strong></span> <span class='ocrx_word' id='word_1_488' title='bbox 2725 3224 2903 3297; x_wconf 74' lang='lat' dir='ltr'><strong>quod}</strong></span> <span class='ocrx_word' id='word_1_489' title='bbox 2954 3222 3297 3293; x_wconf 84' lang='lat' dir='ltr'><strong>dogmatum</strong></span> <span class='ocrx_word' id='word_1_490' title='bbox 3355 3216 3734 3273; x_wconf 83' lang='lat' dir='ltr'><strong>varietatibus</strong></span> 
     </span>
    </p>
   </div>
   <div class='ocr_carea' id='block_1_65' title="bbox 309 3305 3737 3389">
    <p class='ocr_par' dir='ltr' id='par_1_65' title="bbox 309 3305 3737 3389">
     <span class='ocr_line' id='line_1_65' title="bbox 309 3305 3737 3389; baseline -0.003 -19"><span class='ocrx_word' id='word_1_491' title='bbox 309 3328 549 3386; x_wconf 81' lang='lat' dir='ltr'><strong>sapere;</strong></span> <span class='ocrx_word' id='word_1_492' title='bbox 580 3313 672 3369; x_wconf 90' lang='lat' dir='ltr'><strong>sed</strong></span> <span class='ocrx_word' id='word_1_493' title='bbox 699 3329 892 3385; x_wconf 86' lang='lat' dir='ltr'><strong>sapere</strong></span> <span class='ocrx_word' id='word_1_494' title='bbox 921 3314 993 3369; x_wconf 88' lang='lat' dir='ltr'><strong>ad</strong></span> <span class='ocrx_word' id='word_1_495' title='bbox 1038 3314 1387 3371; x_wconf 84' lang='lat' dir='ltr'><strong>sobrietatem</strong></span> <span class='ocrx_word' id='word_1_496' title='bbox 1433 3316 1605 3388; x_wconf 83' lang='lat' dir='ltr'><strong>(Rom.</strong></span> <span class='ocrx_word' id='word_1_497' title='bbox 1638 3333 1739 3384; x_wconf 82' lang='lat' dir='ltr'><strong>xu,</strong></span> <span class='ocrx_word' id='word_1_498' title='bbox 1771 3319 1848 3386; x_wconf 87' lang='lat'><strong>3).</strong></span> <span class='ocrx_word' id='word_1_499' title='bbox 1900 3318 1970 3372; x_wconf 88' lang='lat' dir='ltr'><strong>Et</strong></span> <span class='ocrx_word' id='word_1_500' title='bbox 1999 3306 2043 3371; x_wconf 90' lang='lat' dir='ltr'>C</span> <span class='ocrx_word' id='word_1_501' title='bbox 2084 3322 2481 3389; x_wconf 90' lang='lat' dir='ltr'><strong>constuprata.</strong></span> <span class='ocrx_word' id='word_1_502' title='bbox 2508 3315 2724 3371; x_wconf 89' lang='lat' dir='ltr'><strong>Omitto</strong></span> <span class='ocrx_word' id='word_1_503' title='bbox 2746 3312 3161 3384; x_wconf 84' lang='lat' dir='ltr'><strong>Cataphrygas,</strong></span> <span class='ocrx_word' id='word_1_504' title='bbox 3186 3306 3450 3381; x_wconf 90' lang='lat' dir='ltr'><strong>Ophitas,</strong></span> <span class='ocrx_word' id='word_1_505' title='bbox 3476 3305 3737 3361; x_wconf 83' lang='lat' dir='ltr'><strong>Borbori-</strong></span> 
     </span>
    </p>
   </div>
   <div class='ocr_carea' id='block_1_66' title="bbox 308 3402 1972 3477">
    <p class='ocr_par' dir='ltr' id='par_1_66' title="bbox 308 3402 1972 3477">
     <span class='ocr_line' id='line_1_66' title="bbox 308 3402 1972 3477; baseline 0.002 -18"><span class='ocrx_word' id='word_1_506' title='bbox 308 3402 580 3476; x_wconf 88' lang='lat' dir='ltr'><strong>apertius</strong></span> <span class='ocrx_word' id='word_1_507' title='bbox 605 3418 618 3456; x_wconf 91' lang='lat'><strong>:</strong></span> <span class='ocrx_word' id='word_1_508' title='bbox 651 3402 904 3458; x_wconf 87' lang='lat' dir='ltr'><strong>Gaudere</strong></span> <span class='ocrx_word' id='word_1_509' title='bbox 932 3419 1056 3458; x_wconf 90' lang='lat' dir='ltr'><strong>cum</strong></span> <span class='ocrx_word' id='word_1_510' title='bbox 1085 3404 1472 3474; x_wconf 83' lang='lat' dir='ltr'><strong>gaudentibus,</strong></span> <span class='ocrx_word' id='word_1_511' title='bbox 1520 3408 1654 3475; x_wconf 86' lang='lat' dir='ltr'><strong>ﬂere</strong></span> <span class='ocrx_word' id='word_1_512' title='bbox 1681 3423 1808 3462; x_wconf 88' lang='lat' dir='ltr'><strong>cum</strong></span> <span class='ocrx_word' id='word_1_513' title='bbox 1835 3409 1972 3477; x_wconf 86' lang='lat' dir='ltr'><strong>ﬂen-</strong></span> 
     </span>
    </p>
   </div>
   <div class='ocr_carea' id='block_1_67' title="bbox 305 3490 1971 3568">
    <p class='ocr_par' dir='ltr' id='par_1_67' title="bbox 305 3490 1971 3568">
     <span class='ocr_line' id='line_1_67' title="bbox 305 3490 1971 3568; baseline 0.001 -18"><span class='ocrx_word' id='word_1_514' title='bbox 305 3493 483 3550; x_wconf 80' lang='lat' dir='ltr'><strong>tibus.</strong></span> <span class='ocrx_word' id='word_1_515' title='bbox 511 3490 756 3562; x_wconf 87' lang='lat' dir='ltr'><strong>Idipsum</strong></span> <span class='ocrx_word' id='word_1_516' title='bbox 792 3492 1027 3547; x_wconf 86' lang='lat' dir='ltr'><strong>invicem</strong></span> <span class='ocrx_word' id='word_1_517' title='bbox 1078 3494 1395 3565; x_wconf 79' lang='lat' dir='ltr'><strong>sentientes.</strong></span> <span class='ocrx_word' id='word_1_518' title='bbox 1428 3492 1706 3550; x_wconf 76' lang='lat' dir='ltr'><strong>Non’alta</strong></span> <span class='ocrx_word' id='word_1_519' title='bbox 1750 3499 1971 3568; x_wconf 86' lang='lat' dir='ltr'><strong>sapien-</strong></span> 
     </span>
    </p>
   </div>
   <div class='ocr_carea' id='block_1_68' title="bbox 305 3579 1972 3657">
    <p class='ocr_par' dir='ltr' id='par_1_68' title="bbox 305 3579 1972 3657">
     <span class='ocr_line' id='line_1_68' title="bbox 305 3579 1972 3657; baseline 0.001 -19"><span class='ocrx_word' id='word_1_520' title='bbox 305 3586 410 3650; x_wconf 86' lang='lat' dir='ltr'><strong>tes,</strong></span> <span class='ocrx_word' id='word_1_521' title='bbox 462 3579 556 3635; x_wconf 88' lang='lat' dir='ltr'><strong>sed</strong></span> <span class='ocrx_word' id='word_1_522' title='bbox 610 3580 915 3635; x_wconf 88' lang='lat' dir='ltr'><strong>humilibus</strong></span> <span class='ocrx_word' id='word_1_523' title='bbox 971 3582 1383 3637; x_wconf 86' lang='lat' dir='ltr'><strong>consentientes.</strong></span> <span class='ocrx_word' id='word_1_524' title='bbox 1442 3584 1618 3639; x_wconf 88' lang='lat' dir='ltr'><strong>Nolite</strong></span> <span class='ocrx_word' id='word_1_525' title='bbox 1671 3600 1785 3640; x_wconf 90' lang='lat' dir='ltr'><strong>esse</strong></span> <span class='ocrx_word' id='word_1_526' title='bbox 1840 3602 1972 3657; x_wconf 88' lang='lat' dir='ltr'><strong>pru-</strong></span> 
     </span>
    </p>
   </div>
   <div class='ocr_carea' id='block_1_69' title="bbox 304 3668 1972 3741">
    <p class='ocr_par' dir='ltr' id='par_1_69' title="bbox 304 3668 1972 3741">
     <span class='ocr_line' id='line_1_69' title="bbox 304 3668 1972 3741; baseline 0.002 -14"><span class='ocrx_word' id='word_1_527' title='bbox 304 3670 504 3727; x_wconf 83' lang='lat' dir='ltr'><strong>dentes</strong></span> <span class='ocrx_word' id='word_1_528' title='bbox 532 3668 687 3741; x_wconf 87' lang='lat' dir='ltr'><strong>apud</strong></span> <span class='ocrx_word' id='word_1_529' title='bbox 734 3672 1087 3740; x_wconf 73' lang='lat' dir='ltr'><strong>vosmetipsos</strong></span> <span class='ocrx_word' id='word_1_530' title='bbox 1138 3673 1311 3739; x_wconf 90' lang='lat' dir='ltr'><strong>(Rom.</strong></span> <span class='ocrx_word' id='word_1_531' title='bbox 1347 3688 1448 3740; x_wconf 72' lang='grc' dir='ltr'>χιι,</span> <span class='ocrx_word' id='word_1_532' title='bbox 1492 3674 1578 3741; x_wconf 88' lang='grc'><strong>15,</strong></span> <span class='ocrx_word' id='word_1_533' title='bbox 1613 3675 1722 3741; x_wconf 84' lang='grc'><strong>16).</strong></span> <span class='ocrx_word' id='word_1_534' title='bbox 1775 3674 1972 3730; x_wconf 91' lang='lat' dir='ltr'><strong>Corin-</strong></span> 
     </span>
    </p>
   </div>
   <div class='ocr_carea' id='block_1_70' title="bbox 304 3759 1973 3831">
    <p class='ocr_par' dir='ltr' id='par_1_70' title="bbox 304 3759 1973 3831">
     <span class='ocr_line' id='line_1_70' title="bbox 304 3759 1973 3831; baseline 0.001 -14"><span class='ocrx_word' id='word_1_535' title='bbox 304 3761 474 3817; x_wconf 86' lang='lat' dir='ltr'><strong>thios</strong></span> <span class='ocrx_word' id='word_1_536' title='bbox 500 3774 736 3830; x_wconf 90' lang='lat' dir='ltr'><strong>quoque</strong></span> <span class='ocrx_word' id='word_1_537' title='bbox 794 3763 958 3815; x_wconf 87' lang='lat' dir='ltr'><strong>notat</strong></span> <span class='ocrx_word' id='word_1_538' title='bbox 988 3760 1142 3831; x_wconf 88' lang='lat' dir='ltr'><strong>quod</strong></span> <span class='ocrx_word' id='word_1_539' title='bbox 1176 3759 1453 3817; x_wconf 89' lang='lat' dir='ltr'><strong>mulieres</strong></span> <span class='ocrx_word' id='word_1_540' title='bbox 1509 3778 1710 3818; x_wconf 90' lang='lat' dir='ltr'><strong>eorum</strong></span> <span class='ocrx_word' id='word_1_541' title='bbox 1762 3764 1973 3819; x_wconf 83' lang='lat' dir='ltr'><strong>intecto</strong></span> 
     </span>
    </p>
   </div>
   <div class='ocr_carea' id='block_1_71' title="bbox 308 3848 1969 3925">
    <p class='ocr_par' dir='ltr' id='par_1_71' title="bbox 308 3848 1969 3925">
     <span class='ocr_line' id='line_1_71' title="bbox 308 3848 1969 3925; baseline 0.002 -20"><span class='ocrx_word' id='word_1_542' title='bbox 308 3848 507 3923; x_wconf 87' lang='lat' dir='ltr'><strong>capite</strong></span> <span class='ocrx_word' id='word_1_543' title='bbox 527 3848 669 3915; x_wconf 90' lang='lat' dir='ltr'><strong>sint,</strong></span> <span class='ocrx_word' id='word_1_544' title='bbox 691 3851 750 3905; x_wconf 86' lang='lat' dir='ltr'><strong>et</strong></span> <span class='ocrx_word' id='word_1_545' title='bbox 767 3848 877 3904; x_wconf 90' lang='lat' dir='ltr'><strong>viri</strong></span> <span class='ocrx_word' id='word_1_546' title='bbox 904 3865 1135 3906; x_wconf 88' lang='lat' dir='ltr'><strong>comam</strong></span> <span class='ocrx_word' id='word_1_547' title='bbox 1159 3850 1423 3906; x_wconf 90' lang='lat' dir='ltr'><strong>nutriant</strong></span> <span class='ocrx_word' id='word_1_548' title='bbox 1447 3851 1492 3922; x_wconf 94' lang='lat' dir='ltr'><strong>(I</strong></span> <span class='ocrx_word' id='word_1_549' title='bbox 1516 3852 1633 3907; x_wconf 86' lang='lat' dir='ltr'><strong>Cor.</strong></span> <span class='ocrx_word' id='word_1_550' title='bbox 1668 3870 1724 3918; x_wconf 82' lang='lat' dir='ltr'><strong>x,</strong></span> <span class='ocrx_word' id='word_1_551' title='bbox 1750 3854 1835 3925; x_wconf 82' lang='grc'><strong>14,</strong></span> <span class='ocrx_word' id='word_1_552' title='bbox 1861 3854 1969 3925; x_wconf 82' lang='grc'><strong>15);</strong></span> 
     </span>
    </p>
   </div>
   <div class='ocr_carea' id='block_1_72' title="bbox 307 3937 1973 4015">
    <p class='ocr_par' dir='ltr' id='par_1_72' title="bbox 307 3937 1973 4015">
     <span class='ocr_line' id='line_1_72' title="bbox 307 3937 1973 4015; baseline 0.002 -19"><span class='ocrx_word' id='word_1_553' title='bbox 307 3943 367 3996; x_wconf 88' lang='lat' dir='ltr'><strong>et</strong></span> <span class='ocrx_word' id='word_1_554' title='bbox 395 3937 805 3995; x_wconf 75' lang='lat' dir='ltr'><strong>indifferenter</strong></span> <span class='ocrx_word' id='word_1_555' title='bbox 851 3944 1164 3994; x_wconf 87' lang='lat' dir='ltr'><strong>vescantur</strong></span> <span class='ocrx_word' id='word_1_556' title='bbox 1195 3939 1255 3995; x_wconf 91' lang='lat' dir='ltr'><strong>in</strong></span> <span class='ocrx_word' id='word_1_557' title='bbox 1288 3939 1521 4013; x_wconf 86' lang='lat' dir='ltr'><strong>templis</strong></span> <span class='ocrx_word' id='word_1_558' title='bbox 1580 3942 1687 4011; x_wconf 82' lang='grc' dir='ltr'><strong>[Αἰ.</strong></span> <span class='ocrx_word' id='word_1_559' title='bbox 1718 3944 1973 4015; x_wconf 85' lang='lat' dir='ltr'><strong>tempus]</strong></span> 
     </span>
    </p>
   </div>
   <div class='ocr_carea' id='block_1_73' title="bbox 309 4028 1967 4104">
    <p class='ocr_par' dir='ltr' id='par_1_73' title="bbox 309 4028 1967 4104">
     <span class='ocr_line' id='line_1_73' title="bbox 309 4028 1967 4104; baseline 0.001 -17"><span class='ocrx_word' id='word_1_560' title='bbox 309 4029 359 4101; x_wconf 88' lang='grc' dir='ltr'><strong>(Ι</strong></span> <span class='ocrx_word' id='word_1_561' title='bbox 384 4030 512 4086; x_wconf 84' lang='lat' dir='ltr'><strong>Cor.</strong></span> <span class='ocrx_word' id='word_1_562' title='bbox 533 4046 589 4099; x_wconf 84' lang='lat' dir='ltr'><strong>x,</strong></span> <span class='ocrx_word' id='word_1_563' title='bbox 620 4029 736 4099; x_wconf 81' lang='lat'><strong>20);</strong></span> <span class='ocrx_word' id='word_1_564' title='bbox 783 4032 842 4084; x_wconf 90' lang='lat' dir='ltr'><strong>et</strong></span> <span class='ocrx_word' id='word_1_565' title='bbox 894 4028 1078 4084; x_wconf 85' lang='lat' dir='ltr'><strong>inﬂati</strong></span> <span class='ocrx_word' id='word_1_566' title='bbox 1110 4029 1400 4101; x_wconf 84' lang='lat' dir='ltr'><strong>sapientia</strong></span> <span class='ocrx_word' id='word_1_567' title='bbox 1429 4030 1713 4087; x_wconf 81' lang='lat' dir='ltr'><strong>saeculari.</strong></span> <span class='ocrx_word' id='word_1_568' title='bbox 1769 4034 1819 4104; x_wconf 93' lang='lat' dir='ltr'><strong>(I</strong></span> <span class='ocrx_word' id='word_1_569' title='bbox 1847 4032 1967 4089; x_wconf 86' lang='lat' dir='ltr'><strong>Cor.</strong></span> 
     </span>
    </p>
   </div>
   <div class='ocr_carea' id='block_1_74' title="bbox 310 4118 1973 4193">
    <p class='ocr_par' dir='ltr' id='par_1_74' title="bbox 310 4118 1973 4193">
     <span class='ocr_line' id='line_1_74' title="bbox 310 4118 1973 4193; baseline 0.002 -19"><span class='ocrx_word' id='word_1_570' title='bbox 310 4135 389 4187; x_wconf 83' lang='grc' dir='ltr'><strong>ιν,</strong></span> <span class='ocrx_word' id='word_1_571' title='bbox 418 4118 505 4190; x_wconf 86' lang='grc'><strong>6),</strong></span> <span class='ocrx_word' id='word_1_572' title='bbox 536 4118 1026 4174; x_wconf 88' lang='lat' dir='ltr'><strong>resurrectionem</strong></span> <span class='ocrx_word' id='word_1_573' title='bbox 1059 4120 1251 4175; x_wconf 87' lang='lat' dir='ltr'><strong>carnis</strong></span> <span class='ocrx_word' id='word_1_574' title='bbox 1288 4126 1517 4193; x_wconf 89' lang='lat' dir='ltr'><strong>negent.</strong></span> <span class='ocrx_word' id='word_1_575' title='bbox 1552 4120 1683 4176; x_wconf 84' lang='lat' dir='ltr'><strong>Hac</strong></span> <span class='ocrx_word' id='word_1_576' title='bbox 1712 4137 1780 4177; x_wconf 82' lang='lat' dir='ltr'><strong>ex</strong></span> <span class='ocrx_word' id='word_1_577' title='bbox 1809 4127 1973 4193; x_wconf 90' lang='lat' dir='ltr'><strong>parte</strong></span> 
     </span>
    </p>
   </div>
   <div class='ocr_carea' id='block_1_75' title="bbox 312 4205 1973 4283">
    <p class='ocr_par' dir='ltr' id='par_1_75' title="bbox 312 4205 1973 4283">
     <span class='ocr_line' id='line_1_75' title="bbox 312 4205 1973 4283; baseline 0.002 -20"><span class='ocrx_word' id='word_1_578' title='bbox 312 4222 515 4279; x_wconf 86' lang='lat' dir='ltr'><strong>usque</strong></span> <span class='ocrx_word' id='word_1_579' title='bbox 540 4205 714 4262; x_wconf 91' lang='lat' dir='ltr'><strong>hodie</strong></span> <span class='ocrx_word' id='word_1_580' title='bbox 744 4222 1108 4278; x_wconf 88' lang='lat' dir='ltr'><strong>permanere,</strong></span> <span class='ocrx_word' id='word_1_581' title='bbox 1141 4225 1257 4264; x_wconf 91' lang='lat' dir='ltr'><strong>non</strong></span> <span class='ocrx_word' id='word_1_582' title='bbox 1307 4214 1499 4281; x_wconf 88' lang='lat' dir='ltr'><strong>potest</strong></span> <span class='ocrx_word' id='word_1_583' title='bbox 1548 4210 1836 4277; x_wconf 89' lang='lat' dir='ltr'><strong>dubitare,</strong></span> <span class='ocrx_word' id='word_1_584' title='bbox 1872 4212 1973 4283; x_wconf 90' lang='lat' dir='ltr'><strong>qui</strong></span> 
     </span>
    </p>
   </div>
   <div class='ocr_carea' id='block_1_76' title="bbox 310 4294 1972 4357">
    <p class='ocr_par' dir='ltr' id='par_1_76' title="bbox 310 4294 1972 4357">
     <span class='ocr_line' id='line_1_76' title="bbox 310 4294 1972 4357; baseline 0.004 -6"><span class='ocrx_word' id='word_1_585' title='bbox 310 4294 604 4352; x_wconf 88' lang='lat' dir='ltr'><strong>Achaiam</strong></span> <span class='ocrx_word' id='word_1_586' title='bbox 635 4296 979 4354; x_wconf 72' lang='lat'><strong>429-480</strong></span> <span class='ocrx_word' id='word_1_587' title='bbox 1006 4297 1218 4353; x_wconf 90' lang='lat' dir='ltr'><strong>viderit</strong></span> <span class='ocrx_word' id='word_1_588' title='bbox 1245 4298 1587 4354; x_wconf 88' lang='lat' dir='ltr'><strong>Macedones</strong></span> <span class='ocrx_word' id='word_1_589' title='bbox 1608 4299 1666 4354; x_wconf 93' lang='lat' dir='ltr'><strong>in</strong></span> <span class='ocrx_word' id='word_1_590' title='bbox 1690 4300 1972 4357; x_wconf 89' lang='lat' dir='ltr'><strong>charitate</strong></span> 
     </span>
    </p>
   </div>
   <div class='ocr_carea' id='block_1_77' title="bbox 309 4384 1966 4460">
    <p class='ocr_par' dir='ltr' id='par_1_77' title="bbox 309 4384 1966 4460">
     <span class='ocr_line' id='line_1_77' title="bbox 309 4384 1966 4460; baseline 0.003 -19"><span class='ocrx_word' id='word_1_591' title='bbox 309 4384 659 4457; x_wconf 87' lang='lat' dir='ltr'><strong>laudantur,</strong></span> <span class='ocrx_word' id='word_1_592' title='bbox 690 4389 747 4441; x_wconf 89' lang='lat' dir='ltr'><strong>et</strong></span> <span class='ocrx_word' id='word_1_593' title='bbox 777 4386 1173 4459; x_wconf 83' lang='lat' dir='ltr'><strong>hospitalitate</strong></span> <span class='ocrx_word' id='word_1_594' title='bbox 1200 4404 1267 4443; x_wconf 90' lang='lat' dir='ltr'><strong>ac</strong></span> <span class='ocrx_word' id='word_1_595' title='bbox 1298 4387 1671 4460; x_wconf 90' lang='lat' dir='ltr'><strong>susceptione</strong></span> <span class='ocrx_word' id='word_1_596' title='bbox 1699 4390 1966 4446; x_wconf 73' lang='lat' dir='ltr'><strong>fratrum.</strong></span> 
     </span>
    </p>
   </div>
   <div class='ocr_carea' id='block_1_78' title="bbox 386 4548 1968 4621">
    <p class='ocr_par' dir='ltr' id='par_1_78' title="bbox 386 4548 1968 4621">
     <span class='ocr_line' id='line_1_78' title="bbox 386 4548 1968 4621; baseline 0.002 -17"><span class='ocrx_word' id='word_1_597' title='bbox 386 4552 403 4621; x_wconf 54' lang='grc' dir='ltr'><strong><em>ἕ</em></strong></span> <span class='ocrx_word' id='word_1_598' title='bbox 438 4548 545 4621; x_wconf 37' lang='lat' dir='ltr'><strong>Ita,</strong></span> <span class='ocrx_word' id='word_1_599' title='bbox 561 4551 620 4605; x_wconf 89' lang='lat' dir='ltr'><strong>et</strong></span> <span class='ocrx_word' id='word_1_600' title='bbox 650 4564 795 4621; x_wconf 82' lang='lat' dir='ltr'><strong>mss.</strong></span> <span class='ocrx_word' id='word_1_601' title='bbox 822 4548 1017 4621; x_wconf 10' lang='lat' dir='ltr'><strong>[nostri</strong></span> <span class='ocrx_word' id='word_1_602' title='bbox 1050 4550 1385 4621; x_wconf 69' lang='lat' dir='ltr'><strong>praeferunt,</strong></span> <span class='ocrx_word' id='word_1_603' title='bbox 1418 4552 1475 4605; x_wconf 91' lang='lat' dir='ltr'><strong>et</strong></span> <span class='ocrx_word' id='word_1_604' title='bbox 1521 4549 1701 4605; x_wconf 82' lang='lat' dir='ltr'><strong>Grac.</strong></span> <span class='ocrx_word' id='word_1_605' title='bbox 1755 4554 1968 4618; x_wconf 82' lang='lat' dir='ltr'><strong>textus,</strong></span> 
     </span>
    </p>
   </div>
   <div class='ocr_carea' id='block_1_79' title="bbox 308 4615 1969 4695">
    <p class='ocr_par' dir='ltr' id='par_1_79' title="bbox 308 4615 1969 4695">
     <span class='ocr_line' id='line_1_79' title="bbox 308 4615 1969 4695; baseline 0.002 -22"><span class='ocrx_word' id='word_1_606' title='bbox 308 4619 401 4695; x_wconf 59' lang='grc' dir='ltr'><strong>θεαὶ</strong></span> <span class='ocrx_word' id='word_1_607' title='bbox 432 4615 693 4695; x_wconf 64' lang='grc' dir='ltr'><strong>πράσσειν</strong></span> <span class='ocrx_word' id='word_1_608' title='bbox 724 4619 792 4673; x_wconf 81' lang='grc' dir='ltr'><strong>τὰ</strong></span> <span class='ocrx_word' id='word_1_609' title='bbox 818 4615 951 4674; x_wconf 64' lang='grc' dir='ltr'><strong>ἴδια.</strong></span> <span class='ocrx_word' id='word_1_610' title='bbox 986 4615 1171 4677; x_wconf 78' lang='lat' dir='ltr'><strong>Antea</strong></span> <span class='ocrx_word' id='word_1_611' title='bbox 1190 4622 1427 4690; x_wconf 85' lang='lat' dir='ltr'><strong>vocula,</strong></span> <span class='ocrx_word' id='word_1_612' title='bbox 1460 4630 1512 4677; x_wconf 90' lang='lat' dir='ltr'><strong>et</strong></span> <span class='ocrx_word' id='word_1_613' title='bbox 1542 4625 1786 4677; x_wconf 84' lang='lat' dir='ltr'><strong>vestrum</strong></span> <span class='ocrx_word' id='word_1_614' title='bbox 1816 4615 1969 4679; x_wconf 59' lang='lat' dir='ltr'><strong>desié</strong></span> 
     </span>
    </p>
   </div>
   <div class='ocr_carea' id='block_1_80' title="bbox 311 4692 1023 4749">
    <p class='ocr_par' dir='ltr' id='par_1_80' title="bbox 311 4692 1023 4749">
     <span class='ocr_line' id='line_1_80' title="bbox 311 4692 1023 4749; baseline -0.001 -1"><span class='ocrx_word' id='word_1_615' title='bbox 311 4692 693 4749; x_wconf 85' lang='lat' dir='ltr'><strong>derabantur.</strong></span> <span class='ocrx_word' id='word_1_616' title='bbox 1016 4734 1023 4738; x_wconf 80' lang='lat'><strong>.</strong></span> 
     </span>
    </p>
   </div>
   <div class='ocr_carea' id='block_1_81' title="bbox 383 4763 1972 4837">
    <p class='ocr_par' dir='ltr' id='par_1_81' title="bbox 383 4763 1972 4837">
     <span class='ocr_line' id='line_1_81' title="bbox 383 4763 1972 4837; baseline 0.002 -18"><span class='ocrx_word' id='word_1_617' title='bbox 383 4766 406 4799; x_wconf 76' lang='grc'><em>³</em></span> <span class='ocrx_word' id='word_1_618' title='bbox 438 4764 579 4837; x_wconf 80' lang='lat' dir='ltr'><strong>Legi</strong></span> <span class='ocrx_word' id='word_1_619' title='bbox 610 4763 837 4831; x_wconf 88' lang='lat' dir='ltr'><strong>malim,</strong></span> <span class='ocrx_word' id='word_1_620' title='bbox 877 4763 1231 4834; x_wconf 87' lang='lat' dir='ltr'><strong>Ascodrogos,</strong></span> <span class='ocrx_word' id='word_1_621' title='bbox 1261 4764 1348 4820; x_wconf 90' lang='lat' dir='ltr'><strong>vel</strong></span> <span class='ocrx_word' id='word_1_622' title='bbox 1405 4765 1787 4836; x_wconf 87' lang='lat' dir='ltr'><strong>Tascodrogos,</strong></span> <span class='ocrx_word' id='word_1_623' title='bbox 1836 4782 1972 4823; x_wconf 90' lang='lat' dir='ltr'><strong>cum</strong></span> 
     </span>
    </p>
   </div>
   <div class='ocr_carea' id='block_1_82' title="bbox 313 4836 1971 4919">
    <p class='ocr_par' dir='ltr' id='par_1_82' title="bbox 313 4836 1971 4919">
     <span class='ocr_line' id='line_1_82' title="bbox 313 4836 1971 4919; baseline 0.001 -28"><span class='ocrx_word' id='word_1_624' title='bbox 313 4851 384 4891; x_wconf 82' lang='lat' dir='ltr'><strong>ex</strong></span> <span class='ocrx_word' id='word_1_625' title='bbox 414 4836 964 4919; x_wconf 35' lang='lat' dir='ltr'><strong>aliorum-veterum</strong></span> <span class='ocrx_word' id='word_1_626' title='bbox 1014 4837 1367 4919; x_wconf 72' lang='lat' dir='ltr'><strong>scriptorum</strong></span> <span class='ocrx_word' id='word_1_627' title='bbox 1419 4838 1796 4919; x_wconf 71' lang='lat' dir='ltr'><strong>testimoniis,</strong></span> <span class='ocrx_word' id='word_1_628' title='bbox 1846 4843 1971 4919; x_wconf 78' lang='lat' dir='ltr'><strong>tum</strong></span> 
     </span>
    </p>
   </div>
   <div class='ocr_carea' id='block_1_83' title="bbox 315 4907 1971 4982">
    <p class='ocr_par' dir='ltr' id='par_1_83' title="bbox 315 4907 1971 4982">
     <span class='ocr_line' id='line_1_83' title="bbox 315 4907 1971 4982; baseline 0.002 -20"><span class='ocrx_word' id='word_1_629' title='bbox 315 4921 387 4963; x_wconf 84' lang='lat' dir='ltr'><strong>ex</strong></span> <span class='ocrx_word' id='word_1_630' title='bbox 413 4907 553 4982; x_wconf 74' lang='lat' dir='ltr'><strong>ipsa</strong></span> <span class='ocrx_word' id='word_1_631' title='bbox 575 4907 901 4982; x_wconf 86' lang='lat' dir='ltr'><strong>portentosi</strong></span> <span class='ocrx_word' id='word_1_632' title='bbox 930 4907 1196 4982; x_wconf 71' lang='lat' dir='ltr'><strong>nominis</strong></span> <span class='ocrx_word' id='word_1_633' title='bbox 1227 4909 1581 4982; x_wconf 84' lang='lat' dir='ltr'><strong>derivatione</strong></span> <span class='ocrx_word' id='word_1_634' title='bbox 1629 4927 1694 4965; x_wconf 88' lang='lat' dir='ltr'><strong>ac</strong></span> <span class='ocrx_word' id='word_1_635' title='bbox 1747 4910 1971 4982; x_wconf 82' lang='lat' dir='ltr'><strong>signiﬁ-</strong></span> 
     </span>
    </p>
   </div>
   <div class='ocr_carea' id='block_1_84' title="bbox 315 4978 1974 5053">
    <p class='ocr_par' dir='ltr' id='par_1_84' title="bbox 315 4978 1974 5053">
     <span class='ocr_line' id='line_1_84' title="bbox 315 4978 1974 5053; baseline 0.004 -20"><span class='ocrx_word' id='word_1_636' title='bbox 315 4978 471 5035; x_wconf 75' lang='lat' dir='ltr'><strong>catu.</strong></span> <span class='ocrx_word' id='word_1_637' title='bbox 506 4978 652 5036; x_wconf 78' lang='lat' dir='ltr'><strong>Nam</strong></span> <span class='ocrx_word' id='word_1_638' title='bbox 685 4984 743 5036; x_wconf 88' lang='lat' dir='ltr'><strong>et</strong></span> <span class='ocrx_word' id='word_1_639' title='bbox 774 4978 863 5053; x_wconf 79' lang='lat' dir='ltr'><strong>sic</strong></span> <span class='ocrx_word' id='word_1_640' title='bbox 888 4994 986 5053; x_wconf 83' lang='lat' dir='ltr'><strong>eos</strong></span> <span class='ocrx_word' id='word_1_641' title='bbox 1010 4979 1265 5053; x_wconf 89' lang='lat' dir='ltr'><strong>appellat</strong></span> <span class='ocrx_word' id='word_1_642' title='bbox 1284 4981 1341 5037; x_wconf 90' lang='lat' dir='ltr'><strong>S.</strong></span> <span class='ocrx_word' id='word_1_643' title='bbox 1375 4982 1757 5053; x_wconf 86' lang='lat' dir='ltr'><strong>Epiphanius,</strong></span> <span class='ocrx_word' id='word_1_644' title='bbox 1786 4978 1844 5037; x_wconf 73' lang='lat' dir='ltr'><strong>in</strong></span> <span class='ocrx_word' id='word_1_645' title='bbox 1868 4988 1974 5039; x_wconf 87' lang='lat' dir='ltr'><strong>Pa-</strong></span> 
     </span>
    </p>
   </div>
   <div class='ocr_carea' id='block_1_85' title="bbox 314 5048 1971 5179">
    <p class='ocr_par' dir='ltr' id='par_1_85' title="bbox 314 5048 1971 5179">
     <span class='ocr_line' id='line_1_85' title="bbox 314 5048 1971 5179; baseline 0.004 -75"><span class='ocrx_word' id='word_1_646' title='bbox 314 5053 503 5123; x_wconf 89' lang='lat' dir='ltr'><strong>nario,</strong></span> <span class='ocrx_word' id='word_1_647' title='bbox 534 5052 634 5179; x_wconf 66' lang='lat' dir='ltr'><strong>qui</strong></span> <span class='ocrx_word' id='word_1_648' title='bbox 668 5056 727 5108; x_wconf 90' lang='lat' dir='ltr'><strong>et</strong></span> <span class='ocrx_word' id='word_1_649' title='bbox 771 5048 910 5106; x_wconf 91' lang='lat' dir='ltr'><strong>alibi</strong></span> <span class='ocrx_word' id='word_1_650' title='bbox 940 5048 1065 5108; x_wconf 48' lang='lat' dir='ltr'><strong>hoc_</strong></span> <span class='ocrx_word' id='word_1_651' title='bbox 1087 5048 1347 5109; x_wconf 43' lang='lat' dir='ltr'><strong>‘donatos</strong></span> <span class='ocrx_word' id='word_1_652' title='bbox 1374 5048 1611 5109; x_wconf 79' lang='lat' dir='ltr'><strong>nomine</strong></span> <span class='ocrx_word' id='word_1_653' title='bbox 1659 5048 1971 5119; x_wconf 78' lang='lat' dir='ltr'><strong>Quintilla-</strong></span> 
     </span>
     <span class='ocr_line' id='line_1_86' title="bbox 314 5123 1971 5179; baseline 0.001 -2"><span class='ocrx_word' id='word_1_654' title='bbox 314 5127 539 5179; x_wconf 88' lang='lat' dir='ltr'><strong>nostra</strong></span> <span class='ocrx_word' id='word_1_655' title='bbox 584 5124 647 5179; x_wconf 88' lang='lat' dir='ltr'><strong>it.</strong></span> <span class='ocrx_word' id='word_1_656' title='bbox 679 5123 982 5179; x_wconf 71' lang='lat' dir='ltr'><strong>haereticos</strong></span> <span class='ocrx_word' id='word_1_657' title='bbox 1022 5140 1233 5179; x_wconf 90' lang='lat' dir='ltr'><strong>nemne</strong></span> <span class='ocrx_word' id='word_1_658' title='bbox 1280 5124 1433 5179; x_wconf 89' lang='lat' dir='ltr'><strong>illos.</strong></span> <span class='ocrx_word' id='word_1_659' title='bbox 1488 5126 1590 5179; x_wconf 88' lang='lat' dir='ltr'><strong>aui</strong></span> <span class='ocrx_word' id='word_1_660' title='bbox 1640 5142 1674 5179; x_wconf 90' lang='lat' dir='ltr'><strong>a</strong></span> <span class='ocrx_word' id='word_1_661' title='bbox 1707 5127 1971 5179; x_wconf 80' lang='lat' dir='ltr'><strong>proiecta</strong></span> 
     </span>
    </p>
   </div>
   <div class='ocr_carea' id='block_1_86' title="bbox 314 5123 1971 5197">
    <p class='ocr_par' dir='ltr' id='par_1_86' title="bbox 314 5123 1971 5197">
     <span class='ocr_line' id='line_1_87' title="bbox 314 5123 1971 5197; baseline 0.002 -20"><span class='ocrx_word' id='word_1_662' title='bbox 314 5137 425 5179; x_wconf 89' lang='lat' dir='ltr'><strong>nos</strong></span> <span class='ocrx_word' id='word_1_663' title='bbox 447 5123 647 5197; x_wconf 82' lang='lat' dir='ltr'><strong>tradit,</strong></span> <span class='ocrx_word' id='word_1_664' title='bbox 679 5123 982 5197; x_wconf 63' lang='lat' dir='ltr'><strong>haereticos</strong></span> <span class='ocrx_word' id='word_1_665' title='bbox 1022 5140 1233 5197; x_wconf 83' lang='lat' dir='ltr'><strong>nempe</strong></span> <span class='ocrx_word' id='word_1_666' title='bbox 1280 5124 1433 5190; x_wconf 90' lang='lat' dir='ltr'><strong>illos,</strong></span> <span class='ocrx_word' id='word_1_667' title='bbox 1488 5126 1590 5197; x_wconf 91' lang='lat' dir='ltr'><strong>qui</strong></span> <span class='ocrx_word' id='word_1_668' title='bbox 1640 5142 1674 5180; x_wconf 92' lang='lat' dir='ltr'><strong>a</strong></span> <span class='ocrx_word' id='word_1_669' title='bbox 1706 5127 1971 5197; x_wconf 84' lang='lat' dir='ltr'><strong>projecta</strong></span> 
     </span>
    </p>
   </div>
   <div class='ocr_carea' id='block_1_87' title="bbox 314 5168 1971 5276">
    <p class='ocr_par' dir='ltr' id='par_1_87' title="bbox 314 5168 1971 5276">
     <span class='ocr_line' id='line_1_88' title="bbox 314 5168 1971 5276; baseline 0.003 -28"><span class='ocrx_word' id='word_1_670' title='bbox 314 5193 592 5276; x_wconf 64' lang='lat' dir='ltr'><strong>nequitia</strong></span> <span class='ocrx_word' id='word_1_671' title='bbox 623 5168 843 5276; x_wconf 53' lang='lat' dir='ltr'><strong>femina</strong></span> <span class='ocrx_word' id='word_1_672' title='bbox 872 5168 1971 5276; x_wconf 33' lang='lat' dir='ltr'><strong>Quintilis:advershs‘iquamrT‘e&#39;Huj:</strong></span> 
     </span>
    </p>
   </div>
   <div class='ocr_carea' id='block_1_88' title="bbox 313 5263 1973 5341">
    <p class='ocr_par' dir='ltr' id='par_1_88' title="bbox 313 5263 1973 5341">
     <span class='ocr_line' id='line_1_89' title="bbox 313 5263 1973 5341; baseline 0.002 -21"><span class='ocrx_word' id='word_1_673' title='bbox 313 5263 514 5341; x_wconf 57' lang='lat' dir='ltr'><strong>lienus</strong></span> <span class='ocrx_word' id='word_1_674' title='bbox 544 5265 615 5341; x_wconf 83' lang='lat' dir='ltr'><strong>de</strong></span> <span class='ocrx_word' id='word_1_675' title='bbox 664 5265 965 5341; x_wconf 60' lang='lat' dir='ltr'><strong>Baptismo</strong></span> <span class='ocrx_word' id='word_1_676' title='bbox 1015 5263 1269 5341; x_wconf 90' lang='lat' dir='ltr'><strong>scripsit,</strong></span> <span class='ocrx_word' id='word_1_677' title='bbox 1325 5263 1562 5324; x_wconf 76' lang='lat' dir='ltr'><strong>traxere</strong></span> <span class='ocrx_word' id='word_1_678' title='bbox 1608 5285 1840 5325; x_wconf 86' lang='lat' dir='ltr'><strong>nomen.</strong></span> <span class='ocrx_word' id='word_1_679' title='bbox 1903 5270 1973 5324; x_wconf 86' lang='lat' dir='ltr'><strong>Et</strong></span> 
     </span>
    </p>
   </div>
   <div class='ocr_carea' id='block_1_89' title="bbox 315 5335 1970 5411">
    <p class='ocr_par' dir='ltr' id='par_1_89' title="bbox 315 5335 1970 5411">
     <span class='ocr_line' id='line_1_90' title="bbox 315 5335 1970 5411; baseline 0.004 -20"><span class='ocrx_word' id='word_1_680' title='bbox 315 5335 709 5411; x_wconf 82' lang='lat' dir='ltr'><strong>Theodoritus</strong></span> <span class='ocrx_word' id='word_1_681' title='bbox 738 5335 1151 5411; x_wconf 12' lang='lat' dir='ltr'><strong>r&#39;Tascodrugos&#39;</strong></span> <span class='ocrx_word' id='word_1_682' title='bbox 1174 5335 1273 5396; x_wconf 87' lang='lat' dir='ltr'><strong>seu</strong></span> <span class='ocrx_word' id='word_1_683' title='bbox 1339 5342 1754 5410; x_wconf 85' lang='lat' dir='ltr'><strong>Tascodrugetas</strong></span> <span class='ocrx_word' id='word_1_684' title='bbox 1786 5347 1970 5411; x_wconf 90' lang='lat' dir='ltr'><strong>vocat,</strong></span> 
     </span>
    </p>
   </div>
   <div class='ocr_carea' id='block_1_90' title="bbox 313 5409 1972 5485">
    <p class='ocr_par' dir='ltr' id='par_1_90' title="bbox 313 5409 1972 5485">
     <span class='ocr_line' id='line_1_91' title="bbox 313 5409 1972 5485; baseline 0.004 -22"><span class='ocrx_word' id='word_1_685' title='bbox 313 5411 372 5463; x_wconf 89' lang='lat' dir='ltr'><strong>et</strong></span> <span class='ocrx_word' id='word_1_686' title='bbox 396 5409 703 5485; x_wconf 9' lang='lat' dir='ltr'><strong>Marcorsiis</strong></span> <span class='ocrx_word' id='word_1_687' title='bbox 722 5410 959 5482; x_wconf 85' lang='lat' dir='ltr'><strong>jungit:</strong></span> <span class='ocrx_word' id='word_1_688' title='bbox 1014 5429 1117 5467; x_wconf 91' lang='lat' dir='ltr'><strong>nec</strong></span> <span class='ocrx_word' id='word_1_689' title='bbox 1148 5417 1321 5485; x_wconf 87' lang='lat' dir='ltr'><strong>tacet,</strong></span> <span class='ocrx_word' id='word_1_690' title='bbox 1382 5429 1586 5468; x_wconf 90' lang='lat' dir='ltr'><strong>eorum</strong></span> <span class='ocrx_word' id='word_1_691' title='bbox 1611 5409 1619 5410; x_wconf 27' lang='grc' dir='ltr'>ί</span> <span class='ocrx_word' id='word_1_692' title='bbox 1644 5409 1972 5485; x_wconf 82' lang='lat' dir='ltr'><strong>praestigias</strong></span> 
     </span>
    </p>
   </div>
   <div class='ocr_carea' id='block_1_91' title="bbox 319 5482 1965 5553">
    <p class='ocr_par' dir='ltr' id='par_1_91' title="bbox 319 5482 1965 5553">
     <span class='ocr_line' id='line_1_92' title="bbox 319 5482 1965 5553; baseline 0.002 -18"><span class='ocrx_word' id='word_1_693' title='bbox 319 5494 383 5553; x_wconf 76' lang='lat' dir='ltr'><strong>ac</strong></span> <span class='ocrx_word' id='word_1_694' title='bbox 415 5483 639 5539; x_wconf 76' lang='lat' dir='ltr'><strong>nefaria</strong></span> <span class='ocrx_word' id='word_1_695' title='bbox 672 5482 949 5553; x_wconf 83' lang='lat' dir='ltr'><strong>dogmata</strong></span> <span class='ocrx_word' id='word_1_696' title='bbox 980 5484 1323 5550; x_wconf 85' lang='lat' dir='ltr'><strong>Quintillam</strong></span> <span class='ocrx_word' id='word_1_697' title='bbox 1375 5485 1558 5541; x_wconf 81' lang='lat' dir='ltr'><strong>fuisse</strong></span> <span class='ocrx_word' id='word_1_698' title='bbox 1608 5482 1965 5540; x_wconf 65' lang='lat' dir='ltr'><strong>simulatam.</strong></span> 
     </span>
    </p>
   </div>
   <div class='ocr_carea' id='block_1_92' title="bbox 319 5550 1971 5629">
    <p class='ocr_par' dir='ltr' id='par_1_92' title="bbox 319 5550 1971 5629">
     <span class='ocr_line' id='line_1_93' title="bbox 319 5550 1971 5629; baseline 0.004 -22"><span class='ocrx_word' id='word_1_699' title='bbox 319 5550 429 5629; x_wconf 83' lang='lat' dir='ltr'><strong>_S_ed</strong></span> <span class='ocrx_word' id='word_1_700' title='bbox 461 5550 895 5629; x_wconf 76' lang='lat' dir='ltr'><strong>etTimotheus</strong></span> <span class='ocrx_word' id='word_1_701' title='bbox 925 5557 1495 5629; x_wconf 50' lang='lat' dir='ltr'><strong>Constantinopolim</strong></span> <span class='ocrx_word' id='word_1_702' title='bbox 1547 5562 1604 5613; x_wconf 89' lang='lat' dir='ltr'><strong>et</strong></span> <span class='ocrx_word' id='word_1_703' title='bbox 1655 5558 1971 5613; x_wconf 86' lang='lat' dir='ltr'><strong>Antiochus</strong></span> 
     </span>
    </p>
   </div>
   <div class='ocr_carea' id='block_1_93' title="bbox 315 5622 1967 5700">
    <p class='ocr_par' dir='ltr' id='par_1_93' title="bbox 315 5622 1967 5700">
     <span class='ocr_line' id='line_1_94' title="bbox 315 5622 1967 5700; baseline 0.004 -22"><span class='ocrx_word' id='word_1_704' title='bbox 315 5622 654 5700; x_wconf 60' lang='lat' dir='ltr'><strong>Monachus,</strong></span> <span class='ocrx_word' id='word_1_705' title='bbox 688 5627 788 5700; x_wconf 92' lang='lat' dir='ltr'><strong>qui</strong></span> <span class='ocrx_word' id='word_1_706' title='bbox 820 5633 877 5683; x_wconf 90' lang='lat' dir='ltr'><strong>et</strong></span> <span class='ocrx_word' id='word_1_707' title='bbox 908 5627 1139 5699; x_wconf 90' lang='lat' dir='ltr'><strong>dicitur,</strong></span> <span class='ocrx_word' id='word_1_708' title='bbox 1170 5622 1347 5700; x_wconf 39' lang='lat' dir='ltr'><strong>gente-</strong></span> <span class='ocrx_word' id='word_1_709' title='bbox 1369 5622 1562 5685; x_wconf 82' lang='lat' dir='ltr'><strong>Galata</strong></span> <span class='ocrx_word' id='word_1_710' title='bbox 1609 5646 1678 5685; x_wconf 75' lang='lat' dir='ltr'><strong>ea:</strong></span> <span class='ocrx_word' id='word_1_711' title='bbox 1707 5632 1824 5700; x_wconf 78' lang='lat' dir='ltr'><strong>vico</strong></span> <span class='ocrx_word' id='word_1_712' title='bbox 1853 5635 1967 5687; x_wconf 86' lang='lat' dir='ltr'><strong>Me-</strong></span> 
     </span>
    </p>
   </div>
   <div class='ocr_carea' id='block_1_94' title="bbox 317 5691 1969 5783">
    <p class='ocr_par' dir='ltr' id='par_1_94' title="bbox 317 5691 1969 5783">
     <span class='ocr_line' id='line_1_95' title="bbox 317 5691 1969 5783; baseline 0.003 -34"><span class='ocrx_word' id='word_1_713' title='bbox 317 5691 513 5783; x_wconf 66' lang='lat' dir='ltr'><strong>dqsaga</strong></span> <span class='ocrx_word' id='word_1_714' title='bbox 569 5691 823 5783; x_wconf 64' lang='lat' dir='ltr'><strong>vicesimo</strong></span> <span class='ocrx_word' id='word_1_715' title='bbox 879 5700 948 5755; x_wconf 87' lang='lat' dir='ltr'><strong>ab</strong></span> <span class='ocrx_word' id='word_1_716' title='bbox 1001 5691 1217 5783; x_wconf 54' lang='lat' dir='ltr'><strong>Anci/fa</strong></span> <span class='ocrx_word' id='word_1_717' title='bbox 1290 5703 1503 5783; x_wconf 71' lang='lat' dir='ltr'><strong>lapide,</strong></span> <span class='ocrx_word' id='word_1_718' title='bbox 1562 5698 1969 5783; x_wconf 62' lang='grc' dir='ltr'><strong>’Λσκφδρουγη-</strong></span> 
     </span>
    </p>
   </div>
   <div class='ocr_carea' id='block_1_95' title="bbox 320 5767 2006 5849">
    <p class='ocr_par' dir='ltr' id='par_1_95' title="bbox 320 5767 2006 5849">
     <span class='ocr_line' id='line_1_96' title="bbox 320 5767 2006 5849; baseline 0.007 -22"><span class='ocrx_word' id='word_1_719' title='bbox 320 5767 447 5839; x_wconf 75' lang='grc' dir='ltr'><strong>τῶν,</strong></span> <span class='ocrx_word' id='word_1_720' title='bbox 477 5771 968 5849; x_wconf 81' lang='lat' dir='ltr'><strong>Ascodrugitarum</strong></span> <span class='ocrx_word' id='word_1_721' title='bbox 997 5767 1623 5849; x_wconf 65' lang='lat' dir='ltr'><strong>meminere.&#39;Denique</strong></span> <span class='ocrx_word' id='word_1_722' title='bbox 1667 5780 1725 5832; x_wconf 91' lang='lat' dir='ltr'><strong>et</strong></span> <span class='ocrx_word' id='word_1_723' title='bbox 1764 5767 1833 5832; x_wconf 80' lang='lat' dir='ltr'><strong>in</strong></span> <span class='ocrx_word' id='word_1_724' title='bbox 1874 5767 1971 5833; x_wconf 78' lang='lat' dir='ltr'><strong>co-</strong></span> <span class='ocrx_word' id='word_1_725' title='bbox 2002 5835 2006 5839; x_wconf 88' lang='lat'><strong>.</strong></span> 
     </span>
    </p>
   </div>
   <div class='ocr_carea' id='block_1_96' title="bbox 2083 3395 3733 3471">
    <p class='ocr_par' dir='ltr' id='par_1_96' title="bbox 2083 3395 3733 3471">
     <span class='ocr_line' id='line_1_97' title="bbox 2083 3395 3733 3471; baseline -0.01 -7"><span class='ocrx_word' id='word_1_726' title='bbox 2083 3413 2194 3471; x_wconf 88' lang='lat' dir='ltr'><strong>tas,</strong></span> <span class='ocrx_word' id='word_1_727' title='bbox 2228 3412 2285 3462; x_wconf 88' lang='lat' dir='ltr'><strong>et</strong></span> <span class='ocrx_word' id='word_1_728' title='bbox 2314 3405 2700 3471; x_wconf 86' lang='lat' dir='ltr'><strong>Manichaeos;</strong></span> <span class='ocrx_word' id='word_1_729' title='bbox 2744 3407 2880 3458; x_wconf 90' lang='lat' dir='ltr'><strong>nota</strong></span> <span class='ocrx_word' id='word_1_730' title='bbox 2938 3402 3095 3456; x_wconf 89' lang='lat' dir='ltr'><strong>enim</strong></span> <span class='ocrx_word' id='word_1_731' title='bbox 3148 3398 3271 3469; x_wconf 87' lang='lat' dir='ltr'><strong>jam</strong></span> <span class='ocrx_word' id='word_1_732' title='bbox 3306 3396 3430 3451; x_wconf 85' lang='lat' dir='ltr'><strong>hac</strong></span> <span class='ocrx_word' id='word_1_733' title='bbox 3458 3395 3733 3450; x_wconf 86' lang='lat' dir='ltr'><strong>humana</strong></span> 
     </span>
    </p>
   </div>
   <div class='ocr_carea' id='block_1_97' title="bbox 2083 3481 3735 3556">
    <p class='ocr_par' dir='ltr' id='par_1_97' title="bbox 2083 3481 3735 3556">
     <span class='ocr_line' id='line_1_98' title="bbox 2083 3481 3735 3556; baseline -0.01 -4"><span class='ocrx_word' id='word_1_734' title='bbox 2083 3496 2433 3553; x_wconf 86' lang='lat' dir='ltr'><strong>calamitatis</strong></span> <span class='ocrx_word' id='word_1_735' title='bbox 2461 3492 2745 3550; x_wconf 87' lang='lat' dir='ltr'><strong>vocabula</strong></span> <span class='ocrx_word' id='word_1_736' title='bbox 2775 3494 2932 3548; x_wconf 88' lang='lat' dir='ltr'><strong>sunt.</strong></span> <span class='ocrx_word' id='word_1_737' title='bbox 2968 3489 3110 3555; x_wconf 90' lang='lat' dir='ltr'><strong>Quis</strong></span> <span class='ocrx_word' id='word_1_738' title='bbox 3162 3500 3419 3556; x_wconf 89' lang='lat' dir='ltr'><strong>unquam</strong></span> <span class='ocrx_word' id='word_1_739' title='bbox 3468 3481 3735 3553; x_wconf 75' lang='lat' dir='ltr'><strong>Passalo-</strong></span> 
     </span>
    </p>
   </div>
   <div class='ocr_carea' id='block_1_98' title="bbox 2083 3574 3739 3660">
    <p class='ocr_par' dir='ltr' id='par_1_98' title="bbox 2083 3574 3739 3660">
     <span class='ocr_line' id='line_1_99' title="bbox 2083 3574 3739 3660; baseline -0.011 -17"><span class='ocrx_word' id='word_1_740' title='bbox 2083 3586 2358 3660; x_wconf 83' lang='lat' dir='ltr'><strong>ryncitas,</strong></span> <span class='ocrx_word' id='word_1_741' title='bbox 2395 3588 2451 3640; x_wconf 89' lang='lat' dir='ltr'><strong>et</strong></span> <span class='ocrx_word' id='word_1_742' title='bbox 2468 3582 2839 3639; x_wconf 88' lang='lat' dir='ltr'><strong>Ascodrobos</strong></span> <span class='ocrx_word' id='word_1_743' title='bbox 2866 3580 2906 3646; x_wconf 75' lang='grc'><em>³,</em></span> <span class='ocrx_word' id='word_1_744' title='bbox 2941 3582 2998 3633; x_wconf 88' lang='lat' dir='ltr'><strong>et</strong></span> <span class='ocrx_word' id='word_1_745' title='bbox 3027 3574 3401 3647; x_wconf 84' lang='lat' dir='ltr'><strong>Artotyritas,</strong></span> <span class='ocrx_word' id='word_1_746' title='bbox 3433 3576 3490 3627; x_wconf 90' lang='lat' dir='ltr'><strong>et</strong></span> <span class='ocrx_word' id='word_1_747' title='bbox 3531 3575 3739 3660; x_wconf 82' lang='lat' dir='ltr'><strong>catera</strong></span> 
     </span>
    </p>
   </div>
   <div class='ocr_carea' id='block_1_99' title="bbox 2084 3658 3737 3748">
    <p class='ocr_par' dir='ltr' id='par_1_99' title="bbox 2084 3658 3737 3748">
     <span class='ocr_line' id='line_1_100' title="bbox 2084 3658 3737 3748; baseline -0.011 -16"><span class='ocrx_word' id='word_1_748' title='bbox 2084 3658 2273 3748; x_wconf 83' lang='lat' dir='ltr'><strong>magis</strong></span> <span class='ocrx_word' id='word_1_749' title='bbox 2303 3677 2568 3747; x_wconf 87' lang='lat' dir='ltr'><strong>portenta</strong></span> <span class='ocrx_word' id='word_1_750' title='bbox 2590 3688 2770 3744; x_wconf 90' lang='lat' dir='ltr'><strong>quam</strong></span> <span class='ocrx_word' id='word_1_751' title='bbox 2817 3668 3056 3725; x_wconf 88' lang='lat' dir='ltr'><strong>nomina</strong></span> <span class='ocrx_word' id='word_1_752' title='bbox 3105 3666 3211 3734; x_wconf 85' lang='lat' dir='ltr'><strong><em>[Al.</em></strong></span> <span class='ocrx_word' id='word_1_753' title='bbox 3241 3661 3511 3732; x_wconf 81' lang='lat' dir='ltr'><strong>numina]</strong></span> <span class='ocrx_word' id='word_1_754' title='bbox 3542 3660 3602 3716; x_wconf 91' lang='lat' dir='ltr'><strong>in</strong></span> <span class='ocrx_word' id='word_1_755' title='bbox 3632 3658 3737 3716; x_wconf 91' lang='lat' dir='ltr'><strong>ali-</strong></span> 
     </span>
    </p>
   </div>
   <div class='ocr_carea' id='block_1_100' title="bbox 2084 3750 3736 3838">
    <p class='ocr_par' dir='ltr' id='par_1_100' title="bbox 2084 3750 3736 3838">
     <span class='ocr_line' id='line_1_101' title="bbox 2084 3750 3736 3838; baseline -0.01 -16"><span class='ocrx_word' id='word_1_756' title='bbox 2084 3783 2201 3838; x_wconf 90' lang='lat' dir='ltr'><strong>qua</strong></span> <span class='ocrx_word' id='word_1_757' title='bbox 2230 3770 2391 3837; x_wconf 87' lang='lat' dir='ltr'><strong>parte</strong></span> <span class='ocrx_word' id='word_1_758' title='bbox 2419 3762 2665 3819; x_wconf 82' lang='lat' dir='ltr'><strong>Romani</strong></span> <span class='ocrx_word' id='word_1_759' title='bbox 2696 3760 2855 3817; x_wconf 87' lang='lat' dir='ltr'><strong>orbis</strong></span> <span class='ocrx_word' id='word_1_760' title='bbox 2886 3755 3155 3814; x_wconf 84' lang='lat' dir='ltr'><strong>audivit?</strong></span> <span class='ocrx_word' id='word_1_761' title='bbox 3174 3753 3443 3824; x_wconf 81' lang='lat' dir='ltr'><strong>Antiqua</strong></span> <span class='ocrx_word' id='word_1_762' title='bbox 3471 3750 3736 3807; x_wconf 87' lang='lat' dir='ltr'><strong>stultitia</strong></span> 
     </span>
    </p>
   </div>
   <div class='ocr_carea' id='block_1_101' title="bbox 2060 3840 3736 3927">
    <p class='ocr_par' dir='ltr' id='par_1_101' title="bbox 2060 3840 3736 3927">
     <span class='ocr_line' id='line_1_102' title="bbox 2060 3840 3736 3927; baseline -0.011 -15"><span class='ocrx_word' id='word_1_763' title='bbox 2060 3844 2270 3927; x_wconf 34' lang='lat' dir='ltr'><strong>&#39;usque</strong></span> <span class='ocrx_word' id='word_1_764' title='bbox 2294 3853 2464 3909; x_wconf 90' lang='lat' dir='ltr'><strong>hodie</strong></span> <span class='ocrx_word' id='word_1_765' title='bbox 2490 3855 2731 3908; x_wconf 89' lang='lat' dir='ltr'><strong>manent</strong></span> <span class='ocrx_word' id='word_1_766' title='bbox 2757 3847 3022 3921; x_wconf 85' lang='lat' dir='ltr'><strong>vestigia.</strong></span> <span class='ocrx_word' id='word_1_767' title='bbox 3058 3849 3250 3901; x_wconf 89' lang='lat' dir='ltr'><strong>Unum</strong></span> <span class='ocrx_word' id='word_1_768' title='bbox 3285 3847 3374 3899; x_wconf 91' lang='lat' dir='ltr'><strong>est</strong></span> <span class='ocrx_word' id='word_1_769' title='bbox 3403 3841 3558 3913; x_wconf 89' lang='lat' dir='ltr'><strong>quod</strong></span> <span class='ocrx_word' id='word_1_770' title='bbox 3590 3840 3736 3895; x_wconf 84' lang='lat' dir='ltr'><strong>infe-</strong></span> 
     </span>
    </p>
   </div>
   <div class='ocr_carea' id='block_1_102' title="bbox 2058 3929 3815 4014">
    <p class='ocr_par' dir='ltr' id='par_1_102' title="bbox 2058 3929 3815 4014">
     <span class='ocr_line' id='line_1_103' title="bbox 2058 3929 3815 4014; baseline -0.01 -13"><span class='ocrx_word' id='word_1_771' title='bbox 2058 3945 2293 4010; x_wconf 88' lang='lat' dir='ltr'><strong>‘rimus,</strong></span> <span class='ocrx_word' id='word_1_772' title='bbox 2317 3948 2373 3999; x_wconf 90' lang='lat' dir='ltr'><strong>et</strong></span> <span class='ocrx_word' id='word_1_773' title='bbox 2395 3942 2755 4014; x_wconf 88' lang='lat' dir='ltr'><strong>promissum</strong></span> <span class='ocrx_word' id='word_1_774' title='bbox 2780 3938 2839 3994; x_wconf 89' lang='lat' dir='ltr'><strong>in</strong></span> <span class='ocrx_word' id='word_1_775' title='bbox 2861 3936 3097 3994; x_wconf 82' lang='lat' dir='ltr'><strong>exordio</strong></span> <span class='ocrx_word' id='word_1_776' title='bbox 3147 3933 3471 3999; x_wconf 88' lang='lat' dir='ltr'><strong>reddimus,</strong></span> <span class='ocrx_word' id='word_1_777' title='bbox 3502 3929 3737 3987; x_wconf 88' lang='lat' dir='ltr'><strong>Galatas</strong></span> <span class='ocrx_word' id='word_1_778' title='bbox 3814 3938 3815 3941; x_wconf 78' lang='lat'>‘</span> 
     </span>
    </p>
   </div>
   <div class='ocr_carea' id='block_1_103' title="bbox 2082 4019 3734 4105">
    <p class='ocr_par' dir='ltr' id='par_1_103' title="bbox 2082 4019 3734 4105">
     <span class='ocr_line' id='line_1_104' title="bbox 2082 4019 3734 4105; baseline -0.01 -16"><span class='ocrx_word' id='word_1_779' title='bbox 2082 4039 2317 4105; x_wconf 86' lang='lat' dir='ltr'><strong>excepto</strong></span> <span class='ocrx_word' id='word_1_780' title='bbox 2350 4046 2620 4087; x_wconf 90' lang='lat' dir='ltr'><strong>sermone</strong></span> <span class='ocrx_word' id='word_1_781' title='bbox 2641 4030 2858 4095; x_wconf 75' lang='lat' dir='ltr'><strong>Graco,</strong></span> <span class='ocrx_word' id='word_1_782' title='bbox 2879 4043 2994 4098; x_wconf 91' lang='lat' dir='ltr'><strong>quo</strong></span> <span class='ocrx_word' id='word_1_783' title='bbox 3016 4024 3208 4081; x_wconf 89' lang='lat' dir='ltr'><strong>omnis</strong></span> <span class='ocrx_word' id='word_1_784' title='bbox 3229 4021 3433 4077; x_wconf 89' lang='lat' dir='ltr'><strong>Oriens</strong></span> <span class='ocrx_word' id='word_1_785' title='bbox 3456 4019 3734 4091; x_wconf 88' lang='lat' dir='ltr'><strong>loquitur,</strong></span> 
     </span>
    </p>
   </div>
   <div class='ocr_carea' id='block_1_104' title="bbox 2081 4111 3739 4195">
    <p class='ocr_par' dir='ltr' id='par_1_104' title="bbox 2081 4111 3739 4195">
     <span class='ocr_line' id='line_1_105' title="bbox 2081 4111 3739 4195; baseline -0.008 -18"><span class='ocrx_word' id='word_1_786' title='bbox 2081 4122 2379 4195; x_wconf 90' lang='lat' dir='ltr'><strong>propriam</strong></span> <span class='ocrx_word' id='word_1_787' title='bbox 2409 4120 2674 4192; x_wconf 87' lang='lat' dir='ltr'><strong>linguam</strong></span> <span class='ocrx_word' id='word_1_788' title='bbox 2713 4117 2980 4173; x_wconf 90' lang='lat' dir='ltr'><strong>eamdem</strong></span> <span class='ocrx_word' id='word_1_789' title='bbox 3004 4129 3150 4186; x_wconf 90' lang='lat' dir='ltr'><strong>pene</strong></span> <span class='ocrx_word' id='word_1_790' title='bbox 3172 4111 3384 4166; x_wconf 89' lang='lat' dir='ltr'><strong>habere</strong></span> <span class='ocrx_word' id='word_1_791' title='bbox 3405 4125 3583 4180; x_wconf 90' lang='lat' dir='ltr'><strong>quam</strong></span> <span class='ocrx_word' id='word_1_792' title='bbox 3610 4113 3739 4163; x_wconf 85' lang='lat' dir='ltr'><strong>Tre-</strong></span> 
     </span>
    </p>
   </div>
   <div class='ocr_carea' id='block_1_105' title="bbox 2079 4196 3738 4280">
    <p class='ocr_par' dir='ltr' id='par_1_105' title="bbox 2079 4196 3738 4280">
     <span class='ocr_line' id='line_1_106' title="bbox 2079 4196 3738 4280; baseline -0.01 -13"><span class='ocrx_word' id='word_1_793' title='bbox 2079 4213 2254 4280; x_wconf 91' lang='lat' dir='ltr'><strong>viros,</strong></span> <span class='ocrx_word' id='word_1_794' title='bbox 2289 4226 2395 4266; x_wconf 92' lang='lat' dir='ltr'><strong>nec</strong></span> <span class='ocrx_word' id='word_1_795' title='bbox 2442 4212 2673 4277; x_wconf 84' lang='lat' dir='ltr'><strong>referre,</strong></span> <span class='ocrx_word' id='word_1_796' title='bbox 2733 4206 2781 4262; x_wconf 92' lang='lat' dir='ltr'><strong>si</strong></span> <span class='ocrx_word' id='word_1_797' title='bbox 2842 4203 3041 4276; x_wconf 88' lang='lat' dir='ltr'><strong>aliqua</strong></span> <span class='ocrx_word' id='word_1_798' title='bbox 3093 4200 3297 4256; x_wconf 85' lang='lat' dir='ltr'><strong>exinde</strong></span> <span class='ocrx_word' id='word_1_799' title='bbox 3352 4196 3738 4268; x_wconf 89' lang='lat' dir='ltr'><strong>corruperint,</strong></span> 
     </span>
    </p>
   </div>
   <div class='ocr_carea' id='block_1_106' title="bbox 2082 4285 3742 4365">
    <p class='ocr_par' dir='ltr' id='par_1_106' title="bbox 2082 4285 3742 4365">
     <span class='ocr_line' id='line_1_107' title="bbox 2082 4285 3742 4365; baseline -0.011 -8"><span class='ocrx_word' id='word_1_800' title='bbox 2082 4318 2216 4357; x_wconf 91' lang='lat' dir='ltr'><strong>cum</strong></span> <span class='ocrx_word' id='word_1_801' title='bbox 2249 4304 2306 4356; x_wconf 87' lang='lat' dir='ltr'><strong>et</strong></span> <span class='ocrx_word' id='word_1_802' title='bbox 2328 4299 2449 4356; x_wconf 79' lang='lat' dir='ltr'><strong>Afri</strong></span> <span class='ocrx_word' id='word_1_803' title='bbox 2477 4296 2829 4354; x_wconf 72' lang='lat' dir='ltr'><strong>Phanicum</strong></span> <span class='ocrx_word' id='word_1_804' title='bbox 2864 4293 3129 4365; x_wconf 89' lang='lat' dir='ltr'><strong>linguam</strong></span> <span class='ocrx_word' id='word_1_805' title='bbox 3175 4285 3458 4345; x_wconf 88' lang='lat' dir='ltr'><strong>nonnulla</strong></span> <span class='ocrx_word' id='word_1_806' title='bbox 3483 4303 3551 4341; x_wconf 83' lang='lat' dir='ltr'><strong>ex</strong></span> <span class='ocrx_word' id='word_1_807' title='bbox 3580 4289 3742 4358; x_wconf 92' lang='lat' dir='ltr'><strong>parte</strong></span> 
     </span>
    </p>
   </div>
   <div class='ocr_carea' id='block_1_107' title="bbox 2082 4371 3746 4459">
    <p class='ocr_par' dir='ltr' id='par_1_107' title="bbox 2082 4371 3746 4459">
     <span class='ocr_line' id='line_1_108' title="bbox 2082 4371 3746 4459; baseline -0.01 -11"><span class='ocrx_word' id='word_1_808' title='bbox 2082 4390 2437 4447; x_wconf 87' lang='lat' dir='ltr'><strong>mutaverint</strong></span> <span class='ocrx_word' id='word_1_809' title='bbox 2466 4389 2509 4459; x_wconf 84' lang='grc'><strong><em>³,</em></strong></span> <span class='ocrx_word' id='word_1_810' title='bbox 2541 4393 2598 4443; x_wconf 89' lang='lat' dir='ltr'><strong>et</strong></span> <span class='ocrx_word' id='word_1_811' title='bbox 2628 4371 2758 4459; x_wconf 58' lang='lat' dir='ltr'><strong>ipsi</strong></span> <span class='ocrx_word' id='word_1_812' title='bbox 2806 4383 3094 4441; x_wconf 89' lang='lat' dir='ltr'><strong>Latinitas</strong></span> <span class='ocrx_word' id='word_1_813' title='bbox 3124 4384 3181 4436; x_wconf 91' lang='lat' dir='ltr'><strong>et</strong></span> <span class='ocrx_word' id='word_1_814' title='bbox 3230 4375 3569 4451; x_wconf 87' lang='lat' dir='ltr'><strong>regionibus</strong></span> <span class='ocrx_word' id='word_1_815' title='bbox 3598 4391 3746 4448; x_wconf 82' lang='lat' dir='ltr'><strong>quo-</strong></span> 
     </span>
    </p>
   </div>
   <div class='ocr_carea' id='block_1_108' title="bbox 2082 4536 3744 4622">
    <p class='ocr_par' dir='ltr' id='par_1_108' title="bbox 2082 4536 3744 4622">
     <span class='ocr_line' id='line_1_109' title="bbox 2082 4536 3744 4622; baseline -0.008 -14"><span class='ocrx_word' id='word_1_816' title='bbox 2082 4551 2209 4608; x_wconf 88' lang='lat' dir='ltr'><strong>dice</strong></span> <span class='ocrx_word' id='word_1_817' title='bbox 2239 4549 2555 4622; x_wconf 87' lang='lat' dir='ltr'><strong>Theodosii</strong></span> <span class='ocrx_word' id='word_1_818' title='bbox 2587 4552 2660 4622; x_wconf 84' lang='lat' dir='ltr'><strong>M.</strong></span> <span class='ocrx_word' id='word_1_819' title='bbox 2696 4548 2822 4622; x_wconf 80' lang='lat' dir='ltr'><strong>lege</strong></span> <span class='ocrx_word' id='word_1_820' title='bbox 2851 4547 2886 4601; x_wconf 83' lang='lat'>5</span> <span class='ocrx_word' id='word_1_821' title='bbox 2915 4545 2985 4622; x_wconf 85' lang='lat' dir='ltr'><strong>de</strong></span> <span class='ocrx_word' id='word_1_822' title='bbox 3019 4539 3331 4622; x_wconf 61' lang='lat' dir='ltr'><strong>Ifiareticis</strong></span> <span class='ocrx_word' id='word_1_823' title='bbox 3352 4536 3744 4622; x_wconf 55' lang='lat' dir='ltr'><strong>Tascodrocitw</strong></span> 
     </span>
    </p>
   </div>
   <div class='ocr_carea' id='block_1_109' title="bbox 2085 4615 3735 4697">
    <p class='ocr_par' dir='ltr' id='par_1_109' title="bbox 2085 4615 3735 4697">
     <span class='ocr_line' id='line_1_110' title="bbox 2085 4615 3735 4697; baseline -0.01 -17"><span class='ocrx_word' id='word_1_824' title='bbox 2085 4626 2175 4697; x_wconf 87' lang='lat' dir='ltr'><strong>(ut</strong></span> <span class='ocrx_word' id='word_1_825' title='bbox 2204 4624 2477 4697; x_wconf 87' lang='lat' dir='ltr'><strong>emendat</strong></span> <span class='ocrx_word' id='word_1_826' title='bbox 2506 4615 2897 4697; x_wconf 76' lang='lat' dir='ltr'><strong>Gothofredus</strong></span> <span class='ocrx_word' id='word_1_827' title='bbox 2913 4617 2984 4697; x_wconf 87' lang='lat' dir='ltr'><strong>_in</strong></span> <span class='ocrx_word' id='word_1_828' title='bbox 3033 4615 3504 4697; x_wconf 77' lang='lat' dir='ltr'><strong>Commentariis,</strong></span> <span class='ocrx_word' id='word_1_829' title='bbox 3539 4615 3735 4697; x_wconf 51' lang='grc' dir='ltr'><strong>Ταρσο-</strong></span> 
     </span>
    </p>
   </div>
   <div class='ocr_carea' id='block_1_110' title="bbox 2001 4680 3740 4769">
    <p class='ocr_par' dir='ltr' id='par_1_110' title="bbox 2001 4680 3740 4769">
     <span class='ocr_line' id='line_1_111' title="bbox 2001 4680 3740 4769; baseline -0.007 -20"><span class='ocrx_word' id='word_1_830' title='bbox 2001 4680 2344 4769; x_wconf 66' lang='lat' dir='ltr'><strong>Ddrogitée)</strong></span> <span class='ocrx_word' id='word_1_831' title='bbox 2391 4692 2806 4769; x_wconf 75' lang='lat' dir='ltr'><strong>appell_a_ntur_:_</strong></span> <span class='ocrx_word' id='word_1_832' title='bbox 2850 4685 3559 4769; x_wconf 39' lang='lat' dir='ltr'><strong>iidemquenAs&#39;codro&#39;gitz</strong></span> <span class='ocrx_word' id='word_1_833' title='bbox 3605 4680 3740 4769; x_wconf 59' lang='lat' dir='ltr'><strong>lege</strong></span> 
     </span>
    </p>
   </div>
   <div class='ocr_carea' id='block_1_111' title="bbox 2086 4755 3736 4835">
    <p class='ocr_par' dir='ltr' id='par_1_111' title="bbox 2086 4755 3736 4835">
     <span class='ocr_line' id='line_1_112' title="bbox 2086 4755 3736 4835; baseline -0.009 -12"><span class='ocrx_word' id='word_1_834' title='bbox 2086 4755 2266 4833; x_wconf 52' lang='lat' dir='ltr'><strong>63,&quot;ct</strong></span> <span class='ocrx_word' id='word_1_835' title='bbox 2292 4755 2582 4835; x_wconf 73' lang='lat' dir='ltr'><strong>Ascodrogi</strong></span> <span class='ocrx_word' id='word_1_836' title='bbox 2612 4762 2847 4835; x_wconf 87' lang='lat' dir='ltr'><strong>Novella</strong></span> <span class='ocrx_word' id='word_1_837' title='bbox 2874 4755 3186 4835; x_wconf 84' lang='lat' dir='ltr'><strong>Theodosii</strong></span> <span class='ocrx_word' id='word_1_838' title='bbox 3239 4758 3443 4835; x_wconf 27' lang='lat' dir='ltr'><strong>lunai?</strong></span> <span class='ocrx_word' id='word_1_839' title='bbox 3491 4755 3550 4809; x_wconf 93' lang='lat' dir='ltr'><strong>in</strong></span> <span class='ocrx_word' id='word_1_840' title='bbox 3602 4755 3736 4809; x_wconf 81' lang='lat' dir='ltr'><strong>line.</strong></span> 
     </span>
    </p>
   </div>
   <div class='ocr_carea' id='block_1_112' title="bbox 2086 4828 3741 4907">
    <p class='ocr_par' dir='ltr' id='par_1_112' title="bbox 2086 4828 3741 4907">
     <span class='ocr_line' id='line_1_113' title="bbox 2086 4828 3741 4907; baseline -0.008 -12"><span class='ocrx_word' id='word_1_841' title='bbox 2086 4828 2263 4895; x_wconf 79' lang='lat' dir='ltr'><strong>Porro</strong></span> <span class='ocrx_word' id='word_1_842' title='bbox 2316 4855 2385 4892; x_wconf 85' lang='lat' dir='ltr'><strong>ex</strong></span> <span class='ocrx_word' id='word_1_843' title='bbox 2434 4828 2685 4907; x_wconf 71' lang='lat' dir='ltr'><strong>Phrygio</strong></span> <span class='ocrx_word' id='word_1_844' title='bbox 2742 4834 3039 4901; x_wconf 89' lang='lat' dir='ltr'><strong>idiomate,</strong></span> <span class='ocrx_word' id='word_1_845' title='bbox 3074 4831 3193 4907; x_wconf 80' lang='lat' dir='ltr'><strong>sive</strong></span> <span class='ocrx_word' id='word_1_846' title='bbox 3248 4828 3507 4907; x_wconf 82' lang='lat' dir='ltr'><strong>Galatico</strong></span> <span class='ocrx_word' id='word_1_847' title='bbox 3536 4842 3642 4882; x_wconf 84' lang='lat' dir='ltr'><strong>vox</strong></span> <span class='ocrx_word' id='word_1_848' title='bbox 3673 4843 3741 4881; x_wconf 92' lang='lat' dir='ltr'><strong>ea</strong></span> 
     </span>
    </p>
   </div>
   <div class='ocr_carea' id='block_1_113' title="bbox 2086 4901 3740 4979">
    <p class='ocr_par' dir='ltr' id='par_1_113' title="bbox 2086 4901 3740 4979">
     <span class='ocr_line' id='line_1_114' title="bbox 2086 4901 3740 4979; baseline -0.009 -12"><span class='ocrx_word' id='word_1_849' title='bbox 2086 4912 2402 4979; x_wconf 86' lang='lat' dir='ltr'><strong>derivatur,</strong></span> <span class='ocrx_word' id='word_1_850' title='bbox 2436 4901 2926 4979; x_wconf 55' lang='lat' dir='ltr'><strong>com&#39;poniturque</strong></span> <span class='ocrx_word' id='word_1_851' title='bbox 2960 4918 3031 4979; x_wconf 80' lang='lat' dir='ltr'><strong>ex</strong></span> <span class='ocrx_word' id='word_1_852' title='bbox 3057 4904 3289 4979; x_wconf 83' lang='lat' dir='ltr'><strong>duobus</strong></span> <span class='ocrx_word' id='word_1_853' title='bbox 3336 4901 3559 4979; x_wconf 66' lang='lat' dir='ltr'><strong>verbis,</strong></span> <span class='ocrx_word' id='word_1_854' title='bbox 3600 4913 3740 4969; x_wconf 92' lang='lat' dir='ltr'><strong>quo-</strong></span> 
     </span>
    </p>
   </div>
   <div class='ocr_carea' id='block_1_114' title="bbox 2085 4970 3736 5045">
    <p class='ocr_par' dir='ltr' id='par_1_114' title="bbox 2085 4970 3736 5045">
     <span class='ocr_line' id='line_1_115' title="bbox 2085 4970 3736 5045; baseline -0.01 -6"><span class='ocrx_word' id='word_1_855' title='bbox 2085 5000 2217 5039; x_wconf 89' lang='lat' dir='ltr'><strong>rum</strong></span> <span class='ocrx_word' id='word_1_856' title='bbox 2276 4970 2524 5037; x_wconf 76' lang='lat' dir='ltr'><strong>alterum</strong></span> <span class='ocrx_word' id='word_1_857' title='bbox 2572 4970 3089 5045; x_wconf 39' lang='lat' dir='ltr'><strong>Timon-Latine,</strong></span> <span class='ocrx_word' id='word_1_858' title='bbox 3139 4975 3413 5043; x_wconf 85' lang='lat' dir='ltr'><strong>digitum:</strong></span> <span class='ocrx_word' id='word_1_859' title='bbox 3478 4970 3736 5045; x_wconf 78' lang='lat' dir='ltr'><strong>alterum</strong></span> 
     </span>
    </p>
   </div>
   <div class='ocr_carea' id='block_1_115' title="bbox 2086 5043 3734 5138">
    <p class='ocr_par' dir='ltr' id='par_1_115' title="bbox 2086 5043 3734 5138">
     <span class='ocr_line' id='line_1_116' title="bbox 2086 5043 3734 5138; baseline -0.01 -29"><span class='ocrx_word' id='word_1_860' title='bbox 2086 5052 2601 5138; x_wconf 52' lang='lat' dir='ltr'><strong>8p0&#39;37705,_narem</strong></span> <span class='ocrx_word' id='word_1_861' title='bbox 2632 5043 2819 5138; x_wconf 65' lang='lat' dir='ltr'><strong>sonat.</strong></span> <span class='ocrx_word' id='word_1_862' title='bbox 2853 5049 3082 5138; x_wconf 53' lang='lat' dir='ltr'><strong>Etenim</strong></span> <span class='ocrx_word' id='word_1_863' title='bbox 3133 5043 3734 5138; x_wconf 36' lang='lat' dir='ltr'><strong>interiorand‘umha-</strong></span> 
     </span>
    </p>
   </div>
   <div class='ocr_carea' id='block_1_116' title="bbox 2085 5112 3733 5207">
    <p class='ocr_par' dir='ltr' id='par_1_116' title="bbox 2085 5112 3733 5207">
     <span class='ocr_line' id='line_1_117' title="bbox 2085 5112 3733 5207; baseline -0.009 -24"><span class='ocrx_word' id='word_1_864' title='bbox 2085 5112 2530 5207; x_wconf 41' lang='lat' dir='ltr'><strong>ribus&#39;di‘gitum</strong></span> <span class='ocrx_word' id='word_1_865' title='bbox 2562 5124 2884 5207; x_wconf 75' lang='lat' dir='ltr'><strong>inﬁgebant</strong></span> <span class='ocrx_word' id='word_1_866' title='bbox 2925 5119 3235 5207; x_wconf 79' lang='lat' dir='ltr'><strong>hominum</strong></span> <span class='ocrx_word' id='word_1_867' title='bbox 3284 5112 3733 5207; x_wconf 59' lang='lat' dir='ltr'><strong>dementissimi.</strong></span> 
     </span>
    </p>
   </div>
   <div class='ocr_carea' id='block_1_117' title="bbox 2082 5187 3733 5261">
    <p class='ocr_par' dir='ltr' id='par_1_117' title="bbox 2082 5187 3733 5261">
     <span class='ocr_line' id='line_1_118' title="bbox 2082 5187 3733 5261; baseline -0.012 -7"><span class='ocrx_word' id='word_1_868' title='bbox 2082 5199 2260 5254; x_wconf 73' lang='lat' dir='ltr'><strong>Graeci</strong></span> <span class='ocrx_word' id='word_1_869' title='bbox 2294 5187 2407 5254; x_wconf 66' lang='lat' dir='ltr'><strong>alio</strong></span> <span class='ocrx_word' id='word_1_870' title='bbox 2465 5187 2721 5261; x_wconf 71' lang='lat' dir='ltr'><strong>nomine,</strong></span> <span class='ocrx_word' id='word_1_871' title='bbox 2779 5194 2981 5248; x_wconf 84' lang='lat' dir='ltr'><strong>eadem</strong></span> <span class='ocrx_word' id='word_1_872' title='bbox 3034 5197 3227 5247; x_wconf 87' lang='lat' dir='ltr'><strong>autem</strong></span> <span class='ocrx_word' id='word_1_873' title='bbox 3282 5187 3733 5261; x_wconf 74' lang='lat' dir='ltr'><strong>significatione,</strong></span> 
     </span>
    </p>
   </div>
   <div class='ocr_carea' id='block_1_118' title="bbox 2084 5253 3736 5342">
    <p class='ocr_par' dir='ltr' id='par_1_118' title="bbox 2084 5253 3736 5342">
     <span class='ocr_line' id='line_1_119' title="bbox 2084 5253 3736 5342; baseline -0.013 -14"><span class='ocrx_word' id='word_1_874' title='bbox 2084 5253 2586 5342; x_wconf 68' lang='lat' dir='ltr'><strong>Passaloryncitas,</strong></span> <span class='ocrx_word' id='word_1_875' title='bbox 2632 5253 2719 5342; x_wconf 82' lang='lat' dir='ltr'><strong>vel</strong></span> <span class='ocrx_word' id='word_1_876' title='bbox 2774 5266 3256 5342; x_wconf 66' lang='lat' dir='ltr'><strong>Parillonassones</strong></span> <span class='ocrx_word' id='word_1_877' title='bbox 3302 5253 3529 5342; x_wconf 74' lang='lat' dir='ltr'><strong>vocant,</strong></span> <span class='ocrx_word' id='word_1_878' title='bbox 3580 5253 3736 5342; x_wconf 75' lang='lat' dir='ltr'><strong>quod</strong></span> 
     </span>
    </p>
   </div>
   <div class='ocr_carea' id='block_1_119' title="bbox 2084 5330 3735 5411">
    <p class='ocr_par' dir='ltr' id='par_1_119' title="bbox 2084 5330 3735 5411">
     <span class='ocr_line' id='line_1_120' title="bbox 2084 5330 3735 5411; baseline -0.013 -11"><span class='ocrx_word' id='word_1_879' title='bbox 2084 5360 2320 5411; x_wconf 85' lang='lat' dir='ltr'><strong>nomen,</strong></span> <span class='ocrx_word' id='word_1_880' title='bbox 2347 5330 2481 5396; x_wconf 61' lang='lat' dir='ltr'><strong>Eum</strong></span> <span class='ocrx_word' id='word_1_881' title='bbox 2510 5330 2980 5411; x_wconf 10' lang='lat' dir='ltr'><strong>etlﬁlieronymus</strong></span> <span class='ocrx_word' id='word_1_882' title='bbox 3014 5337 3106 5391; x_wconf 89' lang='lat' dir='ltr'><strong>hic</strong></span> <span class='ocrx_word' id='word_1_883' title='bbox 3129 5334 3430 5411; x_wconf 79' lang='lat' dir='ltr'><strong>memoret,</strong></span> <span class='ocrx_word' id='word_1_884' title='bbox 3454 5330 3735 5411; x_wconf 50' lang='lat' dir='ltr'><strong>‘ne‘pu&#39;tes</strong></span> 
     </span>
    </p>
   </div>
   <div class='ocr_carea' id='block_1_120' title="bbox 2085 5396 3739 5488">
    <p class='ocr_par' dir='ltr' id='par_1_120' title="bbox 2085 5396 3739 5488">
     <span class='ocr_line' id='line_1_121' title="bbox 2085 5396 3739 5488; baseline -0.013 -17"><span class='ocrx_word' id='word_1_885' title='bbox 2085 5396 2573 5488; x_wconf 67' lang='lat' dir='ltr'><strong>quasidiversam</strong></span> <span class='ocrx_word' id='word_1_886' title='bbox 2608 5396 2873 5488; x_wconf 62' lang='lat' dir='ltr'><strong>haeresim</strong></span> <span class='ocrx_word' id='word_1_887' title='bbox 2915 5403 3320 5488; x_wconf 51' lang='lat' dir='ltr'><strong>commentari,</strong></span> <span class='ocrx_word' id='word_1_888' title='bbox 3371 5399 3469 5455; x_wconf 86' lang='lat' dir='ltr'><strong>sed</strong></span> <span class='ocrx_word' id='word_1_889' title='bbox 3501 5396 3739 5488; x_wconf 64' lang='lat' dir='ltr'><strong>duplex</strong></span> 
     </span>
    </p>
   </div>
   <div class='ocr_carea' id='block_1_121' title="bbox 2086 5469 3734 5559">
    <p class='ocr_par' dir='ltr' id='par_1_121' title="bbox 2086 5469 3734 5559">
     <span class='ocr_line' id='line_1_122' title="bbox 2086 5469 3734 5559; baseline -0.013 -15"><span class='ocrx_word' id='word_1_890' title='bbox 2086 5469 2262 5544; x_wconf 59' lang='lat' dir='ltr'><strong>liuius</strong></span> <span class='ocrx_word' id='word_1_891' title='bbox 2296 5488 2679 5559; x_wconf 80' lang='lat' dir='ltr'><strong>ejusdemque</strong></span> <span class='ocrx_word' id='word_1_892' title='bbox 2711 5481 3057 5537; x_wconf 84' lang='lat' dir='ltr'><strong>vocabulum</strong></span> <span class='ocrx_word' id='word_1_893' title='bbox 3103 5476 3363 5538; x_wconf 85' lang='lat' dir='ltr'><strong>recitare,</strong></span> <span class='ocrx_word' id='word_1_894' title='bbox 3410 5469 3564 5542; x_wconf 91' lang='lat' dir='ltr'><strong>quod</strong></span> <span class='ocrx_word' id='word_1_895' title='bbox 3610 5469 3734 5542; x_wconf 87' lang='lat' dir='ltr'><strong>pari</strong></span> 
     </span>
    </p>
   </div>
   <div class='ocr_carea' id='block_1_122' title="bbox 2086 5560 3681 5630">
    <p class='ocr_par' dir='ltr' id='par_1_122' title="bbox 2086 5560 3681 5630">
     <span class='ocr_line' id='line_1_123' title="bbox 2086 5560 3681 5630; baseline -0.004 -15"><span class='ocrx_word' id='word_1_896' title='bbox 2086 5576 2246 5615; x_wconf 72' lang='lat' dir='ltr'><strong>voc:s</strong></span> <span class='ocrx_word' id='word_1_897' title='bbox 2279 5563 2545 5630; x_wconf 81' lang='lat' dir='ltr'><strong>portento</strong></span> <span class='ocrx_word' id='word_1_898' title='bbox 2579 5560 2809 5630; x_wconf 82' lang='lat' dir='ltr'><strong>terreat.</strong></span> <span class='ocrx_word' id='word_1_899' title='bbox 2884 5624 2913 5630; x_wconf 74' lang='lat'>_</span> <span class='ocrx_word' id='word_1_900' title='bbox 2991 5625 2998 5630; x_wconf 87' lang='lat'><strong>_</strong></span> <span class='ocrx_word' id='word_1_901' title='bbox 3181 5617 3213 5630; x_wconf 82' lang='lat'><em>__</em></span> <span class='ocrx_word' id='word_1_902' title='bbox 3367 5614 3378 5626; x_wconf 42' lang='grc' dir='ltr'><strong>ο</strong></span> <span class='ocrx_word' id='word_1_903' title='bbox 3473 5613 3514 5630; x_wconf 54' lang='lat' dir='ltr'>ﬁ</span> 
     </span>
    </p>
   </div>
   <div class='ocr_carea' id='block_1_123' title="bbox 2156 5613 3733 5689">
    <p class='ocr_par' dir='ltr' id='par_1_123' title="bbox 2156 5613 3733 5689">
     <span class='ocr_line' id='line_1_124' title="bbox 2156 5613 3733 5689; baseline -0.011 -3"><span class='ocrx_word' id='word_1_904' title='bbox 2156 5613 2355 5686; x_wconf 67' lang='lat' dir='ltr'><strong>3llihc</strong></span> <span class='ocrx_word' id='word_1_905' title='bbox 2410 5628 2527 5685; x_wconf 76' lang='lat' dir='ltr'><strong>falli</strong></span> <span class='ocrx_word' id='word_1_906' title='bbox 2559 5628 2721 5683; x_wconf 79' lang='lat' dir='ltr'><strong>visus</strong></span> <span class='ocrx_word' id='word_1_907' title='bbox 2754 5630 2841 5680; x_wconf 82' lang='lat' dir='ltr'><strong>est</strong></span> <span class='ocrx_word' id='word_1_908' title='bbox 2879 5624 2939 5679; x_wconf 88' lang='lat' dir='ltr'><strong>S.</strong></span> <span class='ocrx_word' id='word_1_909' title='bbox 2974 5617 3336 5689; x_wconf 74' lang='lat' dir='ltr'><strong>Augustinus</strong></span> <span class='ocrx_word' id='word_1_910' title='bbox 3365 5614 3427 5689; x_wconf 87' lang='lat' dir='ltr'><strong>in</strong></span> <span class='ocrx_word' id='word_1_911' title='bbox 3473 5613 3733 5689; x_wconf 66' lang='lat' dir='ltr'><strong>Exposit2</strong></span> 
     </span>
    </p>
   </div>
   <div class='ocr_carea' id='block_1_124' title="bbox 2084 5684 3738 5774">
    <p class='ocr_par' dir='ltr' id='par_1_124' title="bbox 2084 5684 3738 5774">
     <span class='ocr_line' id='line_1_125' title="bbox 2084 5684 3738 5774; baseline -0.01 -17"><span class='ocrx_word' id='word_1_912' title='bbox 2084 5684 2346 5760; x_wconf 38' lang='lat' dir='ltr'><strong>inchoat;</strong></span> <span class='ocrx_word' id='word_1_913' title='bbox 2375 5702 2559 5774; x_wconf 76' lang='lat' dir='ltr'><strong>Epist.</strong></span> <span class='ocrx_word' id='word_1_914' title='bbox 2595 5700 2665 5755; x_wconf 92' lang='lat' dir='ltr'><strong>ad</strong></span> <span class='ocrx_word' id='word_1_915' title='bbox 2700 5698 2945 5774; x_wconf 70' lang='lat' dir='ltr'><strong>Roman.</strong></span> <span class='ocrx_word' id='word_1_916' title='bbox 2981 5684 3094 5748; x_wconf 73' lang='lat' dir='ltr'><strong>ubi</strong></span> <span class='ocrx_word' id='word_1_917' title='bbox 3128 5707 3227 5746; x_wconf 91' lang='lat' dir='ltr'><strong>eos</strong></span> <span class='ocrx_word' id='word_1_918' title='bbox 3257 5688 3481 5774; x_wconf 45' lang='lat' dir='ltr'><strong>‘tradit,</strong></span> <span class='ocrx_word' id='word_1_919' title='bbox 3540 5684 3608 5742; x_wconf 92' lang='lat' dir='ltr'><strong>ut</strong></span> <span class='ocrx_word' id='word_1_920' title='bbox 3635 5684 3738 5774; x_wconf 82' lang='lat' dir='ltr'><strong>qui</strong></span> 
     </span>
    </p>
   </div>
   <div class='ocr_carea' id='block_1_125' title="bbox 2086 5762 3736 5848">
    <p class='ocr_par' dir='ltr' id='par_1_125' title="bbox 2086 5762 3736 5848">
     <span class='ocr_line' id='line_1_126' title="bbox 2086 5762 3736 5848; baseline -0.009 -15"><span class='ocrx_word' id='word_1_921' title='bbox 2086 5774 2242 5836; x_wconf 86' lang='lat' dir='ltr'><strong>circa</strong></span> <span class='ocrx_word' id='word_1_922' title='bbox 2269 5762 2684 5848; x_wconf 76' lang='lat' dir='ltr'><strong>Carthaginem</strong></span> <span class='ocrx_word' id='word_1_923' title='bbox 2715 5773 2819 5828; x_wconf 86' lang='lat' dir='ltr'><strong>aut</strong></span> <span class='ocrx_word' id='word_1_924' title='bbox 2857 5767 3184 5841; x_wconf 82' lang='lat' dir='ltr'><strong>Hipponem</strong></span> <span class='ocrx_word' id='word_1_925' title='bbox 3241 5762 3313 5821; x_wconf 91' lang='lat' dir='ltr'><strong>de</strong></span> <span class='ocrx_word' id='word_1_926' title='bbox 3370 5777 3487 5820; x_wconf 81' lang='lat' dir='ltr'><strong>sua</strong></span> <span class='ocrx_word' id='word_1_927' title='bbox 3545 5762 3736 5835; x_wconf 84' lang='lat' dir='ltr'><strong>gentis</strong></span> 
     </span>
    </p>
   </div>
  </div>
