4332 6562
585 404 710 471 383.

1829 409 1892 470 S.
1941 407 2248 472 EUSEBII
2291 403 2739 473 HIERONYMI

3871 411 3994 476 384

583 539 726 594 tidie
758 544 1020 596 mutetur
1048 546 1106 597 et
1133 544 1412 615 tempore.
1463 543 1573 599 Sed
1599 544 1725 615 jam
1756 543 1827 599 ad
1858 543 2223 616 propositum
2253 543 2309 609 Α
2338 541 2546 599 ledicto
2578 542 2763 598 sunt?
2793 543 2952 608 Quod
2977 558 3093 598 non
3114 539 3345 597 timebit
3367 555 3646 613 annuere,
3675 541 3776 613 qui
3799 542 3990 600 dicen-

585 633 965 685 revertamur.

654 719 812 788 (Cap.
836 719 932 774 III.
957 751 1026 760 -η
1047 719 1212 776 Vers.
1239 721 1350 792 10.)
1395 723 1790 794 «Quicunque
1827 722 1981 777 enim
2006 738 2074 776 ex
2095 737 2228 793 ope-

584 805 748 862 ribus
770 806 916 878 legis
939 818 1094 875 sunt,
1120 810 1231 864 sub
1272 810 1580 866 maledicto
1613 816 1767 866 sunt.
1821 811 2111 882 Scriptum
2144 815 2233 865 est

585 895 779 952 enim:
813 897 1153 954 Maledictus
1184 899 1376 954 omnis
1420 901 1520 970 qui
1571 917 1685 955 non
1735 901 2124 971 permanserit
2172 900 2228 955 in

585 985 860 1041 omnibus
893 1003 1018 1058 qua:
1051 988 1268 1059 scripta
1298 993 1436 1042 sunt
1465 988 1520 1043 in
1556 988 1704 1044 libro
1735 990 1924 1060 Legis,
1955 995 2020 1044 ut
2058 990 2233 1044 faciat

584 1089 670 1129 ea.
707 1096 734 1123 ››
771 1077 932 1132 Hunc
989 1093 1208 1132 morem
1270 1077 1476 1144 habeo,
1531 1083 1595 1132 ut
1653 1078 2114 1150 quotiescunque
2158 1078 2230 1133 ab

589 1163 870 1234 apostolis
901 1165 970 1220 de
1003 1166 1192 1221 Veteri
1239 1170 1636 1222 Instrumento
1685 1166 1902 1238 aliquid
1952 1167 2228 1237 sumitur,

586 1267 880 1308 recurram
913 1255 982 1309 ad
1015 1255 1332 1327 originales
1371 1255 1572 1322 libros,
1606 1260 1662 1310 et
1708 1255 2015 1329 diligenter
2047 1255 2229 1326 inspi-

585 1341 758 1410 ciam,
792 1345 1082 1414 quomodo
1113 1344 1170 1399 in
1204 1345 1329 1400 suis
1380 1345 1524 1401 locis
1573 1344 1790 1416 scripta
1833 1345 1972 1400 sint.
2033 1345 2228 1401 Inveni

584 1424 732 1486 481
770 1431 966 1502 itaque
997 1434 1055 1488 in
1088 1434 1534 1490 Deuteronomio
1566 1435 1676 1489 hoc
1699 1435 1894 1505 ipsum
1946 1435 2100 1506 apud
2133 1435 2229 1490 Se-

585 1519 892 1591 ptuaginta
919 1521 1269 1594 interpretes
1289 1521 1371 1578 ita
1392 1523 1648 1594 positum
1679 1541 1691 1577 :
1716 1523 2033 1578 Maledictut:
2053 1525 2229 1578 omnis

583 1608 740 1664 homo
770 1611 866 1681 qui
906 1627 1015 1665 non
1057 1614 1425 1682 permanserit
1474 1613 1535 1665 in
1585 1613 1835 1667 omnibus
1889 1612 2231 1667 sermonibus

584 1697 718 1765 legis
773 1698 960 1770 hujus,
1019 1703 1079 1753 ut
1135 1702 1308 1770 faciat
1359 1701 1524 1755 illos:
1581 1708 1633 1756 et
1687 1701 1826 1756 dicet
1883 1700 1988 1769 [AL
2069 1703 2227 1773 dicit]

580 1787 760 1840 omnis
784 1787 1035 1857 populus,
1065 1789 1160 1857 fiat
1189 1790 1370 1859 (Deut.
1403 1805 1599 1857 xxvm,
1621 1791 1733 1860 26).
1757 1790 1924 1862 Apud
1955 1791 2229 1861 Aquilam

2339 637 2457 688 tem
2490 631 2837 703 Apostolum
2865 632 3109 704 legerit:
3143 633 3284 697 Quia
3318 631 3567 687 Christus
3611 647 3710 688 nos
3756 633 3990 689 redemit

2339 723 2407 778 de
2427 722 2717 778 maledicto
2747 723 2903 792 legis,
2923 725 3102 793 [actus
3125 737 3224 792 pro
3252 722 3408 777 nobis
3436 722 3796 777 maledictum
3828 722 3985 793 (vers.

2343 812 2450 883 13):
2486 813 2637 868 482
2659 816 2715 866 et
2747 812 3094 882 respondere
3126 827 3609 883 unumquemque
3648 816 3986 867 sanctorum

2340 917 2446 956 suo
2469 908 2729 972 tempore
2758 899 3225 956 maledictionem
3258 901 3474 955 factum
3507 916 3636 956 esse
3664 917 3770 973 pro
3803 917 3987 973 popu-

2339 989 2414 1045 lo.
2447 991 2560 1044 Nec
2583 990 2783 1044 statim
2807 990 2916 1044 hoc
2945 989 3209 1044 tribuens
3231 994 3289 1044 et
3313 989 3493 1060 justis
3512 989 3672 1060 viris,
3697 989 3991 1045 videbitur

2339 1077 2645 1132 detrahere
2676 1077 2980 1143 Salvatori,
3013 1077 3181 1148 quasi
3213 1077 3358 1131 nihil
3407 1077 3768 1149 praecipuum
3799 1083 3857 1134 et
3886 1095 3988 1134 ex-

2339 1166 2552 1223 cellens
2575 1166 2866 1233 habuerit,
2892 1167 3080 1222 factus
3104 1183 3206 1238 pro
3231 1166 3398 1221 nobis
3429 1165 3827 1233 maledictum,
3852 1184 3988 1223 cum

2339 1261 2397 1312 et
2424 1255 2612 1311 caeteri
2643 1272 2745 1328 pro
2797 1254 2928 1310 aliis
2984 1255 3360 1311 maledictum
3418 1255 3553 1309 facti
3612 1254 3750 1311 sint.
3807 1257 3990 1312 Nemo

2281 1344 2294 1352 “
2339 1345 2495 1400 enim
2526 1344 2759 1400 illorum
2779 1344 3050 1416 quamvis
3079 1345 3265 1399 factus
3290 1343 3499 1398 fueriti
3511 1359 3612 1414 pse
3633 1343 3986 1414 maledictio,

2339 1435 2410 1490 de
2440 1433 2748 1490 maledicto
2778 1433 3111 1504 quempiam
3144 1432 3429 1498 liberavit,
3461 1433 3687 1504 absque
3728 1432 3850 1488 solo
3877 1433 3990 1489 Do-

2339 1523 2500 1579 mino
2528 1524 2668 1579 Jesu
2699 1523 2948 1589 Christo,
2988 1522 3087 1594 qui
3122 1521 3373 1594 pretioso
3425 1521 3714 1594 sanguine
3762 1538 3888 1588 suo,
3934 1527 3992 1578 et

2339 1628 2448 1667 nos
2468 1628 2671 1667 omnes
2689 1613 2729 1679 ³,
2761 1616 2816 1668 et
2864 1612 3044 1682 ipsos,
3077 1614 3307 1683 Moysen
3353 1611 3485 1666 dico
3513 1615 3572 1666 et
3612 1613 3825 1681 Aaron,
3857 1627 3989 1682 pro-

2339 1702 2661 1773 phetasque
2713 1707 2954 1756 cunctos
3003 1705 3056 1756 et
3110 1699 3492 1772 patriarchas,
3550 1701 3623 1755 de
3679 1699 3989 1756 maledicto

2339 1789 2484 1862 legis
2510 1789 2775 1846 redemit.
2799 1790 2908 1845 Nec
2930 1789 3038 1846 hoc
3060 1806 3129 1845 ex
3149 1803 3278 1845 meo
3305 1805 3481 1845 sensu
3503 1789 3726 1844 dictum
3751 1789 3986 1860 putetis,

579 1889 715 1980 vero
748 1874 868 1980 sic‘:
894 1875 1218 1980 ‘lllaledictus
1249 1879 1363 1980 lqui
1415 1894 1528 1933 non
1583 1881 1841 1980 statuerit
1890 1880 2054 1934 verba
2071 1881 2231 1980 “legis
2258 1916 2306 1980 Β
2337 1880 2638 1980 Scriptura
2667 1879 2836 1980 testis
2865 1884 2984 1935 est:
3019 1879 3158 1980 quia
3208 1880 3840 1980 Christusgraliapei,
3866 1880 3988 1980 sive

584 1962 770 2033 hujus,
802 1966 860 2017 ut
883 1965 1054 2033 faciat
1079 1980 1143 2019 ea
1163 1983 1181 2019 :
1212 1968 1262 2021 et
1281 1966 1421 2021 dicet
1450 1969 1627 2022 omnis
1638 1969 1874 2039 populus
1893 1981 2040 2022 vere.
2069 1969 2228 2040 Sym-

583 2051 865 2107 machus:
916 2053 1234 2110 Maledietus
1288 2057 1385 2126 qui
1438 2072 1549 2111 non
1601 2057 1909 2127 ﬁrmaverit
1953 2074 2229 2113 sermones

585 2139 698 2212 [ΑΙ.
733 2141 914 2196 addit.
948 2143 1099 2213 istos]
1133 2145 1289 2213 Legis
1336 2147 1514 2211 istius,
1546 2150 1605 2200 ut
1646 2147 1821 2215 faciat
1866 2162 1980 2216 eos,
2011 2155 2065 2202 et
2091 2147 2232 2202 dicet

582 2232 758 2285 omnis
787 2231 1039 2301 populus.
1062 2233 1251 2287 Amen.
1285 2234 1461 2290 Porro
1501 2233 1820 2291 Theodotio
1851 2235 1936 2291 sic
1967 2239 2229 2291 transtu-

585 2314 688 2374 lit:
722 2318 1037 2376 Maledietus
1075 2324 1176 2392 qui
1219 2338 1332 2378 non
1373 2325 1724 2378 suscitaverit
1769 2340 2040 2381 sermones
2096 2326 2230 2395 legis

586 2407 772 2479 hujus,
803 2410 981 2479 facere
1022 2425 1135 2473 eos,
1166 2415 1221 2466 et
1247 2413 1389 2466 dicet
1418 2414 1594 2467 omnis
1641 2415 1897 2485 populus,
1928 2415 2116 2469 Amen.
2151 2414 2231 2468 Ex

586 2513 702 2568 quo
734 2495 1138 2569 intelligimus,
1164 2499 1526 2572 Apostolum,
1551 2506 1616 2556 ut
1637 2501 1694 2556 in
1719 2501 1960 2571 casteria,
1989 2519 2228 2559 sensum

586 2587 776 2657 magis
807 2587 1129 2643 testimonii
1161 2589 1427 2660 posuisse
1457 2607 1635 2661 quam
1676 2592 1888 2647 verba:
1945 2601 2000 2648 et
2041 2593 2226 2647 incer-

584 2677 712 2729 tum
745 2674 1050 2744 habemus,
1076 2685 1274 2733 utrum
1297 2679 1678 2752 Septuaginta
1699 2681 2047 2754 lnterprete
2070 2681 2229 2738 addi-

585 2763 794 2832 derint,
816 2767 997 2820 omnis
1026 2766 1202 2830 homo,
1226 2771 1302 2833 et,
1325 2769 1385 2823 in
1414 2769 1686 2836 omnibus,
1712 2786 1783 2824 an
1808 2771 1864 2824 in
1894 2771 2070 2825 veteri
2118 2772 2229 2826 He-

583 2852 780 2908 braico
809 2853 892 2908 ita
939 2855 1131 2922 fuerit,
1165 2860 1222 2911 et
1253 2861 1454 2928 postea
1482 2875 1516 2912 a
1560 2857 1780 2913 Judaais
1825 2858 2081 2914 deletum
2131 2859 2229 2914 sit.

589 2940 831 2996 In-hanc
861 2959 954 2998 me
983 2949 1180 2999 autem
1214 2945 1610 3016 suspicionem
1654 2945 1751 3001 illa
1805 2964 1895 3002 res
1943 2947 2230 3012 stimulat,

592 3029 747 3099 quod
774 3029 1036 3098 verbum,
1069 3035 1245 3088 omnis
1279 3039 1338 3088 et
1380 3036 1441 3088 in
1483 3036 1752 3102 omnibus,
1813 3037 1977 3106 quasi
2032 3036 2231 3092 sensui

593 3133 701 3173 suo
732 3121 1153 3191 necessarium,
1185 3122 1255 3176 ad
1288 3122 1653 3194 probandum
1703 3123 1869 3189 illud,
1902 3127 2058 3197 quod
2109 3126 2236 3196 qui-

590 3221 824 3278 cunque
852 3223 922 3263 ex
941 3209 1216 3280 cperibus
1248 3210 1393 3283 legis
1424 3216 1583 3278 sunt,
1615 3212 1725 3268 sub
1749 3211 2058 3269 maledicto
2089 3215 2228 3285 sint,

2339 1972 2403 2024 ut
2427 1969 2485 2022 in
2517 1968 2875 2039 quibusdam
2910 1966 3344 2039 exemplaribus
3375 1966 3608 2039 legitur,
3639 1966 3841 2038 absque
3860 1969 3986 2035 Deo,

2335 2073 2433 2129 pro
2471 2057 2723 2112 omnibus
2777 2064 3028 2111 mortuus
3084 2064 3166 2112 est
3217 2057 3299 2126 (II
3333 2056 3452 2111 Cor.
3513 2073 3570 2121 v,
3619 2057 3704 2126 14,
3768 2057 3896 2127 15).-
3927 2055 3988 2112 Si

2339 2151 2532 2202 autem
2571 2162 2673 2217 pro
2705 2145 3003 2210 omnibus,
3035 2150 3092 2200 et
3118 2161 3221 2215 pro
3242 2145 3457 2217 Moyse,
3481 2149 3542 2199 et
3568 2161 3671 2216 pro
3702 2144 3991 2200 universis

2339 2234 2660 2307 prophetis,
2693 2251 2723 2290 e
2754 2235 2974 2306 quibus
3003 2233 3201 2290 nullus
3232 2234 3423 2306 potuit
3469 2231 3662 2289 delere
3691 2233 3992 2306 chirogra-

2338 2323 2522 2394 phum
2556 2328 2741 2392 vetus,
2775 2324 2929 2395 quod
2965 2324 3273 2379 adversum
3309 2339 3417 2379 nos
3445 2322 3729 2395 scriptum
3760 2328 3902 2390 erat,
3935 2327 3994 2378 et

2339 2413 2574 2485 afﬁgere
2604 2412 2746 2467 illud
2781 2413 2939 2468 cruci
2971 2413 3190 2484 (Coloss.
3227 2430 3286 2477 ιι,
3323 2413 3429 2482 11).
3481 2411 3679 2468 Omnes
3720 2427 3986 2483 peccans-

2338 2506 2492 2568 runt,
2523 2505 2574 2558 et
2625 2503 2872 2573 indigent
2913 2503 3093 2572 gloria
3144 2502 3226 2572 (id
3275 2506 3364 2556 est
3405 2501 3610 2571 gratia)
3667 2502 3766 2556 Dei
3811 2502 3988 2572 (Rom.

2339 2609 2425 2658 ιιι,
2455 2591 2568 2662 23).
2603 2590 2948 2647 Ecclesiaste
2980 2607 3214 2663 quoque
3245 2590 3396 2645 hanc
3446 2591 3719 2646 firmante
3750 2595 3984 2646 senten-

2338 2681 2481 2735 tiam
2511 2697 2524 2734 :
2556 2681 2722 2736 Homo
2750 2695 2863 2735 non
2900 2683 2980 2735 est
2995 2680 3188 2749 justus
3217 2681 3278 2734 in
3335 2683 3505 2750 terra,
3557 2681 3656 2750 qui
3709 2679 3820 2746 (Al.
3859 2682 3990 2750 qua)

2338 2770 2508 2840 faciat
2541 2769 2741 2824 bonum
2769 2777 2821 2824 et
2838 2785 2948 2824 non
2970 2776 3158 2840 pereat
3179 2767 3376 2840 (Ecele.
3398 2785 3498 2837 vn,
3521 2769 3632 2839 21).
3659 2767 3920 2838 Denique
3935 2773 3995 2822 et

2340 2857 2586 2914 inferius
2607 2857 2870 2930 Apostoli
2892 2858 3113 2913 dictum
3148 2857 3456 2913 manifeste
3486 2858 3670 2924 docet,
3705 2873 3810 2913 nec
3842 2857 3996 2930 Moy-

2343 2963 2467 3013 sen,
2491 2963 2597 3002 nec
2619 2946 2910 3003 illustrem
2933 2946 3190 3018 aliquem
3213 2947 3284 3002 de
3305 2947 3566 3019 antiquis
3585 2947 3799 3013 virum,
3837 2946 3998 3018 apud.

2342 3041 2525 3092 Deum
2552 3036 2861 3106 justificari
2883 3035 3142 3106 potuisse
3162 3052 3269 3106 par
3285 3035 3492 3108 legem.
3515 3035 3790 3107 Sequitur
3813 3033 3992 3090 enim:

2414 3124 2598 3196 (Vers.
2635 3127 2720 3195 11,
2758 3127 2868 3197 12.)
2901 3148 2929 3175 ‹‹
2959 3124 3247 3190 Quoniam
3295 3129 3492 3180 autem
3547 3124 3605 3179 in
3666 3125 3792 3197 lege
3821 3139 3994 3180 nemo

2333 3213 2700 3286 justiticatur
2729 3213 2885 3285 apud
2919 3219 3121 3280 Deum,
3155 3213 3532 3270 manifestum
3563 3217 3672 3280 est,
3705 3212 3843 3283 quia
3864 3213 3994 3284 jus-

585 3295 898 3367 Apostolus
925 3297 1013 3351 vir
1050 3298 1294 3354 Hebraeae
1326 3299 1564 3371 peritiaa,
1615 3306 1670 3356 et
1698 3300 1757 3356 in
1802 3302 1925 3376 lege
1956 3283 2229 3358 doctissié
2261 3283 2304 3351 (ἶ
2337 3283 2440 3358 tus
2471 3319 2538 3357 ex
2589 3303 2701 3358 fide
2729 3283 2886 3356 vivit.
2932 3303 3043 3357 Lex
3088 3306 3284 3358 autem
3317 3318 3432 3357 non
3489 3306 3580 3357 est
3605 3318 3674 3357 ex
3703 3301 3836 3367 ﬁde,
3873 3283 3994 3356 sed

587 3400 740 3455 mus,
776 3401 1079 3456 nunquam
1111 3388 1450 3459 protulisset
1480 3389 1592 3445 nisi
1613 3390 1672 3445 in
1704 3391 1959 3447 Hebraeis
1987 3392 2234 3448 volumi-

588 3473 764 3530 nibus
793 3474 1127 3532 haberetur.
1161 3478 1345 3542 Quam
1369 3478 1440 3534 ob
1469 3495 1708 3535 causam
1726 3481 2231 3538 Samaritanorum

588 3563 828 3620 Hebraea
854 3565 1155 3623 volumina
1185 3566 1467 3640 relegens,
1499 3568 1692 3624 inveni
1725 3588 1832 3626 xor.
1863 3573 1901 3638 ί,
1959 3572 2114 3643 quod
2147 3572 2234 3625 in-

588 3658 944 3723 terpretatur
998 3657 1192 3722 omnis,
1245 3656 1366 3712 sive
1412 3658 1683 3724 omnibus,
1742 3659 2028 3731 scriptum
2084 3677 2235 3727 esse,

590 3745 647 3795 et
677 3757 809 3796 cum
842 3741 1228 3815 Septuaginta
1259 3745 1679 3817 [nterpretibus
1701 3750 2069 3804 concordare.
2103 3749 2239 3804 Fru-

591 3834 712 3885 stra
742 3829 923 3902 igitur
951 3829 1097 3886 illud
1128 3831 1390 3888 tulerunt
1417 3834 1622 3905 Judaei,
1648 3853 1719 3892 ne
1747 3836 2083 3892 viderentur
2109 3853 2238 3894 esse

595 3919 705 3974 sub
738 3918 1066 3988 maledicto,
1091 3921 1140 3976 si
1168 3939 1282 3977 non
1307 3929 1547 3995 possent
1565 3924 1766 3980 omnia
1795 3925 2090 3998 complere
2111 3943 2237 3998 quae

593 4007 812 4080 scripta
842 4015 979 4065 sunt
1003 4027 1015 4065 :
1040 4028 1173 4067 cum
1200 4012 1563 4085 antiquiores
1585 4014 1826 4071 alterius
1847 4032 2080 4088 quoque
2098 4032 2239 4088 gen-

592 4098 668 4152 tis
700 4096 902 4154 litteraa
934 4099 990 4155 id
1014 4101 1272 4173 positum
1296 4103 1476 4160 fuisse
1497 4108 1804 4165 testentur.
1829 4105 2112 4169 Quoniam
2136 4123 2238 4161 au-

592 4191 710 4242 tem
745 4205 915 4244 nemo
944 4190 1133 4261 possit
1162 4190 1403 4263 implere
1432 4191 1640 4265 legem,
1693 4198 1751 4247 et
1792 4197 2008 4248 cuncta
2055 4194 2241 4250 facere

590 4292 716 4347 quae
731 4279 902 4348 jussa
940 4282 1098 4348 sunt,
1130 4284 1189 4334 at
1205 4279 1343 4334 alibi
1366 4285 1616 4350 testatur
1635 4281 1970 4353 Apostolus,
2007 4281 2235 4338 dicens:

592 4365 742 4433 Quod
768 4370 920 4422 enim
945 4372 1066 4427 erat
1094 4370 1436 4440 impossibile
1465 4370 1596 4440 legi,
1631 4371 1690 4424 in
1718 4386 1823 4440 quo
1848 4371 2242 4440 inﬁrmabatur

588 4469 691 4523 per
718 4471 944 4510 carnem
969 4473 980 4511 :
1013 4458 1154 4512 Deus
1183 4459 1386 4512 Filium
1412 4475 1570 4513 suum
1609 4460 1833 4515 mittens
1864 4461 1926 4513 in
1978 4461 2239 4516 similitu-

593 4541 776 4596 dinem
803 4546 992 4599 carnis
1035 4546 1262 4616 peccati,
1292 4546 1356 4602 de
1383 4553 1603 4617 peccato
1631 4548 2010 4605 condemnavit
2050 4567 2237 4622 peeea-
2263 4559 2265 4561 ’

2341 3390 2440 3464 qui
2474 3390 2672 3446 fecerit
2703 3407 2788 3458 ea,
2821 3390 2974 3446 vivet
3004 3391 3062 3445 in
3097 3390 3234 3446 illis.
3270 3410 3298 3439 »
3332 3390 3675 3462 Exemplum
3720 3406 3834 3462 quo
3865 3405 3996 3463 pro-

2339 3481 2516 3536 batur
2537 3481 2741 3551 justus
2770 3496 2840 3535 ex
2876 3480 2988 3534 fide
3014 3479 3225 3545 vivere,
3256 3483 3313 3534 et
3341 3495 3457 3534 non
3501 3495 3569 3534 ex
3598 3481 3891 3552 Operibus,
3923 3479 3996 3534 de

2342 3569 2615 3624 Habacuc
2635 3567 2792 3633 tulit,
2816 3568 2971 3640 quod
3000 3569 3082 3622 ita
3104 3567 3490 3640 Septuaginta
3509 3567 3857 3640 interpretes
3877 3567 3995 3623 edi-

2345 3659 2593 3714 derunt:
2626 3659 2810 3713 Justus
2859 3662 3045 3712 autem
3072 3672 3142 3712 ea:
3179 3656 3285 3726 ﬁde
3310 3672 3440 3713 mea
3483 3658 3619 3712 vivit
3661 3657 3896 3728 (Hebae.
3929 3673 3992 3723 ιι,

2345 3747 2422 3817 4).
2455 3745 2670 3817 Aquila
2699 3750 2756 3802 et
2785 3745 3102 3802 Theodotio
3127 3746 3169 3801 3:
3195 3747 3380 3801 Justus
3411 3754 3596 3801 autem
3621 3760 3693 3802 ex
3747 3745 3852 3815 ﬁde
3880 3747 3998 3817 ejus

2345 3837 2500 3905 vivit,
2534 3835 2590 3890 id
2624 3840 2713 3890 est
2744 3836 2862 3889 Dei.
2897 3834 3401 3890 Considerandum
3453 3834 3652 3906 itaque
3698 3833 3838 3906 quia
3883 3851 4000 3890 non

2347 3924 2576 3991 dixerit,
2609 3923 2785 3979 homo
2819 3929 2920 3979 aut
2945 3923 3032 3978 vir
3061 3941 3127 3980 ex
3172 3923 3287 3979 ﬁde
3313 3924 3473 3993 vivit,
3529 3940 3603 3980 ne
3635 3923 4000 3980 occasionem

2348 4013 2631 4070 tribueret
2652 4013 2720 4068 ad
2757 4013 3038 4068 virtutum
3059 4030 3234 4084 opera
3254 4015 3680 4069 contemnenda
3698 4034 3713 4085 ;
3748 4014 3869 4084 sed,
3883 4015 4004 4085 jus-

2348 4111 2438 4158 tus
2467 4119 2536 4158 ea:
2563 4101 2668 4172 ﬁde
2700 4104 2870 4158 vivit:
2903 4108 2968 4157 ut
2999 4102 3336 4174 quicunque
3373 4102 3565 4159 ﬁdelis
3592 4107 3764 4173 esset,
3813 4109 3871 4158 et
3901 4118 4004 4175 per

2349 4191 2526 4246 ﬁdem
2556 4191 2838 4260 victurus,
2898 4208 3011 4246 non
3064 4190 3233 4246 aliter
3280 4197 3482 4263 posset
3545 4193 3655 4264 [Αι.
3689 4191 3898 4264 possit]
3929 4191 4000 4246 ad

2350 4277 2524 4335 ﬁdem
2572 4280 2787 4347 venire,
2840 4279 2923 4336 vel
2971 4280 3030 4334 in
3074 4297 3143 4336 ea
3169 4280 3378 4351 vivere,
3439 4281 3554 4338 nisi
3585 4281 3750 4354 prius
3800 4283 4003 4352 justus

2349 4369 2575 4436 fuisset,
2607 4374 2666 4424 et
2698 4369 2951 4441 puritate
2969 4369 3098 4425 vitta
3117 4369 3476 4440 quibusdam
3508 4371 3580 4426 ad
3606 4371 3780 4426 ﬁdem
3803 4369 3999 4442 gradi-

2348 4459 2460 4514 bus
2492 4459 2646 4514 433
2679 4458 3063 4514 ascendisset.
3097 4457 3290 4513 Potest
3317 4474 3454 4531 ergo
3504 4457 3647 4525 ﬁeri,
3682 4461 3749 4512 ut
3778 4457 3858 4511 sit
3886 4454 4000 4510 ali-

2347 4546 2480 4618 quis
2498 4547 2719 4618 justus,
2735 4552 2791 4602 et
2816 4552 3012 4602 tamen
3036 4548 3187 4602 non‘
3207 4547 3363 4603 vivat
3384 4547 3606 4618 absque
3628 4545 3741 4601 fide
3763 4544 4000 4602 Christi.

595 4637 713 4685 tum
743 4633 802 4685 in
818 4635 1174 4705 earne(ltom.
1199 4653 1316 4702 νιιι,
1339 4636 1412 4705 3).
1438 4636 1597 4700 Quod
1626 4637 1672 4692 si
1697 4653 1898 4694 verum
1924 4643 2032 4706 est,
2055 4644 2248 4712 potest
2277 4653 2323 4718 ι)
2354 4635 2414 4692 Si
2444 4635 2659 4709 legenti
2693 4634 3008 4707 scrupulus
3034 4640 3452 4706 commovetur,
3480 4633 3638 4690 Pauli
3671 4633 3848 4690 verba
3875 4643 4004 4689 sus-

590 4718 764 4781 nobis
795 4720 972 4792 objici
1000 4740 1012 4776 :
1043 4723 1191 4796 Ergo
1234 4729 1292 4780 et
1334 4724 1581 4797 Moyses,
1613 4731 1670 4782 et
1715 4728 1919 4800 Isaias,
1970 4734 2027 4784 et
2058 4729 2246 4784 caeteri
2359 4725 2556 4799 cipiat,
2588 4727 2647 4782 in
2677 4725 2892 4798 quibus
2930 4725 3002 4780 de
3055 4742 3119 4781 se
3167 4725 3284 4780 ait:
3343 4724 3656 4782 Secundum
3696 4723 4003 4795 justitiam,

583 4807 917 4880 propheta,
951 4811 1052 4881 qui
1084 4813 1194 4868 sub
1224 4813 1499 4886 operibus
1530 4815 1676 4887 legis
1712 4816 1965 4884 fuerunt,
1999 4818 2109 4874 sub
2133 4835 2228 4874 ma

587 4933 815 5012 origine
855 4933 1217 5012 interrogati,
1277 4941 1489 4994 Punice
1545 4941 1923 5012 respondentes
1973 4943 2247 5012 Chanani,

585 5009 850 5087 corrupta
879 5007 1106 5087 scilicet"
1143 5025 1266 5065 vace
1315 5013 1483 5087 sicuti
1537 5012 1598 5066 in
1628 5007 1858 5087 'talilgus
1915 5016 2067 5080 solet,
2121 5007 2252 5087 quid

585 5077 750 5133 aliud
780 5078 1128 5148 respondent,
1160 5098 1323 5155 quam
1359 5082 1669 5155 Chananeei
1687 5087 1712 5136 .9
1741 5083 1939 5155 Neque
1967 5077 2100 5141 vero
2124 5077 2247 5142 cor-

585 5155 760 5220 rupta
787 5167 897 5205 vox
927 5168 995 5204 ea
1025 5157 1132 5221 est,
1167 5153 1266 5207 sed
1301 5154 1541 5209 omnino
1578 5155 1813 5210 Punica.

660 5224 674 5254 ¹
712 5223 1099 5299 samaritanis
1132 5225 1334 5299 utique
1385 5223 1712 5296 elementis,
1752 5228 1822 5280 ‘25
1871 5244 1998 5299 qua
2048 5232 2244 5283 tamen

582 5309 693 5370 vox
725 5293 906 5350 altero
940 5293 1348 5370 tantumloco,
1400 5314 1512 5351 non
1549 5301 1613 5352 ut
1660 5293 1815 5370 apud
1853 5293 2009 5370 (LXX
2067 5299 2244 5356 etiam

585 5364 776 5489 Brimo
806 5366 1140 5439 apponitur.
1175 5368 1234 5423 Id
1258 5364 1391 5422 vero
1415 5364 1950 5439 perquam-erudite
1978 5374 2244 5428 notatum

638 5453 958 5489 ieronvmo.
993 5455 1169 5489 auem
1202 5444 1260 5489 et
1287 5439 1667 5489 Samaritiaas
1689 5440 1966 5489 calluisse
1995 5441 2221 5489 litteras:

633 5437 958 5517 jeronymo,
987 5455 1170 5517 quem
1202 5444 1260 5495 et
1287 5437 1667 5496 Samariticas
1689 5440 1966 5498 calluisse
1995 5441 2244 5512 litteras,

586 5506 724 5562 hinc
754 5506 1198 5579 persuademur.

657 5579 680 5652 ξ
709 5579 1036 5652 ριιοίῑιιεεη
1062 5588 1117 5638 et
1143 5599 1262 5650 nos,
1296 5591 1346 5639 et
1373 5599 1583 5652 omnes,
1616 5587 1725 5641 etc.

661 5650 682 5680 ³
713 5648 812 5727 l-lic
844 5648 1022 5727 locus,
1064 5654 1123 5709 in
1183 5648 1407 5727 nupera
1453 5648 1845 5727 Hexaplorum
1907 5655 2244 5726 collectione

590 5723 1080 5801 praetermittitur.
1111 5727 1212 5801 Est
1231 5723 1360 5801 vero
1380 5744 1514 5801 cum
1538 5723 1637 5782 illo
1661 5723 2051 5801 conferendas
2079 5728 2242 5801 testi-

586 5795 806 5859 monio,
840 5797 990 5863 quod
1044 5797 1221 5854 habes
1278 5800 1340 5857 in
1370 5799 1688 5873 ipsiusmet
1745 5795 1806 5856 S.
1841 5797 2029 5857 Patris
2072 5800 2244 5858 Com-

2358 4830 2484 4886 qua:
2513 4817 2574 4871 in
2606 4816 2719 4886 lege
2747 4818 2844 4881 est,
2873 4817 2995 4871 sine
3039 4813 3460 4887 reprehensione
3507 4814 3774 4887 (Philipp.
3807 4830 3892 4884 ιιι,
3926 4813 4006 4880 6.)

2361 4936 2646 4992 mentario
2676 4937 2747 4993 ad
2775 4938 2932 4994 hunc
2962 4939 3214 4994 Abacuci
3243 4937 3629 5010 versiculum:
3661 4937 3761 4996 Ubi
3779 4935 4005 5010 Septua-

2355 5011 2514 5080 ginta
2541 5015 2879 5080 posuerunt:
2908 5010 3119 5067 Justus
3149 5014 3345 5066 autem
3378 5026 3462 5065 ex-
3493 5009 3608 5064 ﬁde
3655 5024 3788 5063 mea
3834 5009 4005 5076 vivet,

2357 5097 2542 5136 omnes
2569 5082 2860 5152 aequaliter
2889 5084 3312 5139 transtulerunt.
3365 5080 3443 5136 Ex
3493 5080 3608 5134 fide
3667 5095 3776 5136 sua
3831 5080 4005 5136 vivet.

2357 5155 2607 5226 Denique
2635 5153 2995 5225 Symmachus
3040 5154 3442 5226 significantius
3472 5152 3850 5226 interpretans
3887 5152 4005 5226 ait;

2353 5221 2561 5304 {ustus
2591 5221 2786 5304 autem
2818 5242 2922 5304 per
2949 5221 3325 5304 fidems'uam
3347 5221 3644 5304 propriam
3664 5221 4008 5304 Eivet,_qu'od

2357 5297 2540 5370 Graece
2566 5297 2796 5365 dicitur,
2818 5293 2935 5352 etc.
2964 5295 3066 5354 Hic
3096 5297 3261 5370 vides
3283 5293 3555 5370 Aquilam
3579 5303 3637 5351 et
3664 5293 4007 5370 fl‘heodbtim

2355 5385 2490 5425 nem
2521 5368 2955 5443 interpretatos,
2985 5385 3055 5426 ea:
3083 5369 3189 5441 ﬁde
3235 5367 3373 5443 ejus,
3423 5369 3481 5425 id
3512 5371 3604 5424 est
3650 5367 3772 5443 Dei,
3805 5369 4008 5422 contra

2355 5457 2532 5523 quam
2566 5440 2646 5496 ibi
2678 5439 2864 5523 docet,
2899 5439 3123 5508 omnes,
3157 5439 3393 5514 excepto
3413 5439 3787 5515 Symmacho,
3809 5453 4004 5521 isqua-

2353 5507 2488 5567 liter
2515 5511 2913 5584 transtulisse,
2971 5529 3044 5568 ex
3070 5513 3177 5584 ﬁde
3211 5530 3334 5569 sua.
3396 5512 3682 5584 Caeterum
3731 5515 3788 5584 et
3835 5512 4004 5576 vwet,

2354 5600 2458 5658 pro
2487 5585 2621 5658 vivit
2641 5582 2740 5658 hic
2762 5584 2846 5639 sit
2880 5554 3303 5658 reponendum,
3335 5585 3493 5658 quod
3542 5581 3835 5640 Victorius
3865 5554 4004 5638 con:

2351 5653 2515 5727 tinuo
2547 5654 2702 5722 facit,
2737 5672 2804 5710 ex
2826 5653 3101 5727 τῶνίΙιΧΧ
3131 5657 3326 5714 Greco
3350 5653 3603 5727 ζήσεται.

2423 5726 3158 5803 ‘__lf}xpungendo_videatur
3185 5725 3438 5803 negandi
3468 5725 3790 5803 particula,
3831 5741 4013 5803 quam

2351 5800 2410 5854 et
2435 5797 2654 5857 Victor.
2683 5797 2930 5873 respuit.
2961 5798 3079 5859 Nec
3108 5797 3309 5860 tamen
3337 5797 3491 5858 inde'
3507 5809 3725 5872 arguas
3753 5797 4016 5858 sensisse
