4332 6584
288 457 403 526 385
942 453 1462 518 COMMENTAR.
1508 450 1586 517 ΙΝ
1631 457 1879 520 EPIST.
1926 461 1975 518 A

2088 459 2358 520 SALAT.
2403 461 2556 519 LIB.
2602 459 2678 534 ll,
2725 459 2896 521 CAP.
2943 461 3052 521 lll.
3585 461 3704 524 386

287 591 427 650 Erat
456 591 636 664 igitur
655 588 871 646 Paulus
891 593 1031 645 tunc
1055 589 1260 661 justus
1289 589 1348 644 in
1381 590 1528 662 lege,
1553 591 1654 646 sed
1685 591 1936 646 necdum
1968 595 2016 659 Α
2053 591 2322 647 Redemit
2372 607 2508 663 ergo
2559 607 2664 647 nos
2711 591 2982 648 Christus
3039 593 3110 649 de
3169 592 3478 649 maledicto
3529 595 3706 668 legis,

294 681 482 737 vivere
511 683 754 753 poterat,
787 678 927 752 quia
955 696 1069 734 non
1122 679 1373 734 habebat
1422 680 1480 733 in
1531 697 1593 736 se
1641 680 1941 737 Christum
2053 681 2208 750 quod
2229 680 3710 756 peccantibusconstitutumest,quosipseincrepat

290 770 673 843 loquentem:
725 771 830 839 Ego
877 785 1004 824 sum
1047 769 1159 824 vita
1197 769 1376 840 (Joan.
1408 786 1489 836 xi,
1521 769 1633 839 25).
1672 771 1733 824 In
1765 785 1941 842 quem
2055 784 2159 838 per
2187 769 2556 841 prophetam,
2590 769 2826 824 dicens:
2863 771 2989 825 Ecce
3017 775 3250 842 peccatis
3280 775 3471 828 vestris
3505 775 3711 830 venditi

297 861 538 916 credens
585 863 786 930 postea
832 857 1007 930 ccepit
1059 862 1118 914 et
1166 857 1376 913 vivere.
1412 858 1720 916 Faciamus
1749 865 1806 914 et
1837 876 1945 915 nos
2055 863 2208 930 estis,
2240 861 2289 914 et
2337 860 2395 913 in
2443 858 2831 930 iniquitatibus
2875 861 3068 914 vestris
3106 861 3301 916 dimisi
3328 873 3560 918 matrem
3592 879 3707 919 ves-

295 949 513 1021 aliquid
537 947 729 1004 simile
759 947 895 1002 huic
917 947 1072 1018 quod
1097 947 1329 1012 dicitur,
1345 947 1531 1017 justus
1557 964 1629 1002 ex
1646 947 1751 1017 ﬁde
1774 950 1944 1007 vivit:
2058 959 2197 1007 trum
2231 950 2359 1016 (lsa.
2396 965 2444 1013 L,
2483 948 2551 1018 1).
2587 947 2655 1001 Et
2685 947 3000 1018 Apostolus
3052 949 3163 1004 hoc
3215 951 3410 1021 ipsum
3444 952 3708 1023 replicat,

295 1044 353 1094 et
383 1038 693 1093 dicamus:
743 1042 946 1092 castus
991 1052 1061 1090 cx
1111 1035 1224 1090 fide
1272 1035 1432 1104 vivit,
1466 1035 1702 1107 sapiens
1733 1053 1802 1091 ex
1833 1037 1946 1090 ﬁde
2059 1039 2306 1094 dicens:
2359 1037 2464 1106 Ego
2515 1044 2700 1090 autem
2743 1038 2988 1092 carnalis
3035 1053 3180 1104 sum,
3225 1040 3565 1096 venundatus
3613 1042 3715 1098 sub

295 1127 453 1192 vivit,
488 1127 653 1182 fortis
701 1143 771 1182 ex
818 1125 932 1181 fide
982 1125 1140 1195 vivit,
1187 1129 1244 1179 et
1300 1141 1334 1178 a
1390 1124 1611 1181 caeteris
1661 1126 1946 1181 virtutum
2058 1135 2275 1199 peccato
2308 1127 2484 1196 (Rom.
2517 1141 2619 1190 vn,
2657 1125 2764 1195 14).
2799 1125 3108 1182 Maledicta
3137 1144 3373 1200 quoque
3403 1129 3550 1203 legis
3583 1147 3712 1202 quin

296 1216 560 1291 partibus
612 1215 866 1271 vicinam
918 1213 1271 1271 sententiam
1325 1213 1694 1284 proferamus
1739 1215 1948 1270 adver-

281 1321 428 1364 sum
478 1321 599 1372 eos,
648 1303 749 1375 qui
799 1302 1206 1360 in'Christum
1252 1319 1367 1358 non
1414 1304 1739 1370 credentes,
1775 1305 1952 1360 fortes

301 1400 358 1452 et
401 1395 718 1466 sapientes,
749 1397 1144 1464 temperantes
1175 1407 1236 1448 se
1266 1395 1478 1463 putant
1507 1409 1656 1461 esse,
1691 1393 1780 1449 vel
1822 1395 1951 1464 jus-

305 1489 398 1540 tos
433 1499 446 1538 :
491 1476 558 1538 ut
588 1483 778 1538 sciant
805 1481 1034 1536 nullum
1068 1480 1290 1552 absque
1320 1479 1552 1536 Christo
1584 1480 1792 1550 vivere,
1828 1481 1955 1536 sine

302 1590 419 1645 quo
441 1572 636 1628 omnis
666 1571 853 1626 virtus
883 1570 941 1624 in
973 1569 1112 1624 vitio
1144 1573 1252 1624 est.
1279 1569 1472 1625 Potest
1502 1586 1758 1642 presens
1791 1571 1953 1625 testi-

305 1660 572 1717 monium
604 1664 662 1715 et
691 1659 774 1715 sic
804 1658 953 1730 legi:
986 1659 1118 1730 quia
1137 1659 1320 1729 justus
1349 1674 1420 1712 ex
1435 1658 1560 1727 ﬁde,
1587 1664 1650 1713 ut
1680 1659 1956 1730 deinceps

304 1751 613 1815 inferatur,
662 1749 794 1803 vivit
847 1745 956 1814 [AL
988 1748 1172 1818 vivet].
1205 1747 1373 1812 Quod
1423 1753 1618 1803 autem
1669 1749 1794 1803 ait:
1847 1753 1960 1806 Lex

304 1854 414 1895 non
445 1845 522 1892 est
550 1853 620 1892 ea:
646 1835 772 1907 ﬁde,
803 1835 896 1890 sed
925 1837 1024 1907 qui
1048 1836 1244 1906 fecerit
1285 1851 1371 1902 ea,
1404 1837 1542 1891 vivet
1574 1838 1632 1890 in
1662 1836 1800 1902 illis,
1834 1853 1958 1892 ma-

309 1925 692 1982 nifestissime
720 1925 1160 1981 demonstratur
1188 1940 1304 1980 non
1337 1924 1666 1995 simplicem
1709 1925 1821 1980 dici
1872 1925 1961 1980 vi—

307 2019 452 2082 tam,
499 2014 600 2071 sed
660 2029 790 2070 eam
839 2029 964 2084 qua:
1014 2012 1300 2068 referatur
1351 2013 1421 2068 ad
1482 2013 1726 2084 aliquid.
1778 2015 1965 2070 Justus

308 2104 526 2177 quippe
554 2120 625 2160 ea:
651 2101 756 2172 ﬁde
785 2103 960 2157 vivit:
989 2106 1046 2157 et
1077 2117 1194 2157 non
1225 2102 1483 2173 additur,
1515 2103 1574 2157 in
1608 2102 1721 2174 his,
1755 2103 1875 2160 sive
1906 2104 1966 2159 in

307 2193 447 2250 illis.
487 2191 699 2247 Vivens
729 2195 923 2247 autem
978 2190 1038 2245 in
1088 2189 1213 2264 lege
1255 2191 1356 2263 qui
1388 2191 1588 2247 fecerit
1617 2209 1703 2259 ea,
1737 2192 1877 2247 vivit
1909 2193 1968 2247 in

310 2281 454 2352 illis,
487 2281 599 2337 hoc
629 2285 738 2351 est,
772 2279 830 2334 in
861 2279 955 2336 his
986 2295 1114 2351 quae
1145 2280 1301 2346 fecit,
1332 2296 1458 2349 quae
1492 2280 1720 2352 putavit
1765 2282 1918 2338 bona
1951 2297 1964 2336 :

315 2371 648 2426 mercedem
674 2368 892 2424 laboris
924 2368 1016 2423 sui
1043 2368 1268 2424 habens
1289 2384 1357 2423 ea
1387 2372 1620 2424 tantum
1648 2385 1823 2442 Opera
1843 2387 1972 2442 quae

314 2458 478 2526 fecit,
502 2458 622 2514 sive
643 2457 1075 2531 longitudinem
1101 2457 1228 2511 vitis
1255 2457 1344 2528 (ut
1363 2457 1550 2512 Judaei
1581 2459 1834 2530 putant),
1857 2459 1977 2515 sive

321 2546 801 2614 declinationem,
834 2563 1016 2619 pmnaa
1068 2562 1171 2618 per
1218 2562 1396 2617 quam
1451 2551 1852 2619 transgressor
1894 2547 1976 2604 1e-

323 2635 418 2710 gis
459 2635 764 2692 occiditur.
801 2635 984 2692 Vivere
1030 2637 1214 2690 autem
1256 2636 1318 2688 in
1366 2635 1501 2702 illis,
1538 2653 1652 2692 non
1688 2642 1979 2708 putemus

323 2725 593 2797 Apostoli
642 2725 816 2781 verba
862 2739 1012 2788 esse,
1045 2723 1146 2779 sed
1179 2723 1495 2780 Ezechielis
1525 2727 1843 2798 prophetae,
1881 2727 1980 2798 qui

309 2815 459 2872 ait:
509 2817 578 2870 Et
622 2813 792 2871 eduxi
840 2829 931 2869 eos
975 2814 1034 2867 in
1084 2813 1387 2884 desertum,
1438 2821 1491 2869 et
1537 2814 1663 2870 dedi
1709 2816 1788 2871 eis
1832 2831 1979 2888 prae-

324 2908 484 2978 cepta
524 2921 668 2971 mea,
701 2906 756 2960 et
791 2902 1220 2976 justiﬂcutiones
1270 2919 1421 2958 meas
1467 2901 1836 2960 demonstravi
1880 2907 1980 2973 eis,

327 3011 470 3068 quas
514 2996 678 3066 faciet
727 2994 905 3060 homo,
955 2994 1008 3048 et
1054 2993 1194 3048 vivet
1248 2993 1308 3046 in
1359 2992 1434 3048 eis
1486 2992 1702 3064 (Ezech.
1752 3011 1846 3060 xx,
1894 2996 1980 3066 10,

327 3086 444 3157 11).
480 3083 589 3149 Qui
620 3100 753 3140 cum
802 3082 934 3138 illos
983 3081 1084 3154 qui
1135 3081 1195 3136 in
1245 3081 1549 3154 praeceptis
1593 3087 1650 3137 et
1688 3083 1980 3154 justiﬁca-

325 3174 594 3230 tionibus
651 3171 1075 3241 ambulassent,
1135 3170 1326 3226 vivere
1383 3170 1648 3243 dixisset,
1709 3173 1978 3244 adjecit:

322 3265 392 3318 Et
452 3261 581 3318 dedi
623 3263 703 3318 eis
741 3264 1019 3334 pracepta
1072 3275 1186 3315 non
1239 3260 1404 3326 bona,
1453 3264 1507 3315 et
1552 3261 1984 3332 justzﬁcationes

313 3345 387 3409 in
434 3351 634 3424 quibus
677 3366 788 3406 non
835 3351 1124 3406 viverent‘
1183 3350 1242 3404 in
1291 3350 1371 3404 eis
1419 3349 1574 3420 (Ibid.
1607 3352 1720 3422 25).
1755 3352 1983 3416 Quanta
2012 3335 2055 3402 C

323 3443 386 3498 in
437 3439 633 3496 verbis
679 3437 1101 3495 consideratio!
1138 3437 1238 3492 ubi
1294 3437 1486 3494 dixit:
1535 3439 1672 3494 Dedi
1718 3441 1796 3496 eis
1839 3458 1983 3514 prx-

305 3530 489 3604 ~cepta
536 3537 589 3584 et
633 3528 1062 3600 justiﬁcationes
1111 3527 1170 3581 in
1219 3527 1418 3597 quibus
1465 3528 1708 3583 viverent
1766 3531 1830 3584 in
1886 3533 1984 3598 eis,

329 3637 454 3678 non
488 3617 756 3689 adjunxit
786 3616 955 3679 bona.
989 3615 1094 3671 Ubi
1123 3631 1258 3670 vero
1288 3613 1506 3686 posuit,
1539 3617 1601 3670 in
1647 3617 1846 3688 quibus
1873 3637 1986 3674 non

328 3712 582 3767 viverent
625 3709 685 3762 in
727 3707 827 3773 eis,
861 3705 1135 3761 addidit:
1187 3705 1252 3759 Et
1297 3720 1395 3775 ego
1433 3704 1558 3760 dedi
1602 3708 1678 3761 eis
1722 3713 1989 3780 prxcepta

330 3817 451 3858 non
483 3799 643 3864 bona,
678 3803 730 3852 et
747 3794 1172 3867 justiﬁcationes
1202 3797 1262 3850 in
1291 3795 1487 3866 quibus
1516 3811 1625 3852 non
1655 3799 1900 3856 viverent
1929 3801 1990 3855 in

335 3893 434 3947 eis.
472 3888 584 3945 Sed
619 3888 740 3943 haec
770 3884 1003 3958 plenius
1046 3884 1106 3940 in
1138 3883 1436 3942 Ezechiele
1467 3902 1480 3940 :
1533 3903 1689 3943 nunc
1729 3888 1800 3943 ad
1833 3888 1988 3944 ordi-

336 3996 477 4036 nem
509 3976 777 4050 Epistolai
811 3978 1190 4031 revertamur.

407 4071 600 4137 (Vers.
629 4065 740 4138 13.)
770 4065 925 4120 434
957 4087 984 4113 ‹‹
1015 4062 1282 4119 Christus
1309 4080 1414 4120 nos
1437 4065 1685 4121 redemit
1714 4066 1785 4123 de
1817 4067 1992 4124 male-

339 4159 498 4212 dicto
575 4155 755 4228 legis,
823 4155 1012 4210 factus
1086 4169 1188 4225 pro
1256 4153 1426 4209 nobis
1502 4154 1898 4212 maledictum.
1957 4178 1986 4211 ι

342 4243 622 4316 Subrepit
668 4243 726 4297 in
757 4242 867 4298 hoc
897 4242 1022 4298 loco
1055 4242 1310 4297 Marcion
1343 4242 1412 4298 de
1445 4249 1731 4315 potestate
1759 4249 1990 4303 Creato-

341 4334 444 4402 ris,
481 4349 655 4405 quem
687 4332 1154 4404 sanguinarium,
1188 4329 1480 4387 crudelem
1512 4333 1759 4391 infamat
1786 4339 1842 4392 et
1870 4336 1991 4393 vin-

339 4424 533 4481 dicem
564 4423 669 4495 [Αἰ.
693 4422 1004 4494 judicem],
1037 4436 1305 4478 asserens
1336 4437 1444 4476 nos
1477 4422 1812 4496 redemptos
1861 4442 1989 4482 esse

341 4530 444 4588 per
471 4513 790 4584 Christum,
822 4511 924 4583 qui
962 4509 1205 4567 alterius
1236 4510 1373 4566 boni
1405 4510 1506 4566 Dei
1536 4511 1717 4568 Filius
1748 4513 1846 4570 sit.
1882 4515 1989 4581 Qui

341 4603 391 4658 si
424 4601 778 4675 intelligeret
808 4617 924 4672 quo
968 4601 1248 4656 differunt
1278 4599 1387 4671 [Αἰ.
1421 4599 1742 4670 differrent]
1773 4619 1986 4671 emere,

2061 1217 2120 1270 in
2155 1215 2402 1269 Levitico
2447 1217 2503 1268 et
2532 1213 2978 1269 Dcuteromonio
3010 1216 3227 1286 scripta
3259 1224 3418 1285 sunt,
3454 1237 3569 1275 non
3607 1222 3716 1278 Deo

2063 1308 2296 1360 auctore
2327 1301 2716 1374 complentur,
2749 1304 2847 1358 sed
2884 1303 3218 1375 prophetico
3250 1306 3460 1377 spiritu
3493 1309 3586 1364 his
3616 1309 3718 1382 qui

2065 1393 2356 1465 peccaturi
2389 1397 2576 1457 erant,
2610 1408 2676 1447 ea
2709 1408 2834 1464 quae
2865 1393 2950 1447 eis
2980 1397 3223 1448 ventura
3255 1400 3413 1466 sunt,
3441 1399 3718 1454 nuntian-

2064 1486 2180 1536 tur.
2214 1481 2378 1544 Quod
2411 1480 2457 1535 si
2490 1480 2740 1551 apostoli
2771 1480 3019 1536 voluerit
3049 1498 3156 1536 nos
3189 1483 3523 1540 testimonio
3554 1503 3716 1542 coar-

2068 1574 2223 1625 ctare
2272 1567 2520 1623 dicentis
2570 1568 2729 1637 (vers.
2785 1569 2918 1640 10):
2972 1570 3289 1643 Quicunque
3343 1589 3413 1628 ea:
3468 1575 3720 1644 aperibus

2070 1660 2204 1729 legis
2232 1667 2380 1723 sunt,
2413 1657 2512 1712 sub
2542 1658 2829 1713 maledicto
2857 1663 2985 1713 sunt
3014 1675 3033 1712 .°
3079 1665 3344 1731 scriptum
3395 1667 3474 1717 est
3519 1666 3672 1720 enim
3703 1684 3722 1722 :

2069 1747 2386 1802 Maledictus
2427 1748 2606 1802 omnis
2656 1749 2754 1818 qui
2798 1762 2911 1801 non
2955 1751 3321 1817 permanserit
3369 1751 3428 1806 in
3471 1753 3725 1809 omnibus

2071 1852 2198 1908 qum
2261 1837 2463 1906 scripta
2525 1844 2654 1890 sunt
2722 1837 2782 1890 in
2847 1836 2995 1892 libro
3059 1837 3222 1909 legis,
3282 1848 3342 1894 ut
3402 1843 3572 1912 faciat
3638 1860 3724 1907 ea,

2073 1931 2128 1981 et
2152 1941 2412 1981 asserere
2434 1941 2637 1979 omnes
2663 1924 2762 1995 qui
2792 1925 2901 1980 sub
2936 1925 3059 1997 lege
3082 1927 3316 1992 fuerint,
3345 1929 3527 1986 fuisse
3553 1932 3727 1988 male-

2078 2017 2285 2082 dictos,
2310 2013 2741 2085 interrogemus
2770 2030 2926 2082 eum,
2953 2021 3150 2070 utrum
3183 2016 3243 2071 hi
3275 2008 3375 2089 qui
3409 2021 3516 2075 sub
3542 2022 3725 2077 Evan-

2077 2104 2228 2178 gelio
2260 2102 2472 2160 Christi
2513 2107 2670 2169 sunt,
2704 2107 2760 2156 et
2807 2103 2934 2173 ejus
2983 2116 3270 2177 praecepta
3318 2124 3432 2163 non
3483 2111 3727 2177 faciunt,

2081 2193 2375 2249 maledicti
2406 2193 2545 2258 sint,
2580 2195 2682 2246 aut
2729 2207 2867 2246 non.
2901 2191 2957 2245 Si
3009 2193 3351 2250 maledictos
3403 2198 3635 2267 dixerit,
3668 2202 3725 2258 id

2081 2282 2322 2338 habebit
2353 2285 2411 2335 in
2442 2278 2776 2351 Evangelio,
2809 2281 2963 2351 quod
2996 2298 3103 2336 nos
3136 2281 3424 2341 habemus
3465 2287 3523 2343 in
3555 2288 3726 2362 Lege.

2083 2372 2142 2428 Si
2171 2368 2512 2426 maledictos
2540 2369 2851 2441 negaverit,
2873 2371 3088 2426 frustra
3108 2388 3242 2444 ergo
3268 2374 3560 2448 Evangelii
3591 2396 3732 2451 prte-

2086 2465 2252 2533 cepta
2282 2459 2401 2515 sint
2433 2458 2640 2530 posita,
2673 2463 2731 2514 et
2761 2458 2983 2530 absque
3015 2463 3278 2518 mercede
3309 2470 3482 2520 erunt
3520 2466 3579 2523 hi
3629 2470 3730 2540 qui

2085 2549 2186 2605 illa
2233 2547 2671 2620 compleverint.
2707 2547 2962 2603 Solvitur
3008 2549 3204 2622 itaque
3251 2559 3569 2626 utrumque
3622 2557 3732 2617 hoc

2089 2639 2262 2694 modo
2297 2657 2310 2694 :
2359 2637 2652 2709 quomodo
2683 2636 2949 2693 Christus
2980 2638 3153 2695 Jesus
3184 2657 3251 2696 ex
3285 2641 3591 2701 maledicto
3625 2664 3731 2706 nos

2088 2727 2233 2801 legis
2254 2726 2539 2790 liberavit,
2563 2725 2753 2781 factus
2781 2743 2883 2797 pro
2915 2727 3084 2782 nobis
3106 2728 3486 2788 maledictum
3511 2752 3523 2788 :
3556 2735 3633 2792 ita
3659 2738 3734 2796 de

2091 2817 2400 2874 maledicto
2418 2831 2651 2887 quoque
2665 2814 2957 2888 Evangelii
2975 2817 3128 2888 quod
3146 2823 3434 2876 statutum
3453 2828 3543 2878 est
3557 2841 3735 2898 super

2079 2924 2188 2963 eos
2211 2905 2309 2978 qui
2335 2907 2463 2976 ejus
2485 2908 2771 2975 praecepta
2792 2921 2907 2960 non
2934 2905 3192 2973 fecerint,
3216 2909 3368 2964 eruit
3395 2927 3521 2979 nos,
3549 2913 3734 2972 factus

2090 3014 2194 3069 pro
2225 2994 2394 3050 nobis
2443 2995 2569 3064 ipse
2618 2993 3016 3060 maledictum,
3049 2995 3238 3052 sciens
3269 2998 3467 3054 talenti
3501 3018 3735 3076 quoque

2093 3084 2400 3140 minimam
2431 3099 2546 3138 non
2570 3080 2860 3138 dimittere
2891 3085 3240 3156 portionem,
3263 3091 3320 3142 et
3349 3089 3734 3150 novissimum

2091 3173 2316 3245 exigere
2346 3171 2733 3243 quadrantem
2764 3171 2969 3242 (Matth.
3002 3190 3131 3246 xxv,
3161 3175 3269 3243 28;
3317 3179 3440 3233 Luc.
3473 3197 3575 3251 xu,
3621 3183 3735 3256 59).

2163 3263 2346 3334 (Vers.
2382 3261 2468 3330 13,
2503 3261 2613 3331 14.)
2664 3283 2692 3310 ‹‹
2727 3260 2873 3326 Quia
2904 3262 3192 3335 scriptum
3224 3270 3352 3322 est:
3395 3268 3738 3330 Maledictus

2091 3350 2284 3408 omnis
2306 3349 2406 3422 qui
2430 3349 2642 3421 pendet
2663 3349 2719 3403 in
2741 3349 2930 3422 ligno:
2960 3355 3024 3407 ut
3043 3351 3099 3406 in
3118 3355 3390 3425 gentibus
3411 3357 3738 3416 benedictio

2092 3439 2336 3494 Abrahe
2366 3439 2529 3493 ﬁeret
2556 3436 2615 3491 in
2645 3437 2875 3492 Christo
2906 3438 3068 3506 Jesu,
3102 3445 3167 3494 ut
3207 3441 3686 3512 pollicitationem
3718 3450 3740 3483 ι

2095 3529 2243 3585 435
2281 3527 2524 3598 spiritus
2555 3526 2916 3598 accipiamus
2945 3543 3047 3598 per
3075 3529 3272 3585 fidem.
3307 3536 3638 3605 Antequam
3669 3537 3740 3594 de

2094 3634 2273 3674 sensu
2299 3620 2357 3671 et
2377 3614 2564 3670 verbis
2586 3613 2844 3686 Apostoli
2865 3615 3256 3687 disputemus,
3264 3621 3288 3692 j
3299 3626 3494 3678 ustum
3514 3623 3744 3681 videtur

2095 3703 2530 3763 Deuteronomii
2551 3703 2975 3772 testimonium,
2991 3705 3060 3761 de
3082 3722 3197 3777 quo
3219 3711 3598 3782 etApostolus
3618 3713 3741 3772 haec

2097 3795 2353 3868 sumpsit
2381 3795 2555 3866 (Deut.
2588 3811 2702 3865 xxx,
2733 3793 2848 3865 23),
2891 3795 3094 3866 paucis
3145 3797 3446 3868 replicare,
3477 3806 3534 3857 et
3581 3820 3741 3860 com-

2098 3901 2312 3958 ponere
2341 3883 2485 3940 illud
2517 3884 2736 3940 caeteris
2778 3883 3154 3941 editionibus.
3189 3887 3573 3963 Septuaginta
3603 3910 3742 3966 ergo

2102 3976 2448 4046 lnterpretes
2474 3973 2554 4028 ita
2583 3973 2739 4027 hunc
2769 3972 2964 4028 locum
2997 3975 3364 4033 transtulere.
3403 4001 3430 4028 ‹‹
3460 3979 3515 4034 Si
3546 3986 3742 4040 autem

2100 4064 2275 4119 fuerit
2324 4062 2382 4116 in
2435 4061 2630 4132 aliquo
2670 4067 2971 4132 peccatum
3015 4068 3072 4116 et
3101 4064 3394 4133 judicium
3429 4071 3654 4138 mortis,
3689 4076 3746 4127 et

2100 4155 2368 4208 mortuus
2417 4150 2610 4214 fuerit,
2643 4149 3069 4220 suspenderitis
3118 4167 3252 4206 cum
3300 4154 3358 4208 in
3411 4153 3590 4226 ligno,
3626 4175 3743 4215 non

2098 4240 2351 4298 dormiet
2370 4255 2579 4310 corpus
2607 4237 2767 4293 illius
2789 4254 2966 4310 super
2990 4236 3238 4311 lignum,
3263 4242 3362 4297 sed
3395 4243 3742 4314 sepelientes

2098 4331 2390 4403 sepelietis
2420 4345 2553 4385 eum
2605 4327 2662 4382 in
2713 4327 2806 4382 die
2844 4326 2979 4395 illa;
3014 4329 3152 4399 quia
3184 4330 3530 4388 maledictus
3564 4352 3598 4389 a
3625 4334 3741 4392 Deo

2097 4420 2290 4478 omnis
2323 4418 2424 4492 qui
2457 4418 2670 4491 pendet
2705 4415 2765 4472 in
2812 4416 2970 4490 ligno
3005 4433 3017 4472 :
3075 4422 3133 4473 et
3165 4435 3279 4475 non
3312 4423 3744 4482 contaminabis

2094 4515 2311 4567 terram
2345 4513 2505 4563 tuam
2537 4523 2714 4579 quam
2740 4507 3025 4563 Dominus
3052 4512 3200 4564 Deus
3231 4513 3369 4566 tuus
3400 4511 3561 4568 dabit
3591 4513 3697 4570 tibi
3723 4513 3744 4551 ³

2098 4601 2157 4655 in
2190 4598 2608 4654 hereditatem.
2638 4615 2665 4648 η
2702 4596 2910 4668 Aquila
2942 4613 2956 4652 :
3003 4621 3030 4647 «
3065 4603 3131 4653 Et
3161 4615 3294 4654 cum
3328 4601 3499 4658 fuerit
3529 4604 3586 4658 in
3619 4604 3740 4664 viro

341 4697 400 4748 et
428 4691 715 4748 redimere
746 4691 905 4764 (quia
933 4689 1034 4762 qui
1061 4689 1226 4756 emit,
1251 4688 1510 4745 alienum
1540 4690 1722 4758 emit;
1755 4693 1857 4763 qui
1887 4710 1988 4749 au-
2022 4707 2068 4772 ι)
2100 4693 2402 4762 peccatum
2426 4687 2485 4741 in
2507 4685 3012 4757 [Al.et]judicium
3042 4688 3342 4760 mortis,et
3367 4691 3594 4748 occisus
3622 4694 3744 4752 fue-

342 4787 463 4838 tem
496 4781 752 4851 redimit,
784 4780 842 4835 id
891 4779 1035 4836 emit
1084 4779 1317 4853 proprie
1364 4778 1519 4851 quod
1569 4795 1744 4835 suum
1775 4781 1906 4849 fuit,
1935 4788 1994 4839 et

345 4887 522 4927 suum
553 4886 682 4926 esse
713 4869 946 4942 desivit)
976 4883 1282 4940 nunquam
1333 4867 1769 4940 Scripturarum
1817 4874 1993 4930 verba

345 4959 640 5034 simplicia
670 4959 728 5016 in
769 4957 1125 5016 calumniam
1158 4958 1250 5015 sui
1281 4958 1573 5030 dogmatis
1601 4960 1988 5034 detorqueret.

345 5084 580 5142 Hieron.
603 5101 732 5142 eam
755 5085 1075 5158 justitiam,
1101 5100 1233 5158 quis
1258 5083 1589 5158 necessaria
1617 5088 1706 5140 est
1735 5086 1806 5142 ad
1839 5086 1994 5144 salu-

344 5161 463 5231 tem
494 5155 862 5231 quemquamg
891 5155 1136 5231 absque
1163 5155 1520 5231 iide__Chri_sti
1565 5159 1868 5231 consequi
1892 5177 1992 5230 po-

343 5226 550 5286 tuisse.
581 5226 807 5303 Confer.
843 5230 902 5286 S.
933 5226 1244 5303 Augustin.
1280 5226 1380 5282 lib.
1415 5227 1479 5303 de
1521 5231 1704 5303 Natur
1747 5226 1802 5303 et
1839 5226 1989 5303 Grai.

345 5315 472 5374 cap.
520 5303 625 5369 Illi;
671 5307 728 5358 et
771 5302 873 5358 lib.
918 5320 956 5359 II
1001 5301 1068 5357 de
1115 5303 1398 5384 Deccator:
1436 5301 1662 5355 Remiss.
1699 5317 1747 5355 c.
1779 5302 1852 5369 9;
1886 5301 1988 5361 lib.

345 5371 410 5429 de
438 5372 568 5430 Gen.
602 5373 671 5433 ad
703 5373 790 5430 tit.
824 5389 871 5429 c.
906 5375 995 5433 33.
1027 5375 1279 5433 denique
1309 5376 1479 5433 epist.
1515 5372 1616 5425 157
1649 5376 1705 5426 et
1736 5373 1855 5427 190.

345 5383 410 5429 de
438 5383 568 5430 Gen.
602 5383 671 5433 ad
703 5383 790 5430 tit.
824 5389 871 5429 c.
906 5383 995 5441 33,
1027 5383 1279 5445 denique
1309 5383 1479 5443 epist.
1515 5383 1614 5425 1:37
1649 5383 1705 5426 et
1736 5383 1855 5427 190.

331 5455 361 5517 “
418 5445 434 5478 ¹
468 5445 571 5502 Hic
603 5449 777 5517 atque
810 5445 982 5511 infra,
1014 5446 1115 5502 ubi
1161 5445 1323 5500 locus
1375 5443 1485 5498 iste
1500 5445 1782 5517 recurrit,
1818 5447 1995 5502 vivent

343 5511 547 5588 legunt
599 5511 744 5574 mss.
794 5519 1000 5587 nostri,
1045 5534 1150 5590 pro
1194 5518 1454 5572 viverent.
1488 5514 1722 5572 Grecus
1760 5533 1995 5590 quoque

350 5590 562 5656 textus,
597 5590 659 5659 ζὴ
670 5608 869 5643 acvunt.

352 5659 440 5786 Μ’
473 5667 591 5718 Duo
610 5655 793 5734 mss.,
818 5669 880 5718 ut
909 5660 1403 5732 repromissiones;
1435 5657 1495 5714 in
1525 5659 1743 5727 Graeco,
1768 5655 1994 5736 ἐπαγγε-

413 5749 486 5786 αι.

413 5749 486 5787 αι.

315 5871 320 5874 _
422 5801 444 5885 _'
471 5802 674 5865 Ferme
694 5806 866 5884 juxta
894 5803 1073 5866 Graec.
1105 5799 1429 5863 Oxonienle
1458 5801 1773 5880 exemplar,
1807 5803 1930 5878 ubi,
1963 5802 1992 5863 ὁ

2101 4778 2198 4844 rit,
2220 4781 2278 4832 et
2298 4774 2674 4846 suspenderis
2695 4789 2829 4830 eum
2861 4792 3038 4848 super
3065 4776 3314 4850 lignum,
3343 4797 3455 4836 non
3485 4798 3743 4842 commo-

2101 4865 2329 4923 rabitur
2359 4863 2754 4920 morticinium
2788 4864 2916 4935 ejus
2946 4882 3121 4938 super
3150 4865 3401 4940 lignum,
3435 4872 3536 4927 sed
3582 4889 3754 4946 sepe-

2100 4956 2250 5013 liens
2279 4953 2525 5026 sepelies
2554 4969 2687 5008 eum
2738 4954 2795 5008 in
2841 4954 2932 5009 die
2963 4953 3083 5024 illa,
3117 4957 3256 5028 quia
3283 4958 3614 5019 maledictio
3644 4963 3747 5020 Dei

2102 5079 2230 5141 Θεὸς
2277 5079 2436 5151 ἡμῶν
2489 5073 2677 5152 δίδωσι
2731 5076 2878 5152 tuin,
2931 5083 3076 5136 Deus
3123 5085 3308 5136 noster
3352 5081 3503 5139 dabit
3558 5084 3705 5139 vobis
3725 5105 3745 5152 ,-

2103 5155 2220 5209 duo
2271 5169 2300 5206 e
2327 5150 2565 5206 nostris
2618 5166 2784 5218 mss.,
2817 5150 2957 5206 Deus
2987 5157 3160 5208 vester
3189 5153 3338 5208 dabit
3368 5156 3532 5210 vobis.
3568 5150 3744 5210 Paulo

2104 5228 2374 5300 p_ost_tam
2402 5223 2473 5278 ad
2506 5221 2932 5294 Aquilae,quam
2955 5223 3027 5300 ad
3044 5224 3387 5300 Symmachi
3421 5225 3743 5300 versionem

2105 5294 2424 5369 plurimum
2449 5294 3144 5369 numero,‘suspenderitis,
3170 5313 3271 5368 pro
3294 5297 3641 5368 suspenderis
3671 5297 3747 5354 le-

2146 5371 2252 5424 unt
2283 5384 2296 5421 :
2354 5372 2412 5422 at
2449 5370 2680 5422 Graecus
2711 5365 2922 5421 horum
2955 5365 3337 5440 interpretum
3370 5365 3560 5423 textus
3591 5369 3744 5425 desi-

2146 5445 2364 5496 eratur.

2171 5522 2194 5553 ι
2227 5517 2288 5565 In
2320 5508 2685 5582 Cisterciensi
2721 5525 2832 5566 ms.
2863 5512 2994 5581 quia
3024 5509 3347 5582 maledictus
3391 5513 3475 5582 est
3522 5512 3620 5582 qui
3659 5529 3747 5570 su-

2100 5598 2347 5667 spensus,
2370 5587 2503 5667 e_tc.,
2539 5579 2705 5667 falso,
2727 5579 3180 5667 cum—Aquilam,
3203 5585 3261 5667 et
3288 5579 3743 5667 Theod‘otionem

2103 5652 2784 5731 similitertranstulisse,
2809 5655 2938 5724 quia
2959 5653 3268 5731 maledictio
3289 5652 3389 5710 Dei
3415 5659 3496 5712 est
3523 5671 3748 5731 suspen-

2101 5743 2218 5797 sus,
2252 5728 2462 5786 Auctor
2491 5724 2617 5800 ipse
2646 5721 3032 5799 Hieronymus
3075 5721 3172 5781 sit.
