4332 6562
606 460 721 524 387

1846 455 1910 514 S.
1957 450 2271 515 EUSEBII
2316 446 2759 511 HIEBONYMI

3896 446 4015 509 388

603 596 714 662 est,
748 592 844 664 qui
877 606 1203 664 suspensus
1234 594 1323 645 est
1356 605 1369 644 :
1423 590 1479 644 et
1532 604 1645 644 non
1680 586 2105 643 contaminabis
2137 585 2248 639 hu-
2278 589 2333 655 Α
2360 585 2419 639 in
2454 584 2617 655 ligno
2648 580 2919 655 suspensi
2952 582 3112 650 (Dan.
3148 596 3230 647 III,
3267 580 3394 651 20);
3429 576 3737 635 Eleazarus
3783 571 4032 664 quoque-

606 699 773 739 mum
801 688 964 737 tuam
997 697 1172 753 quam
1208 678 1495 736 Dominus
1538 683 1689 732 Deus
1735 683 1873 731 tuus
1928 676 2090 731 dabit
2144 674 2250 729 tibi

600 772 1020 828 haereditatem.
1050 792 1076 819 ››
1109 767 1498 842 Symmachus
1528 784 1540 823 :
1582 789 1608 819 α
1634 767 1691 821 Si
1726 772 1921 821 autem
1953 765 2123 820 fuerit
2154 764 2252 819 ho-

600 861 745 916 mini
778 864 1082 931 peceatum
1111 860 1183 913 ad
1208 857 1499 930 judicium
1535 855 1761 919 mortis,
1785 861 1841 909 et
1869 855 2095 909 occisus
2127 854 2248 907 fue-

600 949 700 1016 rit,
728 954 785 1004 et
818 948 1197 1020 suspenderis
1229 964 1361 1002 eum
1404 962 1580 1017 super
1610 944 1859 1015 lignum,
1894 960 2009 998 non
2042 959 2248 1013 perno-

599 1039 782 1095 (stabit
810 1039 1057 1095 cadaver
1086 1037 1274 1109 ipsius
1306 1052 1482 1107 super
1510 1034 1761 1106 lignum,
1796 1033 1896 1087 sed
1943 1032 2248 1103 sepultura

598 1128 847 1201 sepelies
876 1144 1009 1183 eum
1041 1127 1149 1197 [ΑΙ.
1182 1125 1350 1193 illud]
1384 1126 1442 1179 in
1491 1123 1585 1178 die
1635 1122 1783 1193 ipsa,
1826 1120 1963 1192 quia
2012 1125 2249 1192 propter

594 1217 1020 1290 blasphemiam
1052 1214 1153 1270 Dei
1184 1230 1510 1285 suspensus
1559 1216 1649 1266 est
1696 1215 1753 1265 et
1799 1226 1916 1265 non
1956 1208 2247 1265 contami-

596 1306 764 1361 nabis
784 1310 998 1361 terram
1030 1308 1191 1357 tuam
1224 1318 1402 1373 quam
1432 1300 1712 1356 Dominus
1738 1299 1889 1354 Deus
1920 1304 2059 1353 tuus
2086 1298 2248 1352 dabit

596 1394 701 1449 tibi
732 1395 802 1449 ad
837 1393 1255 1448 haereditatem.
1283 1414 1301 1439 ο
1337 1376 1691 1446 Theodotio:
1728 1412 1753 1438 ‹‹
1780 1390 1847 1443 Et
1878 1388 2017 1460 quia
2047 1385 2157 1442 erit
2186 1386 2245 1441 in

595 1483 718 1539 viro
750 1488 1051 1555 peccatum
1083 1481 1141 1536 in
1176 1480 1287 1549 [Al.
1325 1488 1470 1535 tacet
1499 1481 1577 1547 in]
1602 1479 1895 1550 judicium
1930 1476 2156 1543 mortis,
2190 1479 2249 1531 et

596 1572 897 1639 morietur,
928 1576 983 1626 et
1014 1570 1340 1641 suspendes
1369 1586 1503 1625 eum
1536 1568 1593 1623 in
1627 1568 1808 1640 ligno,
1851 1583 1967 1623 non
1999 1566 2248 1620 dormiet

595 1661 997 1719 morticinium
1016 1660 1146 1730 ejus
1164 1676 1341 1731 super
1355 1658 1753 1731 lignum,quia
1770 1655 2072 1728 sepultura
2089 1671 2246 1726 sepe-

598 1752 705 1807 lies
736 1767 869 1805 eum
900 1749 958 1804 in
1001 1749 1092 1803 die
1123 1749 1271 1820 ipsa,
1307 1748 1446 1819 quia
1479 1746 1809 1802 maledictio
1860 1748 1958 1800 Dei
1992 1749 2081 1799 est
2114 1761 2245 1800 sus-

596 1856 852 1913 pensus:
886 1845 941 1894 et
975 1855 1090 1893 non
1114 1837 1544 1893 contaminabis
1566 1837 1775 1891 adama
1807 1835 1911 1904 [Αι.
1948 1834 2243 1904 adamam]

595 1934 760 1985 tuam
793 1945 969 2000 quam
998 1926 1284 1982 Dominus
1310 1927 1464 1982 Deus
1494 1931 1633 1980 tuus
1664 1925 1890 1980 dederit
1920 1924 2025 1979 tibi
2060 1924 2242 1977 haere-

598 2018 860 2074 ditatem.
900 2038 926 2066 ››
977 2017 1152 2071 Porro
1201 2034 1395 2071 ADAMA
1444 2026 1609 2075 nam
1669 2017 1818 2069 terra
1878 2013 1997 2068 sive
2045 2013 2245 2067 humus

578 2106 799 2179 'lingua
828 2106 1068 2160 Hebr-aia
1108 2103 1453 2176 appellatur.
1490 2104 1550 2158 In
1604 2120 1670 2158 eo
1722 2108 1919 2157 autem
1972 2100 2096 2156 loco
2147 2100 2245 2155 ubi

598 2195 807 2268 Aquila
835 2200 891 2250 et
912 2194 1232 2249 Theodotio
1261 2191 1532 2249 similiter
1560 2190 2014 2255 transtulerunt,
2049 2191 2249 2246 dicen-

593 2287 684 2341 tes
718 2301 731 2339 :
786 2285 928 2352 Quia
973 2282 1285 2338 maledictio
1317 2283 1417 2336 Dei
1467 2288 1545 2335 est
1571 2298 1882 2351 suspensus,
1919 2280 1973 2334 in
2006 2280 2244 2334 Hebrzeo

594 2373 679 2428 ita
709 2372 945 2445 ponitur
992 2387 1047 2425 K1
1095 2387 1346 2425 KLALATH
1378 2386 1550 2423 ELOIM
1578 2385 1790 2424 THALUI
1825 2371 1864 2421 ι.
1915 2369 2042 2423 Haec
2072 2368 2246 2423 verba

593 2460 779 2516 Ebion
811 2459 909 2514 ille
938 2458 1353 2514 haeresiarchcs
1384 2456 1958 2521 semi-Christianus,
1982 2462 2038 2512 et
2069 2456 2244 2511 semi-

593 2549 834 2605 Judteus
864 2549 1018 2603 436
1050 2548 1131 2603 ita
1161 2547 1579 2619 interpretatus
1629 2552 1739 2614 est,
1773 2544 1855 2599 ὅτι
1905 2540 2058 2619 ὕϐρις
2110 2548 2243 2598 Θεοῦ

591 2637 619 2692 ὁ
647 2637 1011 2711 κρεμὰμενος,
1044 2638 1100 2691 id
1134 2642 1244 2705 est,
1277 2639 1406 2707 quia
1438 2638 1654 2701 iniuria
1687 2638 1791 2691 Dei
1819 2640 1895 2690 est
1924 2652 2242 2706 suspensus.

593 2727 829 2784 Memini
857 2744 950 2782 me
971 2726 1029 2783 in
1052 2726 1476 2781 Altercatione2
1502 2725 1737 2781 Jasonis
1759 2730 1814 2780 et
1843 2726 2086 2796 Papisci,
2116 2741 2243 2796 qua

592 2816 787 2874 Grmco
818 2832 1086 2873 sermone
1116 2815 1446 2886 conscripta
1476 2820 1583 2881 est,
1620 2815 1701 2870 ita
1744 2816 2030 2886 reperisse
2065 2831 2077 2869 ε
2131 2811 2245 2866 λοι-

594 2902 750 2981 δορία
786 2909 918 2960 Θεοῦ
962 2905 990 2957 ὁ
1037 2904 1399 2977 κρεμάμενος,
1433 2904 1490 2958 id
1543 2909 1651 2969 est,
1686 2904 1993 2959 maledictio
2022 2904 2121 2958 Dei
2149 2905 2246 2974 qui

595 2998 865 3065 ap'pensus
911 2998 1007 3048 est.
1045 2994 1279 3048 Dicebat
1328 2991 1471 3047 mihi
1518 2992 1794 3048 Hebraeus
1824 2994 1846 3027 ³
1895 2993 1994 3064 qui
2042 3009 2133 3047 me
2183 2993 2242 3047 in

597 3081 914 3154 Seripturis
944 3080 1142 3152 aliqua
1172 3097 1239 3135 ex
1270 3086 1431 3152 parte
1464 3079 1741 3149 instituit,
1772 3083 1923 3151 quod
1956 3081 2141 3153 possit
2186 3086 2244 3137 et

598 3171 681 3227 ita
710 3170 821 3241 legi
855 3186 869 3226 τ
910 3171 1042 3243 quia
1071 3172 1455 3225 contumeliose
1488 3174 1630 3226 Deus
1660 3182 1955 3241 suspensus
1981 3175 2080 3226 est.
2114 3171 2243 3225 Haec

599 3254 816 3315 idcirco
837 3260 1266 3332 congessimus,
1289 3259 1426 3331 quia
1448 3259 1844 3315 famosissima
1864 3261 2109 3331 qumstio
2132 3264 2238 3330 est,

2362 672 2793 745 nonagenarius
2849 672 2958 725 sub
3007 669 3291 725 Antiocho
3348 686 3480 742 rege
3531 669 3728 741 Syriis,
3774 659 3831 724 et
3879 685 4012 727 cum

2361 770 2583 835 septem
2619 762 2757 817 {iliis
2788 761 3041 833 gloriosa
3075 765 3279 826 mater,
3309 766 3503 815 utrum
3540 758 3883 815 maledictos
3915 776 4014 816 eos

2358 852 2700 907 aestimaturi
2753 851 2968 904 fuerint
3016 851 3085 920 (Il
3114 849 3280 904 Maeli.
3315 866 3391 913 v1,
3423 850 3530 916 27;
3566 866 3663 913 vn,
3698 849 3890 921 seqq.),
3937 866 4011 905 an

2357 942 2515 997 omni
2550 939 2952 995 benedictione
2986 938 3414 1006 dignissimos?
3460 937 3625 993 Certe
3672 937 3721 992 si
3774 953 4010 993 crucem

2358 1048 2531 1102 quam
2568 1038 2754 1083 Aman
2789 1033 3093 1100 paraverat
3124 1026 3484 1095 Mar’dochzeo
3516 1026 3731 1099 (Esther
3760 1033 3859 1095 vn,
3897 1027 4007 1099 10),

2356 1137 2473 1175 non
2518 1119 2643 1190 ipse
2684 1135 2786 1190 pro
2821 1134 2926 1174 suo
2959 1109 3164 1173 merito
3196 1116 3655 1184 conscendisset,
3686 1121 3826 1189 puto
3857 1116 4009 1172 Mar-

2356 1208 2629 1264 dochaeus
2677 1208 2735 1262 in
2787 1225 2937 1278 eam,
2973 1225 3089 1263 non
3136 1211 3205 1262 ut
3250 1206 3621 1276 maledictus,
3656 1193 3755 1261 sed
3807 1210 3873 1261 ut
3916 1205 4009 1261 vir

2355 1302 2593 1353 sanctus
2624 1297 2962 1352 ascenderet
2991 1297 3097 1367 [AL
3132 1294 3519 1365 ascenderat].
3552 1294 3654 1350 His
3696 1299 3753 1350 et
3783 1295 4007 1351 caeteris

2355 1386 2648 1442 similibus
2670 1387 3087 1457 comprobatur
3115 1384 3285 1439 illum
3312 1401 3441 1440 esse
3474 1383 3872 1451 maledictum,
3900 1383 4003 1457 qui

2356 1476 2602 1547 dignum
2634 1476 2860 1531 facinus
2894 1475 3151 1546 patibulo
3182 1474 3566 1546 perpetrarit:
3605 1491 3719 1529 non
3749 1488 3882 1529 eum
3909 1472 4010 1545 qui

2356 1566 2667 1637 iniquitate
2711 1566 3005 1635 judicum,
3048 1569 3104 1619 et
3153 1564 3531 1619 inimicorum
3586 1563 3871 1635 potentia,
3922 1562 4010 1618 vel

2357 1654 2609 1709 clamore
2665 1654 2845 1724 vulgi,
2899 1659 3001 1708 aut
3055 1654 3340 1708 virtutum
3398 1651 3637 1721 invidia,
3699 1656 3800 1708 aut
3856 1653 4010 1725 regis

2356 1744 2503 1798 437
2554 1743 2640 1797 ira
2694 1742 2867 1797 fuerit
2915 1743 3247 1797 cruciﬁxus.
3283 1742 3351 1797 Et
3393 1741 3622 1796 Naboth
3674 1742 3779 1809 [Αἰ.
3813 1741 4008 1797 Nabu-

2354 1832 2541 1905 tharn]
2582 1834 2901 1904 quondam,
2937 1833 3007 1886 ad
3056 1832 3285 1887 Jezabel
3335 1831 3580 1896 litteras,
3611 1835 3734 1887 tota
3777 1829 4006 1886 Jezrael

2354 1922 2558 1976 civitas
2618 1927 2802 1976 morte
2857 1921 3155 1975 damnavit
3207 1921 3301 1992 (III
3356 1920 3483 1988 Reg.
3531 1936 3648 1989 xxx,
3698 1922 3731 1975 8
3781 1920 4002 1991 seqq.);

2356 2012 2455 2067 sed
2509 2013 2752 2082 sanguis
2800 2012 2929 2077 eius
2980 2012 3035 2064 in
3087 2015 3221 2082 typo
3254 2009 3491 2081 Christi,
3526 2009 3711 2064 multa
3743 2015 3873 2081 post
3902 2025 4007 2064 sae-

2356 2102 2489 2156 cula
2537 2102 2886 2167 vindicatur,
2931 2100 3159 2155 dicente
3210 2100 3452 2154 Domino
3501 2099 3571 2155 ad
3627 2098 3816 2154 Osee:
3872 2099 4010 2155 Voca

2354 2206 2548 2245 nomen
2606 2192 2720 2261 ejus
2768 2189 3006 2259 Jezrael,
3041 2192 3170 2261 quia
3218 2190 3397 2244 adhuc
3440 2188 3733 2253 modicum,
3764 2192 3818 2244 et
3863 2188 4006 2243 ulci-

2354 2298 2476 2334 si‘ar
2522 2282 2847 2349 sanguinem
2892 2280 3096 2335 Jesrael
3144 2295 3312 2351 super
3346 2280 3583 2334 domum
3612 2280 3753 2334 Jehu
3786 2277 3934 2349 (Osee
3963 2293 4003 2342 1,

2355 2371 2429 2437 4).
2465 2370 2592 2423 Haec
2627 2370 2935 2423 adversum
2964 2368 3219 2424 Judzeos.
3252 2372 3534 2423 Caeterum
3576 2372 3641 2422 ut
3672 2367 3743 2422 ad
3777 2384 3882 2422 nos
3913 2382 4003 2422 re-

2354 2459 2487 2513 deat
2518 2458 2864 2530 disputatio,
2890 2459 3036 2513 seire
3068 2475 3182 2513 non
3215 2474 3457 2530 possum
3490 2474 3669 2528 quare
3692 2455 4007 2529 Apostolus

2354 2547 2413 2602 in
2446 2564 2510 2602 co
2544 2548 2696 2618 quod
2734 2547 3020 2618 scriptum
3054 2553 3142 2603 cst
3172 2564 3185 2602 :
3238 2545 3560 2602 Maledielus
3611 2563 3643 2601 a
3690 2550 3801 2603 Deo
3831 2548 4009 2602 omnis

2353 2638 2452 2707 qui
2493 2637 2687 2707 pendet
2736 2638 2791 2689 in
2844 2637 2993 2705 ligno
3026 2636 3203 2708 (Deut.
3237 2651 3354 2705 xxx,
3385 2636 3499 2702 23),
3530 2633 3621 2690 vel
3654 2634 4014 2691 subtraxerit

2357 2725 2577 2797 aliquid
2626 2725 2711 2780 vel
2762 2726 3072 2779 addiderit.
3106 2724 3166 2779 Si
3199 2725 3354 2780 enim
3389 2723 3569 2779 semel
3599 2723 4006 2779 auctoritatem

2355 2814 2741 2887 Septuaginta
2777 2814 3160 2887 interpretum
3192 2814 3566 2886 sequebatur,
3598 2814 3817 2883 debuit,
3851 2814 4006 2869 sicut

2354 2905 2427 2959 ab
2458 2904 2573 2959 illis
2606 2905 2829 2958 editum
2870 2909 2977 2971 est,
3010 2908 3066 2958 et
3114 2903 3215 2958 Dei
3264 2920 3475 2959 nomen
3530 2903 3866 2976 adjungere.
3899 2902 4004 2959 Sin

2351 3010 2485 3048 vero
2516 2998 2580 3047 ut
2605 2995 2875 3048 llebrzeus
2906 3011 2973 3048 ex
2996 2993 3270 3057 Hebrreis,
3295 2994 3351 3047 id
3384 2992 3539 3065 quod
3570 2992 3629 3048 in
3662 3010 3771 3049 sua
3801 2992 4003 3065 lingua

2352 3081 2590 3154 legerat,
2627 3084 2869 3155 putabat
2916 3098 3042 3137 esse
3088 3082 3485 3149 veriSsimum,
3517 3097 3622 3137 nec
3660 3082 3858 3152 omnis,
3894 3097 3998 3136 nec

2352 3174 2410 3227 in
2444 3173 2611 3242 ligno,
2645 3188 2771 3242 quae
2820 3170 2879 3224 in
2926 3172 3162 3226 Hebraeo
3205 3188 3319 3226 non
3353 3158 3667 3238 habentur,
3698 3184 4001 3226 assumere

2354 3260 2459 3328 [AL
2496 3261 2861 3330 assumeret].
2898 3266 2975 3313 hx
3006 3276 3120 3331 quo
3162 3259 3307 3315 mihi
3351 3260 3597 3325 videtur,
3630 3262 3733 3315 aut
3777 3263 3998 3314 veteres

600 3353 658 3405 et
685 3349 851 3405 nobis
883 3349 1065 3405 soleat
1116 3366 1149 3405 a
1196 3350 1415 3404 Judazis
1448 3366 1550 3421 pro
1583 3350 1827 3405 infamia
1856 3349 2052 3421 objici,
2085 3351 2240 3421 quod
2273 3347 2315 3412 C
2355 3349 2726 3405 Hebraeorum
2762 3349 2939 3404 libros
2972 3348 3140 3404 aliter
3168 3348 3466 3414 habuisse,
3499 3366 3675 3423 quam
3708 3365 3863 3404 nunc
3892 3348 3997 3403 ha-

600 3437 863 3495 Salvator
895 3443 1090 3495 noster
1127 3444 1183 3494 et
1216 3439 1496 3494 Dominus
1528 3439 1638 3494 sub
1672 3439 1765 3494 Dei
1801 3440 1974 3494 fuerit
2004 3438 2242 3494 maledi-

597 3531 711 3584 cto.
746 3526 1005 3582 Primum
1040 3527 1220 3598 igitur
1256 3527 1603 3582 intuendum
1637 3532 1745 3594 est,
1780 3528 1931 3597 quod
1967 3544 2079 3581 non
2114 3527 2241 3598 qui-

595 3631 827 3687 cunque
878 3616 937 3670 in
986 3615 1145 3686 ligno
1194 3616 1535 3687 pependerit
1575 3615 1921 3671 maledictus
1971 3616 2046 3669 sit
2089 3615 2239 3685 apud

592 3704 802 3769 Deum,
836 3704 935 3759 sed
983 3703 1082 3774 qui
1115 3704 1455 3774 peccaverit,
1490 3709 1546 3757 et
1581 3710 1818 3774 propter
1849 3702 2037 3757 scelus
2071 3703 2243 3758 morti

595 3792 773 3848 fuerit
802 3792 1174 3862 adjudicatus
1206 3791 1593 3863 sublatusque
1622 3792 1680 3845 in
1706 3808 1937 3846 crucem
1970 3809 2081 3847 non
2114 3792 2242 3847 ideo

598 3880 947 3937 maledictus
978 3882 1117 3953 quia
1145 3880 1455 3935 cruciﬁxus
1488 3885 1594 3945 est,
1628 3882 1728 3936 sed
1782 3882 1919 3952 quia
1967 3881 2025 3935 in
2066 3880 2241 3936 talem

600 3969 870 4043 inciderit
900 3975 1147 4040 reatum,
1180 3975 1243 4025 ut
1274 3970 1552 4025 meruerit
1590 3969 1871 4041 cruciﬁgi.
1908 3970 2119 4026 Deinde
2173 3969 2244 4024 il-

598 4058 699 4115 lud
722 4061 1157 4132 opponendum,
1182 4060 1335 4132 quod
1367 4060 1609 4116 inferius
1640 4077 1816 4115 causa
1846 4060 2088 4132 patibuli
2120 4058 2241 4131 ple-

597 4149 731 4205 nius
753 4152 1091 4220 exponatur,
1116 4149 1417 4221 Scriptura
1440 4149 1743 4213 referente,
1769 4149 1840 4204 ob
1866 4147 2241 4203 maledictum

594 4242 651 4295 et
698 4238 1127 4311 blasphemiam
1181 4238 1279 4294 Dei
1333 4255 1465 4294 eum
1516 4255 1644 4294 esse
1683 4238 2046 4293 cruciﬁxum.
2080 4238 2242 4303 Quod

594 4327 855 4400 apertius
883 4327 1273 4401 Symmachus
1304 4326 1626 4393 transtulit,
1660 4328 1858 4382 dicens
1892 4344 1904 4381 :
1949 4329 2098 4398 Quia
2122 4342 2245 4398 pro-

587 4421 718 4488 pter
747 4417 1137 4488 blasphemiam
1170 4418 1264 4471 Dei
1306 4432 1594 4486 suspensus
1641 4424 1739 4471 est.
1786 4416 1871 4469 Ad
1921 4421 2242 4471 extremum

594 4503 1026 4576 interrogemus
1057 4522 1176 4575 eos,
1211 4504 1259 4559 si
1290 4505 1545 4559 Ananiae
1577 4509 1633 4559 et
1666 4504 1894 4560 Azarias
1928 4510 1983 4561 et
2015 4506 2241 4575 Misael,

600 4592 867 4649 nolentes
897 4594 1136 4649 adorare
1168 4591 1388 4648 idolum
1414 4592 1971 4660 Nabuchodonosor,
1999 4594 2245 4651 fuissent

2355 3440 2491 3493 bent
2524 3456 2535 3494 :
2590 3445 2689 3493 aut
2720 3439 3055 3510 Apostolum
3105 3439 3193 3509 (ut
3231 3444 3364 3494 ante
3402 3439 3527 3509 jam
3561 3438 3701 3511 dixi)
3758 3454 3999 3495 sensum

2353 3528 2787 3599 Scripturarum
2822 3527 3109 3598 posuisse,
3144 3544 3257 3582 non
3290 3528 3464 3582 verba
3498 3545 3511 3582 :
3554 3532 3656 3583 aut
3686 3528 3841 3599 quod
3875 3543 3996 3582 ma-

2351 3618 2442 3689 gis
2475 3624 2561 3671 est
2590 3617 3024 3682 azstimandum,
3060 3622 3190 3687 post
3221 3617 3554 3688 passionem
3586 3616 3819 3682 Christi,
3852 3620 3908 3672 et
3940 3616 3998 3670 in

2354 3706 2628 3771 Hebraeis,
2662 3711 2717 3760 et
2759 3708 2817 3760 in
2862 3704 3079 3760 nostris
3109 3705 3405 3760 codicibus
3436 3706 3507 3761 ab
3538 3705 3734 3776 aliquo
3766 3704 3865 3759 Dei
3895 3720 3999 3759 no-

2353 3812 2485 3850 men
2519 3794 2877 3866 appositum,
2912 3798 2977 3849 ut
3024 3794 3326 3850 infamiam
3377 3793 3546 3850 nobis
3585 3793 3863 3861 inureret,
3897 3794 3994 3866 qui

2351 3883 2411 3939 in
2444 3883 2738 3938 Christum
2780 3882 3155 3939 maledictum
3206 3900 3239 3939 a
3288 3882 3401 3938 Deo
3432 3882 3748 3939 credimus.
3780 3881 4000 3938 Audaci

2353 3973 2548 4043 itaque
2582 3972 2723 4043 pede
2754 3973 2822 4026 ad
2858 3972 2964 4027 hoc
2998 3973 3245 4043 procedo
3280 3977 3593 4040 certamen,
3620 3976 3684 4028 ut
3714 3972 3784 4027 ad
3817 3971 4001 4027 libros

2353 4077 2680 4132 provocem,
2715 4060 2875 4116 nullo
2909 4060 3032 4116 loco
3067 4062 3376 4133 scriptum,
3410 4077 3443 4115 a
3489 4062 3599 4116 Deo
3640 4076 3998 4132 quemquam

2353 4167 2481 4206 esse
2508 4149 2906 4220 maledictum,
2932 4156 2989 4205 et
3022 4150 3358 4222 ubicunque
3382 4150 3712 4206 maledictio
3740 4150 3998 4223 ponitur,

2353 4256 2656 4311 nunquam
2688 4239 2787 4294 Dei
2821 4256 3030 4295 nomen
3061 4240 3427 4312 adjunctum.
3460 4240 3776 4297 Malediclus
3825 4244 3886 4296 tu
3934 4239 3999 4295 ab

2351 4331 2608 4385 omnibus
2639 4330 2820 4384 bestiis
2853 4328 3002 4400 (Gen.
3038 4330 3261 4401 111,14),
3296 4329 3510 4385 dicitur
3540 4330 3611 4386 ad
3644 4333 3997 4401 serpentem.

2353 4420 2421 4474 Et
2453 4420 2520 4474 ad
2555 4420 2736 4474 Adam
2770 4436 2782 4474 :
2816 4419 3097 4475 Maledicta
3128 4421 3273 4474 terra
3305 4420 3365 4473 in
3396 4419 3646 4491 operibus
3674 4419 3781 4472 tuis
3810 4416 3997 4488 (Ibid.’,

2353 4509 2464 4579 17.)
2513 4508 2582 4563 Et
2612 4507 2851 4581 adCain
2888 4524 2899 4563 :
2951 4507 3263 4563 Malediclus
3312 4512 3371 4563 lu
3415 4522 3581 4578 super
3608 4514 3813 4561 terram
3843 4504 3998 4575 (Gen.

2350 4615 2427 4664 1v,
2462 4598 2570 4668 11).
2606 4598 2676 4653 Et
2704 4596 2843 4652 alibi
2879 4614 2891 4653 :
2924 4596 3236 4652 Malediclus
3269 4596 3539 4652 Chanaan
3564 4610 3724 4666 puer,
3756 4595 4003 4665 famulus

674 4736 693 4826 ξ
725 4733 964 4826 llebgasp
994 4734 1113 4826 hinc
1144 4723 1317 4826 verba
1348 4738 1505 4826 aput,
1540 4719 1669 4795 u‘m‘
1691 4720 1880 4826 ptn‘m
2278 4723 2324 4787 D
2355 4738 3224 4826 laboraret,imperatorumque
3247 4738 3646 4826 Romanorum
3671 4736 3851 4794 animi
3880 4752 4008 4792 nec-

671 4804 949 4880 _’_Laudat
1000 4806 1146 4880 hanc
1195 4807 1652 4880 disputationem
1689 4804 2244 4880 Hieronym.'etiam

578 4875 767 4952 ’initio
801 4877 1003 4945 Quaest.
1036 4875 1388 4952 Hebraicfin
1416 4878 1705 4952 Genesim,
1742 4897 1845 4935 nec
1876 4875 2069 4936 tamen
2104 4882 2243 4952 quid

596 4949 678 5003 rei
729 4953 905 5015 esset,
959 4955 1060 5004 aut
1107 4951 1199 5003 cui
1236 4967 1374 5017 eam
1428 4950 1664 5018 tribuat,
1715 4958 2009 5007 auctorem
2062 4949 2241 5008 notat.

596 5019 760 5076 Nunc
793 5021 1197 5092 quandoopus
1227 5021 1381 5076 istud
1408 5017 1808 5090 jamdiu'olim
1838 5024 2149 5089 intercidit,
2175 5017 2246 5080 de

593 5094 722 5163 ejus
752 5096 984 5147 auctore
1015 5093 1319 5163 disputant
1347 5094 1581 5147 eruditi.
1615 5093 1879 5149 Clemens
1910 5095 2242 5151 Alexandri-

592 5180 705 5219 nus
760 5163 817 5219 in
865 5169 1024 5220 sexto
1057 5166 1465 5236 Ilypotyposeon
1500 5166 1666 5231 libro,
1703 5183 1828 5221 eam
1882 5167 2059 5221 tradit
2108 5186 2139 5221 a
2186 5171 2241 5222 S.

596 5237 752 5292 Luca
782 5236 1172 5307 conscriptam
1204 5254 1217 5302 ;
1246 5237 1365 5308 qui
1399 5253 1529 5292 vero
1561 5238 1691 5308 ejus
1720 5239 2122 5293 testimonium
2159 5255 2243 5293 re-

595 5308 733 5381 citat
761 5308 1050 5363 Maximus
1084 5307 1140 5362 in
1167 5307 1415 5363 Scholiis
1447 5310 1516 5362 ad
1543 5307 1883 5381 Dionysium
1917 5310 1981 5363 de
2013 5312 2245 5381 mystica

596 5379 1088 5452 Thcﬁologia,rcap.
1146 5381 1194 5450 1,
1246 5381 1504 5435 Aristoni
1558 5379 1760 5435 Pellaeo
1810 5381 2035 5435 tribuit.
2078 5379 2246 5436 inter

590 5450 648 5505 S.
681 5451 948 5523 Cypriani
998 5450 1173 5522 opera
1221 5457 1491 5523 superest
1541 5468 1703 5506 nunc
1735 5452 1881 5506 Celsi
1933 5452 2243 5521 cujusdam

587 5523 850 5646 grastatio
898 5522 956 5576 in
1007 5541 1135 5579 eam
1185 5522 1647 5592 altercationem,
1683 5538 1860 5592 quam
1912 5522 2066 5577 idem
2121 5524 2245 5595 ipse

630 5590 786 5645 elsus
819 5593 1018 5646 Latine
1070 5612 1131 5646 se
1178 5600 1430 5646 testatur
1459 5594 1725 5646 verlisse.
1758 5610 2049 5646 suumque
2079 5595 2243 5646 labo-

630 5590 791 5664 elsus
819 5593 1018 5664 Latine
1070 5612 1131 5650 se
1178 5600 1430 5650 testatur
1459 5590 1725 5657 verlis‘se',
1758 5610 2049 5664 suumque
2079 5590 2243 5650 labo-

587 5665 712 5738 rem
732 5661 941 5738 Vigilio
974 5667 1288 5738 nesciocui
1326 5666 1600 5738 episcopo
1632 5665 1920 5738 inscribit.
1958 5661 2035 5719 Ex
2066 5668 2244 5723 variis

590 5734 730 5807 ejus
772 5736 1126 5804 praefationis
1177 5736 1321 5793 locis
1362 5734 1640 5807 colligere
1671 5746 1778 5801 est,
1813 5735 2042 5792 Celsum
2077 5738 2243 5795 illum

596 5803 874 5876 scribere,
919 5821 1054 5863 cum
1094 5807 1285 5867 adhuc
1316 5810 1429 5867 sub
1454 5803 1963 5889 persecutionibus
1994 5809 2246 5871 Ecclesia

2354 4812 2495 4865 dum
2528 4816 2733 4882 essent
2750 4811 2966 4882 Christi
2998 4812 3275 4882 religione
3308 4810 3541 4865 imbuti.

2423 4883 2445 4917 ⁸
2480 4884 2621 4936 llinc
2653 4881 2874 4953 colligit
2906 4880 3165 4938 Morinus
3197 4898 3369 4954 quem
3419 4888 3475 4937 et
3515 4880 4005 4954 Martiana:us_se-

2352 4957 2682 5037 cutus/est,
2716 4951 2897 5037 fuisse
2943 4951 3277 5026 Hieronymi
3312 4960 3727 5037 praeceptorem
3781 4968 3851 5037 ex
3894 4951 4004 5037 lle-

2355 5024 2935 5107 braconChristianum
2963 5045 2975 5093 ;
3019 5024 3208 5107 neque
3238 5024 3415 5107 enim,
3450 5024 3746 5107 inquiunt,
3781 5024 3861 5107 ita
3893 5025 4006 5078 fas-

2357 5113 2459 5170 sus
2510 5097 2717 5170 fuisset
2746 5097 3002 5163 Judceus,
3038 5096 3137 5170 qui
3184 5098 3241 5151 in
3276 5096 3399 5168 lege
3451 5100 3753 5170 perstaret.
3789 5099 4005 5170 Verum

2355 5168 2501 5240 hanc
2531 5168 2763 5240 laudem
2816 5186 2929 5239 non
2972 5165 3253 5224 tacuisset
3282 5165 3424 5240 puto
3454 5165 3870 5240 Hieronymus,
3896 5165 4004 5240 [qui
4032 5210 4039 5213 .

2351 5239 2518 5294 illum
2570 5237 2915 5309 simpliciter
2966 5237 3481 5296 Hebreum—dicit.
3527 5237 3690 5303 Quin
3731 5240 3846 5294 imo
3895 5237 4004 5309 hoc

2354 5312 2548 5384 ipsum
2582 5308 2735 5381 quod
2780 5328 2847 5365 ex
2889 5329 2954 5367 eo
3007 5315 3225 5384 profert
3254 5310 3679 5384 testimonium,
3705 5310 3841 5384 ideo
3871 5308 4004 5384 plus

2355 5379 2529 5437 habet
2562 5379 2861 5449 momenti,
2894 5379 3046 5454 quod
3079 5402 3147 5439 ex
3175 5387 3423 5439 Hebraeae
3455 5379 3753 5455 religionis
3783 5379 4006 5455 estho-

2355 5455 2532 5520 mine,
2558 5460 2745 5527 atque
2776 5456 2847 5509 ob
2881 5451 3028 5511 hanc
3060 5473 3298 5512 causam
3324 5457 3403 5527 ab
3438 5451 3785 5527 Hieronymo
3817 5451 4002 5509 addu-

2355 5528 2523 5579 citur.
2556 5524 2799 5580 Videtur
2829 5533 3104 5597 practerea
3154 5528 3249 5583 hic
3296 5526 3394 5583 ille
3443 5527 3599 5582 idem
3647 5524 3796 5594 esse,
3829 5538 4005 5596 quem

2355 5597 3113 5672 Barbanipa_rn_de_nomine
3140 5600 3370 5655 vocavit
3401 5599 3571 5672 paulo
3602 5603 3737 5672 ante
3773 5597 3839 5672 in
3873 5611 4006 5672 pro-

2354 5668 2525 5743 oemio
2557 5669 2627 5743 ad
2663 5667 2964 5743 Ephesios,
2995 5676 3053 5727 et
3088 5689 3265 5743 quem
3294 5666 3564 5728 Judaeum
3595 5666 3891 5724 exstitisse
3918 5666 4006 5723 ni-

2353 5738 2437 5796 hil
2477 5746 2565 5798 est
2596 5738 2864 5798 dubium.
