4332 6578
338 396 501 471 393

1032 393 1549 455 COMMENTAR.
1598 394 1672 454 IN
1720 394 1970 453 EPIST.
2015 393 2120 452 AD
2168 395 2447 457 GALAT.
2499 400 2645 460 LIB.
2695 402 2769 477 Il,
2819 403 2990 463 CAP.
3038 403 3144 463 IlI.

3681 406 3795 466 394

383 526 522 598 qui:
559 526 685 582 Haec
713 524 845 580 dwit
874 525 1138 580 Dominus
1160 526 1524 597 omnipotens.
1550 528 1784 580 Manum
1816 523 2031 579 media-
2059 525 2113 590 Α
2142 524 2305 582 viens
2336 529 2659 585 refrenetur
2686 537 2848 596 aetas,
2899 537 2955 588 et
2985 549 3166 605 prona
3213 534 3271 589 in
3317 535 3455 590 vitia
3502 536 3677 592 corda
3708 540 3795 592 te-

383 614 552 685 toris,
576 614 893 687 potentiam
915 618 973 670 et
994 613 1268 670 virtutem
1291 615 1419 687 ejus
1445 614 1727 671 debemus
1748 614 2029 686 accipere.

383 704 491 769 Qui
521 720 652 761 cum
683 705 1005 761 secundum
1038 703 1243 770 Deum,
1276 721 1461 759 unum
1493 705 1570 759 sit
1600 704 1724 776 ipse
1755 720 1888 759 cum
1926 704 2031 760 Pa-

382 798 490 863 tre,
524 794 843 851 secundum
872 793 1209 850 mediatoris
1259 793 1520 849 ofﬁcium
1561 793 1711 849 alius
1742 795 1814 849 ab
1845 811 1911 850 eo
1942 793 2030 848 in-

381 882 682 957 telligitur.
714 882 860 949 Quia
888 899 1021 939 vero
1050 882 1321 938 lectionis
1351 881 1491 937 ordo
1523 883 1804 939 confusus
1836 888 1943 953 est,
1975 887 2033 938 et

381 972 698 1046 hyperbato
729 973 1126 1045 perturbatur,
1157 972 1242 1027 sic
1291 971 1463 1026 nobis
1510 972 1843 1028 reddendus
1872 972 2031 1028 vide-

376 1065 503 1123 tur:
546 1062 660 1118 Lex
691 1063 882 1140 posita
900 1066 996 1118 est
1039 1077 1143 1132 per
1172 1059 1410 1132 angelos
1442 1059 1501 1114 in
1534 1077 1710 1115 manu
1757 1061 2032 1117 mediato-

377 1152 478 1223 ris,
511 1157 749 1226 propter
794 1150 1296 1223 transgressiones
1338 1148 1606 1205 ordinata
1636 1165 1739 1221 per
1769 1149 2028 1222 angelos,

377 1242 559 1298 donec
588 1240 810 1298 veniret
839 1256 1041 1296 semen
1072 1238 1165 1295 cui
1197 1238 1612 1311 repromissum
1639 1241 1782 1294 erat.
1817 1240 2029 1296 Semen

376 1336 574 1387 autem
604 1329 763 1386 haud
795 1329 1042 1385 dubium
1066 1328 1214 1401 quin
1255 1328 1549 1383 Christum
1582 1324 1892 1402 signiﬁcet,
1928 1328 2027 1400 qui

376 1436 447 1476 ex
493 1417 768 1475 Matthtei‘
809 1434 1041 1491 quoque
1098 1417 1383 1491 principio
1443 1418 1860 1490 comprobatur
1899 1432 2027 1474 esse

376 1508 537 1564 ﬁlius
586 1507 903 1565 Abraham.
954 1507 1254 1580 Scriptura
1300 1507 1621 1563 referente:
1670 1507 1829 1562 Liber
1863 1522 2024 1575 gene-

377 1598 609 1655 rationis
663 1601 794 1654 Jesu
863 1595 1068 1653 Christi
1141 1596 1252 1665 ﬁlii
1319 1595 1509 1666 David,
1581 1595 1692 1666 ﬁlii
1747 1596 2028 1653 Abraham

377 1687 587 1757 (Matth.
620 1704 658 1754 ι,
693 1688 767 1755 ι).

447 1777 627 1847 (Vers.
658 1775 875 1848 21-23.)
899 1798 926 1826 ‹‹
961 1775 1077 1831 Lex
1099 1791 1236 1848 ergo
1258 1775 1538 1831 adversus
1564 1775 1858 1848 promissa
1879 1775 2028 1832 Dei?

2144 620 2413 683 neantur,
2450 619 2591 674 dum
2614 625 2813 677 tenera
2839 622 3053 679 studiis
3078 622 3346 679 eruditur
3373 624 3621 680 infantia
3640 630 3699 682 et
3719 626 3791 682 ad

2143 707 2396 777 majores
2426 708 2809 782 philosophias
2843 728 2908 766 ac
2938 713 3201 786 regendae
3232 712 3565 786 reipublicae
3596 715 3687 771 dis
3711 713 3793 771 ci-

2142 793 2354 867 plinas,
2389 803 2545 854 metu
2595 816 2776 871 poenas
2811 802 3060 857 coercita
3112 807 3492 875 praeparatur.
3546 803 3673 859 Non
3701 807 3794 861 ta-

2144 900 2276 939 men
2313 887 2691 960 prsedagogus
2717 890 3000 963 magister
3027 893 3083 946 et
3103 896 3268 963 pater
3291 896 3400 961 est,
3423 907 3532 949 nec
3558 892 3797 949 haredi-

2140 976 2321 1029 tatem
2353 979 2412 1031 et
2440 976 2746 1032 scientiam
2780 979 3080 1053 paedagogi
3131 979 3183 1037 is
3232 979 3331 1053 qui
3363 981 3651 1048 eruditur,
3692 997 3791 1039 ex-

2142 1067 2403 1134 spectat;
2437 1066 2537 1120 sed
2587 1066 2845 1123 alienum
2894 1068 3152 1125 custodit
3180 1068 3367 1126 ﬁlium
3414 1071 3791 1145 paedagogus,

2141 1150 2211 1205 ab
2244 1166 2310 1207 eo
2332 1156 2641 1223 postquam
2662 1153 2760 1209 ille
2783 1156 2851 1210 ad
2877 1155 3205 1228 legitimum
3227 1158 3522 1230 capiendae
3552 1158 3796 1217 haeredi-

2138 1236 2275 1293 tatis
2305 1243 2540 1311 tempus
2572 1240 2890 1310 advenerit,
2922 1259 3281 1313 recessurus,
3313 1245 3577 1319 Denique
3606 1251 3664 1303 et
3693 1264 3793 1305 no-

2140 1342 2275 1383 men
2306 1329 2605 1403 pzsdagogi
2644 1330 2753 1387 hoc
2784 1329 2979 1404 ipsum
3002 1336 3189 1404 sonat,
3210 1336 3267 1389 et
3289 1337 3378 1389 est
3398 1335 3790 1408 compositum

2140 1416 2212 1471 ab
2243 1433 2309 1473 eo
2342 1417 2494 1490 quod
2528 1434 2741 1490 pueros
2797 1423 2953 1492 agat,
2982 1420 3041 1475 id
3095 1424 3185 1477 est
3231 1422 3454 1481 ductet.
3502 1423 3703 1496 Itaque
3735 1428 3795 1481 et

2139 1504 2321 1578 Moysi
2353 1505 2465 1574 lex,
2498 1508 2713 1579 populo
2757 1508 3102 1577 lascivienti,
3152 1510 3225 1566 ad
3268 1510 3458 1568 instar
3485 1513 3790 1587 pedagogi

2137 1594 2443 1652 severioris
2473 1596 2741 1668 apposita
2771 1602 2877 1666 est,
2925 1602 2992 1654 ut
3040 1599 3358 1657 custodiret
3385 1617 3504 1672 eos,
3536 1605 3595 1658 et
3623 1602 3789 1659 futu-

2135 1701 2210 1739 rae
2242 1683 2376 1740 fidei
2408 1690 2780 1758 praepararet,
2827 1703 2953 1760 quae
3000 1692 3312 1761 postquam
3360 1691 3538 1760 venit,
3571 1694 3629 1748 et
3657 1708 3787 1749 cre-

2136 1772 2397 1829 didimus
2427 1774 2486 1829 in
2518 1774 2832 1847 Christum,
2870 1775 2998 1847 jam
3047 1794 3164 1833 non
3194 1794 3402 1834 sumus
3454 1778 3565 1834 sub
3596 1780 3787 1853 paada-

376 1864 558 1921 Absit.
593 1864 652 1965 Si
683 1864 838 1921 enim
868 1864 1005 1921 data
1033 1870 1188 1921 esset
1214 1863 1307 1921 lex
1336 1881 1463 1938 qua:
1486 1868 1685 1965 posset
1711 1863 2022 1934 viviﬁcare,
2054 1899 2104 1965 B
2135 1867 2505 1965 gogontutor
2536 1881 2569 1921 a
2627 1864 2797 1921 nobis
2845 1870 3196 1959 curatorque
3254 1867 3583 1937 discedunt,
3631 1872 3789 1926 444

374 1970 505 2010 vere
533 1971 603 2010 ex
626 1952 753 2027 lege
782 1958 938 2011 esset
957 1954 1215 2026 justitia.
1249 1954 1360 2010 Sed
1411 1953 1697 2010 conclusit
1726 1954 2026 2026 Scriptura

336 2084 340 2086 -
375 2043 574 2100 omnia
602 2043 716 2099 sub
738 2047 994 2116 peccato,
1024 2048 1089 2099 ut
1114 2042 1403 2117 promisso
1424 2059 1494 2099 ex
1514 2043 1627 2099 ﬁde
1647 2041 1785 2101 Jesu
1811 2043 2024 2099 Christi

375 2133 612 2189 daretur
626 2133 1019 2189 credentibus.
1040 2125 1203 2189 Prius
1220 2138 1415 2189 autem
1428 2149 1606 2204 quam
1625 2131 1844 2188 veniret
1856 2133 2021 2201 ﬁdes,

377 2222 489 2278 sub
519 2221 645 2295 lege
664 2221 1162 2293 custodiebamur,
1185 2221 1445 2279 conclusi
1469 2223 1525 2277 in
1548 2239 1677 2278 eam
1701 2221 1877 2278 ﬁdem
1899 2238 2023 2295 quas

378 2310 687 2368 revelanda
716 2317 857 2369 erat.
894 2334 922 2363 »
961 2312 1126 2368 Sicut
1150 2312 1437 2368 mediator
1477 2311 1576 2367 Dei
1607 2316 1664 2367 et
1694 2311 2024 2381 hominum,

377 2399 529 2457 inter
558 2401 794 2456 dantem
826 2405 883 2458 et
905 2401 1285 2474 accipientem
1306 2399 1492 2473 legem
1518 2400 1747 2456 medius
1770 2400 1881 2456 fuit
1905 2418 1918 2456 :
1946 2400 2029 2456 ita

375 2504 444 2546 ex
472 2490 621 2562 ipsa,
654 2505 783 2561 quae
834 2494 964 2561 post
1008 2488 1523 2562 repromissionem
1572 2489 1707 2544 data
1738 2493 1846 2561 est,
1879 2488 2030 2544 inter

374 2577 891 2651 repromissionem
912 2583 971 2634 et
991 2577 1441 2650 completionem
1464 2578 1592 2649 ejus
1618 2577 1812 2633 media
1832 2577 2030 2653 subre-

374 2668 513 2740 psit.
546 2668 680 2733 Quaa
707 2684 822 2724 non
851 2667 1066 2724 idcirco
1097 2668 1438 2725 arbitranda
1466 2672 1556 2723 est
1577 2667 2027 2739 promissionem

374 2756 720 2825 excludere;
754 2758 893 2830 quia
923 2762 1125 2830 postea
1167 2758 1482 2813 subsecuta
1523 2773 1674 2828 eam,
1708 2773 1833 2828 quae
1865 2756 2029 2829 prius

374 2846 505 2918 fuit,
536 2848 766 2903 videtur
807 2847 1076 2916 abolere;
1129 2847 1232 2903 sed
1262 2863 1332 2903 ex
1379 2863 1445 2902 eo
1486 2847 1642 2918 quod
1693 2863 1808 2901 non
1842 2846 2031 2917 potuit

376 2937 689 3004 viviﬁcare,
722 2954 824 2993 nec
856 2936 913 2991 id
945 2937 1203 2993 tribuere
1233 2937 1390 3009 quod
1434 2935 1810 3007 repromissio
1841 2935 2032 3007 prima
2060 2985 2064 2991 .

376 3024 637 3098 pollicita
685 3031 793 3099 est,
847 3025 1225 3082 manifestum
1273 3031 1363 3082 est
1391 3026 1546 3081 443
1596 3025 1654 3080 in
1700 3024 2031 3081 custodiam

376 3130 509 3170 eam
543 3115 1035 3188 repromissionis,
1070 3132 1185 3171 non
1209 3114 1277 3182 in
1332 3114 1773 3170 subversionem
1809 3115 2026 3169 datam.
2142 3110 2354 3183 poterit
2382 3128 2551 3183 paena
2578 3112 2830 3179 decerni,
2883 3113 3185 3185 Scriptura
3225 3112 3491 3171 dicente:
3523 3115 3797 3186 Auferetis

2135 1956 2191 2007 et
2219 1951 2550 2025 legitimum
2584 1954 2770 2010 atatis
2800 1944 3035 2027 tempus
3076 1956 3367 2029 ineuntes,
3398 1957 3518 2013 veri
3549 1956 3652 2014 Dei
3682 1957 3790 2014 ﬁlii

2135 2042 2532 2110 nominamur,
2566 2043 2660 2099 cui
2710 2061 2816 2100 nos
2842 2048 3082 2117 generat
3128 2061 3246 2101 non
3292 2045 3385 2103 lex
3415 2045 3650 2115 abolita,
3682 2048 3788 2104 sed

2136 2136 2322 2188 mater
2350 2132 2515 2201 fides,
2549 2150 2675 2205 quas
2706 2136 2796 2189 est
2824 2134 2883 2189 in
2915 2133 3144 2190 Christo
3179 2134 3341 2191 Jesu.
3374 2135 3538 2201 Quod
3569 2136 3620 2193 si
3651 2135 3788 2209 quis

2136 2224 2269 2293 post
2319 2225 2794 2278 consummatum
2841 2222 3027 2278 aetatis
3077 2239 3195 2279 suae
3242 2227 3497 2297 tempus,
3549 2226 3786 2300 quando

2131 2310 2253 2381 jam
2301 2310 2482 2365 haeres
2541 2315 2597 2367 et
2628 2310 2776 2367 liber
2828 2315 2885 2367 et
2914 2311 3072 2368 illius
3129 2312 3481 2385 appellatur,
3538 2313 3790 2371 voluerit

2136 2416 2264 2455 esse
2294 2401 2403 2457 sub
2436 2400 2771 2474 paedagogo,
2799 2401 2947 2457 sciat
2976 2418 3039 2457 se
3060 2418 3176 2457 non
3201 2418 3373 2475 posse
3402 2402 3631 2476 legibus
3661 2420 3792 2477 par.

2135 2488 2254 2556 _vuli
2285 2489 2491 2545 vivere.
2525 2489 2633 2546 Ubi
2664 2489 2819 2545 enim
2851 2507 3007 2547 nunc
3054 2490 3333 2565 compleri
3378 2497 3571 2565 potest
3598 2491 3745 2550 illud
3772 2509 3788 2550 :

2144 2578 2240 2633 Ter
2269 2580 2325 2633 in
2358 2593 2502 2633 anno
2523 2579 2819 2650 apparebit
2839 2595 2997 2634 omne
3019 2580 3388 2636 masculinum
3406 2588 3562 2637 tuum
3581 2583 3643 2637 in
3671 2595 3796 2636 con-

2138 2676 2326 2737 spectu
2352 2668 2574 2723 Domini
2612 2667 2714 2724 Dei
2767 2667 2859 2739 tui
2902 2668 3092 2740 (Exod.
3151 2686 3314 2737 χχιιι,
3364 2669 3475 2741 17),
3514 2670 3798 2726 subversa

2139 2754 2486 2821 Jerusalem,
2519 2760 2575 2811 et
2603 2756 2820 2828 templo
2854 2774 3041 2829 usque
3092 2758 3163 2813 ad
3213 2757 3437 2815 cineres
3462 2757 3797 2832 dissipato?

2141 2843 2249 2899 Ubi
2271 2843 2557 2901 salutares
2587 2848 2643 2900 et
2665 2861 2767 2916 pro
2793 2850 3025 2910 peccato
3051 2845 3254 2903 hostias
3275 2846 3303 2901 ‘i
3325 2845 3435 2903 Ubi
3456 2848 3529 2903 ad
3556 2846 3801 2904 simula-

2141 2949 2306 2988 crum
2337 2933 2659 2990 coelestium
2701 2933 2983 3007 siderum,
3032 2935 3509 2992 holocaustorum
3541 2942 3796 2993 aeternus

2142 3020 2315 3094 ignis,
2350 3022 2519 3077 altari
2567 3021 2806 3077 omnino
2856 3024 3204 3079 destructo?
3250 3024 3448 3081 Noxiis
3486 3040 3621 3080 vero
3666 3040 3794 3099 quas

377 3202 442 3260 Si
472 3177 628 3261 enim
659 3205 795 3260 data
823 3210 979 3261 esset
1007 3177 1099 3261 lex
1129 3177 1257 3277 quae
1298 3208 1496 3277 posset
1525 3206 1798 3275 praestare
1827 3202 2028 3269 vitam,
2140 3177 2351 3257 malum
2379 3177 2444 3255 de
2473 3200 2648 3257 medio
2670 3177 2910 3257 vestrum
2940 3177 3122 3273 (Deut.
3144 3220 3269 3271 xm,
3301 3204 3377 3275 5),
3410 3177 3797 3261 servientibus

375 3297 439 3349 et
466 3292 525 3348 id
558 3293 711 3367 quod
744 3294 1121 3365 repromissio
1143 3294 1535 3367 spoponderat
1559 3292 1848 3361 exhibere,
1881 3307 2033 3347 vere-
2062 3278 2104 3344 C
2141 3290 2173 3346 J
2181 3290 2379 3358 adesis,
2414 3294 2471 3345 et
2501 3290 2781 3346 Romanis
2801 3292 3233 3364 regnantibus?
3254 3297 3445 3365 Atque
3474 3292 3558 3349 ita
3587 3293 3706 3362 fiet,
3731 3296 3797 3349 ut

375 3381 695 3455 promissio
722 3398 824 3455 per
853 3382 1041 3455 legem
1094 3386 1397 3455 putaretur
1442 3381 1696 3438 exclusa.
1729 3381 1895 3443 Nunc
1929 3397 2032 3436 au-

373 3475 498 3527 tem
529 3474 767 3543 propter
787 3470 1306 3543 transgressiones,
1331 3475 1396 3526 ut
1424 3487 1604 3542 supra
1630 3470 1907 3539 diximus,
1931 3485 2033 3542 po-

374 3561 514 3627 sita,
540 3559 730 3633 magis
753 3559 949 3633 arguit
965 3576 1064 3615 eos
1088 3563 1441 3632 peccatores,
1460 3559 1683 3631 quibus
1702 3563 1830 3630 post
1846 3573 2037 3630 repro-

374 3650 723 3706 missionem
758 3650 818 3705 in
841 3650 1194 3716 custodiam,
1222 3653 1297 3717 et,
1323 3654 1385 3705 ut
1406 3649 1490 3704 ita
1519 3648 1733 3721 dicam,
1756 3648 1815 3703 in
1848 3664 2036 3703 carce-
2106 3710 2109 3715 ἱ

375 3756 503 3796 rem
533 3740 671 3795 data
728 3743 835 3807 est,
884 3743 951 3794 ut
1005 3739 1146 3810 quia
1183 3738 1410 3794 arbitrii
1472 3737 1800 3793 libertatem
1832 3736 2034 3793 nolue-

367 3834 514 3885 rant
543 3828 883 3885 innocentes
931 3832 1267 3901 exspectare
1315 3827 1696 3900 promissum,
1747 3826 2033 3900 legalibus

375 3916 632 3974 vinculis
658 3916 961 3992 praepediti
992 3919 1035 3986 ί,
1067 3921 1123 3973 et
1150 3916 1209 3972 in
1247 3916 1587 3973 servitutem
1621 3917 2033 3973 mandatorum

380 4007 624 4080 redacti,
701 4006 1110 4063 custodierunt
1184 4006 1244 4062 in
1321 4007 1637 4062 adventum
1706 4006 1916 4061 futuras
1973 4005 2035 4061 in

381 4096 611 4155 Christo
642 4096 799 4168 fidei,
843 4113 969 4169 quas
1027 4096 1205 4187 finem
1262 4094 1737 4169 repromissionis
1782 4095 2031 4151 all‘erret.

382 4184 501 4241 Nec
532 4201 664 4242 vero
713 4184 1132 4241 aestimandum
1173 4185 1537 4258 Scripturam
1581 4190 1880 4241 auctorem
1909 4199 2037 4241 esse

384 4274 629 4347 peccati,
657 4274 796 4346 quia
825 4274 1022 4331 omnia
1049 4275 1159 4330 sub
1204 4278 1438 4347 peccato
1487 4274 1847 4331 conclusisse
1876 4273 2036 4329 dica-

384 4368 503 4420 tur.
530 4378 664 4419 cum
687 4363 1031 4420 mandatum
1053 4363 1209 4436 quod
1235 4380 1303 4419 ex
1315 4363 1451 4434 jure
1471 4362 1827 4435 praecipitur,
1850 4367 2038 4418 osten-

320 4496 329 4499 ι
382 4453 486 4510 dat
500 4453 696 4526 potius
717 4458 1040 4526 arguatque
1073 4457 1306 4525 peccatu
1317 4469 1396 4523 ιιι,
1420 4468 1598 4523 quam
1616 4453 1692 4508 sit
1713 4469 1892 4509 causa
1912 4468 2039 4524 pee-

382 4543 519 4610 cati,
552 4544 853 4608 Quomodo
878 4549 935 4599 et
955 4543 1139 4614 judex
1161 4558 1277 4599 non
1308 4546 1398 4597 est
1426 4546 1630 4597 auctor
1658 4541 1915 4608 sceleris,
1946 4557 2039 4597 ne-

384 4648 562 4707 quam
588 4632 858 4689 homines
888 4632 1193 4688 vinciendo
1217 4649 1232 4688 :
1265 4631 1364 4687 sed
1389 4629 1683 4687 concludit
1703 4646 1822 4698 eos,
1846 4634 1903 4686 et
1933 4647 2038 4687 no-
2070 4654 2114 4719 ι)

318 4782 323 4786 ,
384 4726 584 4779 centes
614 4722 916 4779 sententiae
939 4738 1060 4778 sua;
1091 4721 1437 4778 auctoritate
1462 4719 1821 4793 pronuntiat,
1852 4723 1918 4775 ut
1946 4720 2040 4776 de-

385 4810 543 4867 bitos
574 4827 756 4882 pmnae
785 4811 1152 4885 indulgentia
1192 4815 1396 4884 postea
1426 4810 1475 4866 si
1516 4809 1786 4877 voluerit,
1821 4809 2035 4883 princi-

388 4899 542 4974 palis
575 4899 856 4957 absolvat.
961 4922 968 4929 ο
1483 4960 1490 4966 ,

460 4990 645 5062 (Vers.
706 4991 921 5065 24-26.)
954 5014 984 5043 (ς
1041 4993 1241 5065 Itaque
1297 4990 1389 5047 lex
1448 4991 1800 5063 paedagogus
1843 4994 2043 5047 noster

387 5079 588 5137 fuitin
620 5080 850 5138 Christo
881 5076 1020 5149 ’,ἰή
1064 5098 1133 5138 ex
1172 5082 1286 5138 ﬁde
1327 5080 1815 5153 justiﬁcaremur.
1853 5079 2041 5136 Atubi

385 5170 548 5225 venit
576 5170 743 5238 ﬁdes,
768 5171 898 5242 jam
930 5188 1045 5228 non
1076 5171 1187 5227 sub
1219 5171 1532 5243 padagogo
1564 5185 1796 5225 sumus.
1828 5169 2042 5225 Omnes

387 5259 548 5317 enim
579 5258 686 5315 filii
716 5260 815 5318 Dei
850 5262 993 5318 estis
1048 5277 1151 5334 per
1210 5260 1407 5316 ﬁdem.
1439 5276 1563 5330 quas
1594 5264 1685 5314 est
1716 5260 1776 5313 in
1810 5257 2043 5322 Christo

384 5348 550 5406 Jesu.
586 5372 615 5400 »
663 5349 1024 5423 stdagogus
1072 5348 1332 5423 parvulis
1377 5347 1731 5421 assignatur,
1770 5352 1837 5403 ut
1866 5346 2042 5403 lasci-

463 5534 658 5604 §Hucg
696 5528 1039 5604 referendus
1096 5530 1545 5604 Chrysostomus
1594 5526 1798 5585 homil.
1861 5529 1928 5604 10
1962 5528 2045 5604 ⁸ἱιι

310 5636 317 5639 -
386 5602 556 5674 epist.
591 5601 665 5658 ad
693 5601 1010 5675 Romanos,
1063 5602 1163 5675 ubi
1192 5600 1420 5675 idcirco
1467 5601 1656 5675 legem
1703 5601 1915 5675 asserit
1944 5600 2045 5675 da-

386 5672 531 5740 tam,
568 5672 848 5746 utmulto
881 5673 1329 5730 acriusJudaeos
1350 5672 1698 5746 spontejam
1730 5672 2047 5746 illiberales

374 5756 455 5812 ac
482 5744 802 5804 dissolutos
834 5750 1206 5829 coargueret.
1246 5744 1547 5804 Vide‘ndus
1575 5744 1634 5803 et
1670 5744 1728 5802 S.
1760 5744 2043 5819 Augusti-

672 5854 942 5943 Ρλτιιοιι.
988 5836 1207 5951 XXVI.

2142 3396 2249 3435 nec
2278 3379 2389 3435 sub
2420 3383 2605 3451 patre,
2638 3396 2743 3435 nec
2792 3380 2902 3435 sub
2944 3381 3258 3454 paedagogo
3304 3382 3534 3438 vivant:
3570 3381 3712 3438 dum
3737 3385 3798 3438 et

2144 3468 2235 3524 lex
2263 3467 2494 3540 impleri
2527 3484 2642 3524 non
2683 3474 2874 3541 potest
2904 3474 3038 3542 post
3086 3470 3518 3527 successionem
3551 3470 3710 3539 ﬁdei,
3742 3474 3801 3526 et

2145 3558 2289 3614 ﬁdes
2317 3558 2460 3612 dum
2500 3558 2817 3631 paedagoga
2845 3557 2937 3614 lex
2957 3558 3280 3632 appetitur,
3322 3575 3438 3616 non
3468 3564 3723 3616 tenetur.

2216 3647 2381 3719 (Vers
2407 3647 2499 3714 27,
2529 3648 2645 3720 28.)
2679 3669 2708 3697 «
2730 3647 3072 3721 Quicunque
3093 3648 3252 3704 enim
3275 3648 3335 3704 in
3356 3648 3584 3725 Christo
3610 3649 3802 3722 bapti-

2144 3736 2254 3793 zati
2282 3736 2443 3804 estis,
2475 3735 2770 3793 Christum
2803 3737 3100 3793 induistis.
3133 3737 3259 3793 Non
3289 3742 3379 3795 est
3404 3738 3669 3810 Judaeus,
3700 3754 3802 3796 ne-

2146 3842 2258 3899 que
2289 3826 2542 3883 Graecus.
2577 3827 2704 3883 Non
2735 3830 2825 3884 est
2855 3843 3081 3893 servus,
3115 3844 3304 3900 neque
3351 3827 3518 3885 liber.
3551 3828 3679 3886 Non
3709 3831 3802 3885 est

2147 3916 2465 3983 masculus,
2499 3932 2687 3989 neque
2734 3915 2968 3972 femina.
3021 3915 3236 3973 Omnes
3267 3917 3426 3973 enim
3476 3934 3580 3975 vos
3610 3930 3814 3976 unum'

2145 4005 2286 4061 estis
2317 4006 2375 4059 in
2399 4005 2627 4061 Christo
2647 4009 2808 4062 Jesu.
2839 4028 2868 4055 »
2897 4006 3197 4072 Quomodo
3224 4004 3328 4061 ﬁlii
3351 4006 3452 4063 Dei
3473 4023 3578 4079 per
3596 4008 3797 4075 ﬁdem,

2147 4111 2271 4165 quas
2288 4098 2378 4148 est
2398 4093 2456 4148 in
2480 4094 2711 4150 Christo
2732 4094 2893 4163 Jesu,
2918 4110 3252 4162 nuscamur,
3278 4095 3534 4150 ostendit
3553 4097 3758 4153 dicens
3780 4112 3795 4152 :

2145 4184 2470 4255 Quicunque
2494 4183 2645 4237 enim
2667 4183 2729 4237 in
2761 4181 2972 4237 Christo
3028 4181 3293 4253 baptizati
3329 4184 3478 4252 estis,
3522 4183 3799 4240 Christum

2147 4271 2432 4327 induistis.
2458 4272 2620 4338 Quod
2640 4274 2835 4327 autem
2854 4270 3121 4326 Christus
3144 4272 3222 4325 sit
3240 4271 3799 4344 indumentum,non

2147 4361 2340 4418 solum
2374 4361 2443 4417 de
2475 4361 2747 4433 praesenti
2779 4359 2924 4427 loco,
2955 4375 3153 4416 verum
3188 4359 3360 4416 etiam
3396 4359 3465 4416 de
3496 4359 3608 4417 alio
3638 4377 3801 4418 com-

2148 4451 2449 4523 probatur,
2512 4450 2688 4505 Paulo
2745 4450 2948 4506 eodem
3006 4449 3384 4530 cohortante:
3446 4449 3659 4508 Induite
3711 4466 3805 4509 vos

2134 4540 2441 4595 Dominum
2467 4540 2652 4595 Iesum
2702 4539 2975 4595 Christum
3005 4540 3178 4611 (Rom.
3227 4554 3356 4596 xm.
3388 4541 3498 4613 14).
3531 4539 3593 4597 Si
3622 4540 3806 4614 igitur

2147 4626 2248 4701 qui
2279 4628 2338 4683 in
2372 4628 2601 4684 Christo
2633 4627 2909 4701 baptizati
2939 4633 3097 4697 sunt,
3131 4628 3429 4686 Christum
3457 4629 3802 4702 induerunt,

2149 4717 2529 4773 manifestum
2564 4722 2653 4773 est
2681 4732 2780 4773 eos
2811 4717 2912 4790 qui
2942 4735 3058 4774 non
3091 4722 3231 4774 sunt
3259 4718 3448 4775 induti
3480 4719 3804 4788 Christum,

2150 4825 2263 4863 non
2297 4806 2477 4863 fuisse
2507 4806 2830 4879 baptizatos
2861 4807 2921 4861 in
2952 4807 3201 4865 Christo.
3248 4810 3338 4864 Ad
3383 4824 3482 4866 eos
3512 4810 3670 4865 enim
3703 4809 3809 4883 qui

2150 4896 2353 4953 ﬁdeles
2381 4901 2438 4952 et
2484 4896 2779 4969 baptisma
2819 4897 3037 4953 Christi
3085 4899 3381 4955 consecuti
3420 4900 3803 4973 putabantur,

2151 4987 2372 5043 dictum
2403 4990 2526 5043 est:
2562 4986 2778 5042 Induite
2822 5002 2919 5043 vos
2958 4990 3255 5044 Dominum
3292 4991 3478 5046 Iesum
3509 4989 3804 5047 Christum.

2154 5076 2214 5133 Si
2245 5077 2380 5148 quis
2411 5076 2520 5132 hoc
2553 5093 2897 5149 corporeum
2929 5081 2986 5134 et
3016 5079 3171 5150 quod
3200 5078 3387 5136 oculis
3424 5078 3616 5136 carnis
3647 5078 3805 5151 aspi-

2136 5166 2327 5235 citur,
2358 5184 2522 5239 aquaa
2555 5171 2788 5222 tantum
2834 5167 3045 5241 accipit
3098 5167 3416 5235 lavacrum,
3448 5184 3564 5225 non
3595 5171 3684 5223 est
3711 5167 3809 5223 in-

2155 5256 2334 5312 dutus
2367 5255 2683 5311 Dominum
2708 5255 2913 5313 Jesum
2962 5256 3279 5314 Christum.
3330 5256 3477 5312 Nam
3515 5260 3573 5311 et
3602 5255 3808 5312 Simon

2150 5344 2249 5402 ille
2299 5346 2370 5401 de
2422 5345 2668 5402 Actibus
2714 5344 3111 5419 apostolorum
3158 5348 3462 5418 acceperat
3505 5343 3807 5404 lavacrum

2155 5543 2271 5582 nus
2299 5525 2402 5581 lib.
2435 5543 2477 5581 ιι
2506 5530 2697 5582 contra
2723 5526 3037 5582 lulianum.

2226 5600 2247 5632 ²
2278 5597 2734 5672 ΑάᾴἰιΡειιίιιὶιι.
2788 5614 2899 5672 ms.
2963 5610 3174 5651 nomen
3230 5595 3381 5654 Jesu.
3429 5596 3577 5655 Tum
3610 5596 3814 5672 iustiﬁ-

2155 5685 2346 5727 cemur
2374 5671 2533 5744 legit,
2568 5686 2670 5742 pro
2690 5669 3144 5743 justi/icaremur.

3136 5820 3161 5857 Er

3419 5871 3490 5945 i3
