4332 6604
473 478 585 538 393

1718 471 1780 527 S.
1827 469 2138 531 EUSEBII
2187 467 2628 529 HIERONYMI

3767 470 3884 529 396

472 622 634 680 aqua
666 605 801 677 (Act.
825 621 947 672 vm,
981 603 1070 675 13)
1099 620 1113 660 :
1145 618 1345 658 verum
1371 601 1510 673 quia
1536 605 1806 656 sanctum
1827 601 2113 672 Spiritum
2145 603 2198 669 Α
2229 604 2488 672 tempore
2519 600 2700 656 haeres
2749 599 3028 673 parvulus
3066 602 3175 665 est,
3229 598 3372 654 nihil
3407 599 3602 656 diﬁ‘ert
3631 617 3665 656 a
3695 617 3883 674 servo,

471 711 585 751 non
616 694 885 762 habebat,
921 693 1164 748 indutus
1205 708 1319 746 non
1375 695 1498 745 erat
1551 689 1868 744 Christum.
1903 690 1972 743 Et
2001 689 2118 742 has-

471 783 637 840 retici
683 781 771 838 vel
814 781 1144 855 hypocriten,
1195 784 1252 835 et
1297 779 1354 833 hi
1405 778 1504 849 qui
1553 777 1788 833 sordide
1829 776 2117 845 victitant,

471 867 622 931 445
656 871 928 927 videntur
983 869 1221 942 quidem
1271 869 1529 940 accipere
1585 865 1968 938 baptismum,
2017 866 2117 921 sed

472 963 668 1019 nescio
725 978 800 1016 an
853 960 1070 1016 Christi
1128 959 1378 1014 habeant
1432 957 1866 1011 indumentum.
1923 956 2119 1025 Itaque

475 1049 912 1112 consideremus
969 1065 1038 1103 ne
1069 1048 1212 1102 forte
1269 1046 1408 1102 etin
1468 1044 1636 1100 nobis
1667 1043 1882 1114 aliquis
1914 1043 2116 1114 depre-

475 1135 787 1206 hendatur,
817 1138 917 1210 qui
949 1153 1016 1192 ex
1041 1153 1107 1192 eo
1146 1135 1299 1206 quod
1331 1134 1544 1189 Christi
1593 1149 1708 1187 non
1738 1132 1916 1187 habet
1944 1131 2116 1185 indu-

477 1231 762 1296 mentum,
794 1231 1074 1299 arguatur
1103 1241 1218 1280 non
1250 1223 1578 1295 baptizatus
1604 1222 1663 1276 in
1695 1220 1942 1276 Christo.
1975 1222 2116 1274 Cum

477 1321 671 1374 autem
703 1316 838 1388 quis
867 1313 1047 1372 semel
1077 1313 1373 1368 Christum
1395 1311 1641 1366 indutus
1668 1309 1861 1378 fuerit,
1894 1315 1951 1365 et
1985 1310 2121 1364 mis-

477 1423 579 1462 sus
609 1407 668 1463 in
696 1406 1018 1472 ﬂammam,
1053 1401 1306 1475 Spiritus
1337 1402 1521 1457 sancti
1557 1401 1764 1456 ardore
1793 1397 2117 1468 canduerit,

477 1510 593 1552 non
622 1491 991 1564 intelligitur,
1024 1507 1234 1546 aurum
1266 1489 1342 1545 sit
1371 1507 1442 1544 an
1467 1493 1796 1560 argentum.
1831 1485 2120 1551 Quamdiu

475 1582 631 1640 calor
660 1597 918 1638 massam
951 1581 1035 1636 sic
1062 1579 1344 1652 possidet,
1394 1595 1550 1634 unus
1579 1577 1789 1649 igneus
1825 1575 1982 1632 color
2011 1580 2119 1641 est,

473 1681 528 1728 et
557 1671 751 1729 omnis
781 1670 1092 1726 diversitas
1142 1667 1390 1740 generis,
1442 1665 1798 1721 conditionis
1828 1669 1884 1720 et
1914 1680 2118 1736 corpo-

475 1777 607 1818 rum
639 1761 902 1818 aufertur
930 1756 1265 1814 istiusmodi
1298 1755 1668 1812 vestimento.
1701 1758 1820 1809 Non
1851 1762 1934 1809 est
1964 1753 2120 1808 enim

473 1849 726 1916 Iudaeus,
753 1845 930 1920 neque
987 1847 1220 1902 Graecus.
1274 1846 1382 1900 Pro
1435 1845 1628 1900 Grazco
1657 1843 1933 1915 gentilem
1967 1842 2121 1898 acci-

476 1930 612 2012 pere
641 1939 924 1994 debemus
955 1938 995 2006 ¹,
1027 1935 1164 2008 quia
1192 1931 1430 2003 Ἕλλην,
1462 1939 1518 1989 et
1547 1934 1810 1988 Granum
1841 1937 1897 1987 et
1925 1931 2120 1986 Ethni-
2152 1976 2198 2040 Β

477 2044 614 2084 cum
647 2032 963 2098 utrumque
995 2025 1304 2097 signiﬁcat.
1343 2023 1457 2079 Nec
1486 2022 1724 2078 Judaeus
1756 2020 1969 2076 idcirco
2003 2036 2119 2075 me-

475 2117 596 2173 lior.
641 2121 730 2173 est
757 2116 897 2188 quia
954 2113 1336 2170 circumcisus
1392 2117 1503 2174 est.
1563 2127 1668 2166 nec
1725 2110 1962 2182 gentilis
1991 2110 2120 2165 ideo

479 2206 728 2262 deterior
754 2205 893 2276 quia
922 2203 1275 2276 praeputium
1308 2202 1482 2256 habet
1509 2219 1522 2268 ;
1575 2201 1674 2256 sed
1708 2217 1810 2271 pro
1843 2198 2121 2271 qualitate

477 2296 634 2368 ﬁdei,
665 2293 753 2350 vel
782 2293 1022 2350 Judmus
1050 2291 1138 2348 vel
1165 2292 1398 2347 Graecus
1447 2289 1673 2355 melior,
1722 2289 1841 2343 sive
1872 2288 2124 2344 deterior

478 2389 588 2442 est.
621 2383 816 2441 Servus
858 2397 1091 2454 quoque
1137 2385 1189 2436 et
1219 2380 1377 2450 liber,
1426 2394 1541 2434 non
1593 2378 1924 2433 conditione
1954 2393 2119 2448 sepa-

479 2479 705 2544 rantur,
737 2472 835 2529 sed
869 2471 1005 2540 ﬁde,
1039 2469 1176 2543 quia
1227 2472 1418 2541 potest
1446 2473 1502 2523 et
1550 2484 1752 2523 servus
1782 2466 1963 2522 libero
1994 2482 2122 2522 esse

480 2563 705 2631 melior,
739 2567 796 2618 et
824 2560 972 2617 liber
1001 2575 1232 2615 servum
1282 2558 1341 2613 in
1392 2556 1526 2612 ﬁdei
1559 2556 1839 2628 qualitate
1879 2572 2121 2626 praever-

477 2657 618 2710 tere.
648 2650 920 2708 Masculus
969 2648 1240 2705 similiter
1297 2651 1352 2702 et
1405 2648 1636 2718 femina,
1697 2645 2035 2701 fortitudine
2068 2649 2125 2699 et

476 2739 887 2798 imbecellitate
917 2753 1226 2810 corporum
1256 2739 1621 2808 separantur.
1665 2738 1944 2789 Cmterum
1979 2734 2123 2788 ﬁdes

475 2848 580 2904 pro
611 2828 826 2887 mentis
857 2829 1160 2884 devotione
1207 2830 1495 2891 censetur,
1547 2830 1603 2879 et
1649 2841 1800 2895 saepe
1837 2824 2028 2879 evenit
2056 2828 2124 2878 ut

476 2925 535 2976 et
563 2919 776 2976 mulier
804 2918 925 2973 viro
970 2933 1149 2972 causa
1196 2914 1406 2971 salutis
1455 2916 1577 2980 ﬁat,
1619 2919 1676 2968 et
1704 2912 2008 2968 mulierem
2039 2913 2126 2966 vir

477 3009 540 3064 in
570 3008 850 3080 religione
880 3005 1186 3077 praecedat.
1237 3005 1381 3059 Cum
1425 3009 1622 3058 autem
1672 3004 1756 3057 ita
1785 3019 1846 3058 se
1896 3019 1988 3057 res
2020 3002 2122 3057 ha-

478 3100 632 3168 beat,
655 3101 721 3152 .et
749 3101 871 3152 tota
897 3093 1202 3150 diversitas
1245 3093 1496 3165 generis,
1532 3091 1881 3147 conditionis
1911 3097 1968 3147 et
1998 3109 2122 3146 cor-

479 3203 712 3260 porum,
744 3183 958 3240 Christi
989 3181 1360 3254 baptismate,
1383 3186 1439 3237 et
1469 3181 1811 3236 indumento
1837 3179 1996 3235 illius
2027 3197 2126 3236 au-

479 3278 719 3343 feratur,
752 3290 956 3330 omnes
1011 3287 1197 3328 unum
1230 3287 1435 3326 sumus
1494 3271 1550 3325 in
1584 3271 1811 3326 Christo
1853 3272 2025 3325 Jesu:
2060 3274 2125 3325 ut

2229 706 2362 745 cum
2395 691 2472 746 sit
2505 689 2788 745 Dominus
2810 689 3096 755 omnium,
3127 689 3227 743 sed
3262 689 3374 744 sub
3397 689 3695 746 tutoribus
3722 697 3810 746 est
3830 696 3888 748 et

2229 780 2525 834 actoribus
2559 795 2744 850 usque
2776 780 2848 833 ad
2880 777 3233 850 praeﬁnitum
3274 781 3512 850 tempus
3566 796 3600 834 a
3628 779 3818 836 Patre.
3852 803 3880 832 ιι

2229 867 2420 922 Haeres
2479 867 2589 922 iste
2642 865 2937 938 parvulus,
3010 867 3109 938 qui
3171 866 3315 921 nihil
3375 866 3570 922 differt
3627 885 3661 924 a
3717 885 3883 926 servo

2230 972 2363 1010 cum
2397 956 2473 1011 sit
2504 955 2785 1011 Dominus
2841 955 3129 1023 omnium,
3190 956 3290 1012 sed
3331 957 3442 1011 sub
3499 957 3794 1013 tutoribus
3828 962 3885 1032 et

2230 1044 2522 1099 actoribus
2555 1051 2667 1110 est,
2697 1061 2884 1114 usque
2909 1045 2977 1099 ad
3005 1045 3358 1117 praeﬁnitum
3379 1050 3614 1128 tempus
3633 1064 3666 1103 a
3695 1053 3878 1120 patre,

2228 1138 2415 1189 totum
2440 1133 2765 1189 humanum
2788 1151 2972 1205 genus
3001 1150 3187 1206 usque
3209 1135 3280 1190 ad
3304 1135 3615 1191 adventum
3640 1135 3880 1203 Christi,

2229 1227 2304 1288 et,
2339 1227 2404 1277 ut
2434 1221 2690 1294 amplius
2713 1224 2930 1289 dicam,
2962 1240 3152 1295 usque
3178 1224 3248 1278 ad
3281 1224 3485 1280 mundi
3509 1240 3884 1282 consumma-

2228 1312 2444 1367 tionem
2477 1312 2790 1384 signiﬁcat.
2822 1313 3121 1376 Quomodo
3153 1313 3310 1369 enim
3357 1329 3563 1370 omnes
3592 1313 3653 1370 in
3686 1321 3881 1388 proto-

2231 1401 2419 1472 plasto
2449 1403 2656 1468 Adam,
2689 1402 2937 1457 necdum
2972 1403 3090 1457 nati
3144 1401 3515 1458 moriuntur:
3564 1403 3648 1460 ita
3673 1409 3730 1460 et
3758 1421 3882 1462 om-

2231 1506 2334 1546 nes
2363 1491 2538 1546 etiam
2590 1490 2672 1556 hi,
2733 1495 2868 1547 ante
2925 1491 3242 1546 adventum
3302 1491 3517 1548 Christi
3564 1493 3686 1549 nati
3725 1500 3883 1561 sunt,

2231 1580 2287 1634 in
2342 1581 2597 1635 secundo
2655 1581 2841 1635 Adam
2896 1581 3269 1636 viviﬁcantur
3325 1582 3372 1653 (Ι
3430 1581 3556 1637 Cor.
3615 1599 3707 1650 xv,
3767 1583 3880 1652 22).

2229 1670 2414 1740 Atque
2447 1669 2528 1723 ita
2558 1669 2642 1734 ﬁt,
2702 1673 2765 1724 ut
2791 1674 2847 1724 et
2902 1687 3009 1725 nos
3039 1669 3151 1742 legi
3204 1670 3580 1727 servierimus
3609 1671 3668 1729 in
3701 1673 3885 1744 patri-

2233 1759 2378 1812 bus:
2414 1763 2470 1812 et
2492 1756 2573 1812 illi
2605 1758 2796 1829 gratia
2815 1757 3116 1814 salventur
3146 1759 3203 1814 in
3227 1759 3387 1816 ﬁliis.
3415 1761 3527 1817 lete
3549 1760 3883 1817 intellectus

2231 1846 2495 1902 Ecclesiae
2551 1846 2850 1902 catholicae
2909 1848 3200 1917 convenit,
3261 1866 3387 1922 quas
3445 1853 3502 1906 et
3559 1851 3768 1906 veteris
3825 1855 3885 1908 et

2231 1936 2363 1991 novi
2394 1937 2752 1992 Testamenti
2804 1953 2984 1991 unam
3027 1937 3238 1994 asserit
3280 1937 3742 2009 providentiam:
3777 1955 3883 1996 nec

2231 2024 2542 2097 distinguit
2595 2025 2654 2080 in
2714 2031 2995 2097 tempore,
3048 2043 3194 2098 quos
3245 2026 3574 2084 conditione
3619 2028 3879 2086 sociavit.

2231 2113 2445 2168 Omnes
2476 2114 2742 2169 aediﬁcati
2797 2131 3005 2170 sumus
3034 2131 3211 2187 super
3257 2115 3712 2174 fundamentum
3741 2134 3881 2188 apo-

2231 2201 2511 2258 stolorum
2544 2208 2602 2258 et
2631 2203 3072 2274 prophetarum,
3114 2203 3447 2259 continente
3477 2222 3584 2262 nos
3614 2205 3885 2278 angulari

2231 2291 2424 2363 lapide
2451 2293 2588 2348 Jesu
2619 2292 2850 2348 Christo
2904 2295 3143 2348 Domino
3175 2297 3374 2350 nostro
3424 2295 3638 2367 (Ephes.
3673 2312 3736 2361 ιι,
3767 2296 3881 2368 20),

2232 2382 2330 2453 qui
2365 2382 2499 2437 fecit
2519 2387 2767 2453 utraque
2790 2399 2995 2450 unum,
3020 2387 3076 2438 et
3111 2383 3368 2439 medium
3409 2383 3690 2455 parietem
3713 2384 3884 2442 dissi-

2232 2487 2399 2542 pans,
2433 2469 2801 2526 inimicitiam
2859 2471 3166 2542 utriusque
3222 2471 3421 2544 populi
3476 2472 3538 2528 in
3573 2490 3682 2529 sua
3711 2491 3884 2534 carne

2233 2559 2520 2614 destruxit
2550 2559 2706 2630 (Ibid.
2746 2561 2852 2630 14),
2888 2563 2946 2615 et
2973 2560 3225 2630 antiquae
3260 2559 3400 2632 legis
3450 2561 3883 2632 difﬁcultatem,

2231 2648 2698 2721 evangelicorum
2723 2650 3063 2721 dogmatum
3094 2649 3425 2721 integritate
3450 2654 3716 2708 mutavit.
3739 2652 3883 2709 Vere

2232 2739 2290 2792 in
2322 2738 2549 2794 Christo
2576 2755 2778 2794 omnes
2810 2756 2963 2794 unus
2996 2738 3164 2810 panis
3202 2755 3410 2795 sumus
3451 2742 3496 2810 (Ι
3527 2742 3647 2796 Cor.
3680 2758 3734 2810 ι,
3769 2743 3879 2813 17.),

2233 2831 2290 2882 et
2321 2828 2436 2882 duo
2462 2828 2868 2884 consensimus
2897 2844 3073 2900 super
3104 2832 3318 2885 terram
3345 2830 3550 2900 (Matth.
3579 2847 3736 2901 xvm,
3771 2832 3879 2903 19).

2233 2921 2299 2972 Et
2328 2919 2617 2988 quomodo
2649 2935 2755 2974 nos
2806 2934 2984 2990 super
3012 2918 3325 2990 prophetas
3370 2919 3596 2976 fundati
3629 2937 3836 2978 sumus
3866 2938 3879 2978 :

2232 3006 2314 3061 ita
2343 3010 2398 3060 et
2423 3006 2764 3078 patriarchas
2816 3007 2874 3061 in
2923 3007 3321 3079 apostolorum
3374 3008 3716 3066 fundamine
3745 3027 3881 3076 con?

2233 3095 2524 3150 stiterunt.
2586 3096 2829 3150 Tutores
2887 3100 3081 3150 autem
3141 3100 3197 3151 et
3245 3102 3489 3163 actores,
3537 3107 3781 3169 possunt
3828 3103 3886 3156 et

2233 3185 2524 3254 prophetae
2557 3184 2761 3254 accipi,
2795 3200 3044 3254 quorum
3074 3185 3265 3240 verbis
3291 3185 3553 3256 quotidie
3585 3186 3644 3242 in
3675 3188 3886 3244 adven-

2232 3276 2358 3326 tum
2387 3272 2700 3329 Salvatoris
2723 3273 3167 3328 erudiebamur:
3195 3274 3345 3330 sicut
3365 3276 3679 3347 paedagoga
3701 3276 3883 3351 Moysi

480 3366 775 3448 quomodo
803 3367 974 3418 Pater
1003 3366 1058 3417 et
1105 3360 1282 3416 Filius
1309 3360 1368 3416 in
1421 3377 1482 3416 se
1529 3377 1712 3414 unum
1764 3363 1922 3427 sunt,
1957 3361 2038 3414 ita
2069 3364 2126 3415 et
2156 3345 2197 3412 C
2236 3360 2325 3416 lex
2354 3379 2531 3433 supra
2580 3363 2828 3418 disserta
2857 3367 2979 3429 est;
3022 3366 3078 3418 et
3130 3362 3322 3436 angeli
3367 3345 3748 3436 parvulorum
3781 3345 3883 3440 qui

487 3472 597 3512 nos
625 3455 685 3510 in
716 3453 861 3526 ipsis
892 3467 1076 3507 unum
1109 3451 1296 3505 simus
1327 3450 1508 3521 (Joan.
1540 3467 1678 3518 xvn,
1711 3450 1822 3520 22).

561 3546 748 3619 (Vers.
773 3537 888 3615 29.)
922 3563 949 3591 ‹‹
975 3541 1031 3597 Si
1062 3546 1260 3596 autem
1307 3557 1406 3595 vos
1439 3539 1674 3607 Christi,
1722 3556 1858 3612 ergo
1889 3540 2130 3596 Abrahae

487 3654 689 3696 semen
718 3634 882 3700 estis,
915 3631 1240 3688 secundum
1284 3629 1734 3701 promissionem
1773 3630 2056 3685 heredes.
2102 3652 2128 3678 ››

487 3727 636 3791 Quia
680 3720 1164 3796 repromissiones
1219 3720 1291 3775 ad
1353 3719 1642 3773 Abraham
1701 3723 1757 3773 et
1813 3720 1885 3773 ad
1929 3736 2127 3775 semen

485 3816 614 3888 ejus
645 3815 806 3869 facta:
832 3816 990 3879 sunt,
1047 3809 1202 3880 quod
1237 3811 1325 3863 est
1380 3807 1648 3862 Christus
1689 3807 1882 3877 Jesus,
1927 3825 2128 3866 conse-

483 3907 731 3978 quenter
760 3901 818 3956 hi
842 3899 942 3971 qui
964 3897 1177 3953 Christi
1207 3895 1333 3965 lilii,
1359 3897 1416 3950 id
1450 3902 1537 3952 est
1557 3912 1756 3950 semen
1783 3897 1930 3966 ejus,
1967 3900 2126 3963 sunt,

481 4010 683 4052 semen
715 4006 946 4064 quoque
983 3988 1260 4044 dicuntur
1300 3985 1613 4056 Abraham,
1665 3986 1834 4056 cujus
1867 3991 2007 4040 sunt
2036 4002 2126 4041 se-

469 4101 615 4140 ‘men
646 4099 714 4138 ex
768 4077 1010 4137 semine.
1067 4077 1282 4133 Verum
1335 4076 1797 4148 quotiescunque
1842 4075 2126 4131 Dominus

481 4178 680 4230 noster
708 4171 881 4229 Jesus
912 4186 1110 4226 semen
1150 4167 1388 4224 Abrahae
1422 4166 1776 4235 nominatur,
1810 4166 2123 4238 corporali-

478 4268 568 4320 ter
595 4261 967 4319 sentiendum
999 4264 1106 4326 est,
1140 4257 1295 4329 quod
1327 4274 1398 4311 ex
1427 4257 1556 4326 ejus
1586 4256 1766 4326 stirpe
1795 4259 2122 4325 generetur.

480 4352 716 4416 Quoties
745 4355 942 4406 autem
983 4364 1110 4414 nos,
1171 4346 1270 4417 qui
1320 4343 1638 4400 Salvatoris
1697 4359 1964 4398 sermone
1993 4359 2123 4398 sus-

481 4443 666 4513 cepto,
699 4438 1058 4496 credidimus
1101 4435 1159 4488 in
1208 4451 1364 4499 eum,
1397 4438 1454 4488 et
1501 4431 1861 4488 nobilitatem
1895 4433 2125 4502 generis

478 4528 744 4596 Abrahae,
768 4526 838 4582 ad
862 4543 1035 4597 quem
1060 4529 1149 4579 est
1177 4521 1488 4594 promissio
1510 4521 1682 4592 facta,
1715 4521 2119 4592 suscepimus:

479 4623 620 4673 tunc
651 4615 1030 4688 spiritualiter
1059 4628 1257 4668 semen
1302 4612 1434 4667 ﬁdei
1466 4615 1521 4665 et
1574 4610 1997 4683 praedicationis
2027 4629 2122 4672 ac~

2240 3451 2501 3522 quotidie
2530 3451 2729 3506 vident
2775 3452 2980 3507 faciem
3029 3451 3234 3522 Patris,
3286 3457 3343 3508 et
3373 3453 3748 3526 interpellant
3781 3473 3882 3528 pro

2239 3541 2342 3596 eis.
2378 3547 2453 3597 De
2483 3541 2699 3613 quibus
2748 3542 2971 3597 dictum
3000 3547 3128 3598 est:
3191 3543 3454 3598 Immittet
3483 3547 3632 3601 441
3669 3547 3886 3618 angelos

2237 3632 2458 3686 Domini
2488 3634 2543 3686 in
2575 3631 2806 3686 circuitu
2827 3632 3141 3687 timentium
3165 3648 3312 3698 eum,
3336 3640 3387 3688 et
3413 3636 3566 3689 eruet
3594 3651 3682 3691 eos
3711 3636 3881 3706 (Psal.

2237 3737 2432 3789 xxxm,
2464 3721 2538 3787 8).
2573 3720 2826 3775 Possunt
2873 3719 3119 3792 intelligi
3158 3725 3214 3776 et
3261 3723 3592 3779 sacerdotes
3637 3729 3693 3780 et
3724 3725 3882 3796 priu-

2236 3808 2528 3880 cipes,qui
2561 3814 2688 3863 tum
2713 3807 2924 3881 populo
2948 3809 3250 3881 dominati,
3276 3827 3431 3866 nunc
3461 3812 3705 3868 formam
3741 3830 3882 3885 prte-

2235 3897 2371 3952 bere
2402 3902 2730 3952 censentur.
2763 3898 2830 3952 Et
2879 3904 3028 3953 recte
3061 3899 3118 3953 hi
3171 3901 3279 3955 sub
3309 3901 3607 3957 tutoribus
3639 3907 3696 3959 et
3725 3907 3882 3960 acto.-

2237 3986 2398 4041 ribus
2421 4003 2547 4043 esse
2570 3986 2865 4055 dicuntur,
2890 3988 2990 4058 qui
3023 3987 3312 4044 habentes
3339 3988 3610 4061 spiritum
3642 3991 3890 4059 timoris,

2237 4076 2484 4130 necdum
2519 4092 2782 4132 meruere
2812 4077 3084 4148 spiritum
3135 4077 3422 4134 libertatis
3451 4083 3507 4133 et
3549 4080 3886 4152 adoptionis

2235 4165 2494 4237 accipere
2525 4167 2696 4236 (Rom.
2748 4183 2872 4234 vm,
2907 4168 3017 4234 15).
3079 4167 3235 4223 {Etas
3279 4168 3435 4224 enim
3493 4166 3750 4224 infantiae
3811 4170 3882 4228 ad

2234 4260 2468 4325 peccata
2500 4255 2790 4320 formidat,
2825 4255 3207 4328 paedagogum
3239 4255 3466 4321 metuit.
3501 4274 3613 4313 non
3647 4258 3889 4335 conﬁdit

2233 4360 2360 4399 esse
2392 4361 2453 4398 se
2482 4344 2752 4413 liberam,
2795 4343 2931 4400 licet
2962 4362 3064 4417 per
3110 4351 3379 4402 naturam
3417 4346 3656 4404 domina
3686 4349 3784 4404 sit.
3819 4352 3886 4404 Et

2232 4435 2555 4489 secundum
2590 4439 2900 4506 utramque
2932 4434 3377 4507 intelligentiam
3426 4453 3542 4506 qua
3571 4441 3792 4493 tutores
3825 4441 3885 4495 et

2232 4528 2475 4584 actores.
2508 4523 2594 4578 vel
2645 4523 2975 4595 prophetas,
3026 4522 3112 4578 vel
3163 4522 3402 4595 angelos
3442 4524 3717 4592 diximus,
3752 4542 3881 4597 par-

2232 4612 2402 4668 vulus
2433 4613 2540 4667 iste
2583 4612 2787 4667 tandiu
2820 4613 2929 4667 sub
2982 4612 3276 4667 actoribus
3325 4619 3418 4670 est
3463 4619 3640 4684 atque
3669 4614 3882 4670 tutori-

479 4705 670 4777 cipere
702 4705 1005 4760 debemus.
1052 4701 1270 4757 Deinde
1315 4701 1491 4756 etiam
1527 4703 1681 4756 4—16
1711 4700 1820 4756 hoc
1851 4701 2119 4757 conside-
2151 4723 2198 4787 D
2231 4701 2363 4766 bus,
2397 4701 2577 4757 donec
2607 4701 2934 4774 legitimum
2967 4701 3206 4770 perfecti
3254 4701 3360 4757 viri
3403 4707 3636 4794 tempus
3667 4703 3879 4776 imple-

478 4796 750 4861 randum,
780 4793 934 4864 quod
958 4792 1190 4862 quando
1213 4791 1284 4846 de
1307 4791 2120 4862 DominoloquiturzAbralur
2229 4791 2373 4846 verit
2423 4792 2641 4861 (Ephes.
2695 4808 2769 4858 1v,
2821 4793 2930 4859 13).
2983 4791 3336 4862 Legitimum
3390 4791 3588 4848 autem
3621 4796 3876 4865 tempus,

457 4888 658 4941 autem
685 4882 846 4939 dictae
897 4886 1025 4936 sunt
1077 4882 1462 4952 promissiones
1489 4889 1538 4936 et
1591 4881 1788 4936 semini
1833 4881 1975 4950 ejus,
2007 4880 2116 4937 hoc

471 4980 560 5030 est
588 4971 814 5028 Christo
843 4970 983 5026 Jesu
1040 4969 1523 5041 repromissiones
1572 4968 1874 5040 pluraliter
1914 4975 2111 5041 ponat.

2229 4879 2380 4935 sicut
2411 4878 2687 4934 Romanis
2730 4880 2979 4952 legibus,
3030 4880 3234 4951 viginti
3284 4880 3545 4952 quinque
3586 4898 3878 4938 annorum

2229 4969 2414 5039 spatio
2446 4969 2813 5045 terminatur,
2864 4970 2945 5025 ita
2988 4970 3059 5024 ad
3109 4969 3353 5026 humani
3399 4970 3627 5041 generis
3657 4973 3878 5041 perfec-

471 5064 714 5131 Quando
744 5077 875 5116 vero
909 5060 979 5115 de
1010 5059 1101 5115 his
1134 5059 1234 5131 qui
1273 5075 1374 5130 per
1418 5059 1713 5114 Christum
1745 5075 1942 5114 semen
1976 5065 2132 5116 sunt.
2229 5058 2446 5114 tionem
2477 5057 2690 5114 Christi
2740 5063 3044 5130 reputatur
3091 5059 3392 5115 adventus.
3445 5058 3655 5114 Statim
3687 5065 3753 5116 ut
3783 5059 3879 5117 ille

468 5153 736 5220 Abrahze,
764 5150 1140 5223 singulariter
1161 5148 1537 5220 repromissio
1559 5153 1947 5219 nuncupatur,
1974 5154 2036 5203 ut
2057 5150 2113 5204 in

471 5241 743 5316 praesenti
772 5240 897 5296 loco
927 5257 940 5295 :
974 5241 1120 5312 Ergo
1149 5237 1382 5293 Abrahae
1427 5254 1610 5293 semen
1641 5239 1785 5304 estis,
1817 5238 2117 5294 secundum

467 5334 885 5405 promissionem
916 5329 1176 5387 haeredes.
1212 5335 1428 5383 Decens
1460 5327 1672 5399 quippe
1708 5332 1830 5382 erat
1863 5333 1928 5382 ut
1957 5329 2112 5398 quod

469 5419 529 5475 in
561 5422 790 5477 Christo
843 5437 956 5476 uno
1006 5417 1309 5491 pluraliter
1355 5415 1676 5482 dicebatur,
1722 5416 1775 5470 id
1809 5433 1879 5470 en
1914 5415 2115 5473 multis

472 5507 810 5564 hominibus
841 5507 1216 5581 singulariter
1246 5511 1573 5578 poneretur.
1606 5506 1884 5576 Sequitur
1913 5523 1923 5559 :

543 5596 700 5668 (Cap.
733 5599 825 5652 IV.
858 5629 926 5637 —
957 5601 1119 5653 Vers.
1180 5597 1232 5668 1,
1276 5596 1354 5665 2.)
1387 5616 1413 5644 ‹‹
1477 5593 1612 5648 Dico
1643 5598 1858 5660 autem,
1894 5600 2111 5665 quanto

539 5739 555 5773 ¹
590 5739 683 5812 Sic
709 5738 935 5812 passim
962 5743 1184 5812 veteres
1205 5738 1532 5812 accipiunt:
1558 5754 1588 5793 e
1619 5736 1834 5812 quibus
1858 5741 2112 5812 utetec-

465 5807 858 5878 nlesiasti'cum
875 5811 1208 5885 quempiam
1232 5807 1528 5869 auctorem
1543 5807 1861 5882 nominem,
1880 5808 2111 5869 Chalce-

2226 5147 2464 5215 venerit,
2521 5153 2576 5204 et
2631 5165 2834 5204 omnes
2893 5149 2950 5202 in
3004 5148 3194 5204 virum
3253 5149 3877 5226 perfectum‘creveri-

2226 5254 2379 5308 mus,
2417 5239 2764 5309 paedagogus
2787 5255 2820 5293 a
2850 5238 3017 5293 nobis
3041 5243 3314 5310 tutorque
3345 5238 3676 5294 discedunt.
3711 5239 3878 5294 Tunc

2226 5329 2568 5384 auctoritate
2602 5328 2833 5383 Domini
2867 5333 2923 5381 et
2953 5328 3310 5385 hacreditatis
3347 5329 3719 5401 possessione
3751 5344 3879 5398 per-

2225 5419 2505 5481 l'ruemur,
2540 5417 2599 5471 in
2632 5433 2749 5488 qua
2795 5416 2957 5487 prius
2991 5419 3109 5472 nati
3159 5420 3596 5490 quodammodo
3629 5417 3874 5491 putaba-

2225 5524 2358 5562 mur
2387 5506 2588 5562 alieni.

2294 5595 2476 5666 (Vers.
2506 5595 2584 5663 3.)
2633 5595 2781 5649 «Ita
2829 5600 2886 5650 et
2937 5612 3063 5664 nos,
3115 5615 3249 5653 cum
3301 5615 3566 5655 essemus
3622 5597 3874 5669 parvuli,

2221 5719 2498 5777 donensis
2545 5718 2776 5775 concilii
2819 5724 3022 5778 Patres
3070 5719 3241 5797 ζΜῄτε
3283 5721 3566 5778 συνάπτειν
3609 5719 3743 5784 πσὸς
3775 5719 3875 5800 γά-

2225 5831 2322 5887 μον
2353 5805 2628 5888 αίρετικῴ,
2658 5808 2693 5881 ἢ
2727 5805 3002 5890 Ἵουδαίῳ,
3103 5811 3361 5886 Ἕλληνι,
3393 5816 3504 5871 etc.
