4332 6572
407 537 540 602 ¹39Ἰ

1075 540 1594 602 COMMENTAR.
1641 543 1719 601 IN
1774 545 2016 602 lil’lS'l‘.
2065 544 2166 600 AD
2215 543 2500 603 liALA'l‘.
2549 547 2697 604 LIB.
2748 548 2823 618 ll,
2873 552 3041 608 CAP.
3095 552 3196 610 IV.

3724 555 3844 612 398

429 673 538 730 sub
583 673 885 730 clementis
927 672 1104 745 hujus
1136 673 1344 728 mundi
1391 691 1626 729 eramus
1675 674 2012 730 servienteS.
2046 695 2072 723 »
2106 675 2159 740 Α
2194 673 2296 727 tim
2334 676 2720 746 procedamus
2749 679 2817 732 ad
2854 696 3178 746 summum,
3202 685 3258 736 et
3288 680 3640 753 recipiamus
3671 686 3842 758 adop-

429 761 722 832 Elementa
754 760 977 830 mundi,
1004 763 1240 818 eosdem
1268 779 1414 834 quos
1437 780 1617 835 supra
1651 769 1873 818 tutores
1904 767 1960 818 et
1989 779 2077 817 ac-

427 849 582 909 tores
625 851 870 921 dixerat,
905 850 1218 923 appellavit
1252 868 1263 905 :
1299 852 1452 921 quod
1486 852 1594 906 sub
1641 852 1788 924 ipsis
1819 853 2077 924 primum

424 939 770 1013 praesidibus
816 939 1143 1004 constituti,
1178 939 1318 1010 quia
1358 941 1607 995 necdum
1663 941 1760 996 Dei
1806 941 1933 996 Filii
1985 959 2078 996 ca-

423 1045 555 1102 pere
587 1029 656 1084 ad
693 1045 796 1084 nos
829 1033 1172 1101 poteramus
1207 1029 1542 1100 adventum,
1576 1030 1993 1084 erudiebamur
2022 1030 2081 1085 in

422 1116 631 1173 medio.
665 1117 944 1173 Nonnulli
979 1135 1078 1173 eos
1117 1133 1246 1172 esse
1294 1117 1532 1189 angelos
1567 1117 1949 1186 arbitrantur,
1983 1117 2083 1189 qui

421 1211 673 1280 quatuor
702 1205 908 1262 mundi
956 1206 1266 1262 elementis
1300 1205 1651 1278 prmsitleant
1685 1222 1696 1260 :
1733 1211 1896 1262 terra:
1926 1206 2080 1262 vide-

416 1295 574 1368 licet,
633 1313 820 1368 aqua,
874 1293 1018 1367 igni,
1070 1300 1129 1351 et
1187 1295 1305 1350 aeri
1349 1312 1362 1348 :
1410 1299 1465 1350 et
1528 1312 1764 1351 necesse
1821 1313 1972 1364 esse,
2025 1301 2088 1350 ut

418 1387 768 1460 priusquam
798 1383 931 1456 quis
965 1381 1161 1440 credat
1188 1383 1247 1438 in
1279 1383 1529 1453 Christo,
1555 1382 1673 1440 illis
1709 1385 1948 1441 arbitris
1979 1403 2090 1458 gu-

419 1476 712 1532 hernetur.
741 1471 1040 1529 Elementa
1077 1471 1280 1528 mundi
1329 1472 1538 1527 ccelum
1571 1477 1626 1528 et
1658 1475 1901 1545 terram,
1937 1481 1991 1530 et
2023 1493 2091 1532 ea

422 1583 548 1639 quae
599 1564 753 1620 intra
798 1563 921 1619 haec
959 1567 1120 1628 sunt,
1171 1561 1433 1634 plerique
1482 1561 1779 1635 appellata
1829 1568 2086 1636 putant;

419 1655 573 1727 quod
626 1651 894 1708 videlicet
942 1651 1148 1717 solem,
1192 1651 1418 1717 lunam,
1458 1651 1667 1719 maria,
1702 1652 1985 1708 silvarum
2033 1661 2090 1710 et

419 1742 716 1800 montium
767 1742 928 1808 deos,
975 1745 1033 1796 et
1085 1741 1381 1812 sapientes
1434 1740 1688 1812 Graeciae,
1718 1747 1774 1797 et
1824 1743 2089 1800 Barbarae

418 1829 706 1902 nationes,
731 1829 1126 1902 Romanique,
1150 1829 1419 1888 omnium
1452 1830 1938 1902 superstitionum
1965 1845 2092 1888 sen‘

416 1923 562 1992 tina,
596 1907 948 1976 venerentur
994 1935 1006 1974 :
1055 1917 1273 1990 quibus
1332 1935 1467 1974 cum
1519 1919 1792 1975 Christus
1843 1922 2068 1978 venerit

2188 762 2361 816 tionis
2397 763 2587 819 locum
2621 784 2796 837 quem
2831 769 3129 840 quondam
3161 770 3492 826 amisimus.

2259 852 2445 921 (Vcrs.
2483 855 2530 923 4,
2563 856 2642 927 5.)
2676 878 2703 905 ‹‹
2736 861 2810 909 At
2841 857 2938 911 ubi
2983 859 3141 912 venit
3189 859 3488 929 plenitudo
3533 862 3836 934 temporis,

2193 941 2352 995 misit
2373 942 2526 998 Deus
2552 944 2760 1000 Filium
2788 963 2963 1001 suum
2991 948 3207 1002 factum
3239 966 3307 1003 ex
3337 949 3598 1018 muliere,
3625 952 3842 1008 factum

2192 1030 2302 1084 sub
2332 1030 2456 1102 lege
2491 1049 2501 1087 :
2541 1037 2605 1087 ut
2639 1050 2736 1089 eos
2768 1036 2867 1106 qui
2899 1037 3009 1091 sub
3043 1034 3166 1109 lege
3196 1043 3381 1104 erant,
3411 1040 3739 1110 redimeret,
3777 1045 3845 1099 ut

2193 1119 2564 1190 adoptionem
2647 1123 2898 1180 filiorum
2975 1127 3385 1198 reciperemus.
3443 1152 3470 1177 ››
3527 1129 3845 1203 Diligenter

2195 1208 2475 1264 attendite
2507 1212 2658 1282 quod
2710 1230 2824 1268 non
2857 1214 3082 1285 dixerit,
3114 1218 3323 1286 factum
3352 1233 3452 1286 per
3498 1219 3794 1276 mulierem
3826 1239 3842 1277 :

2196 1297 2353 1366 quod
2401 1297 2653 1355 Marcion
2687 1306 2742 1356 et
2773 1306 2986 1357 cratera:
3038 1303 3286 1360 haereses
3316 1305 3542 1378 volunt,
3577 1325 3702 1380 quae
3735 1317 3844 1381 pu-

2199 1385 2437 1440 tativam
2475 1387 2686 1444 Christi
2717 1406 2952 1446 carnem
2998 1391 3279 1448 simulant
3307 1411 3324 1448 ι
3359 1396 3459 1450 sed
3491 1413 3560 1451 ex
3589 1398 3846 1468 muliere,

2198 1477 2262 1527 ut
2292 1491 2406 1530 non
2442 1493 2544 1547 per
2586 1476 2769 1548 illam,
2799 1480 2949 1535 449
2983 1481 3082 1536 sed
3116 1499 3183 1537 ex
3211 1481 3310 1538 illa
3362 1488 3535 1540 natus
3565 1501 3694 1542 esse
3725 1483 3848 1545 cre-

2199 1562 2390 1624 datur.
2414 1566 2575 1627 Quod
2607 1571 2803 1622 autem
2832 1573 3095 1624 sanctam
3127 1574 3184 1625 et
3215 1572 3443 1628 beatam
3466 1575 3710 1630 Matrem
3741 1575 3852 1633 Do-

2201 1651 2368 1719 mini,
2428 1654 2758 1722 mulierem,
2820 1675 2934 1712 non
2991 1658 3286 1730 Virginem
3345 1663 3692 1730 nominavit,
3740 1663 3850 1722 hec

2199 1741 2355 1795 idem
2387 1746 2438 1796 et
2480 1743 2539 1798 in
2579 1744 2888 1817 Evangelio
2935 1747 3072 1800 κατὰ
3119 1745 3384 1802 Ματθαῗόν
3432 1751 3712 1824 scriptum
3738 1758 3850 1826 est,

2200 1833 2436 1900 quando
2482 1850 2626 1888 uxor
2676 1834 3006 1906 appellatur
3053 1837 3269 1909 Josepb
3315 1839 3539 1910 (Matth.
3574 1858 3613 1908 ι,
3649 1843 3758 1915 19),
3789 1847 3853 1899 et

2201 1919 2273 1974 ab
2305 1921 2431 1993 ipso
2463 1923 2706 1978 Domino
2739 1924 2907 1996 quasi
2951 1925 3164 1981 mulier
3209 1927 3547 2000 increpatur
3576 1931 3752 2001 (Joan.
3785 1949 3846 2003 ιι,

415 2007 762 2078 liberamur,
797 2007 1190 2080 intelligentes
1221 2024 1287 2063 ea
1317 2012 1617 2064 creaturas
1648 2026 1799 2077 esse,
1836 2027 1952 2066 non
1987 1993 2088 2069 nu:
2118 2042 2166 2108 Β
2200 2009 2276 2080 4).
2309 2011 2434 2066 Non
2494 2011 2649 2067 enim
2711 1993 2945 2068 necesse
3002 2019 3126 2070 erat
3184 1993 3415 2088 semper
3462 1993 3630 2090 quasi
3683 1993 3851 2077 caute

421 2101 603 2156 mina.
638 2098 751 2154 Alii
800 2098 1090 2153 elementa
1122 2097 1349 2164 mundi,
1382 2097 1570 2168 legem
1620 2098 2086 2172 interpretantur

420 2189 604 2263 Moysi
663 2191 720 2244 et
771 2186 1002 2258 eloquia
1060 2186 1538 2259 prophetarum:
1588 2188 1744 2259 quod
1799 2205 1902 2260 per
1961 2188 2084 2244 haec

423 2279 590 2352 quasi
637 2276 807 2334 initia
853 2281 909 2334 et
955 2277 1192 2334 exordia
1240 2277 1594 2348 litterarum,
1639 2278 1741 2334 Dei
1787 2279 2082 2350 timorem,

422 2369 520 2441 qui
554 2366 854 2440 sapientiae
904 2366 1266 2440 principium
1311 2371 1419 2434 est,
1453 2367 1872 2438 suscipiamus.
1911 2368 2083 2424 Deni-

417 2475 532 2529 que
563 2455 636 2514 ad
669 2473 768 2512 eos
799 2456 899 2528 qui
934 2457 1061 2527 jam
1093 2456 1370 2511 deberent
1421 2473 1549 2511 esse
1600 2457 1869 2527 perfecti;
1903 2462 1958 2512 et
1988 2474 2080 2512 ve-

423 2546 594 2604 ritate
639 2545 922 2619 neglecta,
959 2545 1114 2600 448
1147 2544 1338 2600 adhuc
1373 2544 1819 2617 disciplinarum
1865 2546 2082 2618 princi-

419 2637 536 2710 piis
579 2633 970 2701 (inhaerebant,
1018 2633 1224 2706 scripit
1270 2632 1328 2688 in
1379 2633 1639 2704 Epistola
1691 2634 1761 2689 ad
1811 2635 2084 2691 Hebraeos

420 2723 733 2798 Apostolus
769 2740 781 2779 :
816 2724 1035 2778 Etenim
1064 2739 1190 2777 cum
1219 2721 1493 2778 deberetis
1528 2739 1642 2777 esse
1672 2725 1929 2794 magistri
1951 2741 2083 2796 pro-

421 2819 541 2888 pter
594 2825 831 2886 tempus,
884 2829 1108 2868 rursum
1155 2827 1369 2867 necesse
1416 2811 1622 2867 habetis
1671 2816 1733 2866 ut
1777 2813 2086 2869 doceamini

422 2920 548 2978 quae
584 2905 692 2958 sint
743 2903 1010 2957 elementa
1061 2902 1332 2972 principii
1377 2917 1694 2956 sermonum
1745 2903 1849 2956 Dei
1896 2904 2080 2973 (Hebr.

422 3012 478 3064 v,
512 2994 620 3065 12).
651 2993 691 3048 E
743 2991 1032 3047 contrario
1084 2991 1254 3046 nobis
1304 2990 1480 3060 objici
1540 2994 1749 3062 potest,
1804 2992 1958 3062 quod
2010 2992 2081 3046 ad

426 3084 799 3140 Colossenses
839 3080 1057 3135 Paulus
1106 3077 1408 3152 apostolus
1458 3079 1745 3144 scribens,
1796 3079 2084 3136 elementa

429 3170 632 3226 mundi
690 3170 804 3226 alia
859 3170 1261 3242 nuncuparit:
1312 3168 1518 3236 Videte,
1574 3169 1793 3238 dicens,
1845 3186 1914 3225 ne
1962 3173 2083 3241 quis

427 3277 516 3316 vos
544 3260 891 3331 depraedetur
933 3276 1036 3331 per
1080 3258 1508 3330 philosophiam,
1542 3262 1594 3313 et
1627 3261 1850 3314 inanem
1895 3259 2080 3331 decep-

429 3352 650 3416 tionem,
681 3349 978 3405 secundum
1021 3348 1375 3404 traditionem
1418 3350 1702 3402 hominum
1732 3367 1749 3401 :
1780 3349 2081 3404 secundum

2197 2104 2253 2154 et
2284 2099 2488 2154 timide
2520 2103 2819 2172 Virginem
2850 2103 3059 2174 dicere,
3088 2120 3220 2158 cum
3256 2105 3466 2160 mulier
3495 2123 3698 2163 sexum
3731 2117 3851 2165 ma-

2192 2189 2283 2261 gis
2332 2189 2624 2261 signiﬁcet
2673 2207 2850 2261 quam
2904 2191 3174 2263 copulam
3221 2193 3328 2248 viri
3366 2211 3377 2249 :
3412 2199 3470 2250 et
3520 2199 3848 2254 secundum

2193 2277 2639 2351 intelligentiam
2691 2280 3033 2352 Graecitatis,
3095 2283 3230 2355 γυνὴ
3293 2289 3415 2338 tam
3474 2302 3622 2340 uxor
3669 2304 3849 2359 quam

2195 2365 2407 2422 mulier
2451 2368 2638 2423 valeat
2683 2367 3074 2440 interpretari.
3108 2371 3215 2426 Sed
3267 2376 3331 2426 ut
3383 2379 3593 2430 cuncta
3641 2380 3850 2447 praete-

2195 2473 2401 2512 ream:
2440 2457 2733 2530 quomodo
2783 2459 2893 2512 sub
2941 2458 3066 2531 lege
3100 2460 3286 2516 factus
3334 2466 3442 2533 est,
3476 2467 3540 2518 ut
3587 2479 3685 2520 eos
3748 2465 3849 2538 qui

2193 2546 2304 2602 sub
2348 2545 2473 2618 lege
2523 2552 2710 2614 erant,
2745 2547 3060 2604 redimeret
3093 2565 3106 2605 :
3139 2550 3225 2604 sic
3277 2556 3514 2622 propter
3562 2551 3694 2608 illos
3745 2555 3847 2626 qui

2194 2637 2316 2689 nati
2375 2639 2540 2689 erant
2587 2650 2654 2690 ex
2703 2635 2967 2705 muliere,
3001 2653 3069 2691 ex
3126 2637 3372 2694 muliere
3425 2641 3586 2695 nasci
3642 2639 3847 2698 voluit.

2194 2723 2337 2778 Nam
2381 2728 2436 2778 et
2484 2723 2845 2794 baptismum
2907 2725 2966 2778 in
3024 2725 3300 2782 Jordanis
3359 2728 3576 2784 fluento
3632 2729 3850 2787 idcirco

2194 2811 2362 2882 quasi
2393 2813 2703 2882 paenitens,
2725 2829 2857 2867 cum
2882 2817 3035 2868 esset
3057 2831 3091 2869 a
3112 2816 3364 2886 peccatis
3390 2816 3556 2889 liber,
3581 2819 3804 2890 accepit
3830 2837 3846 2877 :

2194 2905 2258 2955 ut
2303 2905 2540 2955 caeteros
2590 2902 2856 2956 edoceret
2907 2904 3279 2959 mundandos
3327 2921 3456 2960 esse
3505 2923 3609 2978 per
3656 2907 3846 2980 bapti-

2193 3005 2410 3056 smum,
2444 2994 2500 3044 et
2530 2990 2588 3043 in
2639 2990 2792 3046 filios
2834 3008 2980 3045 nova
3010 2991 3261 3063 Spiritus
3312 2995 3622 3066 adoptione
3671 3011 3846 3069 gene-

2191 3078 2327 3133 rari.
2382 3078 2544 3142 Quod
2604 3095 2978 3149 nequaquam
3030 3081 3364 3153 intelligens
3420 3083 3680 3141 Joannes
3739 3086 3847 3142 Ba-

2191 3167 2389 3239 ptista,
2422 3184 2555 3222 eum
2588 3167 2656 3222 ad
2690 3167 2986 3224 lavacrum
3024 3170 3374 3242 prohibebat
3423 3174 3714 3245 accedere,
3751 3175 3845 3230 di-

2190 3273 2329 3312 cens
2363 3273 2375 3310 :
2409 3257 2516 3326 Ego
2547 3273 2580 3311 a
2622 3260 2676 3312 te
2719 3257 2880 3313 debeo
2929 3258 3205 3329 baptizari
3253 3261 3458 3331 (Matth.
3496 3279 3577 3332 ιιι,
3613 3263 3723 3335 14).
3773 3263 3845 3319 Et

2196 3346 2394 3400 statim
2454 3351 2886 3402 sacramentum
2941 3347 3046 3417 [Αἰ.
3099 3351 3487 3421 sacramento]
3535 3352 3778 3407 docetur
3828 3369 3842 3408 ε

428 3441 696 3496 elementa
725 3438 943 3504 mundi,
977 3439 1024 3491 et
1058 3453 1167 3492 non
1208 3436 1507 3492 secundum
1551 3437 1827 3492 Christum
1859 3438 2082 3508 (Coloss.
2115 3410 2159 3478 (ἶ
2197 3437 2328 3490 Sine
2366 3434 2568 3490 modo:
2599 3437 2676 3490 sic
2721 3437 2868 3490 enim
2923 3436 3068 3490 (tecet
3125 3453 3222 3492 nos
3279 3428 3586 3510 adimplere
3630 3456 3849 3496 omnem

431 3547 492 3594 ιι,
524 3529 600 3598 8).
635 3526 744 3581 Sed
775 3543 842 3581 ex
883 3543 959 3580 eo.
997 3525 1151 3597 quod
1205 3524 1452 3596 addidit,
1484 3525 1782 3580 secundum
1854 3527 2087 3584 raditio-

430 3635 558 3673 nem
589 3616 898 3686 hominum,
925 3618 976 3670 et
1008 3616 1232 3670 inanem
1259 3613 1648 3684 deceptionem,
1683 3615 1942 3670 ostendit
1974 3634 2089 3672 nun

433 3707 635 3762 eadem
671 3703 961 3760 elementa
999 3703 1068 3758 ad
1101 3703 1478 3758 Colossenses
1508 3707 1566 3758 et
1612 3703 1682 3757 ad
1716 3702 1950 3760 Galatas
1984 3723 2090 3760 no-

435 3793 665 3851 minari.
695 3793 784 3870 Ab
820 3792 911 3848 his
943 3791 1161 3864 quippe
1195 3791 1499 3846 elementis
1531 3797 1846 3864 pastquam
1875 3795 2093 3849 venerit

434 3883 717 3958 temporis
749 3881 1052 3956 plenitudo
1094 3879 1463 3945 redimimur,
1495 3885 1551 3936 et
1583 3881 1652 3936 ad
1703 3882 1925 3952 majora
1955 3900 2091 3955 gra-

429 3975 654 4030 dientes
705 3971 1083 4044 adoptionem
1138 3969 1458 4042 recipimus
1508 3969 1788 4026 ﬁliorum.
1840 3972 1924 4026 Al:
1975 3971 2094 4027 illis

428 4080 558 4118 vero
591 4060 737 4116 nihil
769 4059 886 4116 tale
934 4059 1152 4114 dicitur
1184 4059 1324 4130 quid
1360 4063 1642 4130 sequatur
1677 4077 1687 4114 :
1724 4059 1823 4115 sed
1865 4061 2092 4126 simpli-

431 4153 573 4214 citer
589 4152 881 4207 elementa
902 4166 1005 4222 pro
1024 4149 1243 4204 litteris
1266 4147 1656 4220 accipiuntur.
1675 4149 1869 4205 Potest
1889 4151 2091 4222 igitur,

435 4244 501 4294 ut
530 4237 814 4304 diximus,
843 4237 1022 4310 Moysi
1064 4236 1152 4292 lex
1188 4242 1246 4292 et
1294 4237 1587 4309 prophetae
1636 4254 1740 4308 pro
1787 4237 2094 4294 elementis

435 4327 617 4400 accipi
648 4327 998 4396 litterarum,
1021 4327 1178 4399 quod
1224 4342 1329 4399 per
1358 4342 1456 4381 eas
1488 4326 1722 4397 syllabae
1765 4328 2097 4400 jungantur

434 4423 490 4476 et
521 4417 779 4482 nomina,
811 4421 868 4472 et
901 4434 1017 4472 non
1066 4422 1188 4472 tam
1233 4415 1346 4487 sui,
1383 4432 1556 4488 quem
1589 4415 1832 4472 alterius
1862 4417 1943 4472 rei
1976 4417 2095 4472 uti-

433 4506 597 4563 litate
645 4506 953 4562 discantur
985 4523 997 4560 :
1034 4508 1095 4560 ut
1131 4504 1432 4578 possimus
1462 4506 1476 4538 ¹
1526 4504 1849 4560 orationem
1907 4505 2098 4577 legere

436 4601 793 4662 contextam,
820 4595 878 4650 in
913 4612 1029 4667 qua
1062 4611 1273 4650 sensus
1304 4593 1495 4665 magis
1527 4599 1581 4647 et
1613 4592 1754 4647 ordo
1783 4593 2093 4649 verborum

435 4703 614 4759 quam
671 4685 1006 4741 litterarum
1067 4683 1352 4756 principia
1409 4681 1877 4737 considerantur.
1929 4682 2091 4745 Quod

2190 3525 2469 3595 justitiam
2513 3523 2672 3593 (Ibid.
2707 3525 2814 3594 15),
2848 3541 2920 3579 ne
2968 3524 3068 3595 qui
3117 3525 3189 3579 ob
3235 3526 3546 3582 hominum
3597 3527 3849 3584 salutem

2200 3618 2456 3683 venerat,
2489 3612 2710 3682 aliquid
2745 3614 2814 3667 de
2837 3614 2856 3646 ²
2894 3614 3332 3669 conversatione
3366 3614 3677 3672 hominum
3707 3631 3852 3690 pra:-

2201 3703 2420 3758 teriret.
2469 3705 2698 3768 Quaerat
2747 3703 3064 3774 quispiam,
3117 3708 3172 3759 et
3220 3704 3419 3760 dicat:
3455 3706 3515 3761 Si
3565 3705 3695 3763 ideo
3745 3709 3856 3764 sub

2205 3793 2328 3864 lege
2359 3793 2546 3847 factus
2577 3797 2682 3858 est,
2715 3797 2779 3847 ut
2826 3809 2925 3848 eos
2957 3793 3056 3864 qui
3090 3793 3200 3849 sub
3231 3793 3356 3865 lege
3389 3801 3574 3863 erant,
3609 3797 3859 3854 redime-

2204 3887 2332 3936 ret:
2371 3883 2525 3953 quod
2566 3881 2832 3937 videlicet
2863 3883 3229 3954 impossibile
3279 3884 3452 3940 fuerit
3501 3885 3709 3942 redimi
3759 3902 3858 3944 eos

2204 3971 2303 4042 qui
2337 3975 2502 4025 erant
2531 3972 2640 4024 sub
2669 3970 2815 4043 lege,
2841 3971 2952 4026 nisi
2977 3974 3164 4027 factus
3189 3974 3394 4028 fuisset
3424 3974 3533 4044 ipsi
3557 3977 3668 4030 sub
3691 3975 3854 4047 lege:

2205 4064 2306 4114 aut
2336 4058 2462 4114 sine
2494 4058 2618 4130 lege
2651 4060 2837 4114 factus
2868 4064 2976 4127 est,
3013 4065 3077 4113 ut
3123 4061 3432 4117 redimeret
3461 4079 3582 4133 eos,
3611 4065 3711 4135 qui
3744 4065 3857 4120 sub

2203 4147 2329 4220 lege
2354 4165 2466 4202 non
2499 4152 2700 4203 erant:
2727 4151 2829 4202 aut
2854 4148 2901 4201 si
2935 4164 3051 4203 non
3075 4153 3164 4202 est
3185 4149 3373 4204 factus
3405 4151 3528 4222 ipse
3551 4153 3678 4207 sine
3708 4151 3855 4224 lege,

2207 4253 2323 4291 non
2357 4235 2593 4292 redimit
2623 4253 2720 4291 eos
2753 4235 2852 4307 qui
2898 4237 3008 4291 sub
3067 4237 3191 4309 lege
3243 4254 3358 4294 non
3408 4239 3657 4294 fuerant.
3694 4240 3857 4304 Quod

2211 4327 2259 4380 si
2292 4324 2570 4397 possibile
2601 4331 2726 4380 erat
2760 4342 2858 4380 eos
2905 4325 3004 4396 qui
3038 4325 3163 4380 sine
3218 4325 3343 4398 lege
3395 4333 3579 4395 erant,
3614 4328 3860 4393 redimi;

2209 4414 2291 4469 ita
2340 4419 2405 4469 ut
2457 4414 2584 4470 sine
2614 4413 2737 4486 lege
2786 4414 2911 4486 ipse
2969 4431 3083 4469 non
3145 4417 3336 4483 ﬁeret;
3376 4432 3512 4488 ergo
3568 4417 3865 4490 superﬂue

2208 4505 2318 4560 sub
2351 4503 2475 4576 lege
2509 4504 2698 4559 factus
2729 4511 2845 4570 est;
2884 4509 2944 4558 ut
2993 4504 3304 4560 redimeret
3335 4522 3435 4561 eos
3468 4509 3567 4577 qui
3600 4506 3711 4562 sub
3742 4507 3869 4580 lege

2209 4598 2394 4649 erant.
2449 4594 2704 4648 Breviter
2752 4592 2936 4648 solvet
2984 4593 3135 4649 hanc
3184 4595 3596 4667 quaestionem,
3639 4597 3688 4653 si
3739 4597 3874 4669 quis

2209 4682 2310 4737 illo
2342 4687 2542 4736 utatur
2573 4682 2835 4754 exemplo
2873 4699 2884 4736 :
2918 4686 2968 4737 et
2999 4699 3122 4736 eum
3153 4683 3239 4738 his
3275 4686 3373 4754 qui
3401 4687 3520 4740 sine
3550 4687 3663 4758 lege
3691 4692 3871 4756 erant,

435 4780 633 4830 autem
667 4775 880 4848 Legem
911 4778 967 4829 et
1000 4773 1337 4845 Prophetas,
1362 4771 1650 4827 elementa
1679 4771 1884 4826 mundi
1917 4771 2092 4827 inter-
2126 4786 2173 4851 D
2210 4781 2493 4844 reputatus
2523 4781 2624 4827 est.
2657 4776 2799 4826 Nam
2835 4771 2969 4827 licet
3014 4773 3071 4826 in
3121 4773 3340 4829 Latinis
3393 4776 3696 4831 codicibus
3744 4793 3876 4848 pro-

436 4864 648 4938 pretati
687 4880 917 4933 sumus,
947 4864 1204 4918 mundus
1237 4879 1338 4935 pro
1362 4862 1456 4917 his
1479 4861 1578 4933 qui
1602 4862 1660 4916 in
1686 4863 1908 4918 mundo
1935 4867 2098 4933 sunt,

437 4954 620 5027 accipi
670 4952 843 5025 solet,
877 4953 1082 5009 eodem
1134 4951 1312 5008 Paulo
1363 4951 1638 5006 dicente:
1691 4953 1828 5006 Deus
1876 4959 1994 5007 erat
2041 4953 2098 5006 in

439 5042 673 5114 Christo,
726 5041 996 5098 mundum
1041 5042 1406 5098 reconcilians
1452 5042 1559 5094 sibi
1605 5040 1683 5111 (11
1736 5039 1858 5095 Cor.
1890 5057 1946 5106 ν,
1992 5041 2098 5112 19).

442 5132 511 5186 Et
560 5131 619 5186 in
668 5131 982 5204 Evangelio
1017 5148 1030 5186 :
1063 5132 1128 5187 Et
1167 5130 1406 5186 mundus
1448 5147 1552 5201 per
1596 5146 1720 5184 eum
1767 5130 1958 5201 factus
2005 5138 2104 5196 est,

441 5228 491 5275 et
522 5219 762 5276 mundus
818 5237 948 5277 eum
1004 5237 1115 5276 non
1173 5220 1371 5292 recipit
1424 5220 1602 5291 (Joan.
1640 5236 1680 5290 ι,
1716 5219 1823 5290 10).
1859 5218 2106 5281 Quidam

445 5310 624 5366 etiam
657 5309 717 5364 in
751 5309 848 5365 illa
890 5309 1135 5367 liberius
1168 5315 1491 5382 evagantur
1525 5324 1537 5362 :
1573 5314 1637 5363 ut
1680 5309 1818 5379 quia
1848 5308 1939 5363 lex
1975 5325 2108 5363 um-

445 5402 611 5456 bram
647 5399 823 5455 habet
852 5400 1189 5456 futurorum
1228 5400 1538 5466 bonorum,
1573 5397 1878 5468 requirant
1909 5402 2110 5452 utrum

442 5489 503 5544 in
539 5488 655 5544 alio
689 5489 932 5558 mundo,
968 5491 1038 5545 de
1077 5505 1193 5560 quo
1239 5487 1503 5543 Salvator
1534 5488 1617 5542 ait
1649 5504 1660 5541 :
1699 5487 1805 5557 Ego
1836 5503 1948 5542 non
1995 5503 2116 5542 sum

443 5579 511 5636 de
557 5578 762 5633 mundo
814 5582 917 5634 isto
948 5580 1136 5651 (Joan.
1168 5595 1292 5647 νιιι,
1316 5578 1430 5647 23),
1463 5577 1724 5650 primum
1776 5575 2001 5648 parvuli
2034 5577 2117 5632 si-

448 5685 606 5737 mus,
636 5673 695 5725 et
725 5668 836 5725 sub
869 5667 1176 5724 clementis
1206 5667 1508 5722 initiorum
1543 5666 1876 5730 constituti,
1912 5665 2121 5739 paula-

449 5778 455 5783 ⁸
526 5796 542 5828 ¹
579 5792 762 5848 Palat.
798 5809 934 5860 ms.,
967 5795 1019 5848 et
1049 5807 1156 5848 non
1199 5798 1320 5846 tam
1349 5793 1578 5848 alterius
1629 5793 1712 5847 rei
1760 5792 2004 5848 utilitate
2033 5791 2118 5848 di-

423 5885 451 5923 e
504 5871 686 5924 antur
713 5882 891 5946 quam
922 5874 980 5922 ut
1007 5879 1303 5938 possemus,
1339 5869 1448 5920 etc.

2213 4867 2342 4934 pter
2391 4861 2830 4932 simplicitatem
2864 4860 3248 4933 interpretum
3290 4863 3442 4920 male
3473 4866 3698 4921 editum
3747 4866 3822 4922 sit
3855 4883 3871 4920 :

2210 4952 2279 5006 Et
2326 4968 2448 5006 cum
2501 4953 2713 5023 iniquis
2760 4956 3044 5024 reputatus
3093 4962 3175 5007 est
3223 4954 3373 5022 (Luc.
3422 4971 3562 5023 xxu,
3613 4955 3734 5025 37);
3785 4960 3877 5010 ta-

2219 5057 2354 5095 men
2386 5040 2692 5095 sciendum
2735 5039 2894 5095 aliud
2935 5041 3091 5112 apud
3132 5041 3360 5098 Grzecos
3395 5044 3724 5115 significare
3755 5039 3880 5094 ἂνο-

2220 5148 2349 5202 μον,
2385 5131 2541 5201 quod
2588 5128 2682 5184 hic
2715 5131 2998 5203 scriptum
3031 5136 3151 5198 est;
3187 5131 3346 5187 aliud
3393 5129 3597 5199 ἄδικον,
3633 5131 3787 5202 quod
3817 5131 3878 5186 in

2224 5219 2448 5274 Latinis
2479 5207 2878 5275 voluminibus
2910 5219 3178 5275 habetur.
3213 5220 3453 5291 Ἀνομος
3482 5221 3638 5276 enim
3663 5218 3879 5275 dicitur

2222 5307 2341 5374 ille,
2376 5308 2475 5379 qui
2535 5309 2662 5363 sine
2718 5308 2843 5381 lege
2888 5315 2996 5376 est,
3045 5316 3102 5364 et
3149 5309 3311 5365 nullo
3364 5310 3518 5366 450
3561 5310 3691 5378 jure
3740 5321 3878 5364 con-

2226 5398 2558 5470 stringitur.
2623 5393 2846 5458 ’Ἄδικος
2906 5415 3038 5454 vero
3099 5399 3366 5470 iniquus,
3423 5399 3541 5453 sive
3597 5398 3876 5470 injustus.

2229 5487 2395 5544 Unde
2426 5493 2483 5544 et
2511 5488 2638 5560 ipse
2685 5487 3005 5560 Apostolus
3037 5489 3094 5543 in
3128 5488 3238 5543 alio
3268 5487 3393 5542 loco
3430 5504 3442 5542 :
3481 5486 3614 5542 Cum
3643 5505 3751 5544 non
3801 5505 3882 5546 es-

2232 5594 2368 5642 sem,
2402 5577 2502 5643 ait,
2536 5580 2656 5632 sine
2707 5579 2822 5647 lege
2856 5580 2987 5637 Dei;
3017 5577 3107 5632 sed
3163 5578 3223 5630 in
3279 5577 3394 5645 lege
3449 5593 3620 5633 essem
3680 5578 3889 5636 Christi

2230 5668 2286 5739 (Ι
2319 5669 2439 5722 Cor.
2475 5685 2549 5735 ix,
2581 5668 2718 5738 21):
2770 5673 2826 5722 et
2873 5671 3025 5720 certe
3075 5665 3131 5718 in
3184 5663 3290 5718 hoc
3341 5682 3574 5739 quoque
3623 5669 3894 5726 testimo-

2305 5794 2326 5828 ²
2358 5795 2628 5849 Fortasse
2659 5795 2851 5869 verius
2883 5791 2939 5846 in
2974 5807 3088 5848 uno
3126 5790 3407 5863 Palatino,
3435 5793 3498 5850 de
3525 5797 3899 5869 conversione,

2231 5881 2334 5940 pro
2366 5866 2804 5922 conuersatione.
