4332 6596
533 515 648 575 399

1782 512 1848 571 8.
1895 508 2209 573 EUSEBII
2254 510 2700 572 HIERONYMI

3823 510 3943 574 400

532 644 628 701 nio
682 642 883 716 ἃνομος
943 642 1002 698 in
1051 642 1245 698 Graeco
1297 640 1582 713 scriptum
1642 645 1760 709 est;
1814 646 1870 697 et
1925 641 2025 713 qui
2083 641 2178 696 hic
2208 642 2264 708 Α
2294 659 2441 710 Lxx1,
2472 642 2548 712 2).
2581 641 2754 697 Porro
2802 640 3087 712 Spiritum
3138 643 3410 696 sanctum
3458 643 3659 713 aperto
3707 642 3943 700 nomine

529 734 680 790 bene
711 733 1127 806 interpretatus
1171 737 1278 802 est,
1313 732 1502 804 potuit
1531 731 1687 786 idem
1737 730 1979 786 verbum
2012 734 2069 785 et
2101 730 2182 783 ibi

532 821 808 879 similiter
854 821 1265 893 interpretari:
1299 820 1410 876 nisi
1444 837 1578 875 eum
1620 819 1977 891 ambiguitas
2025 817 2183 873 fefel-

533 909 721 967 lisset.
752 910 919 967 Alius
968 927 1104 966 vero
1154 911 1349 982 ipsum
1378 910 1643 979 verbum,
1696 908 2002 974 redimeret,
2043 923 2182 963 acu-

533 1000 652 1056 tius
682 1000 1037 1069 intuebitur;
1069 1004 1125 1055 et
1157 999 1309 1055 dicet
1338 1017 1435 1055 eos
1470 997 1790 1070 significari
1824 998 2180 1068 redemptos,

536 1087 635 1159 qui
668 1086 928 1159 primum
978 1088 1048 1141 de
1099 1086 1199 1142 Dei
1246 1090 1408 1158 parte
1438 1086 1674 1152 fuerint,
1706 1089 1762 1141 et
1811 1088 2010 1155 postea
2054 1099 2182 1139 esse

535 1176 934 1232 cessaverint:
968 1174 1100 1230 illos
1131 1191 1262 1230 vero
1294 1174 1393 1245 qui
1445 1174 1554 1229 sub
1603 1173 1729 1245 lege
1778 1190 1892 1228 non
1942 1172 2177 1239 fuerint,

536 1281 653 1321 non
684 1268 806 1320 tam
837 1262 1043 1319 redimi
1075 1279 1253 1334 quam
1286 1263 1420 1318 emi.
1445 1262 1609 1318 Unde
1640 1267 1696 1317 et
1726 1263 1797 1317 ad
1830 1260 2180 1331 Corinthios,

533 1352 594 1407 in
652 1352 869 1424 quibus
920 1351 1269 1407 audiebatur
1324 1351 1651 1421 fornicatio,
1703 1355 1761 1405 et
1809 1350 1944 1406 talis
2003 1350 2182 1405 forni-

535 1440 682 1496 catio
731 1456 858 1512 quae
908 1456 979 1496 ne
1023 1440 1175 1495 inter
1224 1443 1426 1512 gentes
1476 1440 1715 1511 quidem
1764 1440 1813 1511 (I
1844 1439 1964 1496 Cor.
1996 1456 2051 1507 v,
2106 1440 2182 1508 1),

532 1528 852 1586 scribitur:
886 1530 1071 1585 Pretio
1127 1531 1296 1601 empti
1347 1531 1451 1585 esti
1507 1530 1552 1601 (I
1594 1531 1719 1586 Cor.
1768 1546 1867 1598 vn,
1920 1529 2032 1600 23),
2067 1545 2182 1584 non

531 1618 844 1691 redempti:
871 1619 981 1675 sub
1013 1618 1139 1691 lege
1171 1620 1385 1690 quippe
1415 1636 1531 1675 non
1565 1619 1810 1674 fuerant.
1848 1618 2182 1691 Recipimus

532 1708 710 1781 igitur
767 1707 1143 1779 adoptionem
1200 1707 1452 1763 filiorum
1502 1709 1599 1763 Dei
1645 1725 1657 1763 :
1700 1713 1757 1764 et
1813 1708 2096 1780 redempti
2150 1724 2186 1763 a

534 1796 785 1880 Christo,
818 1798 928 1852 sub
960 1796 1234 1852 servitute
1272 1797 1690 1852 elementorum
1725 1797 1929 1852 mundi
1977 1802 2034 1852 et
2084 1802 2181 1852 tu-

532 1889 730 1941 torum
759 1890 1047 1957 potestate
1086 1902 1215 1941 esse
1258 1885 1621 1941 desistimus.
1655 1885 1954 1949 Quomodo
1986 1890 2181 1941 autem

534 1975 690 2031 inter
720 1974 1005 2031 redimere
1036 1979 1092 2030 et
1134 1991 1325 2030 emere
1373 1976 1513 2047 quid
1563 1975 1892 2044 interesset,
1925 1974 2181 2031 ostendi-
2209 2008 2259 2077 B

537 2081 692 2134 mus,
724 2064 808 2119 sic
839 2064 980 2135 quid
1027 2065 1105 2119 sit
1152 2063 1304 2119 inter
1341 2064 1620 2137 accipere,
1654 2070 1711 2120 et
1741 2064 1994 2137 recipere
2044 2065 2180 2120 ado-

534 2153 793 2225 ptionem
822 2153 1101 2221 filiorum,
1134 2153 1592 2209 consideremus.

604 2242 885 2315 (Vers.6.)
913 2265 933 2292 ι
960 2242 1245 2306 Quoniam
1276 2248 1469 2298 autem
1516 2242 1660 2299 estis
1708 2242 1811 2298 filii
1868 2245 1986 2311 Dei,
2020 2243 2185 2298 misit

536 2335 719 2387 Deum
743 2331 1017 2403 spiritum
1044 2330 1168 2385 Filii
1188 2331 1283 2407 sui
1304 2330 1364 2385 in
1386 2332 1562 2386 corda
1588 2336 1787 2388 nostra
1807 2331 2179 2400 clamantem,

533 2421 721 2488 Abba,
769 2419 1009 2476 Pater.»
1058 2419 1364 2475 Manifesta
1415 2421 1732 2492 Apostolus
1790 2421 2007 2477 Paulus
2063 2427 2183 2479 tres

534 2509 779 2582 spiritus
828 2510 1111 2576 nominat,
1166 2508 1448 2581 Spiritum
1483 2509 1612 2564 Filii
1665 2510 1780 2578 Dei,
1815 2515 1879 2565 ut
1926 2509 1983 2565 in
2037 2528 2182 2583 prea-

536 2598 688 2654 senti
719 2598 843 2654 loco
878 2615 891 2653 :
924 2599 1070 2653 Misit
1104 2598 1242 2653 Deus
1289 2597 1560 2669 Spiritum
1605 2600 1737 2653 Filii
1783 2602 1843 2654 in
1892 2600 2053 2656 corda
2083 2618 2181 2657 no-

533 2695 669 2743 stra.
702 2688 772 2743 Et
799 2686 1084 2759 Spiritum
1128 2686 1249 2755 Dei,
1281 2692 1343 2742 ut
1387 2686 1447 2741 in
1477 2687 1576 2743 illo
1612 2705 1623 2743 :
1660 2690 1925 2759 Quotquot
1970 2690 2184 2761 Spiritu

534 2778 636 2833 Dei
680 2785 943 2846 aguntur,
995 2776 1054 2831 hi
1101 2776 1211 2847 ﬁlii
1253 2777 1351 2832 Dei
1396 2781 1525 2831 sunt
1572 2777 1743 2848 (Rom.
1796 2795 1919 2847 νηί,
1976 2780 2078 2850 lli).
2114 2781 2184 2836 Et

537 2865 822 2938 Spiritum
871 2869 1143 2921 sanctum
1176 2870 1241 2921 ut
1273 2864 1353 2920 ibi
1386 2881 1399 2921 :
1438 2866 1670 2937 Corpora
1700 2876 1877 2922 vestra
1923 2869 2184 2939 templum

535 2956 715 3010 sancti
758 2955 997 3026 Spiritus
1036 2963 1186 3021 sunt,
1220 2954 1316 3024 qui
1342 2957 1423 3009 est
1451 2956 1508 3009 in
1541 2957 1691 3011 vobis
1730 2956 1774 3027 (I
1805 2957 1926 3011 Cor.
1961 2974 2036 3027 ιν,
2072 2958 2179 3025 19).

539 3043 737 3099 Alium
782 3047 978 3099 autem
1027 3048 1297 3098 sanctum
1348 3043 1631 3115 Spiritum
1682 3060 1809 3100 esse
1853 3062 2027 3116 quam
2086 3045 2183 3101 Fi-

537 3130 684 3189 lium
717 3131 837 3201 Dei,
870 3131 1178 3187 manifeste
1208 3136 1264 3187 et
1293 3132 1349 3187 in
1378 3132 1686 3204 Evangelio
1719 3135 2134 3206 comprobatur
2166 3152 2179 3191 :

542 3222 649 3290 Qui
674 3222 885 3277 dixerit
910 3221 1135 3277 verbum
1178 3224 1366 3276 contra
1402 3223 1606 3277 Filium
1652 3223 1909 3291 hominis,
1943 3223 2181 3280 dimitte-

537 3316 632 3368 tur
681 3313 753 3367 ei.
796 3312 1124 3382 Quicunque
1174 3320 1352 3367 autem
1405 3311 1608 3367 dixerit
1664 3316 1853 3367 contra
1908 3315 2184 3381 Spiritum

2290 736 2475 786 vocat.
2530 735 2663 795 Quae
2716 730 2953 802 quidem
3008 745 3144 784 cum
3203 729 3502 786 vocabulis
3559 732 3944 804 personisque

2292 820 2660 887 dissentiant,
2697 820 3031 875 substantia
3060 823 3387 891 naturaque
3415 820 3637 875 sociata
3667 826 3807 877 sunt
3839 840 3852 877 :
3887 827 3946 879 et

2291 907 2691 965 indifferenter
2732 908 2886 964 idem
2916 908 3166 981 Spiritus
3196 910 3269 963 ob
3309 914 3531 965 natura
3579 911 3941 980 societatem,

2294 1013 2449 1051 nunc
2484 997 2670 1052 Patris
2701 998 2918 1052 dicitur
2955 1013 3102 1065 esse,
3136 1013 3293 1053 nunc
3326 997 3474 1053 Filii.
3507 1004 3941 1073 Argumentum

2295 1089 2488 1139 autem
2532 1102 2645 1157 quo
2696 1102 2954 1141 asserere
3007 1090 3269 1154 conatur,
3302 1104 3409 1142 nos
3454 1088 3581 1158 jam
3639 1105 3753 1144 non
3812 1103 3941 1144 esse

2295 1174 2405 1229 sub
2453 1172 2601 1245 lege,
2635 1175 2737 1229 sed
2788 1175 2898 1229 sub
2946 1175 3134 1247 gratia
3181 1175 3412 1231 Domini
3455 1176 3619 1244 Jesu,
3650 1177 3749 1233 tali
3800 1177 3940 1247 ﬁne,

2294 1262 2608 1317 concludit.
2659 1263 2939 1334 Superius
2988 1264 3213 1320 dixerat
3242 1266 3405 1335 (vers.
3451 1266 3530 1337 5),
3581 1274 3645 1322 ut
3691 1267 3939 1340 adoptio-

2292 1368 2415 1406 nem
2464 1353 2709 1422 ﬁliorum
2751 1354 3117 1424 reciperemus
3148 1372 3167 1408 :
3200 1370 3355 1409 nunc
3400 1354 3495 1409 Dei
3543 1370 3671 1412 esse
3714 1372 3820 1412 nos
3867 1356 3941 1411 fi-

2294 1440 2424 1510 lios,
2457 1456 2524 1495 ex
2567 1440 2774 1511 spiritu
2822 1442 3029 1512 probat
3077 1458 3252 1513 quem
3302 1441 3592 1498 habemus
3638 1443 3697 1499 in
3747 1445 3938 1502 nobis.

2294 1528 2606 1599 Nunquam
2653 1529 2832 1595 enim,
2882 1529 3093 1601 inquit,
3127 1531 3477 1587 auderemus
3508 1532 3698 1589 dicere
3731 1548 3746 1589 :
3774 1534 3944 1590 Pater

2292 1625 2474 1672 noster
2502 1620 2598 1688 qui
2647 1634 2701 1673 es
2746 1619 2807 1673 in
2855 1620 3007 1675 caelis
3036 1636 3055 1673 :
3087 1620 3470 1690 Sanctiﬁcetur
3522 1638 3723 1678 nomen
3784 1631 3946 1679 tuum

2292 1706 2501 1774 (Matth.
2534 1724 2610 1773 v1,
2637 1709 2691 1772 9,
2733 1711 2924 1780 seqq.),
2976 1708 3087 1763 nisi
3146 1709 3219 1763 de
3273 1709 3633 1766 conscientia
3687 1712 3943 1783 Spiritus

2293 1794 2611 1851 habitantis
2639 1795 2698 1850 in
2730 1797 2920 1864 nobis,
2954 1801 3011 1851 et
3045 1812 3257 1869 magna
3296 1814 3580 1854 sensuum
3611 1803 3669 1854 et
3697 1800 3943 1872 dogma-

2292 1887 2416 1938 tum
2448 1901 2585 1940 voce
2615 1884 2938 1941 clamante:
2971 1886 3138 1957 Abba,
3172 1890 3360 1942 Pater.
3394 1888 3559 1944 Abba
3588 1889 3941 1946 Hebraicum

2292 1976 2400 2038 est,
2440 1972 2699 2045 idipsum
2753 1974 3093 2045 significans
3141 1975 3297 2047 quod
3344 1981 3403 2030 et
3450 1976 3635 2031 Pater.
3669 1977 3739 2031 Et
3786 1976 3939 2034 hanc

2292 2062 2777 2117 consuetudinem
2810 2064 2868 2118 in
2901 2062 3170 2135 pluribus
3212 2063 3354 2119 locis
3386 2065 3687 2137 Scriptura
3716 2082 3943 2123 conser-

2293 2155 2407 2217 vat,
2431 2161 2495 2205 ut
2517 2151 2866 2207 Hebraicum
2889 2152 3129 2207 verbum
3160 2170 3295 2208 cum
3330 2154 3814 2226 interpretatione
3834 2172 3943 2211 sua

2295 2242 2491 2311 ponat.
2536 2240 2890 2307 Bartimeus,
2930 2242 3082 2310 ﬁlius
3130 2243 3301 2298 Timei
3327 2243 3512 2314 (Marc.
3546 2260 3605 2312 χ,
3635 2245 3746 2315 46).
3778 2246 3945 2314 Aser,

2291 2329 2498 2383 divitiae
2529 2328 2683 2399 (Gen.
2732 2346 2884 2397 xmx,
2934 2332 3045 2401 20).
3100 2331 3372 2399 Tabitba,
3425 2333 3631 2389 Dorcas
3678 2334 3812 2405 (Act.
3861 2350 3940 2402 ix,

2291 2417 2380 2488 36)
2415 2434 2427 2471 :
2462 2423 2520 2472 et
2550 2418 2607 2473 in
2640 2418 2872 2487 Genesi,
2910 2419 3155 2487 Mcsech,
3189 2422 3522 2478 vernaculus
3552 2423 3708 2493 (Gen.
3739 2440 3831 2491 xv,
3864 2422 3942 2494 3),

2291 2510 2349 2561 et
2378 2511 2584 2562 caetera
2613 2506 2706 2563 his
2757 2508 2994 2565 similia.
3029 2513 3171 2564 Cum
3203 2515 3398 2565 autem
3429 2512 3594 2567 Abba
3634 2512 3804 2568 Pater
3832 2512 3944 2569 He-

2292 2595 2443 2651 brazo
2491 2597 2749 2668 Syroque
2781 2614 3048 2653 sermone
3079 2598 3311 2655 dicatur
3337 2605 3396 2654 et
3429 2601 3709 2657 Dominus
3742 2606 3939 2658 noster

2292 2684 2352 2739 in
2384 2685 2691 2758 Evangelia
2739 2687 3057 2759 praecipiat,
3091 2687 3321 2743 nullum
3355 2693 3581 2761 patrem
3614 2692 3942 2748 vocandum

2293 2774 2405 2828 nisi
2463 2774 2649 2830 Deum
2708 2776 2915 2845 (Matth.
2956 2792 3115 2844 xxm,
3162 2778 3239 2849 9),
3290 2778 3483 2835 nescio
3532 2796 3650 2851 qua
3705 2778 3945 2837 licentia

2293 2863 2351 2917 in
2381 2863 2752 2919 monasteriis
2780 2864 2869 2920 vel
2902 2881 3176 2921 vocemus
3227 2865 3334 2921 hoc
3385 2867 3623 2924 nomine
3653 2866 3819 2938 alios,
3851 2867 3943 2925 vel

2291 2952 2480 3007 vocari
2513 2969 2620 3007 nos
2668 2953 3132 3026 acquiescamus.
3176 2956 3243 3009 Et
3290 2959 3446 3011 certe
3492 2946 3616 3028 ipse
3664 2957 3942 3029 praecepit

2292 3039 2401 3095 hoc
2435 3040 2533 3113 qui
2566 3041 2790 3097 dixerat
2814 3059 2929 3098 non
2966 3059 3093 3099 esse
3128 3044 3453 3114 jurandum
3480 3045 3704 3116 (Matth.
3736 3062 3794 3112 v,
3826 3048 3939 3116 34).

2293 3130 2502 3185 Sinon
2546 3131 2845 3201 juramus,
2890 3148 2996 3187 nec
3045 3137 3270 3203 patrem
3317 3133 3555 3204 quidem
3599 3134 3939 3207 quempiam

2293 3219 2687 3275 nominemus.
2742 3220 2802 3275 Si
2851 3220 2923 3275 de
2973 3227 3135 3293 patre
3185 3222 3701 3295 interpretabimur
3747 3223 3938 3293 aliter,

2294 3313 2349 3364 et
2378 3309 2449 3363 de
2467 3310 2721 3380 jurando
2753 3308 2920 3364 aliter
2939 3310 3154 3365 sentire
3176 3327 3451 3383 cogemur
3469 3311 3589 3382 (At.
3615 3314 3940 3385 cogemus).

535 3409 802 3469 sanetum,
825 3381 935 3457 nec
976 3381 1082 3468 hic,
1114 3417 1212 3456 nec
1240 3402 1299 3456 in
1325 3402 1513 3471 futuro
1559 3400 1865 3457 dimittetur
1891 3405 1944 3458 ei
1974 3402 2179 3474 (Matth.
2213 3381 2256 3448 C
2296 3398 2629 3454 Notandum
2681 3398 2879 3462 etiam.
2913 3400 3054 3471 quia
3080 3381 3301 3457 Clamor
3342 3400 3401 3456 in
3445 3381 3789 3475 scripturis,
3823 3381 3941 3459 non

537 3508 638 3563 χιι,
698 3492 808 3559 32).
867 3495 984 3546 Hoc
1041 3490 1192 3559 ideo,
1245 3489 1384 3561 quia
1439 3489 1610 3545 multi
1668 3507 1771 3563 per
1828 3491 2183 3563 imperitiam

538 3579 976 3653 Scripturarum
1026 3579 1205 3650 (quod
1264 3584 1321 3633 et
1372 3579 1706 3635 Firmianus
1754 3580 1812 3635 in
1861 3586 2061 3637 octavo
2110 3582 2182 3637 ad

536 3668 977 3725 Demetrianum
1025 3666 1417 3738 Epistolarum
1467 3666 1656 3723 libro‘
1707 3669 1864 3739 facit)
1915 3674 2187 3725 asserunt

537 3757 818 3829 Spiritum
848 3759 1117 3811 sanctum
1148 3772 1299 3828 saepe
1343 3756 1592 3823 Patrem,
1626 3773 1777 3829 saepe
1826 3757 2036 3813 Filium
2086 3776 2187 3814 no-

540 3844 774 3901 minari.
808 3846 1037 3900 Etcum
1086 3844 1392 3916 perspicue
1431 3845 1487 3899 in
1521 3844 1803 3901 Trinitate
1852 3848 2207 3915 credamus,

538 3934 775 3991 tertiam
830 3950 1141 4007 personam
1202 3934 1561 3999 auferentes,
1621 3950 1736 3989 non
1792 3936 2183 3992 substantiam

539 4026 669 4097 ejus
710 4016 915 4081 volunt
961 4040 1110 4092 esse,
1143 4024 1244 4079 sed
1303 4040 1535 4079 nomen.
1569 4022 1651 4079 Ne
1697 4027 1889 4080 autem
1943 4024 2184 4098 longum

536 4118 746 4175 faciam
778 4118 918 4189 (non
967 4115 1122 4171 enim
1172 4114 1459 4187 dialogus,
1495 4115 1595 4169 sed
1638 4115 1785 4171 45]
1826 4120 2184 4172 commenta-

534 4210 659 4266 rius
688 4206 1007 4278 scribitur),
1040 4205 1111 4260 de
1140 4202 1629 4276 quinquagesimo
1662 4202 1887 4275 psalmo
1916 4208 2033 4260 tres
2064 4204 2182 4276 spi-

534 4300 686 4355 ritus
713 4297 1048 4353 nominatos
1094 4293 1346 4349 breviter
1389 4292 1717 4357 ostendam,
1761 4292 2042 4363 propheta
2089 4292 2181 4347 di-

537 4391 702 4443 cente
733 4402 747 4440 :
783 4385 884 4441 Cor
929 4383 1197 4438 mundum
1243 4397 1371 4435 crea
1403 4381 1463 4433 in
1492 4395 1597 4449 me,
1628 4380 1789 4447 Deus,
1821 4384 1872 4435 et
1918 4383 2179 4452 spiritum

535 4479 747 4532 rectum
776 4476 981 4529 innova
1027 4473 1089 4525 in
1136 4469 1436 4525 visceribus
1478 4470 1637 4523 meis.
1669 4468 1745 4523 Ne
1778 4470 2051 4540 projicias
2092 4488 2181 4527 me

537 4581 572 4620 a
597 4563 754 4634 [acia
783 4570 877 4618 tua
906 4579 925 4615 :
955 4564 1007 4616 et
1049 4558 1321 4631 Spiritum
1348 4565 1596 4612 sanctum
1623 4560 1781 4612 tuum
1831 4576 1902 4614 ne
1951 4561 2179 4632 auferas

534 4670 568 4708 a
597 4666 704 4706 me.
736 4649 910 4706 Redde
935 4648 1077 4703 mihi
1124 4647 1377 4703 laetitiam
1424 4646 1694 4701 salutaris
1740 4648 1846 4715 tui,
1879 4656 1930 4705 et
1972 4650 2179 4721 spiritu

2296 3488 2448 3544 452
2499 3504 2723 3560 magna“:
2770 3488 2927 3544 vocis
2972 3488 3233 3557 emissio,
3268 3491 3370 3546 sed
3419 3491 3673 3547 scientiae
3721 3490 3943 3547 intelli-

2293 3582 2465 3649 gatur
2493 3583 2549 3632 et
2577 3578 2920 3649 dogmatum
2964 3578 3326 3651 magnitudo.
3359 3580 3506 3635 Nam
3554 3585 3611 3637 et
3655 3582 3714 3637 in
3749 3582 3941 3638 Exodo

2294 3665 2596 3737 respondit
2628 3666 2909 3720 Dominus
2940 3665 3011 3720 ad
3046 3666 3319 3738 Moysen:
3346 3667 3489 3735 Quid
3515 3668 3726 3724 clama:
3755 3669 3826 3724 ad
3854 3684 3941 3725 me

2294 3754 2486 3821 (Exod.
2518 3770 2631 3820 xw,
2668 3755 2753 3822 15)
2773 3755 2802 3809 ?
2831 3771 2964 3810 cum
2996 3756 3232 3826 penitus
3265 3756 3445 3829 Moysi
3475 3774 3583 3812 vox
3613 3757 3771 3814 nulla
3797 3774 3940 3830 pra-

2294 3841 2552 3899 cesserit.
2578 3842 2791 3899 Verum
2819 3850 3234 3916 compunctum
3269 3861 3369 3901 cor
3395 3850 3453 3901 et
3482 3863 3584 3918 pro
3614 3846 3827 3919 populo
3857 3846 3942 3903 la-

2295 3932 2688 4005 crymabiliter
2717 3933 3128 4006 ingemiscens,
3158 3935 3462 4007 Scriptura
3490 3935 3807 3993 clamorem
3834 3953 3941 3993 vo-

2294 4023 2461 4078 cavit.
2498 4022 2798 4087 Quomodo
2829 4023 3027 4094 igitur,
3052 4024 3152 4095 qui
3171 4023 3454 4096 Spiritum
3478 4024 3602 4080 Filii
3638 4024 3734 4082 Dei
3764 4026 3942 4083 habet

2293 4111 2451 4167 filius
2477 4112 2571 4166 Dei
2604 4116 2719 4180 est;
2755 4113 2837 4167 sic
2869 4113 2926 4167 in
2961 4113 3344 4185 reciprocum,
3370 4115 3471 4185 qui
3504 4114 3776 4187 spiritum
3810 4114 3940 4172 Filii

2292 4201 2392 4257 Dei
2425 4217 2540 4256 non
2574 4200 2768 4269 habet,
2801 4201 2902 4258 Dei
2933 4201 3089 4259 filius
3121 4220 3235 4258 non
3268 4207 3460 4276 potest
3493 4203 3797 4277 appellari.

2363 4290 2547 4358 (Vers.
2578 4291 2655 4362 7).
2684 4312 2711 4341 «
2735 4291 2935 4362 Itaque
2959 4292 3086 4363 jam
3110 4308 3225 4348 non
3249 4298 3339 4349 est
3367 4309 3590 4363 servus,
3625 4295 3727 4350 sed
3761 4294 3945 4354 filius.

2291 4380 2450 4446 Quod
2483 4382 2530 4436 si
2563 4379 2741 4445 filius,
2774 4386 2833 4436 et
2856 4380 3041 4436 haeres
3070 4398 3174 4453 per
3203 4381 3499 4437 Christum
3520 4383 3563 4438 ³.
3590 4404 3618 4432 ››
3649 4382 3941 4440 Habentes

2288 4469 2498 4541 inquit,
2560 4469 2833 4541 spiritum
2892 4469 3014 4524 Filii
3077 4470 3176 4525 Dei
3220 4470 3279 4524 in
3335 4470 3498 4525 vobis
3557 4470 3936 4542 clamantem,

2287 4559 2468 4629 Abba,
2500 4559 2687 4626 Pater,
2714 4575 2829 4614 non
2858 4558 3004 4613 servi
3036 4557 3295 4629 cepistis
3325 4574 3474 4624 esse,
3501 4559 3603 4614 sed
3635 4557 3761 4613 filii.
3788 4558 3938 4622 Quia

2288 4654 2419 4704 ante
2442 4647 2587 4704 nihil
2605 4648 2959 4703 differebatis
2977 4663 3011 4702 a
3025 4663 3190 4703 servo
3205 4663 3338 4703 cum
3357 4646 3565 4703 essetis
3583 4651 3792 4703 natura
3809 4646 3939 4719 qui-

526 4739 833 4814 principali
859 4736 1123 4806 conﬁrma
1163 4752 1249 4791 me
1278 4735 1451 4807 (Psal.
1487 4753 1536 4805 ι,
1572 4737 1660 4803 12,
1694 4736 1780 4803 13,
1816 4738 1925 4808 14).
1961 4738 2176 4794 Princi-
2210 4753 2254 4817 Ι)
2286 4738 2417 4793 dem
2436 4736 2687 4805 Dei;sed
2709 4737 2819 4792 sub
2836 4736 3131 4791 tutoribus
3148 4739 3203 4791 et
3219 4736 3513 4791 actoribus
3529 4734 3937 4809 parvulidege-

530 4829 722 4903 palem
771 4826 1067 4900 spiritum,
1117 4825 1344 4881 Patrem
1376 4824 1630 4896 appellat
1662 4842 1674 4881 :
1710 4826 1849 4896 quia
1895 4827 2076 4883 Filius
2105 4845 2174 4884 ex

526 4922 717 4987 Patre,
777 4922 835 4973 et
889 4933 1003 4971 non
1064 4915 1227 4970 Pater
1283 4930 1351 4971 ex
1411 4914 1575 4968 Filio.
1633 4914 1914 4986 Spiritum
1976 4921 2170 4974 autem

523 5014 773 5075 rectum,
805 5005 1066 5062 veritatis
1116 5009 1290 5075 atque
1329 5002 1595 5072 justitiaa,
1627 5001 1922 5059 Christum
1977 5008 2168 5061 Domi-

525 5115 665 5157 num
719 5094 1058 5169 significat:
1114 5094 1252 5162 Quia
1300 5093 1461 5147 Pater
1508 5108 1664 5146 omne
1699 5092 1978 5164 judicium
2025 5096 2172 5151 dedit
2220 5090 2223 5093 ’

521 5188 870 5260 Filio(Joan.
904 5202 957 5255 v,
988 5184 1101 5256 22),
1133 5186 1197 5236 ut
1254 5181 1427 5235 David
1487 5180 1568 5235 ait
1617 5198 1629 5236 :
1682 5182 1843 5252 Deus,
1894 5184 2171 5255 judicium

516 5286 673 5337 tuum
701 5278 828 5347 regi
872 5276 963 5345 da,
995 5282 1048 5329 et
1094 5273 1401 5344 potentiam
1431 5278 1582 5325 luam
1604 5270 1625 5303 ²
1658 5271 1771 5327 lilio
1818 5275 1962 5343 regis
1992 5275 2165 5343 (Psat.

594 5426 609 5458 ¹
642 5421 921 5493 Suspicor
949 5431 1261 5493 numerum
1284 5413 1579 5493 cubarejn
1605 5414 1854 5493 mendo:
1882 5419 2164 5493 Lactantii

519 5494 674 5548 enim
730 5484 908 5549 libros
952 5487 1357 5562 epistolarum,
1391 5484 1459 5539 ad
1490 5486 1905 5562 Demetrianum
1951 5490 2163 5545 audito-

519 5581 638 5618 rem
663 5582 847 5627 suum,
885 5557 1114 5618 non-nisi
1149 5561 1297 5614 duos
1330 5558 1741 5632 recensetqipse
1779 5557 2167 5632 Hieronymus

523 5634 670 5690 libro
719 5636 784 5689 de
834 5637 972 5690 Viris
1019 5632 1352 5697 Illustribus,
1387 5646 1511 5699 cap.
1541 5629 1629 5682 80.
1662 5629 1909 5685 Proinde
1963 5629 2164 5688 malim

520 5723 590 5761 ex
627 5705 857 5778 ingenio
896 5706 990 5778 hic
1037 5706 1235 5773 altero,
1273 5718 1373 5778 pro
1407 5708 1604 5778 cetan
1655 5702 1893 5778 rc_scribi
1930 5718 1941 5757 :
1977 5721 2163 5776 quan-

515 5772 721 5848 quam'
742 5776 1073 5848 tacentibus
1121 5772 1442 5848 mss.q'nihil
1475 5776 1659 5829 muto.
1693 5772 2162 5835 Caeterum—con-

511 5846 643 5919 sule
671 5849 730 5909 S.
766 5847 1049 5907 Hilarium
1078 5848 1147 5907 de
1182 5846 1483 5904 Trinitate.

2288 4827 2443 4881 batis
2468 4843 2481 4881 :
2506 4826 2658 4897 quod
2683 4826 2733 4879 si
2756 4824 2861 4879 filii
2882 4824 3045 4895 estis,
3063 4828 3487 4896 consequenter
3505 4823 3669 4879 vobis
3690 4824 3938 4882 debetur

2281 4915 2684 4981 haereditas,ut
2702 4915 2993 4986 quomodo
3009 4914 3283 4986 spiritum
3302 4914 3424 4969 l‘ilii
3440 4913 3539 4969 Dei
3558 4913 3934 4985 accipientes,

2281 5005 2418 5059 facti
2451 5003 2591 5059 estis
2624 5004 2727 5058 filii
2774 5003 2874 5059 Dei
2908 5020 2921 5057 :
2957 5003 3041 5057 ita
3067 5003 3126 5057 in
3159 5003 3489 5059 libertatem
3536 5003 3607 5057 de
3655 5003 3934 5061 servitute

2280 5093 2508 5162 mutati,
2544 5093 2799 5148 haeredes
2830 5091 2957 5147 sitis
3002 5108 3136 5147 cum
3185 5092 3413 5148 herede
3460 5091 3648 5146 Patris
3697 5092 3928 5148 Christo

2274 5183 2435 5249 Jesu,
2470 5182 2569 5254 qui
2618 5199 2686 5238 ex
2738 5198 2988 5253 persona
3026 5181 3284 5237 hominis
3333 5181 3622 5253 assumpti
3668 5180 3931 5253 loquitur

2277 5274 2338 5328 In
2385 5271 2613 5344 psalmo
2647 5288 2659 5326 :
2691 5274 2952 5326 Dominus
3000 5272 3151 5325 dixit
3196 5270 3265 5325 ad
3315 5286 3420 5338 me,
3454 5272 3630 5325 Filius
3673 5288 3829 5327 meus
3873 5286 3930 5327 es

2345 5415 2366 5449 ²
2399 5413 2643 5469 Palatin.
2694 5432 2859 5481 mss.,
2902 5422 2954 5468 et
2989 5414 3270 5485 justitiam
3315 5418 3489 5480 tuam,
3539 5413 3928 5485 quemadmo-

2243 5488 2415 5541 'dum
2451 5486 2675 5556 pridem
2722 5487 3098 5555 rescripserat
3150 5486 3455 5556 Victorius,
3507 5486 3825 5553 codicibus,
3861 5487 3928 5540 ut

2276 5560 2376 5623 ait,
2411 5563 2466 5611 et
2496 5556 2849 5611 editionihus
2880 5559 3315 5627 adjuvantibus.

2344 5628 2366 5661 ³
2398 5631 2519 5681 Duo
2554 5644 2721 5695 mss.,
2767 5644 2869 5701 per
2898 5630 3088 5693 Deum,
3125 5645 3229 5701 pro
3275 5646 3375 5699 per
3422 5629 3733 5701 Christum;
3761 5630 3923 5681 Grae-

2271 5716 2376 5776 cu_s
2404 5694 2721 5776 utrumque
2751 5694 2957 5776 habet,
2989 5694 3349 5776 κηηρονόμξος
3377 5702 3509 5776 6ξοῦ
3547 5694 3921 5776 διὰᾼῌρβισξτοῦ,

2272 5771 2344 5828 ad
2377 5786 2551 5845 quem
2601 5769 2763 5844 refigi
2816 5770 3085 5847 placeret,
3107 5769 3296 5833 haeres
3326 5773 3426 5831 Dei
3465 5787 3570 5847 per
3618 5769 3921 5833 Christum.
