4332 6574
426 476 541 540 401

1079 472 1595 540 COMMENTAR.
1642 477 1721 540 IN
1768 475 2016 541 EPIST.
2065 476 2172 539 AD
2218 475 2503 542 GALA'I‘.
2548 481 2699 543 LIB.
2744 482 2823 557 ιι,
2868 481 3041 545 CAP.
3083 468 3226 548 Iv.‘

3730 476 3850 539 402

429 620 512 681 tu,
534 628 629 685 ego
661 611 820 669 hodie
850 626 1018 681 genui
1047 618 1119 667 te.
1174 613 1398 668 Postula
1440 630 1474 667 a
1527 628 1632 676 me,
1684 619 1735 667 et
1780 612 1917 667 dabo
1966 611 2072 667 tibi
2099 612 2154 679 Α
2183 612 2364 670 ἀωιιε.
2429 618 2491 669 ut
2543 615 2776 671 Judaeos
2828 616 3195 674 lucrifaceret
3254 619 3306 691 (I
3337 620 3463 676 Cor.
3499 636 3579 687 Ix,
3608 619 3724 693 20),
3785 621 3843 676 et

429 713 613 776 gentes
642 701 1009 758 hereditatem
1036 704 1212 766 tuam,
1243 710 1295 758 et
1337 704 1733 773 possessionem
1781 706 1933 757 tuam
1972 704 2081 757 ter-

429 796 609 850 minos
636 795 802 849 terrae
846 792 1015 864 (Psal.
1081 809 1142 859 ιι,
1188 795 1240 859 7,
1289 793 1365 863 8).
1414 793 1575 857 Quod
1620 795 1816 847 autem
1862 790 1921 846 in
1970 790 2079 846 hoc

430 880 555 939 loco
577 880 849 948 dicimus,
874 880 933 936 in
957 881 1179 936 caeteris
1204 897 1435 953 quoque
1449 881 1754 937 observare
1772 880 2074 947 debemus,

431 972 504 1028 de
528 975 647 1026 toto
677 986 888 1042 genere
917 970 1224 1027 hominum
1258 969 1546 1042 singulari
1577 985 1826 1025 numero
1862 969 2075 1041 dispu-

426 1059 557 1115 tari.
590 1058 806 1116 Omnes
836 1059 994 1115 enim
1027 1059 1352 1125 credentes,
1385 1076 1571 1114 unum
1604 1074 1815 1115 sumus
1840 1057 1899 1111 in
1920 1056 2077 1113 Chri-

426 1153 517 1206 sto
546 1149 707 1214 Jesu,
740 1152 798 1205 et
828 1150 1094 1206 membra
1124 1147 1385 1222 corporis
1406 1149 1555 1220 eius,
1589 1148 1722 1205 etin
1754 1148 2075 1220 perfectum

423 1237 613 1293 virum
647 1237 887 1305 redacti,
922 1237 1092 1293 illum
1122 1236 1411 1293 habemus
1469 1241 1668 1309 caput,
1718 1236 1857 1310 quia
1901 1240 2078 1309 caput

402 1324 530 1383 viri
569 1325 839 1382 Christus
869 1331 958 1383 est
987 1326 1032 1397 (Ι
1063 1326 1184 1383 Cor.
1216 1343 1293 1393 ιιι,
1324 1328 1401 1395 3).

495 1418 689 1484 (Vers.
748 1416 805 1483 8,
863 1415 942 1486 9.)
1002 1438 1030 1466 «
1066 1415 1179 1470 Sed
1235 1418 1377 1470 tunc
1435 1413 1674 1487 quidem
1747 1414 2073 1470 nescientes

424 1507 606 1562 Deum
639 1503 907 1561 servistis
936 1504 1030 1560 his
1061 1503 1162 1577 qui
1193 1508 1406 1560 natura
1436 1521 1548 1560 non
1574 1508 1743 1560 erant
1772 1502 1872 1558 dii.
1906 1503 2072 1559 Nunc

420 1610 558 1650 vero
590 1599 1009 1666 cognoscentes
1043 1597 1245 1662 Deum,
1280 1593 1472 1666 magis
1503 1597 1698 1649 autem
1731 1592 1947 1665 cogniti
2000 1592 2071 1648 ab

422 1699 510 1750 eo,
545 1682 835 1756 quomodo
884 1681 1289 1739 convertimini
1342 1682 1556 1738 iterum
1605 1683 1676 1738 ad
1735 1681 1971 1737 inﬁrma
2016 1685 2074 1737 et

420 1788 605 1845 egena
628 1772 937 1839 elementa,
974 1771 1189 1844 quibus
1234 1788 1467 1828 rursum
1523 1771 1739 1828 servire
1784 1770 1964 1827 vultis
1987 1771 2015 1825 ?
2042 1792 2064 1821 ι

420 1861 656 1920 Galatas
686 1878 836 1934 quos
867 1862 938 1917 ab
973 1861 1260 1918 idolorum
1294 1861 1455 1918 cultu
1486 1862 1559 1918 ad
1592 1861 1768 1917 ﬁdem
1810 1861 1911 1917 Dei
1949 1860 2070 1917 veri

419 1950 871 2023 transtulerunt,
905 1951 1117 2024 arguit,
1168 1952 1462 2053 quomodo
1520 1950 1690 2007 idolis
1749 1949 2064 2018 derelictis,
2099 1987 2147 2053 B

420 2057 548 2114 quae
581 2046 794 2097 natura
851 2057 966 2097 non
997 2046 1163 2097 erant
1193 2040 1297 2109 dii,
1330 2045 1386 2096 et
1414 2045 1831 2113 cognoscentes
1861 2044 2066 2108 Deum,

419 2130 612 2203 magis
643 2134 839 2186 autem
871 2129 1088 2203 cogniti
1118 2131 1191 2186 ab
1221 2129 1369 2202 ipso,
1403 2129 1614 2202 spiritu
1634 2146 1868 2203 quoque
1895 2130 2071 2201 adop-

418 2219 602 2277 tionis
634 2224 894 2293 accepto,
924 2236 1161 2276 rursum
1195 2219 1364 2292 quasi
1396 2219 1644 2292 parvuli,
1677 2224 1735 2275 et
1772 2220 1883 2275 sub
1914 2223 2070 2276 tuto-

419 2310 583 2366 ribus
632 2313 689 2365 et
729 2309 1044 2383 paedagogo
1075 2323 1204 2365 esse
1250 2309 1571 2381 cupientes,
1615 2310 1689 2365 ad
1734 2309 1970 2364 inﬁrma
2017 2313 2074 2365 et

417 2397 773 2472 paupertina
803 2402 1170 2455 revertantur
1202 2402 1218 2435 ¹
1254 2397 1562 2468 elementa,
1597 2415 1724 2471 qua:
1769 2403 2074 2471 prOpterea

415 2488 653 2544 inﬁrmo
686 2491 742 2543 et
772 2488 1010 2560 pauperi
1041 2504 1217 2544 sensu
1278 2485 1492 2560 pepulo
1544 2488 1681 2543 data
1729 2492 1870 2543 sunt
1917 2489 2071 2546 453

416 2577 477 2633 in
508 2578 760 2641 deserto,
797 2577 936 2649 quia
967 2594 1081 2633 non
1115 2581 1347 2649 poterat
1374 2576 1634 2650 accipere
1680 2581 1738 2633 et
1783 2576 2073 2633 sustinere

418 2667 662 2739 majora.
697 2666 910 2722 Eadem
944 2670 1140 2722 autem
1174 2666 1483 2729 elementa,
1511 2682 1639 2738 quae
1658 2682 1812 2721 nunc
1840 2667 2077 2723 inﬁrma

423 2760 481 2812 et
503 2771 686 2828 egena
716 2753 1049 2828 appellavit,
1091 2755 1366 2828 superius
1407 2758 1638 2810 tantum
1688 2756 1897 2811 mundi
1958 2756 2073 2812 ele-

421 2848 619 2901 menta
673 2844 886 2917 posuit.
938 2844 1006 2899 Et
1087 2843 1188 2899 ubi
1263 2843 1555 2900 elementa
1631 2845 1835 2899 mundi
1917 2845 2075 2901 dicta

421 2937 579 3004 sunt,
604 2932 682 2988 ibi
720 2949 836 2989 non
869 2938 959 2989 est
988 2933 1277 2998 additum,
1323 2933 1550 3003 inﬁrma
1577 2937 1629 2989 et
1678 2949 1866 3005 egena.
1929 2934 2075 2989 Hinc

420 3037 659 3079 rursum
683 3022 781 3078 ubi
815 3022 1052 3078 inﬁrma
1078 3028 1284 3079 vocata
1309 3027 1470 3090 sunt,
1504 3022 1725 3095 mundi,
1778 3029 1842 3079 ut
1892 3041 2075 3096 supra

425 3110 681 3168 diximus
712 3114 874 3184 (vers.
908 3112 983 3184 4),
1019 3128 1230 3168 nomen
1264 3116 1354 3168 est
1401 3113 1668 3168 tacitum.
1703 3117 1849 3168 Puto
1880 3112 2078 3185 itaque

423 3200 714 3273 quamdiu
747 3200 878 3272 quis
926 3200 1207 3273 parvulus
1238 3205 1348 3269 est,
1377 3218 1483 3257 nec
1523 3205 1809 3258 statutum
1844 3220 1877 3258 a
1910 3206 2075 3274 patre

428 3288 944 3363 tempusimplevit
965 3290 1124 3361 (vers.
1152 3290 1294 3363 1,2),
1318 3295 1384 3346 ut
1406 3289 1563 3363 ﬁlius
1587 3296 1645 3347 et
1666 3291 1848 3348 haeres
1877 3291 2075 3363 appel-

2190 701 2249 759 in
2282 704 2517 761 Ceneris
2548 721 2615 759 ex
2644 710 2773 761 voto
2805 722 3033 762 comam
3064 708 3316 764 totondit
3366 708 3503 780 (Act.
3554 727 3714 777 xvm,
3751 709 3832 781 8),

2190 796 2247 848 et
2303 793 2678 865 nudipedalia
2723 799 2899 867 atque
2938 797 3235 853 calvitium
3293 797 3722 871 Hierosolymis
3775 800 3836 858 in

2187 881 2406 955 templo
2436 883 2689 942 exercuit
2717 884 2852 955 (Act.
2904 902 3017 956 xxi,
3048 886 3118 939 24
3146 888 3338 959 seqq.),
3371 891 3437 942 ut
3474 903 3676 944 eorum
3727 904 3830 944 se-

2187 970 2351 1026 daret
2396 971 2697 1041 invidiam,
2746 975 2847 1045 qui
2904 974 3244 1031 catechizati
3286 976 3358 1031 de
3404 992 3470 1031 eo
3518 976 3539 1011 ³
3570 976 3831 1047 fuerant,

2188 1061 2342 1131 quod
2374 1066 2578 1117 contra
2607 1062 2794 1134 legem
2829 1063 3033 1135 Moysi,
3066 1068 3123 1119 et
3142 1064 3324 1121 Deum
3352 1065 3563 1121 faceret
3584 1066 3838 1138 prophe-

2185 1152 2382 1206 tarum
2406 1168 2417 1206 :
2455 1151 2538 1207 ita
2566 1155 2623 1206 et
2653 1156 2883 1209 sanctss
2908 1151 3065 1209 viros
3094 1154 3301 1211 fecisse
3334 1155 3575 1227 quidem
3608 1171 3675 1212 ea
3702 1172 3829 1228 quin

2187 1238 2336 1312 legis
2366 1244 2554 1308 erant,
2586 1242 2687 1297 sed
2720 1258 2960 1298 sensum
2993 1242 3182 1315 magis
3228 1243 3375 1317 legis
3423 1248 3657 1302 secutos
3704 1260 3833 1303 esse

2186 1345 2364 1401 quam
2395 1329 2671 1386 litteram.
2720 1330 2827 1395 Qui
2881 1349 2996 1388 non
3043 1331 3242 1389 minus
3293 1350 3471 1406 quam
3526 1334 3827 1392 Abraham

2184 1416 2414 1473 sublato
2446 1419 2515 1474 de
2547 1419 2690 1475 facie
2719 1420 3065 1491 velamento,
3100 1422 3410 1494 cupierunt
3434 1421 3631 1479 videre
3674 1424 3831 1480 diem

2182 1505 2419 1577 Christi,
2479 1512 2537 1563 et
2579 1509 2848 1564 viderunt
2900 1511 3057 1568 454
3112 1515 3169 1567 et
3213 1511 3390 1567 lentati
3440 1516 3612 1570 sunt:
3671 1513 3832 1570 Facti

2179 1593 2415 1651 inﬁrmo
2449 1596 2663 1669 populo
2693 1597 2935 1667 infirmi,
2986 1603 3051 1655 ut
3097 1599 3365 1657 inﬁrmos
3423 1600 3834 1659 lucrifacerent

2180 1684 2232 1753 (Ι
2258 1684 2378 1740 Cor.
2412 1702 2490 1755 IX,
2521 1686 2635 1757 22),
2669 1690 2727 1741 et
2757 1686 2851 1743 his
2882 1688 2983 1759 qui
3016 1688 3127 1743 sub
3157 1686 3284 1761 lege
3314 1693 3483 1745 erant
3510 1690 3680 1762 quasi
3737 1706 3826 1747 es-

2181 1777 2312 1829 sent
2359 1773 2473 1845 ipsi
2512 1775 2621 1830 sub
2672 1775 2816 1848 lege,
2855 1781 2923 1831 ut
2972 1793 3071 1833 eos
3128 1777 3202 1833 ab
3255 1776 3448 1848 idolis,
3485 1779 3703 1851 quibus
3761 1780 3822 1835 in

2179 1863 2423 1936 Egypto
2446 1871 2844 1933 assueverant,
2869 1871 3228 1938 separarent.
3252 1868 3589 1925 Absurdum
3612 1867 3830 1942 quippe

2178 1957 2269 2008 est
2298 1953 2531 2025 Moysen
2578 1959 2635 2009 et
2692 1960 2929 2011 caeteros
2995 1955 3465 2014 confabulatores
3514 1957 3618 2015 Dei
3657 1958 3717 2014 in
3758 1974 3828 2015 ea

2177 2041 2360 2097 fuisse
2390 2042 2751 2110 conditione,
2784 2049 2848 2099 ut
2876 2061 2993 2101 non
3024 2046 3334 2103 credamus
3364 2046 3448 2103 eis
3478 2048 3518 2117 ²,
3552 2051 3611 2103 et
3632 2048 3828 2120 praeﬁ-

2179 2131 2369 2187 nitum
2402 2135 2639 2204 tempus
2670 2149 2704 2187 a
2740 2133 2906 2190 Patre
2936 2134 3187 2205 venisse,
3237 2140 3297 2192 et
3342 2136 3677 2209 redemptos
3724 2153 3824 2195 eos

2179 2235 2308 2283 esse
2355 2219 2426 2275 de
2483 2221 2759 2277 servitute
2816 2221 3009 2295 legali,
3043 2228 3098 2279 et
3134 2224 3508 2297 adoptionem
3559 2225 3815 2282 ﬁliorum

2178 2313 2547 2378 consecutos,
2577 2315 2635 2366 et
2664 2310 3066 2368 haereditatem
3119 2313 3344 2386 cepisse
3388 2331 3524 2371 cum
3572 2314 3826 2372 Christo.

2182 2399 2555 2470 Quincunque
2599 2398 2756 2455 enim
2806 2403 2927 2456 toto
2973 2400 3169 2473 generi
3234 2401 3494 2459 humano
3543 2401 3832 2475 sapientia

2186 2485 2289 2542 Dei
2320 2486 2489 2560 quasi
2524 2487 2625 2543 uni
2661 2486 2806 2544 Filio
2837 2489 3110 2561 praestitit
3137 2491 3179 2560 ‘,
3211 2490 3333 2546 haec
3362 2491 3568 2548 eadem
3600 2491 3832 2548 unicui-

2187 2591 2301 2647 que
2333 2579 2671 2632 sanctorum
2707 2593 2939 2649 semper
2967 2594 3075 2633 suo
3097 2578 3302 2634 ordine
3321 2582 3378 2635 et
3398 2579 3836 2653 dispensatione

2183 2663 2398 2736 largita
2429 2668 2540 2720 est.
2573 2665 2781 2737 Legem
2834 2666 3003 2722 nobis
3032 2666 3210 2739 Moysi
3267 2667 3505 2723 inﬁrma
3551 2671 3609 2724 et
3654 2685 3839 2741 egena

2186 2753 2519 2809 dicentibus
2549 2752 2857 2823 elementa,
2890 2756 3257 2812 occasionem
3298 2755 3606 2814 inveniunt
3650 2757 3834 2815 haere-

2183 2842 2304 2908 tici,
2344 2846 2405 2897 ut
2436 2843 2747 2899 detrahant
2776 2843 3052 2914 Creatori,
3084 2846 3224 2917 quia
3253 2847 3543 2903 mundum
3566 2846 3838 2905 condide-

2189 2932 2286 2997 rit,
2319 2937 2375 2987 ot
2404 2932 2593 3004 legem
2625 2934 2904 2989 sanxerit.
2938 2934 3163 2998 Quibus
3195 2953 3300 2992 nos
3322 2936 3837 3008 respondebimus,

2183 3019 2240 3075 id
2275 3022 2429 3092 quod
2465 3038 2645 3094 supra
2675 3021 2955 3093 diximus,
2987 3023 3223 3080 inﬁrma
3253 3024 3347 3080 his
3376 3041 3505 3081 esse
3552 3029 3611 3081 et
3655 3041 3839 3097 egena

2185 3108 2493 3179 elementa,
2530 3110 2630 3184 qui
2663 3113 2733 3167 ad
2761 3129 2829 3167 ea
2875 3116 3010 3184 post
3039 3113 3331 3186 Evangelii
3365 3114 3614 3186 gratiam
3647 3131 3836 3171 rever-

2183 3202 2409 3255 tuntur.
2444 3202 2770 3273 Antequam
2804 3218 2936 3257 vero
2969 3202 3323 3274 preﬁnitum
3349 3207 3586 3276 tempus
3615 3203 3841 3261 veniret

2193 3306 2227 3344 a
2259 3293 2449 3355 Patre,
2484 3306 2599 3345 non
2624 3294 2744 3345 tam
2779 3290 3013 3347 inﬁrma
3043 3297 3101 3347 et
3130 3308 3311 3364 egena
3358 3291 3651 3365 appellata
3710 3309 3839 3350 esse

420 3377 529 3435 lari
558 3362 758 3451 queat,
773 3380 883 3434 sub
914 3378 1220 3436 elementis
1249 3395 1385 3435 eum
1411 3362 1641 3449 mundi,
1664 3380 1789 3452 lege
1808 3362 2077 3437 videlicet
2107 3362 2150 3430 C
2189 3378 2499 3445 elementa,
2532 3395 2707 3451 quam
2740 3380 2969 3434 mundi.
3003 3362 3268 3453 Denique
3298 3362 3646 3453 priusquam
3676 3382 3840 3437 Chri-

421 3484 552 3525 esse
584 3466 791 3540 Moysi.
825 3467 969 3524 Cum
1003 3472 1200 3523 autem
1232 3472 1364 3541 post
1400 3468 1727 3525 libertatem
1760 3469 1880 3525 ﬁlio
1910 3470 2074 3526 debi-

421 3562 544 3614 tam
580 3573 787 3614 rursus
822 3572 1092 3613 reversus
1132 3557 1309 3613 fuerit
1354 3558 1427 3613 ad
1472 3556 1683 3630 legem,
1734 3558 2075 3614 circumcidi

418 3646 645 3711 volens,
701 3651 759 3702 et
800 3649 984 3702 totam
1041 3645 1298 3702 Judaicaa
1339 3647 1776 3719 superstitionis
1824 3647 2076 3704 litteram

422 3737 615 3809 sequi,
648 3740 788 3792 tunc
838 3752 965 3808 qum
1014 3735 1180 3808 prius
1225 3735 1277 3791 ei
1321 3736 1526 3791 mundi
1558 3741 1789 3792 tantum
1848 3737 2081 3793 fuerant

428 3827 745 3893 elementa,
776 3825 1015 3882 inﬁrma
1040 3842 1274 3898 quoque
1306 3829 1363 3881 et
1391 3842 1573 3898 egena
1603 3826 1879 3882 dicuntur
1922 3842 2080 3882 exor-

428 3916 547 3973 dia.
584 3920 646 3971 In
680 3919 911 3971 tantum
942 3914 1097 3970 enim
1129 3914 1275 3970 nihil
1298 3920 1547 3987 prosunt
1576 3915 1899 3972 cultoribus
1930 3915 2077 3984 suis,

430 4009 497 4061 ut
527 4021 598 4061 ne
627 4005 738 4061 hac
768 4004 1009 4076 quidem
1042 4004 1126 4060 eis
1157 4004 1429 4060 exhibere
1459 4004 1689 4061 valeant
1738 4006 1893 4078 quod
1944 4010 2081 4061 ante

428 4093 842 4169 praestiterant,
897 4092 1320 4166 Hierosolyma,
1371 4093 1591 4166 templo
1640 4092 1929 4167 altarique
1977 4095 2081 4149 de-

431 4183 696 4240 structis.
730 4182 1101 4256 Respondeat
1141 4180 1380 4254 aliquis,
1431 4188 1487 4238 et
1537 4182 1729 4239 dicat:
1780 4184 1840 4239 Si
1890 4183 1979 4239 lex
2024 4188 2082 4239 ct

338 4312 345 4315 ν
433 4275 723 4345 praecepta
752 4288 883 4344 qum
914 4273 968 4327 in
1005 4270 1131 4345 lege
1163 4271 1496 4344 conscripta
1526 4276 1685 4341 sunt,
1743 4271 1981 4328 inﬁrma
2027 4276 2084 4328 et

430 4375 621 4434 egena
651 4358 940 4417 elementa
970 4364 1131 4429 sunt,
1154 4365 1211 4417 et
1238 4359 1299 4415 hi
1333 4358 1430 4432 qui
1463 4366 1855 4433 cognoverunt
1874 4362 2079 4433 Deum,

429 4448 621 4523 magis
652 4454 848 4507 autem
881 4449 1097 4523 cogniti
1129 4454 1269 4506 sunt
1299 4449 1371 4505 ab
1404 4465 1493 4517 eo,
1540 4448 1728 4522 legem
1778 4450 2083 4507 observare

434 4556 548 4596 non
583 4539 798 4596 debent
829 4543 924 4609 (ne
955 4539 1241 4612 incipiant
1288 4555 1406 4594 non
1457 4542 1578 4593 tam
1612 4543 1790 4595 Deum
1830 4539 2019 4596 colere
2050 4558 2084 4597 a

437 4646 551 4703 quo
584 4629 802 4704 cogniti
834 4633 995 4700 sunt,
1028 4646 1206 4701 quam
1240 4629 1309 4684 ad
1343 4645 1442 4684 eos
1472 4628 1679 4683 reverti
1713 4628 1813 4701 qui
1875 4634 2084 4685 natura

434 4735 551 4777 non
582 4724 724 4775 sunt
746 4718 873 4791 dii),
904 4723 1007 4774 aut
1036 4718 1226 4791 legem
1256 4718 1714 4773 observaverunt
1758 4717 1984 4791 Moyses
2028 4726 2084 4775 et
2112 4741 2159 4807 D

431 4807 755 4883 prophetae,
788 4812 846 4865 et
877 4824 990 4866 non
1024 4812 1421 4882 cognoverunt
1458 4812 1663 4874 Deum,
1717 4824 1820 4863 nec
1866 4808 2082 4881 cogniti

433 4902 574 4956 sunt
603 4897 675 4953 ab
734 4913 840 4965 eo;
877 4902 980 4953 aut
1009 4898 1058 4955 si
1115 4902 1512 4970 cognoverunt
1562 4902 1765 4965 Deum,
1807 4898 2085 4953 mandata

432 4983 580 5060 legis
610 4986 855 5043 minime
882 4987 1340 5060 compleverunt.
1374 4986 1536 5053 Quod
1594 4991 1909 5060 utrumque
1941 4987 2085 5060 peri-

437 5074 705 5133 culosum
738 5080 827 5133 est
856 5076 1084 5133 dicere:
1120 5080 1238 5131 Aut
1270 5075 1400 5131 illos
1430 5092 1547 5132 non
1596 5076 1806 5131 fecisse
1849 5095 1976 5148 qua:
2009 5076 2085 5133 1e-

437 5165 529 5238 gis
561 5169 719 5235 sunt,
751 5171 808 5222 et
839 5166 924 5223 sic
954 5166 1297 5240 cognovisse
1331 5170 1539 5221 Deum:
1576 5168 1679 5220 aut
1709 5181 1821 5221 non
1874 5182 2084 5239 cogno-

436 5254 591 5310 visse
620 5259 825 5323 Deum,
857 5256 1001 5312 dum
1032 5256 1268 5311 inﬁrma
1295 5259 1352 5311 et
1380 5271 1564 5327 egena
1599 5253 1743 5323 legis
1799 5254 2087 5311 elementa

437 5343 797 5401 custodiunt.
831 5346 995 5412 Quod
1031 5345 1269 5419 quidem
1302 5344 1387 5400 sic
1416 5343 1560 5400 solvi
1592 5348 1801 5417 potest,
1835 5348 1900 5399 ut
1929 5343 2086 5401 dica-

437 5448 573 5490 mus
604 5431 758 5503 illos,
790 5436 1084 5508 quomodo
1137 5433 1350 5492 Paulus
1382 5433 1572 5490 factus
1616 5436 1705 5490 est
1748 5433 1966 5490 Judmis
1993 5434 2091 5491 Ju-

514 5613 529 5685 8
557 5610 753 5685 [idem
773 5630 943 5685 mss.,
975 5613 1045 5669 ad
1074 5615 1300 5685 inﬁrma
1328 5621 1381 5669 et
1409 5627 1581 5685 egena
1607 5619 1980 5670 revertantur.

510 5684 533 5719 ³
563 5683 853 5759 Rescribit
879 5657 1173 5759 Victorius
1203 5688 1275 5759 ad
1308 5657 1549 5759 ειιοιδῖιιιι
1581 5702 1725 5741 mss.
1770 5687 1967 5759 ﬁdem,
1998 5687 2094 5759 qni

436 5758 665 5888 fatigati
686 5757 858 5832 deeo,
890 5762 1004 5815 etc.
1052 5757 1248 5815 Nostri
1304 5774 1440 5815 cum
1500 5757 1791 5831 impressa
1846 5746 2091 5815 lectione

464 5843 635 5887 aciun
670 5871 685 5887 .

464 5843 685 5887 sciunt.

2186 3468 2262 3523 sti
2292 3467 2350 3521 in
2382 3471 2501 3522 toto
2531 3468 2670 3522 orbe
2700 3468 3077 3541 Evangelium
3108 3474 3459 3535 coruscaret,
3504 3469 3841 3526 habuerunt

2186 3573 2362 3613 suum
2391 3555 2675 3627 fulgorem
2709 3562 2997 3629 praecepta
3027 3557 3238 3631 legalia
3268 3584 3283 3627 ;
3336 3566 3653 3631 postquam
3700 3574 3835 3616 vero

2187 3646 2382 3717 majus
2409 3645 2753 3717 evangelicze
2776 3647 2974 3718 gratia:
2993 3646 3194 3703 lumen
3221 3646 3460 3714 eﬁ‘ulsit,
3477 3652 3533 3704 et
3562 3646 3842 3719 scljusti-

2186 3734 2279 3790 tiae
2294 3734 2399 3789 toti
2423 3735 2643 3790 mundo
2666 3751 2727 3790 se
2750 3736 3028 3807 prodidit,
3054 3736 3358 3793 stellarum
3381 3737 3579 3793 lumen
3599 3738 3844 3795 abscon-

2188 3824 2378 3879 ditum
2409 3828 2516 3890 est,
2551 3828 2607 3879 et
2636 3841 2837 3881 earum
2863 3826 3009 3881 radii
3041 3826 3457 3899 caligaverunt:
3492 3828 3575 3883 ita
3605 3833 3669 3883 ut
3690 3832 3842 3899 Apo-

2190 3913 2376 3970 stolus
2406 3914 2464 3968 in
2497 3912 2609 3969 alio
2640 3913 2765 3970 loco
2823 3915 3073 3973 diceret:
3134 3919 3274 3973 Nam
3322 3934 3424 3973 nec
3463 3916 3843 3989 gloriﬁcatum

2190 4010 2285 4069 est,
2320 4001 2462 4073 quod
2491 4004 2860 4074 glori/iculum
2900 4005 3015 4076 fuit
3046 4008 3105 4059 in
3152 4007 3257 4061 hac
3284 4013 3459 4077 parte,
3485 4010 3718 4077 propter
3746 4022 3842 4062 ex-

2189 4091 2477 4146 cellentem
2504 4091 2745 4162 gloriam
2772 4092 2845 4163 (ll
2877 4092 2998 4147 Cor.
3032 4110 3117 4160 ιιι,
3168 4095 3276 4162 10).
3326 4095 3489 4158 Quod
3537 4093 3668 4150 aliis
3714 4111 3841 4151 ver-

2190 4180 2282 4236 bis
2313 4196 2468 4234 nunc
2490 4178 2771 4251 loquitur,
2808 4183 2872 4235 ut
2918 4180 3096 4248 dicat,
3153 4180 3245 4236 lex
3294 4181 3473 4254 Moysi
3525 4199 3655 4254 quas
3710 4189 3845 4239 ante

2190 4268 2569 4340 Evangelium
2601 4268 2783 4340 dives,
2816 4274 2873 4324 et
2902 4268 3203 4341 opulenta,
3236 4274 3294 4326 et
3323 4270 3482 4327 clara
3528 4270 3660 4342 fuit,
3711 4276 3845 4342 post

2192 4359 2504 4416 adventum
2555 4358 2773 4414 Christi
2822 4359 2894 4414 ad
2940 4359 3440 4431 comparationem
3490 4359 3622 4431 ejus
3672 4359 3844 4431 quasi

2191 4447 2427 4503 inﬁrma
2481 4452 2539 4504 et
2585 4464 2789 4521 egena,
2833 4448 3152 4504 immunita
3204 4454 3376 4521 atque
3419 4448 3722 4505 destructa
3758 4452 3848 4505 est

2193 4539 2264 4593 ab
2297 4553 2362 4593 co
2393 4536 2493 4608 qui
2527 4538 2718 4609 major
2747 4537 2859 4593 fuit
2884 4536 3215 4605 Salomone,
3249 4543 3307 4593 et
3338 4537 3582 4611 templo,
3613 4542 3671 4594 et
3698 4537 3849 4595 Jona

2194 4625 2402 4698 (Matth.
2439 4643 2542 4697 xu,
2579 4627 2680 4688 42;
2727 4644 2804 4692 VI,
2832 4628 2941 4699 41).
2971 4628 3132 4693 Quod
3178 4627 3335 4683 enim
3385 4627 3673 4701 scriptum
3720 4631 3843 4685 est:

2194 4716 2359 4770 Illum
2402 4724 2624 4787 apoptet
2655 4733 2917 4782 crescere,
2962 4733 3050 4774 me
3107 4726 3290 4773 autem
3333 4719 3519 4773 minui
3557 4719 3735 4790 (Joan.
3787 4734 3845 4785 ιι,

2189 4806 2321 4875 30);
2371 4821 2485 4859 non
2509 4810 2627 4859 tam
2677 4821 2745 4860 ex
2765 4804 3031 4874 Joannis,
3076 4823 3254 4878 quam
3280 4823 3349 4861 ex
3392 4805 3540 4879 legis
3591 4822 3844 4871 persona

2191 4893 2413 4949 dictum
2435 4894 2741 4965 puto,quia
2762 4910 2992 4966 semper
3012 4894 3473 4952 ceduntminora
3495 4896 3843 4967 majoribus,

2191 4988 2247 5039 et
2273 4982 2529 5056 perfecta
2554 4983 2739 5039 initiis
2774 4990 3201 5057 proponuntur.
3235 4983 3399 5041 Alias
3450 4993 3643 5042 autem
3689 4984 3849 5040 inﬁr-

2195 5088 2293 5127 ma
2319 5076 2377 5126 et
2409 5086 2593 5143 egena
2624 5070 2937 5143 elementa,
2984 5072 3319 5129 Judzeorum
3368 5072 3733 5138 traditiones,
3784 5074 3843 5125 ct

2195 5160 2801 5218 secundumlitteram
2825 5160 3001 5218 vilem
3033 5161 3484 5236 intelligentiam
3535 5159 3848 5216 conﬁrma-

2197 5251 2412 5319 bimus,
2444 5266 2570 5322 quac
2605 5252 3219 5323 suntjustiﬁcationes
3252 5267 3366 5306 non
3399 5250 3585 5314 bonae,
3618 5252 3674 5303 et
3697 5263 3836 5319 prae-

2196 5344 2364 5413 cepta
2413 5355 2526 5395 non
2571 5340 2743 5397 bona.
2793 5342 2942 5399 455
2996 5340 3256 5397 Robusta
3301 5338 3516 5410 quippe
3564 5340 3621 5392 et
3681 5336 3841 5393 dives

2195 5440 2283 5491 est
2316 5435 2477 5508 Legis
2510 5432 2894 5505 intelligentia
2943 5428 3270 5503 spiritualis
3319 5425 3536 5498 (Bacch.
3586 5442 3681 5495 xx,
3722 5425 3837 5495 25),

2269 5614 2553 5680 3Absque
2604 5608 2855 5683 negandi
2901 5602 3189 5679 particula
3232 5600 3477 5658 Palatin.
3539 5619 3713 5674 mss.,
3792 5611 3855 5660 ut

2200 5686 2491 5742 credamus
2520 5686 2617 5739 eis.

2272 5758 2292 5792 ⁵
2318 5758 2427 5814 Alii
2459 5755 2598 5814 editi
2629 5751 2784 5823 libri,
2818 5750 2977 5824 quasi
3006 5750 3066 5804 in
3103 5747 3244 5804 Filio
3275 5748 3563 5821 praestitit,
3594 5750 3709 5807 eto’.
