4332 6574
449 390 566 453 403
1709 392 1777 455 S.
1823 388 2136 453 EUSEBII
2180 387 2643 451 HIEBONYMI‘

449 526 537 582 ita
566 525 633 579 at
654 522 756 578 aut
781 521 1018 595 penitus
1045 520 1401 578 elementum
1425 539 1540 581 non
1564 525 1772 581 debeat
1796 523 2097 596 appellari.
2131 524 2183 589 Α
2216 522 2375 592 (Ibid.
2414 523 2499 576 14.
2532 521 2725 593 seqq).
2750 521 2821 575 Et
2877 518 3013 575 alibi
3043 534 3055 573 :
3109 518 3300 574 Tribus
3344 516 3685 588 temporibus
3731 522 3869 575 anni

456 616 560 671 aut
587 611 944 668 elementum
977 610 1213 683 quidem
1238 611 1315 667 sit
1340 614 1771 684 comparatione
1794 613 1972 668 futuri
1996 630 2100 669 sas-

460 698 598 771 ouli,
647 702 705 755 et
748 700 875 755 vitae
922 698 982 753 in
1036 699 1264 754 Christo
1310 702 1475 769 Jesu,
1529 718 1646 773 qua
1704 717 1859 757 nunc
1905 701 2108 756 vivunt

463 787 1067 862 augelisupernaaque
1113 789 1379 843 virtutes.
1430 790 1638 845 Sensui
1689 806 1820 845 vero
1863 789 2106 845 Judaico

462 881 824 951 comparata,
861 894 977 934 non
1008 881 1128 933 tam
1162 877 1537 944 elementum,
1572 877 1680 933 hoc
1711 883 1818 946 est,
1850 878 2104 949 initium,

462 983 638 1042 quam
670 966 946 1039 perfectio
978 972 1368 1039 nuncupetur.
1402 968 1563 1033 Quod
1596 972 1787 1022 autem
1811 967 1927 1022 ait:
1954 969 2109 1024 Nune

459 1060 586 1115 vero
615 1061 996 1126 cognoscentes
1025 1058 1215 1126 Deum,
1248 1058 1424 1125 magis
1452 1061 1635 1112 autem
1666 1056 1873 1125 cogniti
1908 1058 1976 1111 ab
2024 1073 2103 1123 eo,

460 1143 608 1203 illud
638 1142 913 1212 ostendit,
948 1146 1110 1216 quod
1142 1150 1276 1217 post
1306 1144 1594 1199 idolorum
1626 1144 1871 1216 cultum,
1922 1146 2107 1200 Deum

461 1230 857 1291 intellexerint
910 1232 1146 1300 Galatae,
1201 1234 1290 1289 vel
1341 1233 1538 1305 potius
1589 1233 1703 1306 ipsi
1780 1233 2109 1306 cognitione

467 1325 595 1396 ejus
626 1321 789 1395 digni
819 1319 937 1377 sint
975 1322 1248 1392 judicati.
1303 1322 1428 1378 Non
1478 1323 1633 1394 quod
1680 1322 1834 1379 Deus
1878 1323 2113 1379 Creator

462 1426 728 1469 omnium
760 1407 983 1482 aliquid
1013 1408 1273 1481 ignoret;
1310 1412 1409 1466 sed
1446 1412 1599 1483 quod
1627 1428 1724 1467 eos
1747 1416 1979 1467 tantum
2002 1412 2113 1467 sci-

462 1492 796 1581 redicatur,
830 1499 931 1571 qui
984 1516 1239 1556 errorem
1293 1501 1505 1572 pietate
1553 1500 1927 1557 mutaverint.
1981 1502 2110 1573 Cog-

463 1591 637 1646 noscit
678 1589 941 1644 Dominus
992 1590 1084 1659 qui
1128 1600 1255 1643 sunt
1306 1590 1422 1661 ejus
1474 1591 1547 1662 (II
1591 1592 1725 1646 Tim.
1774 1608 1833 1658 ιι,
1886 1592 1993 1661 19).
2046 1591 2114 1646 Et

465 1677 730 1737 Salvator
750 1677 807 1732 in
840 1677 1147 1751 Evangelio
1174 1695 1185 1732 :
1210 1680 1321 1748 Ego
1350 1696 1490 1751 sum,
1523 1680 1623 1747 ait,
1679 1684 1869 1752 pastor
1922 1681 2109 1747 bonus,

462 1776 516 1826 et
542 1783 794 1843 cognosco
823 1783 989 1839 meos,
1043 1771 1091 1823 et
1134 1773 1459 1838 cognoscunt
1503 1784 1592 1823 me
1632 1786 1764 1824 meae
1818 1770 1999 1840 (Joan.
2055 1788 2108 1825 χ.

469 1858 578 1927 14).
610 1857 862 1923 Ecoutra
890 1858 963 1912 ad
1012 1856 1261 1930 impios:
1317 1858 1503 1913 Nescio
1554 1875 1666 1923 vos,
1705 1858 1938 1913 recedite
1966 1875 1997 1913 a
2027 1875 2114 1913 me
2143 1896 2191 1961 B

463 1948 710 2021 operarii
736 1946 1047 2021 iniquitatis
1078 1947 1228 2017 (Luc.
1261 1964 1384 2015 χιιι,
1417 1947 1527 2016 27).
1562 1950 1628 2001 Et
1657 1949 1727 2003 ad
1762 1946 1970 2003 stultas
2000 1947 2113 2002 vir-

464 2038 631 2110 gines
656 2052 668 2091 :
702 2038 899 2093 Nescio
924 2052 1013 2091 vos
1037 2037 1302 2107 queeestis
1327 2035 1597 2108 [Al.sitis]
1625 2036 1979 2109 (Matth.xxv,
2004 2038 2028 2091 1
2073 2036 2111 2108 ).

466 2126 653 2198 (Vera.
689 2126 777 2196 10,
825 2124 939 2197 Η.)
997 2124 1189 2179 «Dies
1247 2126 1589 2194 observatis,
1652 2131 1707 2181 et
1753 2143 2006 2193 menses,
2062 2129 2118 2181 et

464 2219 753 2287 tempora,
784 2218 842 2270 et
862 2231 1068 2285 annos,
1097 2213 1273 2271 timeo
1299 2232 1421 2282 vos,
1462 2215 1523 2270 ni
1579 2216 1725 2271 forte
1769 2215 1894 2271 sine
1942 2231 2118 2271 causa

466 2302 852 2367 laboraverim
875 2304 935 2358 in
967 2303 1199 2358 vobis.»
1225 2303 1333 2367 Qui
1375 2321 1488 2358 non
1535 2305 1740 2360 adorat
1776 2304 2005 2360 Patrem
2058 2304 2116 2358 in

468 2384 681 2465 spiritu
712 2395 772 2447 et
787 2390 1045 2459 veritate,
1081 2394 1267 2447 nescit
1289 2391 1717 2449 sabbatismum
1758 2393 1978 2449 sanctis
2027 2410 2115 2453 re-

464 2478 747 2554 positum,
771 2480 843 2536 de
874 2497 988 2553 quo
1019 2479 1281 2552 loquitur
1330 2486 1480 2537 Deus
1511 2499 1523 2535 :
1568 2482 1629 2537 Si
1678 2483 2017 2537 introierunt
2058 2483 2119 2536 in

464 2569 713 2641 requiem
732 2584 909 2625 meam
934 2569 1107 2635 (Psat.
1158 2569 1389 2641 xcxv,):
1423 2573 1481 2626 et
1525 2587 1642 2627 non
1684 2572 1754 2627 de
1805 2571 1921 2627 illis
1970 2575 2116 2625 tem-

467 2657 711 2731 poribus
732 2658 1095 2725 recordatur,
1117 2658 1188 2715 de
1212 2659 1427 2730 quibus
1448 2660 1734 2732 scriptum
1767 2664 1891 2715 est:
1926 2663 2119 2716 Recor-

465 2747 692 2817 damini
720 2746 941 2802 dierum
972 2748 1166 2804 saeculi
1190 2749 1319 2819 (Isa.
1354 2766 1501 2815 XLVI,
1552 2749 1628 2818 9).
1661 2750 1729 2804 Et
1780 2749 1915 2805 alibi
1946 2766 1957 2805 :
2010 2750 2117 2805 Me-

464 2841 711 2894 moratus
739 2854 859 2892 sum
876 2836 991 2893 dies
1009 2839 1278 2909 antiquos,
1298 2840 1349 2894 et
1369 2855 1543 2894 annos
1570 2848 1805 2896 aeternos
1836 2856 1896 2893 in
1942 2848 2119 2895 mente

466 2914 639 2981 habui
670 2926 841 2997 (Psal.
876 2941 1059 2994 Lxxvt,
1091 2927 1169 2996 6).
1227 2925 1357 2981 Dies
1402 2926 1679 2983 Judaicos
1729 2928 2015 2993 observat,
2064 2932 2121 2983 et

468 3030 723 3081 menses,
769 3018 826 3069 et
854 3017 1138 3086 tempora,
1172 3018 1228 3069 et
1274 3031 1478 3070 annos.
1533 3010 1699 3082 Dies,
1739 3020 1803 3071 ut
1855 3016 2116 3083 Sabbati,

466 3105 525 3183 et
553 3102 897 3169 ueomeniaa,
931 3107 1041 3158 eta
1074 3102 1301 3158 decima
1331 3104 1553 3160 mensis
1602 3105 1776 3177 primi
1825 3122 2014 3177 usque
2046 3106 2118 3161 ad

470 3196 741 3265 quartam
773 3191 1086 3260 decimam,
1121 3208 1238 3263 qua
1267 3209 1455 3263 agnus
1513 3210 1824 3266 corporeus
1866 3194 2118 3250 victimae

467 3284 819 3351 reservatur,
853 3284 908 3337 et
929 3298 961 3336 a
982 3284 1193 3352 quarta
1214 3281 1440 3337 decima
1463 3300 1651 3354 usque
1672 3284 1741 3337 ad
1778 3283 2119 3339 vicesimam
2151 3260 2194 3328 C

470 3370 724 3445 primam
761 3370 1024 3443 ejusdem
1059 3369 1301 3439 mensis,
1335 3373 1569 3443 quando
1588 3390 1790 3445 azyma
1810 3374 2127 3429 comedun-

470 3464 572 3515 tur
602 3459 793 3532 (Exod.
821 3478 921 3528 χιι,
949 3462 1001 3529 3,
1039 3460 1147 3527 18),
1181 3478 1296 3516 non
1328 3461 1680 3517 sinceritatis
1739 3467 1795 3517 et
1843 3462 2125 3531 veritatis,

478 3548 581 3605 sed
613 3549 672 3605 in
705 3550 988 3605 fermento
1020 3548 1200 3605 veteri
1226 3549 1459 3605 malitiae
1491 3556 1547 3606 et
1580 3548 1874 3624 'nequitize
1923 3550 2126 3607 Phari-

481 3653 731 3693 saeorum
762 3639 811 3709 (Ι
836 3637 960 3692 Cor.
991 3656 1047 3703 v,
1069 3639 1146 3702 8).
1180 3643 1411 3711 Septem
1454 3657 1686 3712 quoque
1742 3640 2127 3714 septimanas,

481 3723 583 3797 qui
614 3724 731 3780 ritu
760 3724 1007 3780 Judaico
1029 3730 1162 3797 post
1192 3744 1393 3797 azyma
1418 3732 1737 3799 computat,
1762 3729 1887 3784 dies
1911 3728 2132 3784 Israeli-

477 3813 603 3883 ticae
635 3817 1008 3881 Pentecostes
1054 3813 1192 3869 colit
1223 3816 1413 3882 (Exod.
1457 3833 1572 3871 χιχ.
1622 3818 1696 3889 1).
1752 3817 1867 3872 Nec
1912 3834 2024 3873 non
2077 3821 2133 3873 et

483 3900 817 3974 clangorem
848 3901 1123 3957 tubarum
1156 3920 1357 3959 mense
1389 3905 1637 3977 septimo
1668 3905 1859 3978 prima
1914 3906 2133 3961 mensis

482 3982 676 4060 (Exod.
710 4007 872 4057 χχιιι,
909 3992 1015 4063 16).
1060 3991 1295 4047 Decima
1326 4010 1557 4066 quoque
1596 3996 1859 4065 ejusdem
1911 3995 2133 4051 mensis

481 4078 875 4153 expiationem
908 4085 964 4135 et
987 4082 1308 4153 jejunium,
1345 4087 1402 4139 et
1433 4084 1810 4157 scenopegias
1858 4102 1926 4140 ex
1973 4101 2133 4140 more

482 4169 734 4243 figentes
766 4171 938 4225 Levii.
967 4188 1132 4241 χχιιι,
1162 4171 1276 4243 3-1),
1308 4172 1584 4229 Judaicos
1631 4174 1941 4229 observant
1987 4173 2132 4244 dies,

484 4258 721 4315 Menses
737 4264 935 4315 autem
960 4259 1315 4327 custodiunt,
1332 4262 1430 4332 qui
1463 4262 1719 4333 primum
1744 4267 1799 4317 et
1821 4263 2136 4333 septimum

488 4365 757 4405 mensem
789 4348 979 4419 (Levit.
1009 4367 1173 4415 χχιιι,
1222 4350 1278 4419 5,
1330 4351 1385 4415 6,
1430 4351 1520 4421 24,
1568 4352 1658 4420 3-1,
1714 4352 1803 4417 39,
1851 4352 1960 4419 41),
2022 4367 2135 4405 non

481 4434 886 4508 intelligentes
927 4437 1269 4508 mysterium
1300 4439 1580 4505 veritatis,
1609 4440 1939 4495 observant.
1974 4440 2139 4494 Tem-

486 4541 632 4598 pora
660 4540 896 4595 quoque
928 4526 1081 4583 450
1115 4525 1336 4596 colunt,
1360 4527 1459 4598 qui
1494 4532 1577 4583 ter
1632 4545 1735 4601 per
1780 4546 1966 4585 annos
2015 4528 2138 4584 siu-

2215 611 2502 684 apparebit
2522 610 2897 666 masculinum
2924 612 3083 664 tuum
3115 608 3174 662 in
3204 611 3492 679 conspectu
3520 606 3742 663 Domini
3772 608 3871 665 Dei

2217 703 2300 755 tui
2329 700 2520 770 (Exod.
2554 717 2741 765 χχχιν,
2791 699 2903 769 23).
2960 696 3122 764 Quod
3176 702 3375 751 autem
3421 696 3519 763 ait,
3573 702 3627 751 et
3669 713 3865 766 annos,

2216 794 2359 861 puto
2389 790 2459 843 de
2489 787 2737 859 septimo
2770 785 3134 843 remissionis
3165 802 3317 840 anno
3346 785 3482 850 dici,
3514 788 3571 839 et
3601 785 3671 841 de
3701 784 3869 858 quin-

2218 879 2764 949 quagesimo,quem
2790 875 2874 930 illi
2894 874 3192 931 Juhileum
3210 873 3682 929 vocant.Plenius
3706 873 3867 930 hunc

2217 966 2410 1023 locum
2443 967 2516 1021 ad
2547 965 2917 1021 Colossenses
2965 963 3273 1035 Apostolos
3330 962 3577 1035 explicat
3626 963 3864 1020 dicens:

2217 1056 2383 1111 Nemo
2410 1066 2534 1126 ergo
2566 1072 2655 1110 vos
2675 1055 2885 1128 judicet
2916 1056 2975 1109 in
3004 1054 3141 1124 cibo,
3175 1057 3283 1109 aut
3341 1055 3401 1108 in
3445 1056 3597 1125 potu,
3656 1056 3756 1109 aut
3810 1054 3872 1108 in

2212 1149 2375 1218 parte
2405 1145 2519 1199 diei
2536 1146 2683 1216 festi,
2705 1146 2802 1199 aut
2830 1144 3152 1210 neomenise,
3190 1147 3288 1199 aut
3332 1143 3699 1209 sabbatorum,
3746 1157 3867 1214 qua:

2217 1234 2571 1289 suntumbra
2598 1236 2919 1304 futurorum
2951 1234 3175 1305 (Cotoss.
3209 1250 3272 1296 ιι,
3307 1231 3414 1303 16).
3474 1231 3703 1287 Partem
3750 1230 3865 1287 diei

2219 1322 2353 1378 festi
2386 1324 2457 1378 ad
2489 1323 2929 1378 distinctionem
2960 1326 3255 1395 perpetuaa
3287 1319 3616 1376 festivitatis
3646 1318 3740 1374 hic
3771 1336 3868 1392 po-

2221 1412 2358 1479 suit,
2391 1415 2456 1466 ut
2485 1428 2600 1466 non
2632 1412 2890 1477 brevem,
2923 1415 3002 1478 et,
3027 1414 3092 1465 ut
3122 1411 3204 1465 ita
3225 1409 3442 1478 dicam,
3464 1410 3644 1465 totius
3661 1425 3866 1481 corpo-

2221 1501 2302 1557 ris
2334 1500 2652 1573 quamdam
2684 1498 3057 1573 particulam,
3092 1499 3194 1555 sed
3240 1504 3429 1555 totum
3474 1499 3603 1553 vita
3656 1502 3868 1553 nostra

2222 1589 2481 1662 spatium
2498 1594 2789 1661 perpetuae
2807 1588 3100 1645 ianristo
3120 1587 3509 1645 solemnitatis
3521 1586 3867 1643 habeamus.

2221 1679 2291 1733 Et
2313 1683 2377 1734 ut
2408 1679 2829 1752 posterioribus
2860 1676 3054 1750 priora
3085 1682 3448 1747 connectam,
3479 1675 3621 1748 quid
3651 1675 3870 1748 delega

2224 1768 2407 1841 Moysi
2440 1772 2493 1823 et
2518 1769 2588 1823 de
2620 1767 2918 1840 superﬂua
2948 1766 3209 1823 ciborum
3258 1765 3596 1821 curiositate
3649 1763 3708 1819 in
3758 1763 3868 1819 hac

2223 1858 2425 1913 eadem
2460 1856 2717 1928 Epistola
2746 1856 3023 1922 sentiant,
3057 1854 3254 1912 statim
3279 1850 3584 1926 subjungit
3607 1860 3663 1909 et
3684 1850 3869 1925 loqui-

2220 1951 2320 2001 tur
2348 1963 2361 2003 :
2394 1948 2463 2003 Si
2489 1948 2639 2001 enim
2667 1947 2879 2002 mortui
2906 1945 3038 2001 estis
3066 1961 3189 2001 cum
3222 1942 3458 2010 Christo,
3486 1943 3557 1998 ab
3584 1942 3870 1999 elementis

2221 2036 2419 2091 mundi
2448 2036 2629 2107 hujus,
2666 2035 2797 2108 quid
2829 2033 3005 2089 adhuc
3052 2037 3320 2105 tanquam
3372 2033 3612 2088 viventes
3662 2034 3724 2087 in
3773 2031 3870 2088 hoc

2222 2125 2426 2181 mundo
2457 2125 2785 2181 decernitis?
2815 2125 2889 2180 Ne
2919 2124 3232 2195 tetigeritis,
3280 2136 3456 2193 neque
3499 2121 3869 2191 gastaveritis.

2222 2232 2398 2288 neque
2427 2217 2913 2285 contrectaveritis,
2946 2229 3070 2286 quae
3115 2220 3244 2269 sunt
3300 2213 3487 2268 omnia
3534 2212 3596 2267 in
3645 2210 3876 2266 interitu

2225 2308 2342 2380 ipso
2374 2322 2496 2369 usu,
2529 2305 2823 2361 secundum
2848 2308 3127 2376 praecepta
3158 2312 3208 2379 et
3249 2302 3539 2358 doctrinas
3587 2300 3877 2355 hominum

2225 2394 2383 2465 (Ibid.
2420 2394 2627 2465 20-22).
2663 2393 2829 2449 Dicat
2857 2392 3074 2465 aliquis
3104 2409 3116 2446 :
3152 2391 3210 2447 Si
3242 2390 3365 2447 dies
3395 2389 3701 2446 observare
3758 2403 3875 2443 non

2229 2482 2385 2549 licet,
2422 2488 2478 2538 et
2507 2498 2765 2552 menses,
2788 2486 2845 2537 et
2871 2485 3156 2553 tempora,
3190 2483 3248 2535 et
3276 2494 3482 2546 annos,
3516 2494 3624 2533 nos
3646 2492 3878 2550 quoque

2229 2570 2419 2627 simile
2452 2570 2675 2627 crimen
2707 2569 3075 2625 incurrimus
3108 2572 3382 2639 quartam
3415 2565 3646 2643 sabbati
3677 2566 3876 2621 obser-

2226 2666 2452 2726 vantes,
2483 2664 2540 2715 et
2570 2675 2939 2732 parasceven,
2973 2661 3030 2713 et
3060 2656 3213 2713 diem
3250 2654 3632 2722 Dominicam,
3656 2653 3882 2726 etjeju-

2228 2750 2395 2805 nium
2445 2748 2937 2821 Quadragesimaa,
2989 2750 3045 2803 et
3083 2745 3318 2801 Paschae
3374 2739 3768 2813 festivitatem,
3818 2747 3877 2799 et

2228 2843 2597 2895 Pentecostes
2628 2837 2915 2910 lzetitiam,
2949 2840 3005 2892 et
3060 2852 3163 2909 pro
3212 2833 3491 2891 varietate
3547 2833 3872 2906 regionum,

2227 2927 2453 2983 diversa
2483 2928 2542 2983 in
2574 2927 2794 2983 honore
2843 2930 3169 2998 martyrum
3219 2928 3488 2995 tempora
3535 2922 3871 2979 constituta.

2226 3017 2310 3073 Ad
2342 3017 2497 3088 quod
2532 3016 2633 3089 qui
2676 3015 3022 3088 simpliciter
3074 3013 3467 3086 respondebit,
3520 3013 3707 3069 dicet:
3758 3028 3874 3068 non

2227 3106 2460 3162 eosdem
2492 3105 2750 3162 Judaicae
2782 3103 3208 3161 observationis
3264 3103 3389 3159 dies
3417 3119 3546 3159 esse
3578 3118 3724 3173 quos
3770 3118 3875 3157 no-

2235 3200 2410 3252 stros.
2442 3195 2559 3251 Nos
2591 3194 2746 3249 enim
2787 3211 2902 3249 non
2960 3209 3299 3268 azymorum
3357 3191 3574 3264 pascha
3622 3188 3875 3246 celebra-

2235 3302 2391 3349 mus,
2415 3283 2514 3339 sed
2543 3282 2988 3339 resurrectionis
3010 3286 3065 3338 et
3087 3281 3296 3337 crucis.
3320 3281 3435 3336 Nec
3469 3284 3690 3351 septem
3708 3279 3880 3351 juxta

2236 3389 2458 3429 morem
2483 3371 2659 3429 Israel
2692 3388 3075 3428 numeramus
3119 3370 3519 3427 hebdomadas
3564 3369 3625 3424 in
3672 3366 3878 3423 Pente-

2238 3467 2416 3529 coste,
2452 3460 2551 3518 sed
2614 3460 2869 3535 Spiritus
2930 3460 3119 3517 sancti
3168 3475 3518 3515 veneramur
3565 3459 3880 3514 adventum

2238 3553 2378 3625 (Act.
2406 3569 2465 3623 ιι,
2496 3556 2531 3607 2
2562 3569 2729 3626 seqq.)
2759 3553 2829 3607 Et
2854 3568 2925 3607 ne
2974 3550 3306 3607 inordinata
3362 3546 3735 3624 congregatio
3781 3564 3880 3621 po-

2238 3640 2363 3715 puli
2398 3641 2573 3696 fidem
2608 3643 2622 3675 ¹
2657 3640 2949 3697 minueret
2994 3640 3054 3696 in
3114 3639 3363 3706 Christo,
3412 3642 3717 3711 pr0pterea
3757 3635 3883 3692 dies

2238 3729 2419 3803 aliqui
2451 3729 2755 3786 constituti
2786 3736 2944 3801 sunt,
2984 3734 3045 3784 ut
3080 3730 3139 3784 in
3170 3745 3355 3784 unum
3405 3743 3609 3784 omnes
3667 3724 3884 3797 pariter

2238 3819 2591 3875 veniremus.
2617 3819 2739 3873 Non
2773 3836 2887 3891 quo
2915 3816 3197 3875 celebrior
3228 3817 3305 3873 sit
3324 3817 3449 3873 dies
3480 3815 3579 3870 illa
3608 3830 3723 3886 qua
3752 3828 3885 3867 con-

2238 3909 2530 3973 venimus,
2564 3907 2664 3963 sed
2715 3924 2830 3979 quo
2877 3924 3228 3980 quacunque
3276 3906 3369 3962 die
3417 3902 3881 3960 conveniendum

2242 3998 2339 4066 sit,
2375 3999 2525 4055 457
2564 4014 2633 4053 ex
2678 4001 2989 4069 conspectu
3023 3998 3127 4069 [Αἱ.
3160 4000 3218 4053 et
3261 3992 3520 4067 aspectu]
3553 3994 3758 4048 mutuo
3788 3990 3885 4045 lte-

2242 4084 2377 4143 titia
2406 4088 2603 4160 major
2630 4086 2873 4142 oriatur.
2906 4086 3012 4151 Qui
3064 4103 3197 4142 vero
3251 4083 3528 4158 oppositas
3576 4078 3887 4154 quaestioni

2244 4176 2474 4233 acutius
2501 4177 2849 4248 respondere
2878 4180 3147 4243 conatur,
3180 4173 3323 4229 illud
3355 4174 3629 4240 afﬁrmat,
3684 4186 3889 4228 omnes

2244 4267 2369 4323 dies
2430 4266 2685 4337 aequales
2741 4282 2889 4336 esse,
2948 4281 3054 4321 nec
3104 4281 3207 4338 per
3258 4280 3608 4336 parasceven
3659 4265 3889 4316 tantum

2245 4355 2541 4411 Christum
2578 4355 2862 4427 cruciﬁgi,
2893 4354 3060 4409 etdie
3088 4352 3387 4409 Dominica
3435 4367 3756 4424 resurgere,
3788 4348 3889 4404 sed

2246 4460 2478 4517 semper
2501 4448 2767 4500 sanctum
2801 4442 3248 4500 resurrectionis
3277 4458 3405 4498 esse
3435 4441 3588 4496 diem
3636 4442 3698 4507 et
3735 4451 3889 4492 sem-

2246 4550 2351 4606 per
2381 4550 2512 4591 cum
2548 4550 2721 4589 carne
2752 4532 2905 4589 vesci
2961 4531 3286 4598 Dominica,
3322 4529 3553 4603 jejunis
3592 4529 3787 4582 autem
3835 4527 3893 4578 et

488 4610 660 4700 gulos
688 4610 1116 4700 Jerosolymam
1147 4613 1446 4671 venientes
1478 4616 1670 4689 (Exod.
1700 4635 1862 4689 χχιιι,
1897 4620 2007 4688 17),
2032 4636 2138 4690 pu-
2169 4632 2217 4700 D
2249 4624 2732 4695 congregationes
2758 4623 2911 4677 inter
2941 4622 3065 4677 dies
3091 4625 3331 4694 propter
3358 4635 3457 4675 eos
3499 4634 3532 4672 a
3561 4614 3701 4670 viris
3753 4629 3890 4685 pru-

486 4698 618 4756 tant
639 4717 700 4754 se
727 4699 955 4755 Domini
979 4701 1221 4773 implere
1240 4711 1611 4776 przeocptum,
1638 4706 1884 4762 dicentis
1910 4725 1921 4762 :
1949 4709 2139 4764 Tribus

488 4790 837 4860 temporibus
856 4791 995 4844 anni
1023 4790 1162 4846 diem
1210 4795 1407 4863 festum
1455 4798 1635 4867 agetis
1680 4798 1840 4863 mihi,
1878 4798 2136 4853 solemni-

488 4880 655 4943 tatem
683 4893 1024 4948 azymorum,
1056 4883 1105 4935 et
1136 4881 1539 4938 solemnitatem
1589 4888 1780 4941 messis
1817 4888 2133 4958 primitiua-

485 4984 613 5023 rum
638 4986 650 5035 ;
682 4976 735 5023 et
766 4967 1170 5026 solemnitatem
1197 4976 1683 5029 consummationis
1712 4976 1769 5029 in
1791 4977 1952 5030 exitu
1998 4979 2139 5031 anni

560 5094 776 5173 ‘__U‘nus
808 5091 1054 5173 Palatia.
1089 5112 1200 5152 ms.
1233 5113 1303 5152 ne
1334 5098 1647 5155 inordinate
1674 5103 1991 5172 congregati
2039 5119 2136 5173 p0-

481 5167 610 5241 Ρυζί
637 5166 788 5241 ﬁdes)
821 5170 931 5241 9t9'

560 5239 584 5273 ²
613 5236 803 5325 Sumit
832 5236 991 5325 hinc.
1012 5237 1123 5294 sibi
1161 5239 1403 5325 Dallsaus
1456 5241 1726 5325 animos.
1757 5243 2134 5325 probaturus,

487 5311 711 5392 non-ah
745 5308 1047 5392 apostolis,
1083 5311 1183 5366 sed
1213 5314 1591 5392 postmodum
1616 5331 1647 5369 a
1675 5308 1815 5369 viris
1833 5308 2135 5392 prudenti;

487 5381 835 5456 busjejunia
855 5381 1037 5456 fuisse
1062 5381 1395 5439 constituta.
1416 5389 1631 5440 Atvero
1656 5403 1767 5441 non
1793 5381 1937 5442 alios
1960 5404 2135 5456 quam

490 5453 785 5529 apostolos
814 5453 1071 5529 virorum
1106 5456 1459 5529 prudentum
1494 5456 1727 5512 nomine
1746 5453 2036 5529 designari
2065 5462 2134 5515 ab

491 5522 1069 5606 Ilion-oliymolliquet
1098 5522 1163 5581 ex
1196 5525 1302 5583 hoc
1327 5528 1452 5597 ipso
1477 5533 1745 5606 contentu
1772 5522 2131 5600 planissime,

495 5595 805 5676 cumdie-tn
839 5595 1204 5676 Dolhiuicam
1247 5604 1302 5676 et
1346 5595 1789 5676 catagregationcs
1837 5603 1980 5656 inter
2023 5604 2134 5676 dies

495 5665 783 5747 ejusdem,
818 5674 993 5747 atque
1015 5670 1243 5740 jejunia
1275 5665 1664 5747 institutionis
1693 5688 1821 5747 esse
1854 5689 1988 5747 non
2025 5675 2136 5747 du-

495 5736 661 5794 bitet.
685 5736 1050 5796 Dominicam
1075 5736 1229 5799 'vero
1261 5743 1414 5801 diem
1449 5760 1566 5801 non
1589 5744 1717 5815 jam
1771 5744 1907 5800 inde
1955 5744 2135 5804 fuisse

2251 4712 2529 4768 dantibus
2560 4712 2907 4767 constitutos
2938 4712 2978 4777 ³,
3012 4710 3113 4783 qui
3162 4707 3352 4781 magis
3394 4705 3604 4761 saeculo
3660 4704 3890 4767 vacant,

2252 4818 2427 4874 quam
2463 4800 2601 4871 Deo,
2636 4817 2740 4856 nec
2766 4805 3033 4872 possunt,
3057 4799 3173 4854 imo
3214 4797 3421 4853 nolunt
3451 4800 3574 4851 toto
3613 4794 3672 4849 in
3703 4789 3893 4847 Eccle-

2246 4891 2334 4946 sia
2363 4890 2490 4944 vitze
2524 4907 2641 4945 suae
2692 4894 2955 4961 tempore
3003 4887 3363 4961 congregari,
3404 4891 3463 4941 et
3510 4886 3641 4940 ante
3688 4880 3896 4937 huma-

2252 4997 2359 5035 nos
2373 4983 2680 5046 actus,Deo
2694 4979 3022 5035 orationum
3044 4994 3285 5034 suarum
3300 4977 3503 5031 offerre
3516 4968 3893 5029 sacrificium.

2248 5104 2634 5178 abraposl‘olis
2665 5103 2848 5178 sacris
2880 5102 3258 5159 constitutam
3295 5096 3892 5178 Aoperandisp‘nemo,

2248 5166 2473 5249 opinor,
2508 5176 2639 5232 ierit
2666 5175 2915 5249 inﬁcias.
2950 5178 3229 5249 Caeterum
3256 5175 3316 5249 et
3344 5166 3739 5249 disertealibi
3761 5178 3894 5239 pro-

2248 5241 2437 5304 fessus
2460 5241 2556 5303 est
2583 5252 2637 5301 S.
2672 5247 2838 5303 Pater
2862 5246 2917 5301 in
2950 5247 3118 5318 epist.
3152 5246 3213 5299 41
3248 5241 3710 5318 ad_Marceltam,
3767 5254 3897 5309 qua)

2247 5325 2447 5375 contra
2470 5320 2809 5375 Montanum
2834 5312 3684 5389 inscribitur,quadragesimam
3706 5322 3895 5389 secun-

2249 5393 2377 5447 dum
2409 5391 2784 5465 traditionem
2834 5384 3232 5465 apostolorum
3266 5384 3564 5465 'jejurari;
3608 5384 3894 5465 docetque

2246 5467 2388 5518 adeo
2418 5479 2479 5517 cz,
2509 5464 2846 5526 necessitate,
2870 5453 2994 5533 fneu
3022 5480 3094 5517 ea:
3124 5453 3402 5533 votuntdte
3431 5454 3746 5533 quotannis
3789 5453 3892 5533 o_b_-

2245 5534 2615 5606 servandam,
2640 5533 2795 5601 quod
2830 5532 2901 5586 ab
2933 5533 3078 5606 ipsis
3110 5532 3389 5606 apostolis
3412 5528 3605 5606 ortum
3638 5528 3888 5606 duxerit.

2250 5606 2411 5684 Addo
2453 5595 2974 5684 inaliq'uot‘mss.’
2992 5610 3049 5660 et
3100 5595 3276 5684 penes
3307 5602 3643 5684 itabanum
3709 5595 3826 5668 hic,
3858 5613 3893 5651 a

2242 5678 2381 5732 viris
2411 5672 2757 5731 credentibus
2786 5672 2921 5746 legi,
2952 5691 3057 5746 pro
3076 5672 3459 5749 prudentibus.
