4332 6584
392 449 514 546 493

1053 449 1571 516 COMMENTAR.
1621 453 1694 515 IN
1745 455 1990 550 EPIST.
2039 452 2142 548 AD
2191 451 2468 514 GALA'I‘.
2519 453 2665 515 LIB.
2712 455 2786 529 ll,
2838 457 3009 516 CAP.
3059 455 3161 519 IV.

3702 449 3818 512 406

394 587 620 670 Quotus
651 583 804 670 cnim
835 583 1086 658 quisque
1115 591 1222 652 est,
1283 587 1384 658 qui
1444 586 1653 643 saltem
1712 587 1829 643 haec
1862 603 2046 660 pauca
2074 588 2128 652 Α
2159 591 2545 664 evangelizavi
2577 591 2741 648 vobis
2764 593 2889 662 jam
2922 592 3172 662 pridem.
3201 609 3222 641 ii
3254 586 3549 662 Superiori
3579 589 3816 645 senten-

396 665 523 748 quze
559 667 778 731 statuta
826 679 982 741 sunt,
1016 675 1103 730 vel
1165 676 1371 731 orandi
1429 681 1714 748 tempora,
1776 677 1862 732 vel
1889 678 2044 748 jeju-

397 766 570 821 nandi
606 781 836 836 semper
880 766 1188 821 exerceat?
1247 767 1446 837 Itaque
1505 768 1657 822 sicut
1715 768 1884 824 nobis
1913 767 2048 824 licet

395 853 483 911 vcl
516 855 777 925 jejunare
807 870 1060 926 semper,
1080 854 1167 909 vel
1199 872 1432 927 semper
1462 872 1647 926 orare,
1675 862 1731 912 et
1761 859 1913 912 diem
1937 858 2048 912 Do-

397 943 669 998 minicam
703 949 938 1016 accepto
971 944 1202 1000 Domini
1244 961 1484 1016 corpore
1528 946 1928 1003 indesinenter
1956 964 2046 1003 ce-

393 1026 615 1088 lebrare
647 1033 1084 1104 gaudentibus:
1152 1051 1266 1088 non
1327 1034 1408 1089 ita
1463 1039 1521 1089 et
1576 1035 1796 1090 Judaeis
1841 1037 1926 1091 fas
1957 1042 2048 1090 est

396 1120 554 1176 omni
574 1125 836 1193 tempore
852 1121 1414 1194 immolareagnum,
1436 1123 1831 1179 Pentecostem
1856 1140 2044 1195 agere,

389 1209 776 1266 tabernacula
833 1210 1029 1282 ﬁgere,
1071 1201 1353 1282 'jejunare
1403 1213 1684 1283 quotidie.
1733 1215 1887 1268 Satis
1916 1231 2049 1269 vero

395 1303 564 1355 caute
597 1299 752 1356 inter
783 1300 1192 1356 auctoritatem
1223 1301 1507 1373 Apostoli,
1537 1307 1592 1356 et
1641 1303 1826 1358 sancti
1858 1303 2046 1358 homi-

387 1388 480 1444 n'is
506 1386 811 1446 lenitatem
833 1391 1008 1445 verba
1030 1391 1365 1446 moderatus
1388 1395 1498 1457 est,
1537 1392 1793 1448 inferens
1819 1409 1831 1447 :
1872 1394 2048 1449 Timeo

385 1494 500 1543 vos,
560 1495 631 1534 ne
685 1481 830 1551 forte
885 1480 1009 1535 sine
1065 1496 1230 1535 causa
1285 1481 1653 1537 laboraverim
1698 1485 1756 1537 in
1789 1484 1957 1539 vobis.
1991 1485 2046 1538 Si

390 1567 547 1624 enim
583 1569 829 1641 abrupte
871 1569 1260 1625 condemnare
1309 1572 1609 1642 voluisset,
1661 1572 1904 1628 dixisset
1934 1573 2046 1628 uti-

392 1663 504 1729 q'ue
537 1659 717 1713 Timeo
743 1673 835 1713 vos
856 1676 875 1712 :
933 1660 1054 1713 sine
1098 1674 1265 1715 causa
1318 1663 1468 1715 enim
1508 1662 1758 1717 laboravi
1786 1663 1844 1716 in
1876 1663 2044 1718 vobis.

391 1741 557 1804 Nunc
586 1751 783 1802 autem
816 1747 1018 1803 videns
1049 1765 1148 1804 eos
1180 1738 1370 1806 zelum
1403 1751 1500 1806 Dei
1535 1751 1765 1818 habere,
1799 1753 1896 1807 sed
1931 1770 2045 1808 non

390 1836 718 1892 secundum
749 1829 1054 1893 Scientiam
1078 1838 1252 1910 (Rom.
1275 1858 1331 1908 Χ,
1354 1842 1432 1909 2),
1459 1858 1562 1896 nec
1586 1841 1821 1913 penitus
1843 1858 2044 1898 eorum

2159 681 2251 736 tite
2277 683 2461 752 junge
2486 681 2639 752 quod
2665 681 2950 750 sequitur,
2983 682 3136 752 quod
3171 683 3235 735 ut
3274 679 3375 734 fiat
3419 678 3812 745 manifestius,

2158 771 2234 826 sit
2256 771 2395 826 ordo
2425 770 2534 825 iste
2564 786 2738 841 quem
2772 769 3050 840 fingimus
3079 786 3090 824 :
3121 770 3372 825 Obsecro
3405 785 3530 834 vos,
3578 768 3809 838 fratres,

2157 865 2338 916 estote
2373 858 2525 914 sicut
2555 864 2611 914 et
2640 875 2768 931 ego,
2801 859 2939 930 quia
2969 863 3026 914 et
3054 875 3159 929 ego
3219 859 3372 914 sicut
3421 874 3543 914 vos.
3605 856 3812 914 Simile

2157 955 2246 1005 est
2276 949 2411 1003 huic
2438 948 2582 1004 illud
2616 965 2629 1002 :
2665 950 2930 1020 Rogamus
2957 964 3056 1020 pro
3090 948 3325 1012 Christo,
3369 947 3815 1004 νεοθησὲὶίαωίήί

2160 1041 2265 1094 Deo
2295 1039 2366 1107 (II
2397 1039 2516 1094 Cor.
2549 1055 2601 1092 v.
2645 1039 2757 1109 20).
2790 1038 2904 1094 Nec
2925 1054 3041 1093 non
3064 1042 3122 1093 et
3165 1036 3304 1092 alibi
3336 1055 3356 1092 :
3415 1037 3642 1093 Obsecro
3690 1038 3812 1108 pri-

2155 1143 2309 1182 mum
2329 1130 2576 1182 omnium
2606 1126 2728 1193 ﬁeri
2772 1125 3200 1197 deprecationes,
3258 1127 3555 1190 orationes,
3611 1129 3806 1196 postu-

2159 1217 2414 1281 lationes,
2476 1217 2787 1284 gratiar-um
2843 1216 3082 1270 actiones
3127 1216 3174 1284 (I
3221 1215 3355 1270 Tim.
3417 1232 3477 1270 ιι.
3531 1213 3807 1285 i).'Petri

2158 1320 2392 1377 quoque
2414 1305 2588 1360 verba
2611 1303 2858 1360 dicentis
2892 1320 2905 1357 :
2935 1304 3184 1360 Seniores
3222 1306 3285 1360 in
3343 1305 3492 1361 vobis
3524 1321 3652 1376 rogo
3681 1320 3809 1360 con-

2156 1396 2339 1450 senior
2371 1397 2507 1466 ipse,
2539 1399 2590 1450 et
2619 1396 2768 1450 testis
2796 1395 3114 1466 passionum
3149 1393 3361 1450 Christi
3387 1395 3441 1465 (1
3454 1395 3605 1449 Pet‘r.
3637 1412 3692 1461 v,
3727 1394 3805 1464 1).

2157 1479 2291 1548 Quae
2323 1483 2556 1554 quidem
2589 1487 2645 1539 et
2674 1501 2780 1539 nos
2811 1484 2881 1538 ad
2915 1481 3310 1539 humilitatem
3367 1487 3700 1555 provocant,
3736 1486 3809 1539 'st

2158 1571 2536 1644 supercilium
2571 1571 2875 1627 decutiunt
2903 1572 3333 1643 episcoporum,
3360 1572 3478 1642 qui
3515 1570 3691 1627 'velut
3747 1571 3806 1626 in

2157 1660 2353 1733 aliqua
2378 1661 2618 1716 sublimi
2656 1659 2893 1733 specula
2946 1660 3274 1727 constituti,
3332 1660 3426 1716 vix
3484 1660 3810 1733 dignantur

2153 1751 2352 1806 videre
2384 1748 2682 1814 mortales,
2715 1755 2772 1805 et
2802 1749 3018 1821 alloqui
3041 1765 3350 1806 conservos
3377 1766 3534 1806 suos.
3571 1750 3810 1806 Discant

2156 1840 2227 1896 ab
2259 1839 2554 1912 Apostolo,
2588 1840 2740 1896 459
2774 1842 3036 1895 errantes
3069 1843 3126 1894 et
3177 1838 3523 1911 insipientes
3571 1837 3808 1895 Galatas

388 1925 720 2016 desperavit
745 1924 1023 2026 salutem,
1057 1927 1157 1999 qui
1184 1928 1280 2000 pio
1313 1929 1543 1985 fuerant
1572 1947 1764 1986 errore
1797 1933 2042 2004 decepti,
2076 1963 2125 2028 Β
2160 1929 2368 1985 fratres
2391 1929 2606 1985 vocari.
2635 1929 2874 1984 Discant
2903 1932 3036 2000 post
3090 1927 3549 2000 increpationem
3593 1927 3809 1984 blanda

388 2007 494 2070 nec
526 2031 767 2070 rursum
799 2015 1243 2087 irreprehensos
1274 2018 1532 2090 reliquit,
1568 2036 1638 2076 ne
1667 2025 1723 2075 et
1753 2021 1897 2092 ipsis
1928 2038 2050 2093 per-

389 2101 662 2159 servandi
696 2103 756 2158 in
784 2120 1002 2169 errore,
1046 2110 1102 2160 et
1159 2107 1380 2162 caeteris
1441 2109 1805 2164 occasionem
1839 2109 2048 2166 simili-

388 2195 478 2247 ter
509 2187 792 2248 tribueret
823 2185 1078 2248 errandi.
1112 2195 1289 2252 Timeo
1320 2205 1502 2252 autem
1532 2214 1644 2268 vos,
1678 2199 1894 2271 posuit,
1922 2217 2050 2272 pro-

391 2295 458 2336 eo
491 2282 648 2352 quod
680 2277 791 2352 est,
851 2282 1016 2339 timeo
1073 2284 1138 2339 de
1194 2286 1365 2342 vobis.
1426 2285 1563 2342 Sine
1619 2304 1796 2343 causa
1825 2289 2052 2346 laborat

395 2369 699 2442 magister,
734 2386 864 2426 cum
899 2370 1025 2443 ipse
1071 2379 1346 2444 provocat
1405 2375 1476 2430 ad
1537 2377 1761 2446 majora
1791 2378 2049 2451 discipu-

394 2451 505 2526 los,
539 2464 597 2515 et
626 2458 711 2514 illi
745 2465 921 2530 retro,
954 2459 1101 2533 lapsi
1138 2463 1209 2517 ad
1238 2462 1465 2520 minora
1493 2468 1551 2520 et
1597 2464 1844 2522 humilia
1869 2467 2049 2524 revol-

398 2553 637 2604 vuntur.
1407 2553 1410 2560 '

458 2631 659 2706 '(Vers.
697 2638 807 2709 12.)
839 2660 866 2689 ‹‹
901 2639 1098 2694 Estote
1135 2640 1290 2695 sicut
1318 2646 1376 2697 et
1422 2658 1549 2714 ego,
1583 2644 1724 2714 quia
1752 2648 1808 2698 et
1835 2663 1942 2716 ego
1973 2645 2050 2702 si-

404 2732 502 2783 cut
530 2743 652 2783 vos.
691 2749 719 2776 ››
752 2725 914 2794 Quod
948 2728 1092 2783 dicit
1121 2729 1237 2785 tale
1268 2734 1376 2796 est,
1428 2733 1721 2803 quomodo
1754 2751 1860 2806 ego
1893 2736 2054 2792 vobis

401 2813 656 2873 infirmis
681 2833 812 2873 sum
838 2818 1025 2873 factus
1067 2819 1414 2892 infirmus(l
1441 2820 1562 2876 Cor.
1600 2839 1675 2891 1x,
1710 2824 1820 2895 2‘2),
1855 2829 1911 2879 et
1937 2842 2052 2881 non

402 2900 564 2979 potui
588 2906 746 2979 loqui
775 2913 839 2962 ut
872 2907 1302 2978 spiritualibus,
1327 2910 1426 2965 sed
1453 2911 1619 2982 quasi
1644 2913 1978 2970 carnalibus
2000 2920 2056 2970 et

401 2995 660 3067 parvulis
707 2996 768 3052 in
821 2997 1049 3054 Christo
1107 2999 1156 3069 (ι
1203 2999 1322 3054 Cor.
1357 3017 1441 3066 III,
1477 3003 1530 3068 1,
1561 3003 1637 3073 2),
1673 3007 1730 3058 et
1755 3004 1892 3074 quia
1921 3021 2054 3060 nec-

401 3085 542 3140 dum
578 3086 857 3157 poteratis
901 3084 1088 3143 solido
1142 3087 1268 3144 cibo
1315 3091 1489 3157 vesci,
1526 3091 1678 3147 458
1710 3092 2054 3166 Evangelico

401 3183 503 3230 vus
532 3168 762 3231 tantum
791 3171 1186 3248 lacte'potavi,
1240 3177 1443 3234 nolens
1475 3179 1533 3234 in
1574 3185 1741 3237 aetate
1769 3199 1869 3238 vos
1901 3199 2054 3238 sem-

401 3279 506 3336 per
526 3264 784 3320 inlantize
807 3281 1169 3337 permanere,
1192 3268 1292 3323 sed
1317 3268 1598 3340 paulatim
1624 3272 1693 3326 ad
1717 3271 2057 3328 adolescen-

2157 2020 2335 2074 verba
2365 2017 2613 2075 dicentis
2646 2034 2658 2072 :
2694 2017 2919 2074 Obsecro
2947 2033 3056 2074 vos.
3090 2018 3253 2082 Quod
3293 2020 3488 2073 autem
3519 2017 3807 2082 obsecrat,

2161 2107 2305 2163 illud
2340 2112 2448 2173 est,
2482 2112 2547 2163 ut
2572 2107 2899 2163 imitatores
2929 2107 3057 2178 ejus
3080 2107 3218 2174 sint,
3243 2107 3396 2163 sicut
3424 2106 3549 2178 ipse
3594 2104 3810 2162 Christi

2164 2198 2208 2268 (Ι
2240 2199 2363 2254 Cor.
2396 2213 2473 2267 x1,
2511 2197 2599 2258 I):
2632 2196 2752 2251 imo
2810 2201 2876 2251 ut
2924 2199 3269 2267 praesentem
3323 2195 3518 2252 locum
3576 2211 3808 2267 sequar,

2163 2286 2310 2343 nihil
2342 2291 2430 2342 est
2458 2286 2677 2357 grande
2707 2287 2862 2357 quod
2896 2283 3154 2357 postulat
3186 2301 3199 2340 :
3226 2287 3292 2340 ut
3347 2284 3640 2356 quomodo
3667 2283 3813 2355 ipse

2164 2380 2400 2448 propter
2427 2375 2559 2431 illos
2588 2375 2660 2431 de
2687 2374 2895 2448 majori
2927 2375 3114 2431 factus
3143 2378 3234 2430 est
3261 2373 3472 2444 minor,
3503 2373 3589 2430 sic
3641 2371 3727 2429 illi
3781 2389 3816 2428 a

2165 2465 2494 2521 minoribus
2524 2466 2595 2521 ad
2619 2467 2844 2536 majora
2863 2465 3281 2521 conscendant.
3304 2463 3458 2520 Nihit
3483 2462 3812 2536 me,inquit,

2165 2556 2403 2612 laesistis.
2441 2555 2620 2610 Laedit
2649 2553 2977 2625 discipulus
3003 2555 3374 2626 magistrum,
3415 2553 3465 2609 si
3497 2569 3599 2623 per
3627 2551 3813 2624 negli-

2163 2645 2417 2714 gentiam
2443 2661 2611 2700 suam
2635 2648 2922 2716 praecepta
2942 2643 3463 2714 ejuslaborem'que
3487 2641 3808 2713 disperdat.

2163 2735 2289 2791 Non
2322 2735 2591 2790 laeserant
2611 2732 2826 2790 Galatia
2883 2732 3246 2805 Apostolum,
3304 2747 3491 2802 usque
3549 2730 3608 2786 in
3665 2746 3811 2803 prai-

2164 2840 2301 2881 sens
2320 2829 2555 2896 tempus
2571 2822 2949 2894 Evangelium
2980 2823 3106 2892 ejus
3136 2836 3204 2877 ac
3251 2821 3530 2876 mandata
3577 2836 3810 2876 servan-

2164 2918 2270 2969 tes.
2308 2915 2416 2968 Aut
2446 2916 2597 2968 certe
2628 2912 2744 2968 ita:
2780 2912 3021 2976 Quando
3050 2911 3214 2967 vobis
3244 2909 3501 2982 primum
3550 2909 3810 2980 Evange-

2166 3002 2311 3058 lium
2346 3001 2689 3058 annuntiavi
2725 3019 2738 3068 ;
2771 3005 2828 3056 et
2868 3004 3106 3072 propter
3146 2999 3564 3056 infirmitatem
3621 2996 3815 3053 carnis

2164 3097 2388 3157 vestrm,
2423 3091 2560 3162 quia
2582 3108 2696 3146 non
2757 3089 3035 3162 poteratis
3091 3091 3466 3146 sacramenta
3515 3086 3816 3159 suscipere

2167 3183 2412 3252 majora,
2444 3180 2749 3252 praedicavi
2779 3179 2944 3235 vobis
2973 3179 3142 3252 quasi
3175 3177 3435 3252 parvulis
3473 3177 3522 3250 (I
3550 3177 3694 3234 Cor.’
3729 3192 3814 3244 in,

2164 3274 2244 3339 2),
2273 3276 2331 3326 et
2361 3270 2654 3344 meipsum
2680 3269 2984 3325 inﬁrmum
3007 3284 3137 3325 esse
3159 3265 3458 3336 simulavi,
3492 3270 3556 3322 ut
3584 3282 3690 3322 vos
3734 3263 3822 3321 in-

401 3346 543 3409 tiam
578 3358 637 3410 et
657 3355 1026 3425 juventutem
1087 3373 1276 3428 usque
1338 3359 1672 3430 perducere,
1705 3365 1769 3416 ut
1799 3361 2052 3418 solidum
2087 3341 2130 3408 C
2170 3341 2794 3416 ﬂrmosluc‘rifacerem
2825 3359 2876 3430 (Ι
2908 3358 3029 3414 Cor.
3081 3375 3154 3426 ix,
3214 3357 3343 3427 22):
3403 3371 3598 3412 nonne
3651 3352 3820 3426 quasi

403 3436 604 3498 cibum
664 3443 919 3514 possetis
979 3444 1240 3516 accipere
1298 3446 1460 3514 (Hebr
1512 3465 1568 3515 v,
1604 3451 1688 3519 12)
1717 3466 1729 3504 :
1763 3450 1843 3505 ita
1872 3456 1930 3506 et
1959 3467 2061 3508 vos

403 3531 635 3588 debetis
665 3545 796 3587 esse
828 3531 1069 3588 sicut'et
1098 3547 1204 3606 ego
1235 3527 1390 3603 sum,
1425 3537 1768 3607 perfectiora
1795 3539 2063 3596 videlicet

406 3635 634 3708 sapere,
666 3613 912 3678 dimisso
941 3620 1110 3694 lacte,
1143 3624 1215 3678 ad
1249 3622 1515 3680 fortiores
1546 3627 1726 3692 cibos,
1763 3633 1820 3683 et
1851 3629 1921 3684 ad
1955 3645 2061 3701 pa-

406 3709 545 3766 bula
573 3710 828 3766 transire
887 3713 1131 3783 majora.
1190 3717 1309 3768 Hoc
1367 3719 1563 3770 autem
1604 3714 1864 3788 loquitur
1893 3720 2061 3791 quasi

407 3798 723 3855 Salvatoris
745 3797 1028 3866 imitator,
1061 3801 1162 3874 qui
1194 3819 1308 3858 non
1341 3805 1608 3876 rapinam
1635 3807 1952 3863 arbitratus
1973 3814 2063 3864 est

409 3897 470 3944 se
499 3882 624 3944 esse
656 3889 928 3961 aqualem
978 3891 1114 3958 Deo,
1174 3892 1274 3947 sed
1334 3893 1715 3966 semetipsum
1748 3896 2065 3953 exinanivit

411 3971 659 4034 formam
692 3979 843 4034 servi
877 3981 1206 4053 accipiens;
1239 3987 1296 4036 et
1325 3981 1532 4038 habitu
1576 3985 1848 4042 inventus
1879 3993 1970 4043 est
2000 3992 2066 4043 ut

407 4066 582 4124 homo
615 4069 884 4141 (Philipp.
919 4069 984 4136 1i,
1019 4069 1072 4138 6,
1103 4071 1180 4139 7),
1213 4077 1280 4127 ut
1308 4089 1414 4128 nos
1445 4073 1524 4127 dii
1556 4074 1830 4131 fieremus
1860 4093 1928 4131 ex
1956 4077 2060 4132 ho-

409 4155 693 4224 minibus,
729 4162 786 4213 et
815 4144 930 4213 non
966 4151 1121 4215 ultra
1151 4176 1553 4230 moreremur;
1586 4165 1686 4218 sed
1710 4179 2064 4236 consurgen-

408 4247 497 4300 tes
531 4248 546 4281 ¹
580 4245 832 4314 Christo,
867 4245 1039 4304 amici
1072 4250 1200 4319 ejus
1257 4251 1588 4306 diceremur
1643 4258 1708 4308 et
1748 4254 1976 4320 fratres,
2008 4263 2064 4310 et

411 4327 655 4390 utesset
682 4335 1007 4409 discipulus
1041 4339 1194 4394 sicut
1241 4339 1541 4411 magister,
1593 4346 1648 4396 et
1677 4359 1878 4398 servus
1911 4343 2064 4399 sicut

410 4417 686 4479 dominus
716 4425 921 4493 (Matth.
955 4443 1010 4495 x,
1040 4429 1154 4498 24).
1198 4427 1392 4484 Potest
1438 4433 1634 4484 autem
1680 4435 1738 4485 et
1785 4432 1867 4487 ita
1891 4431 2062 4488 intel-

412 4509 514 4585 ligi
541 4530 553 4569 :
587 4513 840 4570 Obsecro
869 4532 990 4582 vos,
1024 4516 1237 4588 inquit,
1269 4518 1497 4584 fratres,
1519 4522 1584 4573 ut
1603 4519 1848 4576 Judaica
1870 4521 2062 4577 obser-

411 4603 642 4660 vatione
672 4599 1027 4678 contempta,
1061 4606 1312 4674 dierum,
1355 4607 1670 4679 mensium,
1705 4615 2059 4682 temporum,

2170 3449 2446 3521 angelum
2470 3447 2816 3520 suscepistis
2855 3463 2972 3517 me,
3041 3446 3205 3516 quasi
3258 3443 3556 3502 Christum
3611 3443 3819 3499 Jesdm

2171 3540 2332 3609 (vers.
2371 3536 2508 3609 14)?
2537 3537 2680 3592 Cum
2719 3536 2898 3608 igitur
2945 3537 3004 3591 in
3060 3532 3222 3590 nullo
3265 3549 3360 3588 me
3407 3531 3505 3588 illo
3561 3535 3823 3602 tempore

2173 3627 2438 3683 lasseritis
2470 3626 2574 3696 (Al.
2611 3624 2890 3697 lmsistis],
2920 3629 2976 3680 et
3006 3638 3098 3678 me
3117 3622 3296 3678 vestri
3327 3637 3505 3677 causa
3531 3617 3819 3675 humilem

2171 3722 2345 3789 atque
2375 3717 2666 3785 dejectum
2695 3714 2948 3770 similem
2979 3713 3074 3768 Dei
3107 3711 3250 3768 Filio
3279 3708 3652 3784 putaveritis:
3674 3724 3819 3781 quo.
3927 3751 3934 3758 .

2173 3805 2343 3862 modo
2365 3807 2436 3862 ad
2471 3807 2697 3875 majora
2724 3821 2827 3860 vos
2861 3819 3179 3875 provocans
3209 3800 3388 3858 laedor
3415 3817 3448 3855 a
3477 3798 3664 3865 vobis,
3687 3813 3815 3870 per-

2173 3897 2364 3952 dendo
2395 3895 2651 3951 laborem
2702 3910 2920 3960 meum,
2977 3897 3034 3948 et
3076 3889 3574 3964 dispensationem
3631 3886 3816 3954 illam,

2172 4003 2292 4057 qua
2313 3985 2415 4040 'me
2445 3983 2752 4056 parvuium
2787 3999 2915 4038 esse
2947 3979 3383 4045 simulaveram,
3426 3977 3589 4034 irrito
3647 3991 3820 4048 opere

2170 4091 2330 4132 nunc
2361 4073 2576 4144 lugetis
2594 4074 2614 4107 ³
2636 4072 2662 4126 ?
2693 4072 2800 4126 Per
2829 4069 3232 4124 infirmitatem
3265 4072 3460 4123 autem
3487 4065 3681 4122 carnis
3704 4075 3818 4120 n'on

2173 4181 2314 4229 suae,
2348 4163 2447 4218 sed
2481 4159 2870 4230 audientium,
2899 4157 3118 4212 Galatis
3140 4155 3357 4212 Paulus
3383 4152 3820 4224 annuntiat:qui

2172 4268 2287 4308 non
2311 4255 2579 4323 poterant
2607 4263 2840 4304 carnem
2874 4246 3160 4315 subjicere
3189 4244 3362 4300 verbo
3388 4241 3619 4312 1)θὶρεθά
3651 4239 3822 4312 quasi

2173 4341 2390 4408 carnei,
2442 4338 2587 4396 nihil
2637 4335 3032 4407 intelligentiae
3082 4348 3388 4405 suscepere
3468 4328 3818 4402 spiritualis.

2173 4430 2334 4495 Quod
2355 4434 2419 4484 ut
2438 4427 2762 4484 evidentius
2794 4426 2935 4494 fiat,l
2959 4439 3249 4497 ponamus
3300 4417 3657 4491 exemplum.
3713 4421 3825 4473 Per

2171 4519 2576 4574 infirmitatem
2609 4516 2803 4572 carnis
2831 4515 3019 4580 docet,
3054 4512 3152 4584 qui
3184 4509 3362 4567 dicit:
3396 4508 3455 4565 Si
3473 4523 3529 4564 se
3557 4520 3668 4563 non
3695 4521 3822 4562 con-

2172 4609 2369 4675 tinent,
2387 4608 2600 4662 nubant
2622 4606 2666 4675 (ι
2698 4606 2825 4662 Cor.
2855 4619 2957 4674 vn,
2995 4601 3072 4673 9).
3135 4601 3249 4656 Et:
3299 4598 3514 4664 Mulier,
3571 4599 3622 4652 si
3673 4611 3824 4652 mor-

413 4689 590 4777 atque
605 4705 922 4761 annorum,
951 4711 1078 4768 quae
1101 4699 1242 4752 sunt
1267 4694 1489 4751 umbra:
1515 4695 1843 4754 futurorum
1873 4701 2062 4770 (Hebr.
2094 4714 2142 4778 D
2175 4706 2300 4754 tuus
2355 4698 2526 4767 fuerit
2582 4697 2670 4750 vir
2732 4695 2866 4765 ejus,
2927 4692 3102 4747 libera
3156 4692 3234 4746 est
3264 4706 3282 4743 :
3331 4689 3424 4744 cui
3464 4686 3580 4742 vult
3630 4687 3822 4766 nubat,

411 4793 469 4853 κ,
531 4779 603 4854 1).
660 4777 755 4838 me
812 4783 1149 4857 imitemini,
1208 4785 1310 4858 qui
1362 4787 1488 4842 sine
1540 4787 1777 4859 querela
1823 4788 1882 4843 in
1940 4777 2118 4862 lege:

412 4877 686 4928 versatus
716 4872 981 4945 (Philipp.
1047 4892 1131 4943 III,
1191 4877 1268 4947 6),
1328 4876 1527 4932 omnia
1583 4877 1899 4934 arbitratus
1929 4896 2060 4935 sum

413 4959 585 5046 quasi
619 4969 1007 5035 purgamenta
1035 4970 1211 5036 atque
1263 4965 1634 5038 quisquilias,
1671 4973 1736 5022 ut
1765 4967 2062 5024 Christum

415 5046 820 5108 lucrifacerem
848 5051 1012 5122 (Ibid.
1046 5056 1127 5126 8).
1169 5053 1271 5110 Fui
1310 5055 1526 5128 quippe
1555 5061 1613 5111 et
1642 5072 1748 5129 ego
1779 5058 1933 5113 sicut
1963 5075 2064 5113 vos

412 5145 569 5196 nunc
599 5141 765 5208 estis,
814 5157 951 5198 cum
1009 5143 1228 5200 eisdem
1287 5145 1794 5202 observationibus
1827 5149 2065 5203 strictus

411 5229 676 5298 tenebar,
707 5235 765 5286 et
794 5224 1111 5288 Ecclesiam
1143 5232 1379 5298 Christi,
1420 5234 1559 5304 quia
1603 5233 1719 5289 ista
1767 5252 1881 5290 non
1916 5237 2065 5292 face-

411 5308 525 5388 ret,
555 5333 912 5402 persequens
941 5323 1342 5378 devastabam.

485 5407 670 5480 (Verr.
707 5411 806 5482 12,‘
829 5412 940 5485 13.)
971 5434 999 5462 ‹‹
1032 5412 1284 5478 Fratres,
1333 5412 1574 5468 obsecro
1622 5429 1744 5481 vos,
1793 5412 1938 5468 nihil
1974 5429 2067 5469 me

410 5496 669 5571 lesistis.
695 5500 870 5558 Scitis
898 5506 1092 5558 autem
1126 5502 1266 5575 quia
1295 5519 1400 5576 per
1436 5502 1842 5559 infirmitatem
1876 5503 2070 5560 carnis

486 5659 1098 5737 ‘_Iterum_Palatin.
1167 5679 1336 5732 mss.,
1394 5665 1486 5720 sed
1555 5669 1955 5737 resurgentes:
2016 5669 2074 5719 et

415 5731 932 5865 paulpntguperius,
983 5740 1458 5807 conresurgentes,
1510 5754 1612 5810 pro
1661 5731 2070 5809 siinplicicon-

415 5819 545 5865 Iura
669 5821 741 5865 s..
1005 5845 1022 5860 ο

413 5819 741 5877 summa,

2175 4788 2390 4843 tantum
2416 4787 2474 4839 in
2505 4785 2739 4840 Domino
2773 4780 2929 4852 (Ibid.
2953 4780 3064 4848 39).
3101 4779 3486 4850 Nequaquam
3533 4791 3664 4831 vero
3724 4787 3858 4847 per:

2176 4875 2578 4930 inﬁrmitatem
2609 4870 2800 4927 carnis
2831 4871 3018 4934 docet,
3042 4869 3154 4924 ista
3183 4880 3655 4923 commemorans
3690 4879 3703 4920 :
3732 4863 3827 4919 So-

2175 4966 2319 5022 lutus
2346 4980 2401 5020 es
2430 4963 2498 5018 vb
2518 4978 2708 5025 uxore,
2749 4960 2871 5017 noli
2925 4973 3174 5030 quaerere
3211 4972 3444 5012 uxorem
3494 4952 3651 5026 (Ibid.
3709 4952 3822 5022 27).

2173 5055 2291 5110 Et:
2328 5055 2551 5124 Tempus
2580 5057 2657 5109 est
2694 5054 2752 5106 ut
2811 5053 2862 5104 et
2909 5065 3003 5120 qui
3061 5047 3258 5103 habent
3313 5060 3531 5114 uxores,
3586 5043 3668 5097 sic
3716 5041 3826 5096 sint

2174 5143 2335 5214 quasi
2362 5159 2475 5198 non
2507 5142 2759 5197 habentes
2790 5138 2944 5209 (Ibid.
2979 5138 3090 5204 29).
3123 5135 3254 5192 Alia
3284 5134 3500 5207 quippe
3541 5131 3827 5202 praecepta

2175 5233 2248 5288 ad
2278 5231 2637 5304 Spirituales,
2659 5229 2775 5286 alia
2803 5229 3019 5284 dantur
3049 5226 3118 5283 ad
3151 5239 3415 5280 carneos.
3451 5219 3515 5275 Et
3545 5216 3705 5304 aliud
3735 5218 3829 5272 est

2176 5303 2329 5393 quod
2359 5321 2522 5391 juxta
2555 5317 2888 5390 imperium,
2922 5315 3080 5372 aliud
3113 5313 3267 5386 quod
3309 5312 3478 5382 juxta
3519 5303 3827 5378 indulgen-

2175 5411 2318 5468 tiam
2352 5408 2702 5483 praecipitur.

2249 5503 2437 5572 (Vers.
2472 5499 2582 5567 14.)
2614 5518 2636 5547 ε
2670 5498 2739 5554 Et
2769 5495 3151 5552 tentationem
3192 5492 3464 5554 vestram,
3524 5499 3652 5558 qua
3708 5484 3836 5540 erat

2250 5663 2570 5718 ’Fortasse
2620 5658 2815 5715 verius
2871 5655 2931 5709 in
2989 5668 3104 5708 uno
3163 5647 3428 5705 Palatino
3477 5648 3586 5713 est,
3647 5642 3837 5716 lugeri:

2181 5735 2337 5807 quod
2365 5735 2581 5792 referas
2613 5732 2684 5788 ad
2717 5729 3037 5802 ipsummct
3067 5721 3342 5780 Paulum.
3751 5729 3758 5732 ·
