4332 6608
534 518 651 582 407
1792 519 1858 580 S.
1903 516 2213 582 EUSEBII
2255 512 2700 578 HIERONYMI
3833 511 3953 579 408

544 651 605 709 in
657 665 830 710 carne
860 668 1010 725 mea,
1042 668 1158 709 non
1218 648 1546 724 sprevistis,
1600 668 1790 724 neque
1843 652 2185 725 respuistis:
2222 651 2276 717 Α
2306 649 2481 705 verba
2510 648 2567 703 in
2595 645 2881 720 principio
2930 643 3187 702 valuisse
3245 643 3630 715 demonstrat,
3665 648 3731 704 ut
3759 646 3953 722 angeli

543 740 647 799 sed
680 741 833 798 sicut
862 740 1133 815 angelum
1166 740 1267 796 Dei
1298 739 1606 812 execpistis
1648 756 1761 806 me,
1820 740 1976 795 sicut
2031 740 2194 797 Chri-
2306 742 2657 809 putarentur
2684 741 2740 791 et
2769 734 3006 792 Christi.

547 834 708 888 stum
730 831 954 888 Jesum.
980 850 1006 882 η
1026 830 1322 887 Obscurus
1353 828 1599 899 locus,et
1628 830 1781 884 460
1803 829 1995 885 acrius
2017 834 2199 885 atten-
2377 827 2561 898 (Vere.
2597 827 2685 893 15,
2724 826 2835 892 16.)
2874 848 2901 873 ‹‹
2946 823 3053 880 Ubi
3100 830 3187 881 est
3215 840 3353 897 ergo
3382 826 3681 883 beatitudo
3714 828 3952 884 vestra?

549 920 799 977 dendus.
831 921 950 992 Ego
983 920 1243 992 quidem,
1270 919 1371 985 ait,
1413 918 1580 989 quasi
1613 916 1874 989 parvulis
1903 918 2068 973 vobis
2113 923 2195 973 at-
2306 915 2734 970 Testimonium
2788 914 2943 969 enim
3001 912 3277 985 perhibeo
3333 914 3537 984 vobis;
3578 916 3718 987 quia
3748 916 3795 972 si
3829 917 3953 975 ﬁeri

553 1025 668 1081 que
697 1008 1048 1065 lactentibus
1081 1024 1183 1081 per
1213 1007 1613 1063 inﬁrmitatem
1636 1005 1827 1061 carnis
1857 1012 2059 1062 vestra:
2070 1006 2197 1077 jam
2307 1004 2614 1075 potuisset,
2662 1001 2862 1057 oculos
2918 1006 3141 1057 vestros
3199 1001 3502 1058 eruissetis
3558 1009 3616 1059 et
3645 1004 3955 1064 dedissetis

552 1098 780 1172 pridem
802 1097 1209 1171 evangelizavi,
1242 1114 1275 1152 a
1306 1096 1632 1152 minoribus
1663 1095 1969 1167 incipiens,
2002 1099 2058 1150 et
2112 1096 2200 1166 (ut
2309 1091 2474 1146 mihi.
2510 1092 2655 1163 Ergo
2689 1090 2964 1146 inimicus
3017 1089 3181 1146 vobis
3239 1091 3428 1147 factus
3485 1109 3617 1148 sum
3648 1093 3950 1151 veritatem

554 1187 638 1243 ita
666 1186 881 1259 dicam)
913 1188 1067 1258 apud
1100 1203 1201 1241 vos
1224 1202 1370 1258 pene
1402 1184 1754 1240 balbutiens.
1790 1185 1923 1248 Quae
1965 1184 2198 1255 dispen-

555 1275 706 1333 satio
736 1280 793 1331 et
824 1274 1251 1347 pradicationis
1280 1274 1523 1329 inﬁrmae
1557 1272 1877 1341 simulatio,
1909 1288 2039 1328 mea
2070 1271 2199 1345 qui-

551 1365 685 1420 dem
716 1363 1061 1437 gubernatio
1092 1367 1215 1419 erat
1249 1380 1262 1432 ;
1296 1364 1395 1419 sed
1418 1367 1612 1418 vestra
1635 1362 1900 1429 tentatio,
1933 1380 2005 1418 an
2037 1361 2201 1418 vobis

552 1452 870 1526 placerent,
902 1457 959 1508 et
975 1468 1189 1526 magna
1216 1452 1554 1509 viderentur
1572 1469 1639 1508 ea
1670 1469 1797 1524 qua:
1846 1468 1949 1523 pro
2009 1451 2204 1507 condi-

552 1541 708 1599 tione
737 1538 830 1597 sui
865 1541 1094 1598 minora
1141 1545 1329 1611 erant,
1391 1546 1448 1596 et
1501 1558 1534 1597 a
1590 1558 1683 1597 me
1731 1540 1901 1612 quasi
1954 1540 2205 1596 humilia

552 1631 994 1705 promebantur.
1026 1632 1164 1697 Quae
1195 1631 1433 1703 quidem
1466 1647 1589 1699 vos,
1625 1646 1741 1687 non
1773 1635 1838 1685 ut
1869 1647 2067 1702 parva,
2101 1630 2201 1685 sed

553 1722 624 1776 ut
649 1736 866 1793 magna
894 1720 1211 1791 capientes,
1243 1718 1302 1774 in
1324 1724 1555 1775 tantum
1597 1718 1866 1774 admirati
1917 1719 2079 1787 estis,
2140 1724 2205 1774 ut

556 1813 654 1866 me
685 1809 785 1880 qui
818 1825 887 1865 ea
910 1808 1193 1883 loquebar
1214 1809 1383 1881 quasi
1413 1808 1709 1883 angelum,
1745 1814 1820 1877 et,
1850 1814 1916 1863 ut
1946 1808 2078 1881 plus
2123 1809 2206 1865 di-

558 1913 710 1969 cam,
777 1898 947 1970 quasi
1006 1898 1103 1954 Dei
1160 1897 1373 1954 Filium
1420 1898 1817 1971 susciperetis.
1878 1902 2009 1953 Ilaec
2067 1915 2202 1971 ergo

2311 1180 2511 1236 dicens
2548 1181 2713 1235 vobis
2737 1183 2759 1235 Ρ
2783 1204 2808 1228 ››
2832 1181 3043 1236 Beatus
3065 1185 3154 1235 est
3174 1180 3272 1252 qui
3300 1180 3564 1237 ambulat
3589 1182 3648 1237 in
3670 1183 3953 1240 virtutum

2312 1269 2424 1340 via,
2450 1271 2549 1325 sed
2578 1270 2627 1325 si
2649 1270 2718 1325 ad
2740 1269 2985 1325 virtutes
3007 1286 3194 1342 usque
3216 1270 3557 1342 pervenerit.
3581 1272 3696 1327 Nec
3720 1274 3960 1345 prodest

2314 1376 2347 1414 a
2375 1358 2529 1414 vitiis
2562 1359 2894 1427 recessisse,
2929 1359 3041 1414 nisi
3063 1358 3284 1431 optima
3303 1359 3785 1433 comprehendas.
3812 1363 3959 1429 Quia

2311 1464 2428 1503 non
2449 1452 2569 1503 tam
2594 1448 2761 1503 initia
2782 1452 2919 1504 sunt
2938 1447 2999 1502 in
3021 1448 3191 1503 bonis
3213 1449 3425 1505 studiis
3444 1448 3756 1519 laudanda,
3779 1468 3958 1524 quam

2313 1536 2449 1592 ﬁnis
2480 1539 2519 1592 ³.
2554 1537 2717 1593 Sicut
2746 1538 2903 1593 enim
2934 1536 2993 1593 in
3032 1538 3203 1594 vinea
3261 1538 3434 1594 multi
3481 1556 3665 1612 usque
3715 1540 3785 1596 ad
3817 1558 3960 1613 pra:-

2311 1625 2435 1681 lum
2464 1643 2583 1682 uvaa
2615 1627 2832 1698 gradus
2864 1632 3038 1683 sunt:
3082 1631 3140 1683 et
3196 1628 3452 1701 primum
3511 1646 3749 1685 necesse
3779 1634 3870 1686 est
3900 1635 3965 1687 ut

2311 1716 2444 1771 vitis
2476 1721 2733 1788 gemmet
2763 1716 2821 1771 in
2865 1716 3158 1788 pampinis
3206 1734 3369 1789 spem
3430 1718 3734 1791 promittat
3764 1718 3823 1774 in
3857 1722 3963 1775 llo-

2314 1804 2476 1859 rihus
2502 1822 2514 1859 :
2549 1805 2762 1861 dehinc
2792 1809 2855 1859 ut
2888 1805 3025 1861 ﬁere
3055 1806 3321 1877 decusso,
3356 1806 3536 1862 futuri
3566 1807 3716 1863 botri
3741 1807 3964 1880 species

2314 1894 2693 1962 deformetur,
2726 1894 3127 1967 paulatimque
3152 1899 3491 1967 turgescens
3522 1913 3630 1952 uva
3655 1897 3964 1969 parturiat,

558 1991 755 2043 vestra
782 1987 1045 2055 tentatio,
1074 2004 1189 2060 qua
1219 2004 1323 2059 ego
1354 2005 1456 2043 vos
1486 1987 1544 2042 in
1577 1987 1794 2043 carnali
1826 1988 1940 2043 mei
1981 2004 2201 2044 sermo-
2240 2015 2288 2079 Β
2319 1987 2384 2039 ut
2414 2000 2618 2079 pressa
2646 1983 3528 2079 torcularibusdulcia“musta
3582 1985 3848 2042 desudet.
3883 1990 3970 2043 Ita

563 2076 659 2133 nis
687 2076 1132 2133 annuntiatione
1163 2078 1483 2143 tentabam,
1534 2095 1648 2132 non
1690 2077 1800 2132 fuit
1856 2082 2208 2150 contempta,

576 2181 682 2223 nec
699 2164 836 2221 vilis
869 2184 883 2234 ;
917 2165 1016 2222 sed
1050 2165 1183 2238 plus
1214 2182 1389 2238 quam
1404 2166 2003 2238 aestimabam,habuit
2030 2168 2217 2239 digni-

571 2254 933 2311 tatis.Potest
961 2258 1019 2311 et
1047 2254 1212 2311 locus
1240 2254 1351 2311 iste
1380 2255 1463 2311 ita
1491 2255 1733 2311 edisseri
1759 2272 1771 2311 :
1807 2257 2040 2328 quando
2088 2256 2217 2312 veni

573 2344 647 2401 ad
675 2360 799 2417 vos,
828 2360 943 2400 non
973 2344 1104 2400 veni
1133 2344 1195 2399 in
1225 2360 1493 2400 sermone
1525 2344 1819 2417 sapientiae
1852 2345 1899 2415 (I
1923 2347 2113 2415 Comi,
2140 2346 2215 2417 1),

574 2433 675 2490 sed
708 2432 883 2489 homo
914 2432 1158 2489 humilis
1180 2438 1353 2505 atque
1370 2434 1911 2505 contemptus,nihil
1935 2451 2217 2507 magnum

571 2521 910 2594 deferens‘,
963 2521 1325 2578 cruciﬁxum.
1378 2522 1521 2577 Cum
1569 2522 1748 2594 igitur
1796 2540 1889 2579 me
1944 2523 2217 2579 videretis

568 2608 629 2666 in
690 2626 930 2682 corpore
985 2610 1430 2667 infirmitatibus
1487 2612 1733 2668 obnoxio
1806 2614 2216 2681 constitutum,

570 2713 751 2772 regna
777 2697 1036 2755 coelestia
1064 2699 1433 2771 pollicentem
1466 2718 1581 2756 non
1612 2701 1899 2770 irrisistis,
1935 2719 2038 2757 nec
2068 2702 2217 2757 msti-

568 2786 744 2844 matis
762 2788 1007 2862 dignum
1030 2805 1159 2845 esse
1180 2794 1547 2862 contemptu:
1569 2790 1983 2863 intelligebatis
2002 2792 2218 2864 quippe

567 2875 962 2934 humilitatem
996 2878 1188 2935 carnis
1220 2885 1445 2944 meae,et
1475 2879 1662 2951 ipsius
1684 2880 1921 2936 habitus
1940 2880 2217 2936 vilitatem

570 2965 643 3021 ad
669 2970 925 3021 vestram
986 2967 1369 3023 tentationem
1427 2968 1594 3024 ﬁeri:
1655 2985 1728 3024 an
1769 2967 2036 3025 videlicet
2092 2986 2221 3025 con-

570 3053 911 3111 temneretis
940 3070 1101 3124 eum,
1129 3056 1229 3127 qui
1263 3057 1335 3112 ab
1370 3055 1687 3113 incredulis
1719 3057 2070 3113 miserabilis
2113 3076 2218 3130 pu-

569 3143 808 3200 tabatur
840 3160 854 3211 ;
888 3144 989 3200 sed
1021 3148 1224 3200 contra
1268 3144 1435 3201 illum
1464 3145 1770 3217 humilem,
1821 3147 1995 3202 vilem
2046 3152 2219 3219 atque

571 3234 997 3305 contemptum,
1021 3234 1102 3290 ita
1122 3237 1188 3290 ut
1208 3235 1504 3307 angelum,
1524 3238 1580 3291 et
1600 3234 1913 3309 plusquam
1946 3238 2219 3310 angelum

570 3321 933 3395 suscepistis.
965 3324 1080 3379 Aut
1102 3328 1255 3379 certe
1280 3324 1569 3397 suspicari
1603 3342 1942 3397 possumus,
1972 3329 2217 3400 Aposto-

571 3408 692 3467 lum
733 3388 799 3467 eo
858 3416 1092 3485 tempus
1141 3430 1255 3486 quo
1311 3388 1567 3486 primum
1603 3388 1780 3471 -venit
1828 3416 1900 3472 ad
1930 3388 2218 3485 'Galatas,
2250 3388 2293 3455 C

567 3504 880 3573 mgrotasse
914 3525 927 3569 ;
956 3505 1013 3557 et
1042 3500 1237 3574 aliqua
1268 3502 1598 3575 corpusculi
1632 3504 1969 3561 inﬁrmitate
2016 3507 2217 3562 deten-

566 3593 716 3657 tum,
749 3607 866 3646 non
898 3607 1161 3649 cessasse
1189 3596 1408 3665 tamen,
1450 3610 1555 3649 nec
1594 3610 1793 3650 vocem
1842 3594 2073 3651 silentio
2131 3612 2219 3651 re-

565 3679 874 3751 pressisse,
915 3696 1028 3751 quo
1060 3680 1259 3737 minus
1290 3687 1542 3753 coeptum
1573 3682 1951 3755 Evangelium
2011 3684 2217 3757 praedi-

568 3770 743 3823 caret.
803 3768 951 3824 Nam
1001 3770 1425 3826 traduntcum
1509 3771 1925 3844 gravissimum
2009 3771 2221 3845 capitis

568 3854 828 3912 dolorem
853 3873 1005 3929 saepe
1036 3874 1417 3931 perpessum:
1453 3863 1510 3915 et
1556 3860 1713 3916 hunc
1768 3877 1896 3916 esse
1945 3860 2218 3933 angelum

566 3947 816 4015 Satanae,
844 3945 943 4019 qui
972 3948 1280 4020 oppositus
1310 3948 1361 4004 ei
1386 3948 1482 4016 sit,
1516 3953 1582 4005 ut
1638 3965 1771 4006 eum
1832 3950 2221 4023 colaphizarct

567 4032 627 4090 in
661 4050 857 4104 carne,
891 4052 964 4093 ne
984 4035 1459 4111 extolleretur(ll
1487 4038 1611 4095 Cor.
1663 4057 1761 4111 xu,
1817 4040 1891 4112 7).
1944 4040 2073 4096 Haec
2130 4042 2218 4098 in-

566 4123 836 4193 ﬁrmitas,
871 4129 928 4180 et
956 4124 1209 4199 languor
1235 4127 1330 4183 hic
1352 4128 1629 4201 corporis,
1658 4129 1811 4201 apud
1844 4146 1942 4185 eos
2002 4130 2218 4202 quibus

565 4214 1037 4271 annuntiabatur
1068 4216 1470 4290 Evangelium,
1502 4218 1746 4273 tentatio
1768 4217 1878 4273 fuit
1914 4236 1926 4273 :
1960 4236 2033 4275 an
2080 4236 2216 4276 con-

538 4305 894 4360 temnerent
923 4321 1059 4361 eum
1091 4305 1371 4362 sublimia
1401 4306 1860 4378 promittentem,
1894 4323 2068 4379 quem
2090 4308 2215 4366 lan-

564 4391 850 4463 guoribus
880 4393 1141 4465 corporis
1171 4395 1501 4466 subjectum
1531 4395 1826 4452 videbant.
1860 4396 1973 4452 Nec
2014 4414 2128 4454 non
2161 4404 2218 4455 et

566 4477 711 4535 illud
746 4479 859 4536 dici
889 4485 1100 4553 potest,
1129 4483 1283 4554 quod
1334 4482 1393 4538 in
1450 4482 1737 4557 principio
1794 4484 2077 4543 adventus
2122 4487 2214 4543 sui

566 4567 639 4623 ad
664 4566 927 4638 Galatas,
959 4570 1367 4640 contumelias,
1428 4574 1574 4629 481
1640 4578 1696 4628 et
1755 4575 2211 4646 persecutiones,

564 4658 624 4711 et
655 4654 857 4729 plagas
877 4659 1138 4731 corporis
1164 4660 1236 4716 ab
1259 4660 1351 4717 his
1391 4661 1491 4733 qui
1535 4663 1902 4720 contraibant
1957 4666 2214 4739 Evange-

2323 2076 2381 2128 et
2410 2072 2469 2127 in
2502 2074 2770 2128 doctrina
2801 2073 3017 2145 singuli
3050 2074 3480 2129 beatitudinum
3504 2079 3644 2130 sunt
3663 2082 3968 2147 provectus

2324 2161 2442 2234 (Alr
2473 2162 2783 2234 profectus)
2811 2179 2823 2218 :
2848 2168 2912 2218 ut
2927 2163 3125 2219 audiat
3154 2163 3289 2235 quis
3311 2164 3555 2220 verbum
3585 2165 3705 2232 Dei,
3734 2169 3800 2221 ut
3830 2182 3971 2221 con-

2327 2251 2526 2323 cipiat,
2562 2256 2627 2306 ut
2685 2252 2742 2306 in
2804 2257 2963 2308 utero
3021 2252 3227 2308 anima:
3285 2254 3413 2325 ejus
3470 2252 3783 2321 adolescat,
3815 2259 3874 2311 et
3902 2254 3972 2310 ad

2326 2344 2560 2412 partum
2593 2357 2781 2413 usque
2814 2340 3129 2414 perveniat.
3165 2340 3235 2397 Ut
3284 2359 3417 2398 cum
3464 2343 3752 2415 pepererit
3784 2342 3973 2412 illum,

2327 2428 2473 2485 lacte
2508 2431 2783 2501 enutriat,
2817 2435 2873 2486 et
2904 2448 3006 2503 per
3038 2431 3368 2499 infantiam,
3416 2432 3747 2505 pueritiam,
3781 2432 3975 2490 adole-

2328 2520 2635 2587 scentiam,
2661 2522 3055 2591 juventutem,
3087 2522 3157 2577 ad
3202 2524 3520 2593 perfectum
3563 2521 3755 2578 virum
3788 2540 3979 2595 usque

2325 2610 2625 2683 perducat.
2660 2609 2803 2664 Cum
2833 2627 2972 2683 ergo
3022 2611 3261 2683 singuli,
3312 2617 3379 2667 ut
3425 2610 3703 2680 diximus,
3736 2612 3975 2685 gradus,

2320 2701 2490 2771 juxta
2546 2704 2853 2771 provectus
2911 2717 3049 2755 suos
3106 2700 3361 2757 habeant
3416 2702 3877 2759 beatitudinem:
3926 2701 3977 2758 si

2328 2789 2487 2855 ﬁnis,
2520 2793 2575 2844 et
2605 2793 2669 2843 ut
2697 2788 2779 2844 ita
2818 2788 3047 2861 loquar,
3109 2794 3367 2847 extrema
3418 2807 3629 2847 manus
3688 2791 3844 2863 operi
3876 2792 3975 2847 de-

2328 2878 2522 2941 fuerit,
2558 2882 2718 2933 totus
2746 2876 2912 2933 labor
2942 2877 3146 2934 irritus
3191 2880 3324 2947 ﬁet;
3374 2884 3432 2935 et
3463 2880 3725 2936 dicetur:
3763 2882 3861 2938 Ubi
3896 2889 3978 2938 est

2327 2982 2457 3035 ergo
2511 2967 2787 3022 beatitudo
2844 2967 3071 3023 vestra?
3128 2967 3431 3035 Quamvis,
3489 2968 3700 3041 inquit,
3758 2986 3862 3027 vos
3909 2987 3977 3027 eo

2328 3058 2588 3127 tempore
2620 3072 2733 3127 quo
2781 3055 3154 3127 Evangelium
3207 3058 3381 3128 juxta
3438 3074 3672 3113 carnem
3703 3075 3977 3131 suscepe-

2329 3146 2492 3213 ratis,
2524 3145 2723 3201 beatos
2748 3146 3001 3201 dicerem
3031 3146 3185 3219 quod
3209 3146 3268 3202 in
3291 3146 3476 3203 initiis
3519 3146 3829 3204 fervebatis
3855 3165 3868 3204 :
3894 3155 3977 3204 la-

2331 3250 2461 3290 men
2478 3251 2632 3290 nunc
2645 3234 2782 3306 quia
2796 3251 2911 3289 non
2927 3234 3090 3290 video
3104 3235 3348 3291 aediﬁcio
3365 3236 3596 3292 culmen
3612 3236 3976 3309 impositum,

2331 3328 2389 3379 et
2419 3339 2565 3395 pene
2610 3340 2983 3395 nequaquam
3015 3324 3038 3358 ³
3077 3325 3238 3395 jacta
3287 3326 3653 3398 fundamina,
3686 3342 3860 3399 cogor
3888 3326 3977 3381 di-

2332 3428 2495 3469 cere:
2532 3414 2633 3482 Qbi
2661 3421 2741 3469 est
2786 3429 2911 3485 ergo
2953 3413 3225 3470 beatitudo
3280 3418 3480 3481 vestra,
3540 3432 3657 3487 qua
3712 3432 3814 3472 vos
3845 3415 3978 3472 bea-

2330 3506 2420 3558 tos
2451 3502 2743 3559 arbitrans
2777 3512 2910 3558 ante
2968 3502 3335 3559 laudabam?
3389 3503 3536 3560 Vere
3584 3505 3738 3561 enim
3770 3510 3827 3561 et
3853 3505 3980 3579 ipse

2330 3592 2532 3661 fateor,
2566 3592 2705 3665 quia
2736 3592 2818 3648 sic
2851 3610 2943 3648 me
2974 3592 3138 3649 vobis
3170 3592 3419 3649 humilia
3453 3593 3863 3665 praedicantem
3893 3594 3981 3652 vel

2331 3681 2840 3753 persecutionibus
2902 3682 3056 3739 452
3116 3681 3537 3749 conﬂictatum,
3596 3683 3655 3738 in
3696 3682 3980 3756 principio

2330 3769 2652 3826 dilexistis:
2687 3775 2751 3825 ut
2808 3769 2854 3825 si
2912 3771 3038 3826 ﬁeri
3096 3775 3293 3843 posset
3351 3770 3743 3845 (hyperbolice
3782 3777 3979 3830 autem

2329 3864 2470 3915 sunt
2525 3859 2865 3932 accipienda
2919 3877 3045 3933 qua:
3104 3859 3387 3933 loquitur)
3457 3860 3761 3918 eruissetis
3815 3861 3982 3918 vobis
4074 3872 4083 3881 '

2328 3948 2547 4015 oculos,
2581 3953 2638 4004 et
2687 3948 2852 4017 mihi,
2916 3954 2983 4005 ut
3039 3950 3304 4005 omnium
3363 3954 3623 4007 vestrum
3654 3950 3981 4008 luminibus

2328 4036 2461 4109 plus
2503 4053 2822 4109 cernerem,
2879 4038 3213 4094 dcdissetis.
3274 4038 3575 4112 Optabatis
3633 4040 3848 4113 quippe
3875 4057 3981 4097 vos

2328 4142 2509 4183 caecos
2537 4142 2667 4183 esse
2698 4144 2800 4199 per
2846 4127 3203 4183 ineffabilem
3262 4127 3317 4183 in
3377 4145 3469 4185 me
3495 4128 3880 4199 charitatem;
3915 4133 3983 4186 ut

2326 4215 2461 4289 plus
2490 4216 2551 4271 in
2584 4232 2712 4273 meo
2743 4216 2913 4273 corde
2956 4216 3249 4289 Evangelii
3279 4217 3478 4275 lumen
3527 4218 3795 4289 oriretur,
3827 4235 3982 4276 emo-

2325 4305 2657 4363 lumentum
2687 4323 2887 4362 meum
2916 4306 3130 4363 vestris
3170 4307 3405 4367 damnis
3443 4324 3702 4366 crescere
3744 4308 3979 4366 voleba-

2325 4394 2437 4451 tis:
2473 4400 2530 4451 et
2559 4395 2668 4452 hoc
2697 4395 2797 4453 illo
2828 4400 3113 4470 tempore,
3147 4414 3262 4469 quo
3310 4397 3474 4454 vobis
3521 4397 3692 4469 quasi
3716 4395 3979 4469 parvulis

2326 4488 2500 4557 atque
2521 4484 2891 4554 lactentibus,
2918 4485 3037 4541 sive
3079 4491 3315 4559 propter
3351 4485 3755 4542 inﬁrmitatem
3782 4482 3978 4541 carnis

2324 4579 2526 4630 vestrae
2573 4591 2750 4646 parva
2804 4579 2862 4630 et
2917 4574 3166 4631 humilia
3197 4573 3641 4645 annuntiabam,
3691 4572 3812 4630 sive
3842 4588 3975 4646 pro-

2326 4667 2454 4735 pter
2474 4680 2614 4719 meae
2639 4663 2836 4720 carnis
2861 4663 3133 4736 injurias,
3171 4681 3287 4721 non
3337 4664 3552 4736 dignus
3581 4661 3823 4718 videbar
3839 4661 3973 4718 ﬁde.

564 4742 643 4800 lio
673 4745 1022 4803 sustinuerit
1054 4749 1136 4803 :ei
1163 4749 1313 4805 hanc
1344 4751 1524 4808 fuisse
1562 4752 1942 4810 tentationem
1974 4754 2062 4811 vel
2096 4772 2215 4811 ma-
2247 4766 2295 4831 D
2327 4753 2490 4809 Nunc
2510 4770 2643 4809 vero
2666 4753 2806 4825 quia
2829 4754 2900 4809 ab
2929 4754 3233 4811 elementis
3278 4758 3336 4809 et
3363 4750 3604 4826 syllabis
3628 4755 3685 4807 et
3729 4749 3977 4807 lectione

567 4832 793 4889 ximam
824 4833 1065 4908 Galatis,
1097 4839 1443 4911 Apostolum
1474 4841 1687 4897 Christi
1710 4844 2081 4901 cernentibus
2102 4863 2221 4902 ver-

2333 4841 2538 4913 puerili
2570 4843 2713 4914 coepi
2767 4859 2869 4899 vos
2902 4843 2971 4897 ad
3013 4845 3237 4914 majora
3294 4841 3489 4899 studia
3547 4857 3877 4914 provocare,
3909 4844 3978 4896 ut

564 4920 780 4980 berari.
843 4926 1009 4990 Quod
1062 4931 1256 4984 autem
1309 4929 1410 4998 ait,
1474 4930 1627 4986 sicut
1701 4933 1996 5005 angelum,
2070 4936 2225 4993 sicut
2332 4930 2512 4987 libros
2543 4931 2790 4987 teneatis
2821 4931 2880 4987 in
2932 4932 3226 5005 manibus,
3285 4937 3349 4988 ut
3403 4931 3576 5004 plena
3604 4929 3975 4997 eruditionis,

569 5011 873 5069 Christum
903 5013 1106 5071 Jesum
1142 5019 1485 5092 suscepistis
1518 5037 1646 5077 me:
1712 5026 1770 5077 et
1832 5024 2035 5095 angelo
2112 5026 2219 5097 [Αἰ.

563 5101 815 5177 angelis]
848 5103 1146 5160 Christum
1178 5123 1306 5163 esse
1328 5109 1581 5164 ostendit
1603 5112 1911 5182 majorem,
1937 5129 2108 5184 quem
2136 5132 2220 5170 se-

560 5193 822 5249 cundum
845 5192 1345 5266 dispensationem
1394 5197 1673 5272 corporis,
1714 5198 2002 5257 minorem
2056 5202 2217 5258 Psal-

559 5282 738 5339 mista
796 5286 1149 5353 cantaverat,
1209 5285 1467 5342 dicens:
1523 5286 1812 5345 Minorasti
1850 5307 1975 5347 eum
2045 5293 2218 5363 paulo

556 5373 744 5429 minus
773 5373 841 5431 ab
884 5374 1104 5447 angelis
1137 5374 1305 5447 (Psat.
1348 5393 1471 5447 vm,
1529 5378 1582 5448 6)
1637 5395 1658 5439 ;
1713 5382 1770 5433 et
1816 5383 2044 5435 tantum
2112 5399 2218 5438 sua

629 5496 857 5576 {Addit
885 5498 956 5576 de
994 5516 1102 5576 suo
1163 5500 1460 5576 Marianus
1508 5501 1800 5558 Victorius
1869 5505 2213 5576 particulam

555 5566 691 5646 nisi,
726 5567 781 5621 id
811 5573 922 5646 est,
952 5572 1100 5646 nihil
1142 5590 1400 5646 magnum
1423 5574 1689 5643 deferens,
1715 5576 1827 5630 nisi
1864 5566 2210 5646 brum/imum.

555 5635 697 5719 ltiss.
724 5635 953 5719 codices
982 5635 1400 5719 leguntquod
1460 5635 1565 5701 nos
1618 5635 1946 5719 posuimus,
1994 5635 2212 5707 Sensus

556 5711 667 5790 iste
696 5724 826 5764 esse
853 5711 1100 5790 videtur,
1131 5711 1279 5790 nihii
1320 5735 1585 5787 magnum
1618 5711 1825 5790 praeter
1880 5711 2211 5789 cruci/imum

556 5777 803 5863 deferenf
834 5800 853 5847 ;
885 5784 971 5839 vel
1000 5777 1147 5863 nihil
1178 5777 1457 5863 magnuni,
1492 5777 1745 5863 (le/ciens
1778 5777 2107 5862 cruciﬁmim
2129 5810 2207 5849 δο·

558 5860 694 5908 tum.
728 5851 916 5910 MART.
949 5887 1016 5897 —
1041 5859 1125 5914 Ita
1156 5863 1212 5916 et
1242 5851 1600 5920 n'ostri'mss.
1660 5851 1994 5937 praeferunt,
2058 5866 2208 5922 bono

2330 5025 2386 5077 et
2415 5037 2698 5077 sensuum
2719 5022 2895 5079 verba
2916 5021 3177 5091 discetis,
3202 5020 3606 5090 recalcitratis,
3629 5019 3974 5086 irascimini,

2328 5111 2521 5183 gravis
2570 5110 2734 5168 vobis
2792 5111 3021 5167 videtur
3069 5127 3195 5168 esse
3224 5108 3500 5181 perfectio
3531 5106 3972 5165 doctrinarum:

2327 5206 2383 5256 ct
2413 5200 2471 5255 in
2503 5205 2733 5256 tantum
2767 5201 2825 5255 in
2860 5200 3005 5256 alios
3035 5199 3246 5256 mutati
3295 5196 3439 5254 estis
3487 5196 3755 5269 affectus,
3785 5201 3852 5253 ut
3883 5213 3976 5253 me

2326 5306 2499 5362 quem
2535 5291 2702 5363 quasi
2735 5289 3009 5363 angelum
3042 5292 3098 5345 et
3119 5286 3414 5345 Christum
3438 5287 3853 5359 susceperatis,
3880 5284 3974 5342 cui

2322 5380 2601 5437 volebatis
2658 5380 2857 5436 oculos
2916 5384 3141 5435 vestros
3196 5377 3445 5444 tradere,
3498 5392 3656 5435 nunc
3707 5374 3974 5432 habeatis
4048 5432 4055 5437 ,

2325 5505 2468 5559 satis
2499 5521 2698 5560 sensu.
2729 5504 3025 5562 Victorius
3072 5504 3157 5561 de
3201 5520 3307 5559 suo
3366 5502 3550 5574 addit,
3609 5502 3742 5570 nisi,
3774 5500 3830 5555 id
3860 5504 3971 5570 est,

2322 5576 2465 5631 ηιΙηΖ
2478 5593 2721 5648 magnus
2748 5577 3012 5648 deferens,
3046 5578 3155 5633 nisi
3186 5576 3544 5646 Cruci/imum.

2394 5652 2412 5681 ²
2443 5647 2556 5702 Nec
2588 5642 2741 5704 male
2771 5642 2926 5704 unus
2964 5642 3288 5718 Palatinus,
3336 5642 3448 5703 non
3490 5655 3602 5702 tum
3652 5642 3816 5701 initia
3844 5648 3974 5700 sunt

2320 5719 2473 5795 nobis
2499 5719 3001 5795 studiijaudqnda,
3034 5737 3219 5795 quam,
3253 5725 3361 5795 etc.

2390 5791 2409 5823 ³
2440 5791 2620 5845 Penes
2648 5791 2991 5861 Vietorium,
3022 5791 3161 5864 pene
3186 5791 3575 5864 nequidquam.
