4332 6618
397 522 518 587 409

1056 523 1570 588 COMMENTAR.
1617 526 1696 588 ΙΝ
1743 523 1990 586 EPIST.
2035 522 2138 585 AD
2183 522 2461 588 GALAT.
2507 528 2655 590 LIB.
2701 527 2780 603 II,
2825 529 2999 591 CAP.
3045 529 3154 594 IV.

3685 531 3807 596 MO

405 655 755 723 inimicum;
789 653 926 729 quia
953 656 1118 713 vobis
1148 657 1382 730 plenam
1417 659 1700 714 annuntio
1731 659 2057 714 veritatem.
2090 657 2146 724 Α
2174 657 2546 715 aemulatione
2578 661 2738 733 digni
2771 666 2931 728 sunt,
2991 679 3170 734 quam
3222 660 3353 720 illos
3409 663 3570 737 ipsos
3617 664 3821 722 volunt

407 738 716 820 Eleganter
745 751 939 802 autem
1001 747 1353 803 sententiam
1414 748 1770 817 terminavit,
1817 748 2057 803 dicens:

413 841 562 908 Ergo
621 837 884 892 inimicus
939 837 1087 892 vobis
1139 839 1317 908 factus
1374 854 1494 892 sum
1552 841 1832 894 veritatem
1878 838 2062 893 dicens

419 925 610 982 vobis?
643 929 709 980 ut
739 925 1258 981 ostenderetinitia
1306 927 1758 999 praedicationis,
1792 945 1907 982 non
1939 932 2061 982 tam

413 1015 716 1071 veritatem
743 1015 945 1082 fuisse,
971 1033 1149 1088 quam
1174 1017 1444 1072 umbram
1476 1021 1532 1070 et
1563 1017 1879 1090 imaginem
1914 1017 2060 1072 veri-

402 1103 564 1160 tatis.
597 1102 820 1159 Similis
851 1109 944 1160 est
973 1104 1110 1159 huic
1143 1104 1245 1159 illa
1305 1106 1597 1160 sententia
1649 1105 1862 1161 nobilis
1903 1107 2060 1177 apud

405 1191 702 1249 Romanos
737 1198 918 1265 poetae
950 1197 1219 1262 (TERENT.
1256 1195 1312 1249 in
1343 1194 1484 1249 And.
1520 1212 1557 1260 1,
1590 1193 1666 1264 1).

620 1327 948 1392 Obsequium
982 1329 1196 1386 amicos,
1248 1327 1441 1377 veritas
1479 1327 1661 1377 odium
1689 1328 1845 1391 parit.

402 1461 532 1535 Sed
553 1460 682 1517 vide
709 1465 930 1533 quanto
962 1461 1057 1517 hic
1085 1461 1296 1517 melius
1353 1478 1531 1534 quam
1589 1461 1716 1529 ille;
1749 1461 2060 1534 Apostolus

406 1549 566 1607 enim
596 1549 690 1606 his
722 1566 870 1622 quos
904 1551 1116 1606 stultos
1163 1551 1387 1607 dixerat
1436 1550 1634 1624 (Galat.
1668 1567 1750 1620 ιιι,
1802 1553 1877 1622 3),
1913 1569 2060 1623 quos

404 1639 680 1714 parvulos
713 1639 1033 1711 appellarat
1063 1641 1225 1710 (vers.
1259 1641 1336 1712 3),
1363 1640 1514 1696 hanc
1537 1639 1887 1696 sententiam
1911 1645 2058 1696 tem-

406 1728 646 1801 peravit,
677 1732 734 1783 et
763 1727 1079 1801 specialem
1113 1728 1283 1785 fecit:
1339 1731 1479 1784 dum
1537 1731 1769 1802 proprie
1826 1730 1897 1784 ad
1931 1746 2058 1800 per-

408 1835 586 1875 sonas
617 1816 972 1889 Galataeque
1003 1819 1233 1875 direxit.
1263 1819 1364 1875 Ille
1393 1836 1526 1875 vero
1545 1824 1601 1875 et
1628 1818 1981 1892 generalem,
2006 1822 2062 1874 et

410 1907 493 1963 ita
518 1923 582 1984 se
610 1907 765 1980 apud
799 1924 1004 1964 omnes
1036 1908 1254 1964 habere
1284 1909 1659 1977 denuntians,
1691 1909 2062 1965 vehementer

413 1995 643 2053 erravit.
676 1995 1037 2069 Obsequium
1067 1997 1247 2063 enim,
1282 2015 1398 2070 quo
1420 1997 1642 2069 putavit
1663 1998 1882 2053 amicos
1909 1996 2054 2066 fieri,
2094 2029 2140 2094 B

414 2085 656 2141 veritate
685 2086 944 2158 dempta,
979 2103 1096 2142 non
1127 2091 1248 2142 tam
1306 2087 1654 2159 obsequium
1713 2091 1821 2152 est,
1882 2103 2060 2158 quam

418 2173 695 2241 adulatio,
725 2180 781 2230 et
837 2177 1192 2233 assentatio:
1259 2194 1405 2249 quas
1455 2176 1850 2233 claudestinas
1881 2175 2070 2248 magis

418 2263 780 2331 inimicitias,
798 2282 976 2337 quam
991 2265 1279 2322 amicitias
1305 2267 1416 2322 dici
1436 2267 1666 2338 debere,
1693 2267 2068 2339 perspicuum

417 2357 525 2410 est.
562 2353 752 2410 Simul
787 2359 980 2411 autem
1041 2360 1099 2411 et
1153 2355 1298 2411 illud
1360 2357 1876 2426 considerandum,
1911 2356 2068 2428 quod

416 2442 590 2498 hodie
622 2459 856 2515 quoque
887 2444 1149 2516 quandiu
1182 2443 1436 2516 parvulis
1489 2449 1664 2517 atque
1695 2445 2068 2512 lactentibus,

418 2538 474 2589 et
501 2532 595 2588 his
622 2533 680 2588 in
715 2550 968 2606 quorum
1002 2534 1276 2590 cordibus
1313 2552 1619 2607 nunquam
1638 2535 1906 2591 Christus
1938 2536 2071 2591 ado-

413 2621 601 2689 lescit,
635 2638 738 2677 nec
773 2623 1040 2694 prolicit1
1072 2627 1241 2679 aetate
1299 2628 1356 2679 et
1413 2625 1721 2696 sapientia,
1781 2630 1836 2680 et
1883 2625 2071 2698 gratia

417 2711 570 2782 apud
603 2712 756 2767 463
789 2711 972 2766 Deum
1028 2717 1084 2768 et
1114 2712 1384 2769 homines
1441 2715 1592 2784 (Luc.
1652 2732 1713 2778 ιι,
1742 2715 1854 2785 5'2),
1898 2715 2071 2784 juxta

417 2799 674 2856 litteram
709 2801 1042 2872 Scripturas
1074 2801 1479 2874 explanamus,
1513 2803 1848 2868 laudamur,
1883 2803 2072 2875 suspi-

422 2890 632 2956 cimur,
657 2891 1029 2946 admirationi
1056 2889 1364 2946 habemur.
1384 2893 1526 2948 Cum
1545 2897 1744 2948 autem
1764 2892 2069 2964 paululum

425 2980 774 3051 coeperimus
806 2995 905 3036 eos
935 2997 1266 3052 provocare,
1296 2986 1362 3036 ut
1391 2986 1693 3038 transeant
1725 2982 1795 3038 ad
1824 2983 2069 3052 majora,

426 3069 495 3124 de
527 3069 892 3141 praeconibus
922 3069 1138 3125 nostris
1164 3070 1387 3125 inimici
1419 3071 1600 3137 ﬁant;
1632 3075 1688 3126 et
1731 3069 1938 3125 malint
1967 3071 2070 3125 Ju-

426 3157 578 3214 daeos
608 3158 802 3228 potius
833 3175 1010 3230 quam
1063 3159 1357 3231 apostolos
1388 3161 1576 3232 sequi,
1640 3160 1738 3232 qui
1780 3178 1813 3216 a
1870 3157 2071 3215 Phari-

425 3261 674 3301 saeorum
698 3247 719 3281 ³
740 3247 1009 3302 doctrina
1037 3252 1095 3303 et
1143 3249 1564 3305 traditionibus
1610 3250 1965 3316 recedentes,
1999 3251 2070 3306 ad

423 3335 620 3408 ipsum
637 3336 932 3391 Christum
947 3336 1416 3409 propitiatorium
1432 3343 1488 3394 et
1501 3339 1910 3410 perfectionem
1926 3339 2070 3411 legis

422 3424 677 3497 ingressi
734 3428 918 3480 sunt:
973 3441 1077 3480 nec
1129 3425 1391 3481 divinum
1449 3445 1779 3484 sermonem
1813 3430 2072 3500 accipere

423 3513 722 3584 dignetur,
758 3513 860 3585 qui
894 3514 1161 3571 Ecclesiae
1196 3515 1506 3588 magistros
1529 3518 1702 3586 jubet
1753 3519 1824 3573 ad
1868 3517 2074 3574 altiora

422 3603 703 3674 dogmata
727 3604 1093 3671 scandere,et
1106 3605 1245 3660 totis
1266 3604 1489 3661 viribus
1511 3605 1830 3663 sublimare
1850 3625 2070 3675 vocem,

391 3681 394 3683 Α
423 3707 528 3747 nec
557 3691 1123 3748 circumlatrantium
1156 3694 1468 3766 strepitum
1499 3696 1907 3766 pertimescere
1938 3713 2073 3768 par-

422 3779 716 3846 vulorum,
750 3781 1043 3837 dicentem
1111 3783 1216 3854 (At.
1287 3784 1547 3855 dicens):
1609 3785 1784 3856 Super
1835 3795 2076 3842 montem

425 3871 698 3926 excelsum
725 3871 972 3937 ascende,
1005 3875 1100 3945 qui
1156 3875 1507 3946 evangelizas
1563 3875 1714 3930 Sion.
1775 3877 1976 3932 Exalta
2015 3879 2076 3932 in

423 3960 629 4016 virtute
695 3975 881 4017 vocem
949 3971 1128 4028 tuam,
1186 3965 1283 4035 qui
1343 3965 1709 4035 euangelizas-
1752 3967 2072 4022 Jerusalem.

427 4049 641 4121 Exalta,
672 4049 798 4106 noli
821 4053 1013 4108 timere
1044 4052 1175 4124 (Isa.
1208 4069 1286 4118 χι,
1317 4054 1392 4126 9).

498 4138 684 4210 (Vere.
718 4141 804 4208 17,
869 4142 981 4210 18.)
1017 4164 1043 4191 ‹‹
1099 4142 1473 4199 ZEmulantur
1527 4160 1630 4200 vos
1661 4145 1683 4179 ³
1739 4161 1854 4199 non
1887 4145 2070 4201 bene:

430 4227 530 4282 sed
561 4228 862 4286 excludere
891 4246 993 4286 vos
1022 4229 1246 4302 volunt,
1281 4237 1344 4287 ut
1374 4231 1507 4288 illos
1556 4232 1934 4289 aemulemini.
1969 4234 2074 4290 Bo-

429 4331 571 4370 num
604 4321 800 4374 autem
831 4319 1194 4376 aemulamini
1226 4321 1287 4376 in
1346 4323 1497 4378 bono
1556 4339 1822 4394 semper;
1857 4328 1912 4379 et
1961 4339 2073 4378 non

423 4408 658 4462 tantum
691 4423 824 4464 cum
857 4426 1116 4481 praesens
1148 4427 1280 4466 sum
1313 4412 1469 4483 apud
1499 4428 1617 4467 vos.
1653 4433 1682 4464 ››
1709 4413 2079 4468 lEmulantur

423 4494 596 4562 bene,
629 4496 730 4568 qui
762 4514 896 4554 cum
928 4499 1163 4556 videant
1193 4499 1252 4555 in
1314 4499 1611 4572 aliquibus
1667 4517 1795 4557 esse
1833 4502 2074 4574 gratias,

427 4584 601 4654 dona,
633 4586 904 4656 virtutes,
929 4589 1042 4660 ipsi
1074 4589 1219 4645 tales
1250 4606 1379 4645 esse
1408 4589 1762 4659 desiderant,
1795 4596 1852 4646 et
1881 4593 2076 4662 ﬁdem,

325 4701 330 4703 -
424 4672 601 4729 vitam
620 4681 798 4747 atque
819 4677 1174 4734 industriam
1207 4695 1407 4735 eorum
1440 4695 1541 4750 per
1571 4695 1696 4750 quae
1727 4679 1828 4735 illa
1857 4696 2079 4736 merue-

2174 750 2358 804 facere
2393 752 2639 821 pejores,
2672 756 2728 806 et
2787 755 3106 807 retrorsum
3165 754 3395 809 trahere
3447 754 3822 811 aemulatione

2173 855 2462 910 perversa.
2494 840 2665 896 Verbi
2700 842 2888 912 gratia
2919 842 3143 898 dictum
3175 843 3290 899 sit:
3324 843 3698 900 Christianus
3733 850 3825 900 est

2171 929 2488 1001 quispiam,
2523 930 2662 1002 legit
2691 932 2928 1004 Moysen
2948 937 3004 987 et
3037 933 3372 1005 prephetas,
3407 933 3518 988 scit
3539 934 3740 989 omnia
3762 935 3820 990 in

2172 1019 2380 1074 umbra
2402 1023 2458 1074 et
2479 1019 2534 1073 in
2559 1019 2813 1093 imagine
2833 1020 2914 1075 illi
2934 1021 3147 1094 populo
3170 1021 3539 1093 praecessisse
3567 1048 3580 1090 ;
3608 1023 3825 1095 scripta

2173 1113 2368 1164 autem
2400 1125 2528 1164 esse
2559 1117 2796 1181 propter
2825 1127 2929 1166 nos
2987 1111 3045 1166 in
3079 1128 3226 1183 quos
3275 1112 3422 1168 ﬁnes
3474 1112 3820 1170 saeculorum

2172 1198 2555 1253 decurrerunt
2578 1198 2626 1269 (Ι
2680 1199 2800 1254 Cor.
2861 1218 2918 1266 Χ,
2981 1201 3093 1267 11).
3154 1201 3667 1258 Circumcisionem
3701 1220 3816 1258 non

2170 1291 2290 1342 tam
2325 1288 2612 1359 prmputii,
2645 1305 2823 1360 quam
2884 1289 3115 1344 aurium
3174 1295 3231 1345 et
3287 1291 3478 1347 cordis
3524 1291 3816 1364 intelligit.

2170 1376 2505 1433 Resurrexit
2534 1394 2667 1432 cum
2697 1378 2928 1434 Christo
2959 1395 2971 1434 :
3031 1396 3098 1434 ea
3155 1379 3363 1451 quaerit
3419 1397 3545 1451 quae
3579 1397 3818 1437 sursum

2171 1471 2310 1520 sunt
2335 1466 2552 1538 (Coloss.
2589 1484 2670 1533 ιιι,
2707 1469 2779 1537 1).
2813 1467 3121 1523 Liberatus
3152 1485 3213 1524 es
3245 1469 3316 1524 ab
3374 1485 3548 1525 onere
3594 1474 3649 1524 et
3696 1487 3816 1525 ser-

2169 1555 2350 1610 vitute
2382 1555 2547 1628 legis,
2583 1573 2654 1610 ne
2685 1560 2918 1628 tangas,
2952 1573 3024 1612 ne
3057 1562 3278 1630 gustes,
3338 1574 3410 1614 ne
3448 1558 3822 1614 contamines

2170 1643 2395 1716 (Coloss.
2432 1662 2490 1715 n,
2542 1645 2655 1716 2t),
2706 1646 3052 1716 imperantis
3085 1664 3097 1703 :
3133 1647 3269 1702 huic
3311 1648 3358 1702 si
3393 1647 3527 1718 quis
3565 1647 3828 1720 Scriptu-

2171 1750 2368 1788 rarum
2397 1734 2588 1789 verbis
2622 1733 2865 1789 voluerit
2896 1736 3269 1806 persuadere,
3303 1741 3368 1790 ut
3404 1751 3518 1791 non
3570 1751 3673 1806 per
3702 1739 3822 1792 tro-

2171 1824 2486 1896 pologiam,
2511 1825 2610 1880 sed
2655 1826 3012 1881 occidentem
3047 1827 3201 1882 464
3232 1826 3491 1881 litteram
3525 1843 3651 1897 quae
3688 1831 3828 1882 sunt

2171 1914 2388 1985 scripta
2418 1916 2490 1985 (II
2519 1916 2651 1970 Cor.
2693 1933 2776 1983 ιιι,
2809 1916 2886 1986 ε’),
2940 1915 3256 1988 suscipiat:
3290 1921 3354 1971 ut
3403 1915 3462 1970 in
3514 1915 3824 1972 manifesto

2171 2004 2273 2059 fiat
2301 2003 2560 2071 Judaeus,
2595 2021 2711 2060 non
2758 2005 2814 2059 in
2850 2004 3077 2060 occulto
3130 2007 3309 2074 (Rom.
3349 2022 3410 2073 ιι,
3442 2006 3557 2076 28),
3590 2005 3826 2061 aemula-

2178 2097 2275 2147 tur
2305 2108 2439 2147 eum
2482 2109 2597 2148 non
2629 2094 2808 2160 bene;
2844 2096 2942 2150 sed
2999 2095 3224 2151 concito
3274 2111 3447 2151 cursu
3501 2095 3570 2150 ad
3604 2094 3830 2164 majora

2178 2182 2544 2254 gradientem
2578 2182 2873 2239 retrahere
2906 2183 3180 2250 festinat;
3216 2188 3280 2239 ut
3309 2199 3372 2239 se
3423 2183 3619 2256 potius
3648 2201 3827 2240 aemu-

2177 2269 2330 2326 letur
2360 2272 2460 2342 qui
2490 2276 2809 2327 retrorsum
2842 2274 3040 2334 vadit:
3074 2279 3176 2329 aut
3205 2279 3359 2330 certe
3407 2288 3540 2329 eum
3574 2273 3827 2330 multum

2179 2360 2334 2416 ultra
2364 2377 2479 2415 non
2516 2363 2868 2432 promovet‘.
2904 2363 3186 2436 Loquitur
3215 2363 3414 2434 itaque
3449 2362 3692 2429 Galatia,
3725 2363 3828 2431 qui

2180 2450 2251 2505 ab
2312 2450 2708 2506 assertoribus
2767 2451 2917 2524 legis
2984 2452 3208 2508 inducti
3276 2452 3528 2519 fuerant,
3598 2457 3664 2508 ut
3729 2468 3829 2508 eos

2177 2537 2570 2609 imitarentur,
2633 2557 2765 2596 cum
2825 2541 2909 2596 illi
2969 2541 3164 2613 potius
3223 2542 3454 2598 Galatas
3521 2542 3832 2598 debuerint

2178 2628 2418 2683 imitari.
2452 2629 2598 2692 Quia
2655 2630 2918 2686 naturale
2976 2635 3085 2698 est,
3148 2633 3430 2702 majorem
3490 2631 3561 2686 de
3592 2630 3828 2687 minori.

2179 2735 2295 2772 non
2365 2718 2650 2773 minorem
2722 2719 2850 2774 ﬁeri
2918 2721 2989 2775 de
3078 2721 3300 2790 majore
3365 2719 3551 2776 dicit:
3622 2722 3832 2776 Bonum

2178 2808 2533 2862 aemulamini
2558 2809 2619 2862 in
2670 2809 2825 2874 bono,
2873 2809 2930 2864 id
2978 2814 3088 2876 est,
3130 2809 3310 2866 nolite
3359 2812 3679 2865 assertores
3726 2811 3824 2864 .Iu-

2181 2896 2356 2951 daicze
2433 2897 2856 2953 observationis
2924 2898 3167 2964 imitari,
3235 2899 3336 2954 sed
3382 2915 3450 2954 ea
3498 2915 3623 2970 qua:
3674 2899 3832 2954 bona

2181 2991 2339 3050 sunt,
2373 2986 2709 3043 imitamini.
2744 2989 3044 3050 Quomodo
3074 2988 3231 3044 enim
3279 2989 3376 3060 qui
3437 2987 3690 3053 divitias,
3725 3005 3826 3059 po-

2180 3075 2448 3142 tentiam,
2503 3075 2847 3148 dignitatem
2905 3075 3158 3146 alicujus
3200 3076 3489 3147 imitatur,
3539 3093 3654 3131 non
3708 3081 3829 3132 tam

2181 3165 2352 3229 bona,
2387 3181 2565 3235 quam
2600 3181 2668 3220 ea
2688 3182 2814 3237 quae
2841 3165 3116 3237 fugienda
3134 3171 3292 3232 sunt,
3312 3165 3650 3234 aemulatur;
3678 3166 3758 3221 ita
3775 3171 3835 3222 et

2181 3271 2283 3309 vos
2314 3254 2660 3322 econtrario,
2684 3255 2904 3310 bonum
2937 3255 3296 3311 eemulamini
3328 3255 3388 3309 in
3420 3255 3572 3310 bono
3599 3273 3611 3310 :
3648 3255 3833 3326 magis

2184 3347 2510 3414 quaerentes
2542 3342 2872 3414 spiritualia
2922 3361 3098 3414 quam
3152 3343 3449 3410 carnalia;
3493 3349 3559 3398 ut
3606 3361 3721 3398 non
3748 3343 3834 3398 illi

2188 3449 2285 3487 vos
2322 3432 2576 3499 Judzeos,
2612 3433 2714 3488 sed
2745 3449 2846 3486 vos
2894 3431 3027 3487 illos
3076 3431 3437 3486 Christianos
3479 3448 3605 3487 esse
3635 3432 3834 3487 docea-

2181 3521 2278 3576 tis.
2336 3521 2454 3575 Hoc
2500 3525 2695 3576 autem
2747 3521 2917 3576 facite
2985 3537 3240 3592 semper,
3307 3525 3372 3574 ut
3435 3520 3834 3591 perseveranti

2183 3610 2390 3682 gradu,
2441 3609 2511 3664 ad
2562 3610 2740 3665 finem
2790 3610 2926 3664 boni
2975 3610 3165 3681 operis
3217 3609 3517 3680 pervenire
3567 3608 3831 3681 possitis.

2183 3697 2635 3755 [Emulabamini
2669 3699 2961 3770 siquidem
2983 3699 3202 3754 bonum
3230 3698 3286 3753 in
3312 3698 3481 3767 bono,
3507 3697 3669 3769 prius
3694 3713 3831 3753 cum

2185 3789 2340 3859 apud
2369 3805 2472 3844 vos
2519 3804 2747 3844 essem:
2801 3788 2901 3860 qui
2953 3793 3265 3860 postquam
3315 3805 3349 3843 a
3397 3788 3563 3843 vobis
3599 3786 3831 3853 recessi,

2186 3877 2383 3933 omnia
2430 3893 2559 3946 quae
2605 3876 2965 3933 tradideram
3023 3877 3389 3949 perdidistis,
3451 3876 3522 3931 de
3585 3875 3837 3931 statione

2185 3972 2343 4022 certa
2371 3972 2428 4022 et
2450 3966 2564 4022 fido
2591 3973 2784 4038 portu,
2809 3983 3045 4022 rursum
3070 3967 3128 4022 in
3155 3966 3336 4021 altum
3360 3965 3520 4022 unda
3542 3963 3838 4020 relabente

2187 4055 2487 4112 subtracti.
2522 4055 2636 4110 Nec
2668 4056 2886 4111 mirum
2917 4055 2988 4123 si,
3022 4057 3324 4111 recedente
3373 4054 3672 4126 Apostolo,
3702 4070 3838 4109 vase

2185 4145 2487 4201 electionis
2518 4146 2650 4214 (.lct.
2685 4161 2763 4209 ιιι,
2798 4145 2907 4214 15),
2953 4149 3014 4198 et
3065 4143 3123 4197 in
3178 4161 3292 4214 quo
3343 4143 3610 4199 Christus
3640 4142 3835 4198 Domi-

2187 4251 2299 4289 nus
2328 4233 2678 4305 loquebatur
2727 4232 2800 4304 (Il
2846 4231 2966 4287 Cor.
3022 4249 3144 4298 x111,
3178 4232 3234 4299 3)
3284 4230 3499 4286 Galatea
3549 4235 3690 4286 sunt
3712 4248 3838 4285 mu-

2187 4323 2324 4378 tati:
2380 4339 2512 4377 cum
2559 4322 2732 4378 etiam
2787 4337 2942 4376 nunc
2995 4336 3304 4375 cernamus
3361 4324 3417 4373 et
3465 4320 3524 4374 in
3566 4318 3837 4374 Ecclesiis

2188 4413 2448 4484 idipsum
2482 4411 2625 4467 ﬁeri.
2659 4411 2715 4466 Si
2749 4411 2983 4484 quando
3017 4409 3173 4465 enim
3224 4409 3424 4465 doctor
3472 4409 3605 4480 quis
3656 4408 3716 4463 in
3746 4409 3844 4464 Ec-

2187 4501 2365 4558 clesia
2397 4501 2701 4574 contigerit
2733 4517 3004 4557 sermone
3033 4503 3276 4556 ornatus
3307 4503 3364 4554 et
3406 4497 3547 4565 vita,
3597 4498 3699 4569 qui
3731 4515 3836 4553 au-

2190 4590 2416 4646 dientes
2450 4591 2620 4662 quasi
2654 4589 2916 4646 stimulis
2948 4589 3304 4661 quibusdam
3337 4587 3590 4643 concitet
3621 4587 3692 4642 ad
3725 4587 3838 4641 vir-

2192 4684 2367 4744 tutes,
2395 4679 2660 4736 videmus
2688 4696 2920 4735 omnem
2980 4679 3209 4751 plebem
3265 4677 3417 4733 circa
3448 4677 3838 4750 elemosynas,

430 4766 588 4832 runt,
622 4763 896 4821 nituntur
942 4767 1184 4837 imitari,
1218 4771 1284 4822 ut
1314 4768 1546 4840 possint
1601 4784 1668 4824 ea
1698 4785 1930 4840 quoque
1959 4785 2086 4841 quae
2115 4771 2165 4839 Π
2189 4769 2437 4841 jejunia,
2471 4770 2825 4838 castitatem,
2885 4769 3317 4840 susceptionem
3371 4784 3719 4840 pauperum,
3754 4782 3842 4823 se-

432 4848 590 4906 bona
624 4851 998 4910 aemulatione
1028 4855 1207 4928 digna
1238 4860 1396 4926 sunt,
1431 4856 1728 4928 consequi.
1761 4858 1842 4914 De
1871 4858 2086 4930 quibus

434 4943 490 4994 et
516 4940 833 5013 Apostolus
890 4945 1005 5000 ait:
1062 4946 1438 5002 AZmulamz'm‘
1491 4948 1847 5018 spiritualia:
1907 4952 2086 5018 magis

441 5034 627 5086 autem
655 5035 717 5088 ut
744 5033 1076 5105 praphetetis
1114 5037 1161 5103 (I
1192 5034 1312 5090 Cor.
1343 5051 1459 5104 x1v,
1520 5037 1591 5106 1).
1652 5044 1732 5092 Ac
1777 5037 2083 5110 deinceps:

443 5116 532 5173 Sic
558 5124 613 5174 et
643 5137 754 5193 vos,
803 5124 1066 5194 quoniam
1121 5125 1475 5182 mulatores
1532 5125 1656 5181 estis
1685 5127 2082 5198 spiritualium.

439 5206 509 5261 ad
572 5208 998 5280 aediﬁcationem
1063 5215 1330 5272 Ecclesiae
1395 5216 1626 5286 quaerite
1684 5220 1745 5270 ut
1790 5217 2087 5274 abundetis

437 5296 606 5367 (Ibid.
642 5300 750 5368 12).
786 5303 854 5358 Et
894 5303 1148 5360 iterum:
1209 5307 1422 5376 Itaque,
1478 5305 1703 5374 fratres,
1735 5306 2088 5364 azmulamini

419 5387 774 5460 praphetare,
802 5396 853 5448 et
884 5394 1036 5466 loqui
1104 5395 1312 5466 linguis
1377 5395 1550 5451 nolite
1602 5395 1888 5467 prohibere
1917 5397 2082 5468 (Ibid.

428 5475 546 5548 39).
603 5479 981 5538 Emulantur
1010 5488 1206 5539 autem
1269 5499 1383 5540 non
1442 5484 1610 5551 bene,
1672 5484 1771 5557 qui
1816 5501 1930 5540 non
1965 5490 2084 5542 tam

428 5563 542 5638 ipsi
574 5568 827 5642 cupiunt
855 5587 986 5629 esse
1017 5572 1409 5641 meliores,'ut
1465 5573 1772 5632 imitentur
1828 5591 1926 5632 cos
1983 5576 2085 5648 qui

503 5712 705 5792 i_Cu_m
763 5713 1019 5772 Victoria
1054 5715 1193 5792 duo
1253 5734 1426 5787 mss.,
1485 5734 1767 5792 nunquam
1840 5718 2083 5775 Christus

433 5781 824 5871 adolevit,‘n.ec
847 5789 1106 5871 prolecit.

505 5855 528 5892 ³
547 5855 720 5931 Apud
750 5855 1098 5934 Victoriam,
1131 5864 1182 5922 et
1209 5877 1335 5920 cum
1362 5879 1396 5919 a
1424 5862 1820 5934 Plu-imorum,
1851 5865 1960 5922 etc.

2198 4857 2489 4931 pulturas,
2559 4863 2615 4914 et
2675 4864 2879 4914 caetera
2942 4857 3162 4914 similia
3237 4858 3536 4925 festinare,
3606 4860 3841 4918 tervere,

2198 4947 2545 5004 discurrere.
2596 4947 2738 5003 Cum
2795 4952 2992 5004 autem
3038 4946 3136 5002 ille
3190 4947 3514 5013 recesserit,
3560 4944 3842 5018 paulatim

2199 5053 2610 5101 emarcescere,
2646 5043 2703 5092 et
2731 5037 3028 5092 subtracto
3087 5037 3236 5102 cibo,
3298 5035 3545 5101 tenuari,
3609 5031 3839 5104 pallere,

2195 5123 2592 5198 languescere,
2626 5132 2683 5182 et
2708 5126 3008 5182 interitum
3041 5125 3208 5197 sequi
3239 5125 3504 5181 omnium
3527 5138 3653 5193 quae
3677 5120 3842 5192 prius

2195 5215 2488 5287 vigebant.
2522 5216 2913 5282 Quamobrem
2945 5215 3083 5286 quia
3114 5214 3326 5270 messis
3353 5212 3559 5278 multa,
3591 5207 3837 5281 operarii

2197 5309 2391 5360 autem
2423 5306 2592 5378 pauci
2623 5307 2832 5376 (Matth.
2867 5322 2942 5373 ιιι,
2994 5306 3106 5376 37),
3159 5318 3480 5376 precemur.
3523 5297 3839 5355 Dominum

2197 5395 2431 5463 messis,
2467 5400 2531 5450 ut
2563 5395 2761 5451 mittat
2791 5393 3090 5466 operarios
3119 5393 3189 5448 ad
3225 5389 3584 5458 metendum,
3609 5386 3708 5459 qui
3731 5385 3846 5459 spi-

2198 5500 2297 5540 cas
2328 5485 2529 5558 pepuli
2563 5484 2900 5550 Christiani,
2927 5500 3054 5555 quae
3078 5485 3236 5537 stant
3261 5480 3318 5534 in
3351 5477 3624 5543 Ecclesia,
3651 5477 3848 5533 futuro

2198 5574 2396 5631 tritico
2431 5579 2786 5649 praeparatae,
2822 5577 3063 5641 metant,
3098 5569 3396 5640 colligant,
3447 5572 3504 5623 et
3552 5566 3611 5624 in
3645 5566 3856 5623 horrea

2268 5719 2290 5753 ³
2322 5721 2384 5776 In
2417 5719 2602 5777 Palat.
2637 5737 2750 5776 ms.
2782 5717 3126 5776 aemulantur
3156 5713 3322 5770 vobis.

2269 5792 2290 5826 δ
2318 5791 2480 5848 Idem
2510 5792 2753 5859 Victor.,
2803 5797 2944 5845 certe
2995 5795 3064 5858 ut
3099 5786 3339 5843 multum
3386 5786 3536 5844 ultra
3577 5801 3688 5844 non
3723 5797 3852 5860 pro-

2195 5872 2425 5923 moveat.
