4332 6598
519 409 626 470 411

1756 413 1820 471 S.
1868 410 2178 474 EUSEBII
2223 411 2673 474 HIERONYMI

3813 407 3931 472 412

519 545 973 612 comportantes,
1006 559 1382 616 nequaquam
1414 544 1601 618 perire
1661 545 1974 618 patiantur.
2010 548 2159 604 465
2197 546 2250 612 Α
2273 544 2492 615 jacitur
2513 544 2780 612 informe,
2805 540 3061 598 utsulcis
3080 541 3329 598 etfundo
3345 541 3473 614 ejus
3489 539 3930 615 quasiquodam

519 630 638 688 Hoc
667 632 735 686 de
763 647 830 686 eo
862 630 982 688 zelo
1012 637 1068 688 et
1097 633 1466 690 aemulatione
1496 653 1788 707 perversa,
1842 638 1910 694 de
1971 655 2086 710 qua
2113 642 2167 691 et

519 719 660 776 alibi
692 719 914 776 dictum
947 727 1072 778 est:
1107 725 1286 780 Nolite
1313 726 1570 780 aemulari
1619 729 1678 780 in
1734 729 2168 798 malignantibus

519 809 692 877 (Psal.
728 827 916 880 xxxvi,
952 811 1042 881 1);
1073 815 1130 866 et
1161 813 1254 868 hic
1283 831 1294 868 :
1328 815 1685 869 rEmulantur
1741 832 1827 870 vos
1872 833 1980 871 non
2015 818 2165 872 bene.

523 898 859 953 Invenimus
889 904 1083 954 autem
1113 905 1168 956 et
1199 902 1378 958 alium
1412 903 1623 970 zelum,
1659 921 1773 975 quo
1823 906 1991 960 zelati
2027 911 2165 960 sunt

523 985 628 1040 ﬁlii
659 987 858 1055 Jacob,
890 989 1105 1060 Joseph
1138 991 1374 1047 fratrem
1408 1010 1577 1048 suum
1611 994 1762 1063 (Gen.
1797 1011 2008 1061 XXXVII,
2046 997 2164 1062 11):

520 1080 578 1130 et
605 1075 786 1132 Maria
816 1083 872 1133 et
900 1081 1088 1135 Aaron
1120 1082 1376 1136 amicum
1433 1083 1663 1138 Domini
1707 1087 1935 1154 Moysen
1974 1086 2163 1152 (Num.

522 1181 622 1229 xu,
653 1168 729 1235 2).
766 1167 963 1238 Neque
1006 1169 1162 1224 enim
1218 1176 1318 1226 aut
1361 1171 1462 1237 illi,
1517 1177 1617 1227 aut
1666 1171 1746 1238 hi,
1803 1178 1868 1228 ut
1900 1173 2166 1228 meliores

521 1260 720 1309 essent
749 1256 965 1327 Joseph
993 1261 1047 1311 et
1086 1258 1300 1330 Moyse,
1343 1261 1414 1315 ad
1448 1261 1635 1316 zelum
1685 1268 1824 1317 sunt
1856 1263 2123 1316 concitati
2152 1280 2164 1329 ;

521 1342 658 1414 quia
690 1342 967 1399 dolebant
1000 1345 1129 1401 illos
1158 1365 1285 1402 esse
1331 1348 1618 1405 meliores.
1676 1352 1787 1405 Iste
1840 1350 1998 1406 zelus
2029 1352 2167 1405 vici-

519 1447 629 1484 nus
658 1430 889 1486 invidiae
925 1439 1035 1488 est.
1071 1435 1335 1508 Longum
1370 1443 1478 1505 est,
1511 1439 1559 1493 si
1609 1438 1778 1493 velim
1836 1442 2035 1495 omnia
2061 1439 2165 1494 zeli

519 1534 750 1591 genera,
785 1520 915 1575 boni
952 1539 1054 1578 seu
1089 1524 1225 1580 mali
1287 1527 1357 1580 de
1417 1527 1850 1599 Scripturarum
1899 1529 2168 1600 praeferre

517 1607 817 1664 thesauro.
895 1611 1118 1666 Bonum
1187 1613 1374 1670 zelum
1409 1615 1659 1687 legimus
1699 1618 1946 1673 Phinees
1977 1619 2164 1685 (Num.

517 1712 646 1761 xxv,
679 1699 756 1770 7),
794 1698 928 1754 Elite
959 1703 1060 1768 (III
1087 1704 1216 1773 Reg.
1265 1721 1381 1772 xxx,
1435 1707 1542 1776 10),
1591 1707 1884 1761 Mathatim
1918 1708 1964 1777 (1
1991 1708 2164 1762 Maeli.

520 1787 684 1855 11,7),
717 1791 772 1842 et
805 1789 1051 1859 apostoli
1078 1790 1243 1848 Judaa
1275 1795 1394 1863 (sed
1433 1812 1546 1850 non
1580 1796 1915 1867 proditoris)
1965 1796 2063 1868 qui
2094 1796 2166 1851 ob

519 1872 810 1946 insignem
841 1877 947 1932 zeli
978 1879 1033 1933 in
1068 1897 1128 1935 se
1173 1881 1448 1938 virtutem
1499 1884 1649 1953 (Luc.
1705 1903 1778 1952 1x,
1831 1886 1942 1956 3‘1),
1989 1886 2165 1940 etiam
2198 1915 2245 1979 Β

519 1963 708 2018 zelotis
740 1981 949 2021 nomen
982 1970 1204 2040 accepit
1252 1972 1388 2042 (Act.
1440 1991 1478 2043 ι,
1525 1973 1634 2044 13).
1688 1973 1904 2028 Malum
1945 1980 2160 2041 autem,

519 2057 586 2106 ut
616 2053 754 2109 Cain
791 2054 846 2108 in
877 2056 1016 2112 Abel
1048 2059 1198 2128 (Gen.
1225 2062 1284 2130 1),
1314 2066 1368 2116 et
1400 2066 1737 2118 czeterorum
1790 2064 1848 2118 in
1898 2063 2061 2118 alios.
2098 2064 2165 2118 Et

435 2140 441 2145 ”
520 2139 712 2196 zelum
747 2143 874 2215 viri,
925 2146 995 2202 de
1043 2165 1158 2219 quo
1227 2150 1512 2223 scriptum
1583 2157 1706 2208 est:
1758 2155 1823 2208 Et
1876 2155 2087 2208 venerit
2113 2155 2166 2209 ei

517 2231 749 2301 spiritus
781 2235 892 2289 zeli
920 2236 1102 2305 (Num.
1155 2248 1208 2304 v,
1262 2241 1372 2310 1-1).
1424 2241 1546 2296 Nisi
1608 2243 1754 2298 forte
1801 2242 2030 2298 medius
2073 2243 2163 2297 hic

517 2319 677 2375 zelus
711 2327 817 2389 est,
853 2328 910 2379 et
940 2341 1043 2382 nec
1076 2327 1135 2382 in
1166 2328 1402 2395 bonam,
1436 2347 1539 2385 nec
1573 2331 1630 2385 in
1684 2332 1896 2387 malam
1938 2337 2162 2404 partem

519 2409 704 2480 accipi
733 2416 939 2481 potest,
973 2416 1073 2470 sed
1108 2416 1257 2472 inter
1278 2423 1592 2490 utrumque
1644 2421 1926 2493 zelotypia
1970 2420 2164 2493 potius

521 2497 870 2570 appellatur,
904 2501 1118 2560 Aliter:
1153 2505 1427 2562 Videntes
1484 2508 1544 2563 hi
1605 2511 1703 2581 qui
1760 2528 1827 2566 ex
1859 2510 2162 2566 circumci-

520 2586 684 2662 sione
713 2594 878 2644 erant
906 2589 1140 2648 Galatas
1192 2611 1259 2650 ex
1316 2597 1610 2668 gentibus,
1673 2599 1924 2670 Spiritus
1978 2600 2162 2655 sancti

523 2675 825 2733 abundare
855 2677 1192 2752 virtutibus,
1227 2701 1289 2739 se
1318 2701 1449 2740 vero
1473 2704 1585 2742 non
1606 2686 1821 2759 linguis
1842 2688 2023 2760 loqui,
2049 2706 2162 2744 non

525 2765 678 2822 dona
708 2765 924 2823 habere
953 2772 1323 2828 curationum
1352 2791 1363 2828 :
1400 2793 1513 2832 non
1545 2777 1791 2848 gratiam
1827 2778 2162 2850 prophetiae,

523 2855 840 2927 cupiebant
868 2874 966 2914 eos
996 2859 1099 2916 zeli
1130 2862 1388 2920 stimulis
1418 2865 1662 2932 incitati,
1694 2867 1765 2922 ad
1813 2867 1958 2940 legis
1989 2884 2166 2924 onera

525 2945 922 3014 transducere,
958 2953 1022 3004 ut
1050 2951 1375 3023 inciperent
1404 2959 1460 3009 et
1489 2954 1571 3008 illi
1610 2955 1702 3011 sui
1751 2956 1974 3012 similes
2007 2957 2156 3014 ﬁeri.

599 3033 920 3112 (Vers.19).
962 3059 988 3086 ‹‹
1023 3039 1205 3095 Filioli
1260 3042 1370 3097 mei
1423 3060 1570 3113 quos
1621 3043 1832 3099 iterum
1883 3044 2166 3115 parturio,

527 3118 711 3176 donec
743 3123 1025 3181 formetur
1073 3128 1338 3185 Christus
1392 3131 1450 3186 in
1499 3133 1682 3188 vobis.
1719 3156 1745 3181 ››
1779 3134 2023 3200 Quantis
2055 3135 2165 3189 dif-

529 3208 892 3268 ficultatibus
939 3220 995 3270 et
1047 3215 1244 3274 dolore
1300 3220 1450 3275 fetus
1499 3226 1844 3292 promantur
1887 3240 1956 3277 cx
1981 3228 2164 3291 utero,

532 3298 862 3358 maledictio
884 3305 1074 3376 prima
1096 3307 1349 3364 declarat
1372 3309 1603 3366 dicens:
1631 3314 1693 3367 In
1725 3313 1962 3368 tristitia
1987 3315 2170 3384 paries

527 3387 672 3456 ﬁlios
702 3390 851 3454 (Gen.
887 3411 968 3462 ιιι,
1005 3397 1091 3467 16)
1125 3396 1332 3451 Volens
1379 3397 1559 3471 igitur
1605 3400 1822 3456 Paulus
1866 3404 2170 3458 ostendere

531 3479 946 3552 magistrorum
1013 3502 1116 3557 pro
1162 3486 1469 3559 discipulis
1509 3489 1988 3560 sollicitudinem,
2024 3508 2171 3563 quos

529 3567 828 3639 patiantur
875 3572 1135 3636 affectus,
1189 3593 1260 3632 ne
1317 3582 1631 3634 sectatores
1689 3581 1777 3634 sui
1831 3581 2101 3636 excidant
2139 3600 2172 3636 a

530 3655 738 3723 salute,
772 3659 891 3716 ait:
925 3663 1114 3718 Filioli
1142 3666 1251 3719 mei
1315 3682 1443 3736 quos
1500 3669 1698 3722 iterum
1750 3655 2020 3740 parturio.
2064 3670 2171 3735 Qui

530 3746 685 3800 enim
719 3747 777 3802 in
812 3748 923 3804 alio
953 3749 1078 3806 loco
1127 3755 1295 3824 quasi
1345 3760 1510 3826 pater
1567 3757 1824 3812 dixerat:
1878 3758 1939 3814 Si
1994 3759 2173 3813 decem

531 3833 714 3889 millia
741 3836 1165 3911 paedagogorum
1223 3843 1469 3899 habeatis
1528 3846 1588 3899 in
1645 3846 1875 3912 Christo,
1931 3848 2023 3902 sed
2064 3864 2173 3904 non

532 3923 734 3979 multos
765 3933 945 3996 patres
975 3929 1022 3995 (I
1050 3928 1170 3984 Cor.
1203 3947 1276 3999 ιν,
1331 3934 1439 4003 15),
1464 3934 1588 4004 jam
1641 3952 1754 3991 non
1787 3936 1954 4008 quasi
1988 3942 2172 4008 pater,

536 4011 635 4065 sed
668 4018 732 4068 ut
791 4020 978 4072 mater
1024 4017 1284 4090 loquitur
1338 4021 1396 4076 in
1455 4022 1707 4092 Christo,
1765 4030 1828 4079 ut
1868 4026 2176 4098 utriusque

535 4102 906 4173 anxietatem,
940 4111 997 4162 et
1026 4109 1296 4180 pietatem
1331 4111 1388 4166 in
1435 4129 1496 4168 se
1544 4114 1802 4186 parentis
1833 4121 2172 4187 agnoscant.

535 4191 683 4248 Male
715 4195 854 4266 quid
887 4201 943 4252 et
966 4197 1192 4271 Moyses
1240 4201 1311 4256 de
1340 4201 1552 4274 populo
1602 4202 1950 4275 loquebatur
1977 4221 1990 4258 :
2024 4205 2174 4259 Nun-

533 4282 666 4352 quid
721 4299 817 4355 ego
877 4287 934 4340 in
995 4295 1147 4344 utero
1199 4292 1387 4359 accepi
1443 4308 1657 4346 omnem
1709 4293 1971 4364 populum
2011 4296 2178 4349 istum

533 4373 719 4442 (Num.
751 4390 830 4439 χι,
867 4375 952 4444 12)
976 4379 1001 4427 γ
1027 4375 1186 4444 Quis,
1220 4382 1413 4450 putas,
1448 4384 1714 4436 nostrum
1767 4381 1845 4434 ita
1895 4382 1964 4436 de
2003 4382 2176 4437 disci-

535 4460 807 4532 pulorum
841 4463 1049 4519 anxius
1081 4471 1169 4522 est
1198 4466 1406 4534 salute,
1467 4473 1531 4523 ut
1591 4487 1704 4524 non
1765 4471 1966 4540 paucis
1995 4471 2174 4539 horis,

537 4553 640 4603 aut
671 4556 735 4605 ut
767 4551 1020 4608 multum
1056 4554 1234 4610 biduo
1258 4554 1543 4625 triduove,
1579 4558 1677 4613 sed
1738 4563 1858 4614 toto
1899 4561 2029 4616 vitae
2059 4579 2175 4618 sua:

2279 633 2504 706 glutino
2537 632 2967 688 adhaereatzde
3025 649 3140 702 quo
3197 636 3254 686 et
3313 633 3598 704 propheta
3658 632 3807 688 initii
3831 633 3934 689 sui

2279 725 2638 789 recordatus,
2709 725 2825 778 ait:
2917 724 3344 794 Incompositum
3425 739 3609 777 meum
3677 723 3930 780 viderunt

2279 815 2424 868 oculi
2451 815 2538 868 tui
2595 813 2769 883 (Psal.
2831 813 3258 882 cxxxvm,16):
3317 811 3528 868 deinde
3587 828 3691 883 per
3723 829 3927 869 novem

2279 919 2512 957 menses
2543 902 2805 956 restricto
2836 903 3142 972 sanguine,
3172 901 3408 956 futurus
3440 901 3615 957 homo
3654 902 3925 975 coagula-

2280 995 2395 1059 tur,
2427 995 2789 1062 corporatur,
2849 989 3111 1060 pascitur
3165 994 3342 1061 atque
3397 989 3825 1062 distinguitur:
3862 996 3925 1046 ut

2280 1085 2594 1152 postquam
2656 1078 2713 1132 in
2775 1083 2938 1133 utero
2995 1077 3316 1149 palpitarit,
3374 1082 3594 1134 statuto
3661 1084 3927 1151 tempore

2279 1169 2558 1223 fundatur
2584 1168 2639 1221 in
2665 1166 2876 1233 lucem,
2894 1173 2951 1222 et
2979 1166 3156 1222 tantis
3174 1166 3619 1223 difﬁcultatibus
3641 1169 3926 1237 nascitur,

2279 1257 2518 1328 quantis
2551 1262 2752 1327 postea
2783 1274 2854 1311 ne
2888 1256 3156 1320 intereat,
3186 1255 3514 1312 enutritur:
3541 1256 3622 1312 ita
3640 1262 3695 1312 et
3726 1274 3926 1313 semen

2280 1347 2569 1401 sermonis
2603 1345 2816 1400 Christi
2849 1362 2980 1400 cum
3035 1346 3093 1400 in
3146 1345 3403 1400 animam
3455 1345 3747 1402 audientis
3778 1347 3921 1402 inci-

2279 1435 2448 1504 derit,
2482 1451 2585 1506 per
2613 1435 2830 1507 gradus
2849 1451 2985 1489 suos
3009 1434 3236 1506 crescit,
3259 1439 3335 1501 et,
3370 1438 3435 1489 ut
3484 1435 3670 1490 multa
3700 1441 3928 1506 praeter-

2277 1541 2406 1579 eam
2439 1528 2782 1596 (possumus
2813 1524 3105 1595 siquidem
3136 1523 3300 1579 facile
3330 1522 3688 1596 corporalem
3716 1524 3932 1580 descri-

2280 1613 2537 1685 ptionem
2571 1613 2882 1668 transferre
2912 1614 2982 1668 ad
3017 1612 3464 1685 intelligentiam
3514 1613 3923 1685 spiritualem),

2278 1703 2482 1757 tandiu
2514 1703 2572 1756 in
2605 1701 2841 1774 ancipiti
2876 1708 2982 1770 est,
3013 1701 3275 1772 quandiu
3306 1701 3494 1774 pariat
3518 1703 3921 1775 quiconcepit.

2278 1791 2393 1846 Nec
2424 1789 2622 1845 statim
2658 1790 2792 1845 ﬁnis
2827 1791 3127 1845 industria:
3184 1794 3273 1846 est
3322 1790 3600 1857 edidisse,
3649 1792 3749 1846 sed
3784 1796 3925 1846 tunc

2281 1878 2521 1935 alterius
2553 1879 2770 1934 laboris
2796 1879 3097 1934 exordium
3131 1886 3240 1948 est,
3274 1884 3339 1934 ut
3381 1879 3692 1936 lactentem
3733 1881 3925 1935 infan-

2276 1969 2418 2024 tiam
2445 1967 2663 2024 sedulis
2683 1968 3062 2023 nutrimentis
3082 1973 3137 2024 et
3159 1967 3394 2034 studiis,
3410 1969 3674 2040 usquead
3693 1968 3924 2040 plenam

2274 2057 2487 2113 Christi
2514 2058 2795 2129 perducat
2826 2061 3077 2112 aetatem.
3124 2057 3192 2112 Et
3239 2057 3531 2130 quomodo
3565 2057 3623 2112 in
3652 2059 3926 2130 conjugio

2277 2163 2426 2218 saepe
2456 2147 2562 2201 viri
2595 2163 2796 2202 semen
2829 2146 2888 2200 in
2921 2163 3100 2201 causa
3122 2151 3211 2202 est
3228 2163 3298 2202 ne
3327 2147 3493 2202 liberi
3527 2152 3923 2219 procreentur,

2276 2252 2702 2308 nonnunquam
2735 2235 2950 2291 sterilis
2983 2252 3128 2291 uxor
3158 2235 3385 2292 semina
3402 2253 3516 2292 non
3540 2240 3716 2303 tenet,
3744 2243 3800 2291 ct
3823 2237 3926 2291 fre-

2275 2330 2521 2398 quenter
2547 2331 2750 2380 neuter
2779 2325 2849 2380 ad
2882 2326 3284 2398 generandum
3318 2329 3492 2398 aptus
3523 2329 3630 2392 est,
3659 2331 3714 2380 et
3734 2341 3764 2379 e
3786 2342 3924 2380 con-

2274 2415 2452 2470 trario
2477 2419 2721 2486 uterque
2753 2415 3036 2469 fecundus
3062 2433 3074 2471 :
3106 2415 3187 2470 ita
3217 2419 3271 2470 et
3302 2414 3360 2469 in
3409 2414 3502 2470 his
3547 2415 3646 2487 qui
3677 2415 3918 2470 verbum

2273 2504 2376 2560 Dei
2409 2503 2726 2570 seminant,
2761 2504 3120 2576 quadrilaria
3152 2503 3271 2558 haec
3320 2503 3526 2559 divisio
3570 2503 3919 2570 custoditur,

2275 2598 2339 2648 ut
2369 2593 2611 2665 impleat
2643 2593 2882 2665 quidem
2915 2610 3090 2648 suum
3141 2594 3344 2648 doctor
3388 2592 3671 2663 ofﬁcium,
3715 2593 3814 2648 sed
3846 2592 3925 2648 sit

2275 2683 2494 2740 sterilis
2526 2683 2800 2751 auditor;
2834 2682 2920 2738 vel
2954 2683 3185 2738 auditor
3216 2683 3378 2738 bona
3429 2680 3641 2737 indolis
3694 2680 3789 2746 sit,
3822 2681 3923 2737 sed

2275 2789 2376 2844 per
2427 2771 2782 2844 imperitiam
2850 2772 3128 2836 doctoris,
3179 2771 3337 2826 verbi
3387 2787 3587 2828 semen
3634 2770 3920 2839 intereat;

2275 2866 2377 2917 aut
2406 2865 2559 2916 certe
2591 2865 2711 2916 tam
2754 2877 2954 2917 vecors
2976 2861 3052 2916 sit
3083 2860 3182 2932 qui
3214 2861 3473 2930 docetur,
3505 2877 3677 2933 quam
3713 2859 3809 2916 ille
3837 2863 3927 2916 est

2277 2951 2376 3022 qui
2446 2949 2754 3022 praecipit;
2817 2967 3064 3022 raroque
3132 2949 3435 3022 contingit,
3508 2953 3572 3004 ut
3650 2948 3930 3023 magister

2277 3044 2333 3095 et
2364 3038 2691 3111 discipulus
2727 3040 2838 3095 sibi
2883 3039 3274 3106 consentiant,
3336 3037 3556 3094 scilicet
3603 3042 3668 3093 ut
3696 3043 3926 3093 tantum

2278 3129 2388 3184 iste
2419 3129 2644 3199 doceat,
2678 3134 2964 3200 quantum
2997 3127 3094 3183 ille
3125 3127 3308 3200 possit
3360 3127 3632 3195 haurire;
3685 3126 3769 3182 vel
3800 3131 3929 3182 tan-

2280 3223 2408 3274 tum
2443 3218 2742 3290 suscipere
2775 3219 3003 3285 doctus,
3056 3222 3345 3289 quantum
3396 3218 3597 3272 doctor
3645 3217 3925 3289 ingerere.

2201 3287 2243 3353 (ἶ
2279 3314 2355 3363 At
2386 3324 2541 3362 nunc
2573 3324 2776 3363 omnes
2817 3309 3048 3379 judices
3094 3324 3324 3363 sumus.
3359 3307 3665 3363 Nescimus
3707 3311 3922 3378 quotus

2280 3398 2552 3452 Psalmus
2584 3397 2680 3464 sit,
2713 3415 2836 3468 quae
2869 3414 3002 3469 pars
3033 3396 3374 3469 prophetiae,
3407 3397 3561 3469 quod
3595 3395 3739 3468 legis
3770 3394 3923 3468 capi—

2279 3487 2493 3555 tulum,
2526 3491 2583 3542 et
2613 3486 2889 3559 loquendi
2936 3486 3208 3542 facilitate
3251 3486 3712 3560 interpretamur
3744 3486 3926 3541 auda-

2281 3585 2420 3644 cter,
2458 3577 2611 3649 quod
2643 3593 3015 3648 nequaquam
3063 3575 3472 3649 intelligimus.
3533 3576 3657 3632 Non
3707 3576 3777 3631 ad
3823 3591 3929 3631 nos

2282 3667 2552 3740 pertinet,
2608 3671 2670 3721 ut
2712 3666 2983 3723 Christus
3026 3665 3308 3722 formetur
3355 3666 3415 3720 in
3467 3664 3681 3737 populo
3712 3681 3724 3720 :
3761 3670 3826 3718 ut
3853 3665 3926 3720 ad

2282 3756 2523 3811 domum
2557 3771 2725 3811 suam
2759 3754 3168 3827 unusquisque
3217 3754 3449 3811 rediens
3477 3752 3689 3809 habeat
3728 3768 3928 3808 semen

2282 3843 2438 3899 verbi
2466 3845 2582 3908 Dei,
2606 3845 2761 3915 quod
2783 3860 2914 3899 cum
2938 3844 3286 3916 conceperit,
3318 3842 3505 3918 possit
3551 3841 3743 3898 dicere
3783 3858 3922 3897 cum

2286 3934 2433 3989 467
2464 3932 2747 4004 propheta
2775 3950 2787 3988 :
2814 3933 2853 3989 A
2897 3935 3093 3989 timore
3123 3941 3235 3999 tuo,
3288 3937 3542 3999 Domine,
3585 3933 3932 4003 concepimus

2285 4027 2336 4078 et
2357 4023 2731 4094 peperimus’,
2769 4021 2920 4093 ﬁlios
2969 4023 3292 4078 salvationis
3332 4026 3439 4077 tuae
3498 4023 3729 4094 fecimus
3769 4037 3934 4092 super

2287 4120 2493 4167 terram
2519 4113 2823 4183 (Isa.xxv1,
2855 4113 2965 4183 47),
3001 4113 3109 4183 18).
3146 4109 3314 4168 Tales
3346 4111 3405 4166 in
3429 4109 3720 4184 apostolos
3743 4114 3932 4165 trans-

2289 4206 2451 4267 eunt,
2484 4206 2541 4256 et
2569 4219 2601 4256 a
2657 4201 2952 4257 Salvatore
3012 4206 3325 4257 merentur.
3363 4201 3475 4272 (Al.
3533 4200 3932 4270 merebantur)

2289 4289 2526 4345 audire:
2585 4291 2904 4362 Quicunque
2958 4291 3152 4362 fecerit
3198 4291 3535 4346 voluntatem
3586 4291 3768 4346 Patris
3805 4290 3932 4354 mei,

2290 4381 2402 4451 ipse
2447 4383 2524 4434 est
2578 4380 2766 4453 frater
2822 4395 2992 4446 meus,
3050 4383 3103 4434 et
3145 4395 3317 4448 soror,
3385 4385 3437 4435 et
3501 4386 3679 4434 mater
3722 4375 3929 4442 (Matth.

2287 4485 2385 4534 xu,
2419 4469 2545 4538 50):
2598 4467 2929 4524 diversitate
2976 4468 3366 4540 profectuum,
3421 4467 3481 4524 in
3539 4465 3782 4522 diversis
3827 4481 3931 4520 no-

2289 4557 2547 4614 minibus
2579 4563 2812 4614 ostcnsa
2844 4558 2948 4629 (At.
3003 4556 3388 4629 ostendente.)
3448 4547 3756 4612 Formatur
3787 4569 3932 4626 quo-

536 4641 797 4709 tempore
829 4645 1190 4713 torqueatur,
1224 4646 1378 4700 466
1437 4639 1619 4703 donec
1674 4647 1936 4705 Christus
1977 4651 2259 4722 forme-D
2292 4663 2404 4719 que
2436 4647 2704 4703 Christus
2761 4645 2819 4701 in
2878 4646 3050 4701 corde
3106 4643 3491 4711 credentium,
3549 4657 3684 4697 cum
3735 4640 3933 4696 omnia

536 4729 636 4780 tur
665 4727 723 4781 in
756 4727 839 4783 eis
861 4729 888 4782 ?
919 4730 1260 4803 Exemplum
1293 4735 1415 4790 fetae
1448 4735 1709 4793 mulieris
1759 4739 1910 4810 quod
1945 4756 2182 4797 assum-

536 4815 677 4888 psit,
708 4817 1092 4890 concipientis
1122 4826 1178 4876 et
1237 4824 1542 4881 formantis
1573 4825 1631 4882 in
1682 4843 1743 4884 se
1770 4828 2013 4896 semina,
2049 4829 2180 4885 dili-

533 4910 740 4978 genter
769 4910 1109 4976 tenendum,
1171 4917 1235 4967 ut
1292 4915 1590 4985 possimus
1644 4915 1967 4988 intelligere
2025 4920 2181 4991 quod

537 4995 773 5051 dicitur.
807 4997 1026 5055 Natura
1075 5018 1191 5056 non
1238 5004 1655 5071 erubescenda,
1710 5007 1808 5061 sed
1853 5009 2184 5063 veneranda

532 5091 622 5142 est
645 5087 682 5140 ί.
710 5087 871 5143 Sicut
892 5088 1046 5143 enim
1068 5089 1122 5144 in
1156 5092 1385 5148 vulvam
1419 5092 1686 5151 mulieris
1705 5096 1958 5168 primum
1981 5113 2179 5153 semen

608 5252 620 5284 ¹
655 5249 1021 5329 atqueadeo
1055 5249 1343 5329 immerito
1375 5252 1557 5323 culpae
1581 5253 1781 5329 datum
1806 5254 2180 5329 Hieronymo,

532 5322 687 5393 quod
720 5320 1382 5394 lubricisturpibusque
1433 5320 1694 5379 uteretur
1743 5326 1801 5380 in
1837 5320 2178 5382 disserendo

487 5393 504 5400 “’
532 5393 832 5466 exemplis.
868 5393 1020 5450 Satis
1051 5393 1317 5466 apposite
1366 5395 1423 5450 S.
1478 5396 1782 5466 Augustin.
1843 5398 1944 5454 lib.
1993 5411 2090 5454 x‘iv
2117 5401 2181 5456 de

534 5465 698 5542 Civit,
733 5467 830 5519 Dei
859 5482 984 5542 cap.
1018 5465 1181 5542 23:»
1217 5466 1495 5542 Quisquis
1517 5465 1588 5522 ad
1620 5467 1726 5524 bas
1747 5469 1970 5525 litteras
1992 5470 2182 5542 impu-

533 5535 701 5610 dicus
733 5535 1219 5609 accedit,culpam
1257 5535 1522 5610 refugiat,
1545 5556 1658 5594 non
1688 5547 1957 5596 naturam
1985 5562 1996 5596 :
2028 5535 2180 5599 facta

534 5605 768 5682 denotet
797 5625 914 5662 suae
961 5605 1297 5682 turp'idinis,
1343 5605 1456 5682 non
1507 5611 1682 5682 verba
1739 5616 1945 5668 nostra:
1977 5630 2177 5671 neces-

535 5677 728 5758 sitatis
753 5677 810 5730 in
845 5677 1231 5758 quibus-mihi
1270 5681 1434 5740 facile
1465 5681 1713 5756 pudicus
1738 5683 1918 5741 lector
1957 5686 2042 5742 vel
2072 5704 2180 5743 au—

533 5748 688 5826 ditor
713 5748 991 5820 ignoscet.
1027 5776 1056 5803 »

2293 4735 2407 4792 illis
2458 4739 2825 4793 sacramenta
2865 4736 3227 4808 panduntur,
3277 4737 3334 4788 st
3374 4749 3444 4788 ea
3499 4747 3625 4804 qua:
3683 4730 3935 4786 obscura

2290 4825 2659 4893 videbantur,
2691 4826 2999 4898 perspicua
3046 4825 3215 4880 ﬁunt.
3266 4822 3377 4880 Sed
3423 4825 3482 4878 et
3525 4820 3672 4880 illud
3721 4823 3811 4876 est
3839 4818 3934 4874 in-

2290 4915 2600 4983 tuendum,
2634 4915 2789 4986 quod
2823 4914 2924 4986 qui
2974 4930 3075 4986 per
3121 4911 3467 4986 peccatum'
3502 4907 3934 4983 quodammodo

2291 5003 2467 5060 homo
2491 5020 2619 5060 esse
2654 5004 2925 5072 desierat,
2963 5020 3065 5075 per
3097 5001 3501 5075 paenitentiam
3548 4996 3876 5069 concipitur
3903 5012 3937 5051 a

2292 5093 2599 5166 magistro,
2630 5098 2687 5150 ot
2716 5110 2954 5150 rursum
2991 5093 3048 5148 in
3080 5108 3147 5149 eo
3177 5091 3397 5151 Christi
3426 5086 3695 5146 formatio
3747 5101 3940 5160 repro-

2361 5255 2382 5288 ²
2413 5253 2520 5330 Pro
2542 5255 2652 5330 hoc
2671 5271 2786 5312 uno
2817 5254 3015 5330 verbo,
3038 5258 3090 5330 et
3133 5256 3486 5330 peperimus,_
3519 5248 3807 5330 integrius
3839 5263 3936 5320 pe-

2291 5343 2398 5402 nes
2408 5323 2755 5402 _Vi_ctorium,
2776 5322 3184 5402 parturivimits
3203 5322 3277 5402 iet
3293 5325 3612 5402 peperimus
3630 5322 3932 5402 spiritum;

2288 5399 2346 5454 in
2377 5398 2646 5470 Vulgata,
2681 5407 2732 5455 et
2752 5396 2914 5470 quasi
2931 5396 3435 5468 parturivimu's,'et
3459 5396 3778 5470 peperifnils
3811 5396 3936 5462 ἐρί-

2287 5462 2643 5560 rit‘ufn'fsed'
2664 5476 2720 5524 et
2748 5462 2814 5553 in~
2868 5462 3063 5527 Greco
3090 5497 3094 5500 ·
3122 5462 3934 5560 additur,‘-i¢l"-tiisivzﬂcapsv

2287 5561 2376 5595 και
2407 5559 2656 5612 ετεκομεν
2689 5559 2920 5611 πνευμα.
3141 5562 3168 5570 "
3478 5565 3484 5580 ι
3586 5559 3594 5566 ⁸
3849 5559 3859 5580 f-

2363 5613 2384 5646 ³
2414 5611 2717 5694 Ρριῑεξιίουε
2747 5629 2884 5694 r983
2927 5613 3076 5694 ‘quod
3117 5615 3213 5694 qui
3256 5617 3512 5694 peccator
3542 5605 3942 5694 quodammodo

2289 5683 2684 5766 essedesierat,
2737 5688 2794 5740 et
2839 5682 3142 5754 Babanus.’
3177 5682 3412 5746 tantum
3463 5682 3734 5741 voculam
3776 5686 3940 5738 homo

2289 5759 2697 5829 praetermittit.
3319 5785 3327 5798 η
3374 5801 3378 5804 _
3788 5771 3792 5780 η
