4332 6576
342 407 459 482 413

1001 409 1516 475 COMMENTAR.
1562 411 1644 476 IN
1689 411 1940 482 EPIST.
1986 413 2089 486 AD
2135 415 2416 483 GALAT.
2463 415 2609 478 LIB.
2656 416 2732 492 Il,
2780 417 2950 479 CAP.
2996 415 3100 482 IV.

3635 422 3756 516 41‘!

343 542 619 600 mittitur.
675 543 792 600 Hoc
842 545 1150 599 adversum
1207 543 1576 616 Novatianos,
1637 546 1736 618 qui
1789 546 1996 601 nolunt
2024 551 2078 614 Α
2107 563 2262 614 vere,
2295 552 2351 603 et
2400 550 2705 604 austeriori
2753 551 3050 628 curatione
3099 556 3376 632 sanetur;
3428 552 3512 609 ita
3559 557 3617 609 et
3647 570 3751 633 ego

342 632 647 689 reformari
678 647 775 688 eos
806 648 952 704 quos
983 631 1161 688 semel
1195 638 1428 705 peccata
1459 635 1852 691 contriverint.

414 723 600 793 (Vers.
626 724 737 793 20.)
764 746 791 772 «
824 721 1045 778 Vellem
1077 728 1272 779 autem
1305 740 1434 779 esse
1466 725 1618 796 apud
1661 741 1761 780 vos
1795 726 1988 791 modo,

342 815 400 868 et
431 816 654 867 mutare
683 828 880 867 vocem
941 829 1154 880 meam,
1216 812 1495 884 quoniam
1556 814 1883 869 confundor
1930 815 1989 870 in

341 897 526 972 vais.
561 922 589 951 ››
647 900 952 972 Scriptura
1009 901 1207 956 divina
1257 902 1505 956 aedificat
1533 906 1589 958 et
1642 903 1830 970 lecta;
1888 904 1988 960 sed

342 989 527 1046 multo
549 988 680 1061 plus
709 991 964 1060 prodest,
989 990 1038 1046 si
1061 992 1132 1045 de
1152 989 1360 1046 litteris
1388 996 1648 1046 vertatur
1675 991 1736 1046 in
1767 1009 1988 1061 vocem,

339 1078 533 1150 utqui
565 1095 666 1149 per
695 1078 1016 1150 Epistolam
1075 1079 1368 1146 docuerat,
1429 1097 1686 1151 praesens
1733 1080 1991 1137 instruat

338 1165 662 1224 audientes.
697 1169 968 1241 Magnam
999 1169 1292 1240 siquidem
1324 1169 1444 1224 vim
1486 1169 1660 1225 habet
1688 1187 1795 1242 vox
1818 1170 1985 1226 viva:

335 1253 441 1312 vox
469 1257 539 1312 de
571 1253 828 1314 auctoris
859 1257 949 1313 sui
982 1275 1080 1313 ore
1129 1274 1436 1328 resonans,
1475 1275 1601 1330 quae
1632 1275 1699 1314 ea
1729 1277 1988 1332 pronun-

332 1345 575 1402 tiatione
604 1347 898 1418 profertur
926 1351 1099 1418 atque
1129 1347 1532 1418 distinguitur,
1568 1365 1683 1420 qua
1713 1348 1772 1403 in
1803 1346 1989 1404 homi-

333 1434 428 1490 nis
458 1434 552 1490 sui
583 1435 754 1491 corde
784 1432 1061 1508 generata
1089 1441 1196 1491 est.
1229 1436 1432 1492 Sciens
1491 1436 1691 1508 itaque
1739 1441 1986 1509 Aposto-

334 1523 427 1580 lus
458 1525 741 1596 majorem
774 1524 892 1580 vim
940 1525 1154 1580 habere
1200 1542 1531 1581 sermonem
1592 1526 1692 1598 qui
1723 1527 1794 1582 ad
1838 1545 1986 1598 pras-

333 1617 531 1669 sentes
562 1614 687 1678 ﬁat,
720 1613 876 1685 cupit
906 1629 1104 1669 vocem
1134 1613 1522 1684 epistolicam,
1554 1631 1752 1670 vocem
1775 1614 1987 1672 litteris

333 1701 842 1774 comprehensam,
875 1702 934 1756 in
996 1704 1369 1774 praesentiam
1423 1707 1876 1760 commutare‘:
1929 1710 1987 1760 et

332 1790 473 1862 quia
502 1789 611 1846 hoc
643 1789 830 1860 magis
862 1790 1205 1863 expediebat
1252 1791 1346 1848 his
1396 1793 1494 1864 qui
1544 1792 1603 1848 in
1634 1810 1828 1849 errore
1858 1794 1984 1849 fue-

330 1884 463 1935 rant
491 1879 810 1952 depravati,
867 1879 996 1935 vivo
1045 1897 1144 1936 eos
1204 1881 1275 1937 ad
1333 1883 1633 1937 veritatem
1692 1882 2062 1986 retrahereB

331 1985 619 2025 sermone.
653 1968 771 2024 Hoc
802 1972 1000 2025 autem
1029 1969 1182 2036 ideo,
1216 1971 1356 2042 quia
1377 1971 1843 2028 confundebatur
1873 1973 1980 2044 (Al.

331 2057 748 2130 Confundatur]
780 2059 839 2114 in
870 2057 1025 2128 illis;
1059 2060 1213 2131 quod
1257 2060 1495 2132 quidem
1548 2061 1744 2117 Greece
1795 2062 1983 2133 magis

332 2149 564 2224 proprie
595 2148 830 2204 dicitur.
865 2148 1210 2222 Ἀποροῢμαι
1240 2149 1395 2205 enim
1442 2167 1556 2206 non
1613 2154 1734 2205 tam
1785 2153 1982 2222 confu-

328 2239 565 2308 sionem,
600 2254 726 2309 quae
756 2239 911 2310 apud
943 2237 1074 2294 illos
1127 2236 1360 2313 αἰσχύνη
1396 2239 1514 2295 sive
1562 2237 1824 2315 σύγχυσις
1882 2258 1982 2313 ap-

329 2326 601 2399 pellatur,
635 2325 810 2398 qnam
842 2327 1205 2396 indigentiam
1238 2333 1294 2384 et
1323 2331 1568 2400 inopiam
1608 2334 1796 2384 sonat.
1840 2331 1982 2385 Sen-

329 2431 432 2473 sus
463 2415 663 2488 itaque
694 2417 805 2472 iste
835 2421 963 2473 est:
995 2415 1217 2473 Vellem
1249 2419 1402 2490 apud
1434 2435 1534 2474 vos
1576 2435 1731 2474 nunc
1780 2420 1984 2474 adesse

329 2511 387 2562 et
415 2505 743 2562 litterarum
783 2523 983 2562 vocem
1038 2523 1294 2578 praesens
1344 2508 1470 2579 ipse
1519 2508 1795 2580 proferre,
1846 2508 1986 2580 quia

326 2593 560 2668 indigeo
591 2593 650 2650 in
683 2595 871 2651 vobis.
919 2596 1043 2651 Non
1077 2597 1294 2669 quippe
1348 2597 1534 2652 habea
1565 2598 1790 2654 fructus
1838 2615 1985 2670 quos

330 2684 518 2740 solent
540 2685 610 2741 de
630 2684 941 2757 discipulis
981 2685 1201 2740 habere
1231 2687 1498 2741 doctores
1523 2704 1534 2741 :
1563 2690 1619 2741 et
1649 2686 1775 2742 sine
1806 2704 1984 2743 causa

329 2790 526 2831 semen
550 2776 778 2848 jactum
801 2775 1332 2842 estdoctrinarum,
1369 2792 1504 2831 cum
1537 2776 1769 2848 penitus
1798 2776 1857 2831 in
1888 2795 1982 2832 vo-

328 2862 421 2919 bis
452 2865 640 2936 patiar
670 2867 1031 2935 egestatem:
1093 2864 1174 2920 ita
1204 2872 1265 2919 ut
1323 2865 1383 2919 in
1441 2865 1703 2920 Ieremia:
1759 2867 1986 2937 possint

329 2949 526 3008 vocem
560 2950 974 3026 prorumpere:
1009 2955 1128 3010 Non
1152 2954 1367 3026 profui,
1398 2971 1571 3026 neque
1594 2957 1808 3026 profuit
1843 2954 1986 3010 mihi

331 3044 621 3115 quisquam
648 3044 861 3115 (Jerem.
900 3061 991 3110 xv,
1029 3043 1138 3114 10).
1166 3048 1364 3099 Potest
1392 3050 1448 3099 et
1488 3043 1654 3099 aliter
1679 3043 1843 3099 locus
1874 3045 1985 3100 iste

328 3127 740 3205 interpretari:
792 3132 944 3188 468
1004 3132 1221 3188 Paulus
1280 3131 1580 3204 apostolus
1638 3131 1739 3205 qui
1797 3133 1985 3189 factus

329 3217 522 3278 fuerat
548 3219 770 3277 Judaeis
814 3223 1076 3288 Judaaus,
1135 3226 1201 3276 ut
1246 3221 1482 3277 Judaos
1535 3221 1900 3278 lucrifaceret
1929 3227 1987 3278 et

2102 637 2241 708 quia
2280 638 2606 694 confundor
2636 638 2695 692 in
2729 639 2914 706 vobis,
2946 645 3003 694 et
3055 641 3385 713 ignorantia
3431 641 3547 697 huc
3579 648 3752 715 atque

2100 725 2237 782 illuc
2267 726 2583 795 distrahor,
2631 727 2837 783 vellem
2868 728 3196 785 litterarum
3238 745 3437 786 vocem
3496 721 3788 803 praesens.

2100 816 2171 871 de
2213 832 2340 872 meo
2378 834 2474 872 ore
2528 809 2826 890 proferre,
2856 822 2920 872 ut
2958 810 3058 874 vos
3118 820 3289 875 solito
3341 809 3596 876 severior
3626 818 3752 893 ipse

2101 905 2494 977 corriperem:
2537 907 2815 977 quoniam
2847 907 3098 980 epistola
3147 925 3262 964 non
3314 912 3503 981 potest
3550 925 3749 966 vocem

2100 995 2470 1067 objurgantis
2508 995 2868 1068 exprimere;
2906 1014 3018 1052 non
3049 997 3211 1053 valet
3250 993 3558 1055 irascentis
3590 1015 3752 1055 reso-

2099 1101 2237 1139 nare
2267 1083 2605 1149 clamorem,
2649 1089 2707 1140 et
2755 1085 3012 1141 dolorem
3044 1086 3294 1158 pectoris
3339 1087 3604 1160 apicibus
3653 1105 3750 1144 ex-

2099 1173 2335 1244 plicare.
2371 1174 2563 1229 Potest
2592 1179 2788 1230 autem
2819 1180 2876 1231 et
2906 1175 3233 1247 simplicius
3255 1175 3501 1249 intelligi
3530 1195 3542 1232 :
3577 1173 3751 1233 Blan-

2099 1261 2189 1318 dis
2219 1263 2373 1335 apud
2406 1280 2504 1318 vos
2537 1264 2708 1318 modo
2738 1257 2930 1320 verbis
2965 1282 3106 1321 usus
3165 1282 3318 1332 sum,
3353 1266 3591 1322 dicens:
3625 1269 3754 1322 Fra-

2097 1356 2198 1418 tre,
2233 1353 2448 1407 obsecro
2496 1368 2584 1409 vos
2640 1358 2800 1423 (vers.
2859 1353 2967 1424 12),
3025 1355 3130 1409 Et:
3188 1355 3378 1410 Filioli
3434 1359 3564 1427 mei,
3621 1349 3752 1427 quos

2096 1442 2301 1496 iterum
2345 1443 2595 1512 parturio
2646 1441 2810 1497 donec
2868 1437 3116 1498 Christus
3159 1445 3432 1514 formetur
3487 1446 3548 1499 in
3602 1446 3750 1500 vobis

2097 1533 2256 1600 (vers.
2293 1531 2416 1601 19):
2464 1530 2567 1586 sed
2613 1547 2717 1602 ego
2771 1529 3024 1587 blandus
3064 1536 3121 1587 et
3177 1531 3347 1602 lenis,
3399 1529 3618 1604 qui'ad
3651 1548 3750 1589 vos

2097 1619 2267 1691 quasi
2300 1624 2463 1691 pater
2482 1619 2714 1675 locutus
2745 1611 2899 1685 sum,
2925 1636 3026 1691 pro
3058 1637 3125 1676 ea
3155 1620 3435 1676 charitate
3458 1637 3572 1693 qua
3594 1620 3747 1676 filios

2096 1717 2257 1764 meos
2289 1709 2477 1780 perire
2497 1709 2518 1743 ³
2549 1725 2662 1764 non
2688 1709 2876 1781 patior
2906 1714 2960 1764 et
2989 1725 3181 1765 errare
3206 1713 3505 1782 perpetuo,
3537 1708 3744 1765 vellem

2095 1813 2251 1852 nunc
2281 1814 2540 1869 praesens
2572 1814 2700 1854 esse
2730 1798 2781 1854 'si
2813 1795 3199 1854 confessionis
3233 1814 3324 1854 me
3363 1798 3598 1862 vincula
3627 1815 3745 1854 non

2095 1891 2406 1956 arctarent,
2456 1893 2513 1943 et
2545 1887 2821 1943 blandam
2851 1904 3048 1944 vocem
3083 1888 3143 1942 in
3175 1888 3542 1959 objurgantis
3571 1887 3747 1944 verba

2095 1980 2344 2038 mutare.
2395 1977 2508 2032 Nec
2539 1975 2788 2033 levitatis
2819 1982 2910 2032 est
2959 1976 3006 2032 ‘si
3056 1994 3212 2032 nunc
3253 1975 3404 2033 469
3455 1975 3746 2043 blandiar,

2093 2082 2250 2120 nunc
2297 2066 2545 2125 irascar:
2596 2066 2849 2138 impellit
2896 2083 2990 2122 me
3039 2064 3314 2135 charitas,
3355 2063 3622 2138 impellit
3652 2063 3745 2120 me

2093 2153 2277 2222 dolor,
2329 2153 2575 2210 diversis
2631 2155 2936 2211 affectibus
2992 2155 3174 2228 loqui.
3223 2155 3427 2211 Nescio
3467 2155 3623 2211 enim
3683 2156 3743 2211 in

2093 2261 2220 2315 quae
2251 2243 2506 2315 primum
2528 2245 2703 2300 verba
2723 2261 3123 2316 prorumpam,
3156 2249 3214 2299 et
3244 2261 3358 2316 quo
3378 2261 3479 2300 vos
3501 2243 3744 2299 debeam

2092 2349 2302 2388 sanare
2332 2334 2738 2404 medicamine,
2783 2334 2921 2405 quia
2952 2334 3279 2390 confundor
3301 2331 3362 2388 in
3392 2333 3580 2389 vobis.

2163 2422 2347 2496 (Vers.
2381 2422 2495 2496 21.)
2533 2423 2552 2472 ὰ
2580 2422 2764 2478 Dicite
2785 2423 2935 2498 mihi
2965 2423 3066 2495 qui
3098 2423 3208 2478 sub
3238 2422 3364 2495 lege
3384 2421 3562 2478 vultis
3591 2439 3741 2488 esse,

2093 2493 2280 2583 legem
2313 2529 2428 2566 non
2453 2493 2701 2568 audistis
2721 2513 2749 2567 ?
2771 2493 3151 2583 >>1Notandum
3175 2493 3364 2585 legem
3398 2511 3493 2567 hic
3522 2511 3741 2566 dictam

2093 2616 2222 2656 esse
2255 2600 2543 2657 Geneseo’s
2575 2601 2902 2670 historiam,
2953 2618 3068 2657 non
3111 2605 3173 2656 ut
3221 2601 3395 2674 vulgo
3429 2600 3746 2666 aestimant,

2095 2705 2220 2760 quas
2254 2689 2521 2745 facienda
2554 2689 2692 2756 sint,
2727 2707 2926 2762 quaeve
2953 2690 3210 2758 vitanda,
3235 2691 3334 2745 sed
3365 2692 3552 2745 totum
3586 2688 3742 2761 quod

2095 2781 2166 2835 de
2197 2777 2493 2834 Abraham
2528 2784 2586 2835 et
2607 2780 2735 2850 ejus
2755 2779 3039 2836 uxoribus
3057 2778 3376 2851 liberisque
3395 2777 3745 2834 contextilur

2097 2869 2288 2941 legem
2323 2868 2695 2941 appellatam.
2717 2868 2990 2941 Legimus
3019 2875 3076 2924 et
3107 2868 3166 2923 in
3187 2869 3300 2924 alio
3331 2866 3742 2940 loc'o,prophe-

2093 2962 2184 3013 tas
2215 2974 2448 3029 quoque
2482 2957 2670 3029 legem
2701 2958 2891 3013 vocari
2932 2959 3107 3028 (Joan.
3139 2959 3231 3023 vx,
3277 2957 3386 3028 45).
3442 2955 3624 3012 Audit
3651 2970 3745 3010 er-

2095 3062 2166 3119 go
2202 3045 2412 3116 legem,
2448 3046 2547 3116 qui
2573 3047 2743 3116 juxta
2780 3045 3029 3100 Paulum
3067 3049 3185 3100 non
3217 3043 3610 3117 superficiem.
3646 3043 3746 3098 sed

2094 3133 2436 3190 medulllam
2468 3135 2598 3205 ejus
2628 3135 2981 3207 introspicit.
3034 3135 3160 3191 Non
3208 3135 3373 3189 audit
3403 3132 3612 3205 legem,
3647 3131 3746 3204 qui

2101 3223 2312 3279 similis
2344 3221 2707 3291 Galatarum,
2731 3223 3074 3280 exteriorem
3097 3227 3327 3279 tantum
3361 3223 3635 3278 corticem
3657 3227 3753 3276 se-

327 3310 423 3366 his
472 3309 573 3382 qui
606 3316 774 3366 erant
824 3312 932 3365 sub
967 3309 1115 3382 lege,
1147 3310 1314 3381 quasi
1350 3311 1474 3383 ipse
1504 3315 1658 3366 esset
1704 3312 1815 3366 sub
1859 3311 1985 3386 lege
2097 3314 2316 3386 quitur.
2409 3316 2411 3318 ’

327 3401 386 3474 et
411 3400 665 3455 inﬁrmis
695 3397 991 3465 infirmus,
1011 3395 1359 3455 utinﬁrmos
1388 3398 1752 3456 lucrifaceret
1780 3401 1824 3472 (1
1856 3402 1981 3464 Cor,

326 3505 406 3559 1x,
437 3489 529 3554 20,
561 3488 651 3558 21,
672 3489 764 3556 22)
792 3505 806 3555 ;
856 3505 960 3560 pro
994 3487 1275 3559 qualitate
1327 3505 1529 3544 eorum
1563 3505 1710 3560 quos
1763 3489 1986 3546 salvare

327 3573 621 3648 cupiebat,
647 3576 918 3632 mutabat
941 3593 1140 3632 vocem
1165 3593 1358 3648 suam,
1391 3580 1448 3632 et
1470 3577 1528 3632 in
1552 3577 1908 3633 histrionum
1936 3578 1984 3634 si

324 3660 723 3721 ‘militudinem
757 3664 970 3736 (factus
1003 3665 1298 3736 siquidem
1333 3672 1424 3722 est
1466 3665 1762 3722 theatrum
1813 3683 1984 3722 mun-

320 3751 425 3826 do,
456 3758 514 3810 et
545 3753 790 3826 angelis,
825 3758 884 3809 et
903 3753 1245 3810 hominibus
1268 3756 1312 3826 (I
1346 3755 1470 3810 Cor.
1504 3772 1580 3827 1v,
1610 3756 1666 3828 9)
1720 3756 1984 3811 habitum

330 3843 390 3899 in
417 3842 676 3918 diversas
708 3843 928 3916 figuras
957 3845 1217 3922 vertebat
1246 3848 1302 3919 et
1331 3845 1520 3900 Voces.
1564 3846 1690 3901 Non
1743 3846 1896 3917 quod
1927 3846 1985 3901 id

332 3930 684 4004 essetquod
712 3949 774 3988 se
805 3948 934 3988 esse
963 3932 1286 3989 simulabat
1314 3953 1327 4001 ;
1356 3934 1456 3989 sed
1481 3935 1634 4006 quod
1670 3935 1729 3990 in
1755 3939 1984 3991 tantum

329 4021 624 4078 videretur
644 4038 772 4079 esse
793 4022 948 4094 quod
973 4022 1196 4078 caateris
1220 4024 1512 4095 proderat.
1537 4023 1731 4079 Cernit
1751 4023 1986 4080 Galatas

330 4108 448 4166 alia
467 4111 728 4184 indigere
749 4110 1034 4178 doctrina,
1052 4111 1489 4168 aliaviadebere
1502 4112 1732 4183 salvari,
1750 4131 1862 4169 non
1889 4114 1988 4169 illa

331 4215 449 4271 qua
469 4201 722 4272 primum
757 4200 828 4256 ad
853 4199 1073 4257 Christi
1104 4200 1281 4256 ﬁdem
1306 4202 1534 4258 fuerant
1562 4203 1632 4258 de
1664 4202 1986 4274 gentilitate

327 4288 658 4344 transducti
682 4305 695 4344 :
721 4293 778 4344 et
804 4289 1182 4362 compellitur
1214 4291 1440 4346 dicere:
1471 4291 1670 4347 Vellem
1697 4277 1846 4347 nunc
1875 4310 1989 4349 esse

329 4377 480 4446 apud
496 4376 618 4446 ‘vos,
651 4383 702 4434 et
730 4383 954 4435 mutare
982 4396 1163 4435 vocem
1197 4396 1399 4450 meam,
1458 4383 1718 4451 quoniam
1755 4385 1986 4452 confun-

327 4467 430 4523 dor
455 4467 476 4502 ³
509 4454 576 4522 in:
598 4467 770 4524 vobis.
800 4468 949 4535 Non,
991 4468 1202 4540 inquit,
1255 4469 1420 4524 video
1471 4485 1564 4525 me
1609 4471 1904 4541 prodesse,
1937 4471 1986 4527 si

328 4554 396 4613 ea
423 4555 634 4628 loquar
662 4561 792 4626 'quaa
845 4558 1009 4629 prius
1060 4557 1290 4614 loeutus
1339 4576 1492 4627 sum,
1543 4564 1781 4631 prepter
1828 4562 1982 4632 quod

2167 3402 2354 3474 (Vere.
2376 3405 2466 3468 22,
2488 3403 2603 3473 23.)
2621 3425 2648 3453 ‹‹
2663 3402 2956 3474 Scriptum
2977 3405 3067 3457 est
3087 3401 3552 3472 enim,quoniam
3571 3401 3752 3456 Abra-

2094 3492 2232 3548 ham
2263 3492 2412 3546 duos
2443 3490 2596 3546 filios
2625 3491 2853 3557 habuit,
2877 3507 3060 3546 unum
3083 3491 3153 3546 de
3169 3489 3426 3545 ancililla
3447 3489 3600 3560 (Gen.
3633 3505 3748 3558 xvr,

2093 3582 2148 3653 5)
2181 3585 2240 3636 et
2269 3597 2454 3635 unum
2485 3581 2556 3635 de
2587 3579 2770 3635 libera
2799 3579 2951 3651 (Gen.
2996 3597 3112 3650 XXI,
3144 3580 3221 3650 2).
3256 3579 3365 3634 Sed
3406 3579 3504 3650 qui
3537 3579 3607 3634 de
3643 3589 3748 3635 an-

2096 3670 2249 3739 cilla,
2283 3671 2608 3727 secundum
2660 3686 2894 3725 carnem
2937 3675 3108 3726 natus
3155 3674 3276 3724 est:
3310 3668 3629 3740 quiantem
3678 3671 3750 3726 de

2096 3761 2416 3832 libera,'per
2433 3759 2968 3831 repromissionem.
2996 3781 3023 3809 »
3041 3758 3243 3814 Nimia:
3277 3757 3640 3814 difﬁcultatis
3663 3764 3752 3814 est

2097 3852 2524 3919 demonstrare,
2556 3855 2719 3905 Isaac
2749 3854 3002 3917 tantum,
3023 3849 3123 3921 qui
3156 3849 3227 3904 de
3258 3849 3408 3904 Sara
3429 3851 3606 3903 natus
3637 3852 3748 3917 est,

2098 3939 2280 3995 fuisse
2309 3941 2380 3995 de
2409 3939 2866 4012 repromissione
2895 3943 3260 4011 generatum,
3309 3941 3365 3993 et
3413 3941 3526 3993 nea
3571 3937 3748 3993 etiam

2097 4028 2329 4095 Ismael,
2365 4028 2465 4098 qui
2521 4030 2592 4082 de
2643 4035 2800 4099 Agar
2843 4027 3056 4083 ancilla
3110 4031 3199 4082 est
3247 4031 3411 4082 ortus
3467 4027 3743 4098 Egyptia.

2098 4117 2402 4189 Scriptura
2447 4117 2664 4188 quippe
2710 4118 2924 4180 refert,
2959 4116 3113 4186 quod
3163 4132 3319 4180 cum,
3365 4121 3748 4186 persequente

2097 4206 2260 4271 Sara,
2292 4207 2444 4278 Agar
2492 4205 2605 4260 feta
2652 4204 2919 4276 fugisset,
2953 4208 3010 4259 et
3058 4202 3312 4258 venisset
3355 4203 3583 4258 adeam
3644 4208 3746 4260 an'-

2097 4294 2263 4367 gelus
2296 4295 2353 4349 in
2387 4296 2636 4353 deserto.
2685 4298 3061 4362 moneretque
3110 4297 3174 4348 ut
3221 4293 3612 4362 subjiceretur
3639 4291 3747 4347 do-

2098 4384 2270 4440 minae
2303 4385 2571 4457 potestati
2609 4383 2761 4457 (Gen.
2804 4400 2921 4450 xvx,
2971 4384 3030 4445 4.’
3054 4383 3129 4454 9),
3160 4382 3315 4438 idem
3345 4382 3470 4454 ipse
3502 4379 3748 4453 angelus

2097 4473 2272 4529 etiam
2321 4473 2442 4528 haec
2489 4473 2718 4529 locutus
2760 4473 2837 4528 sit
2877 4491 2889 4528 :
2948 4472 3316 4545 Multiplieans
3361 4471 3749 4543 multiplicabo

2095 4579 2281 4619 semen
2327 4567 2503 4630 tuum,
2536 4572 2586 4619 et
2631 4581 2744 4618 non
2794 4564 3184 4619 numerabitur
3221 4577 3342 4633 pre
3377 4561 3751 4617 multitudine

326 4641 606 4720 ignorans
639 4646 782 4718 quid
809 4663 1005 4720 agam,
1036 4652 1096 4703 et
1124 4647 1184 4702 in
1215 4648 1448 4704 diversa
1477 4649 1814 4716 distractus,
1844 4649 1988 4705 lace-
2019 4666 2065 4730 Ι)
2099 4652 2254 4723 (Ibid.
2305 4653 2390 4707 10.
2416 4657 2418 4660 ’
2444 4654 2512 4708 Et
2542 4657 2745 4724 postea
2793 4651 2863 4708 de
2921 4649 3129 4707 Ismael
3189 4651 3338 4723 (quae
3399 4649 3607 4722 utique
3659 4667 3747 4705 re-

328 4752 443 4807 ror,
473 4737 818 4792 confundor
839 4741 1016 4809 atque
1047 4736 1317 4794 dilanior.
1350 4739 1421 4793 Et
1449 4739 1742 4810 quomodo
1773 4731 1984 4794 medici
2023 4767 2025 4770 ⁴

328 4839 461 4898 cum
495 4824 614 4880 vim
666 4825 810 4881 artis
841 4842 958 4881 suae
1007 4826 1066 4882 in
1099 4827 1291 4899 primo
1333 4827 1581 4904 viderint
1633 4845 1748 4883 non
1797 4827 1985 4884 valere

327 4914 738 4996 medicamine,
767 4918 1078 4972 transeunt
1108 4917 1180 4972 ad
1222 4916 1404 4984 aliud,
1453 4921 1508 4972 et
1565 4918 1771 4974 tandiu
1819 4935 1986 4990 expe-

325 4998 562 5059 riuntur
592 5004 732 5076 quid
765 5005 952 5074 prosit
982 5022 1013 5062 e
1059 5005 1354 5078 pluribus,
1406 5007 1589 5063 donec
1647 5007 1987 5080 perveniant

326 5088 398 5147 ad
431 5094 797 5148 curationem
827 5082 929 5150 :‘ut
950 5094 1106 5165 quod
1133 5111 1236 5166 per
1257 5095 1561 5152 mollitiem
1587 5096 1837 5168 alicujus
1860 5113 1980 5152 em-

324 5177 533 5253 plastri
563 5199 939 5256 nequaquam
978 5184 1174 5240 sanari
1212 5184 1418 5256 valuit,
1462 5186 1810 5242 mordaciori
1858 5185 1984 5258 pul-

397 5397 414 5432 ι
447 5395 770 5474 Corruptus
802 5397 910 5474 hic
926 5397 1091 5455 locus
1112 5402 1212 5474 est
1235 5398 1296 5456 in
1326 5403 1498 5456 antea
1537 5400 1731 5468 editis,
1764 5401 1863 5474 qui
1896 5401 1978 5457 le-

323 5469 562 5544 gunt‘in
587 5468 747 5544 hunc
781 5471 1071 5544 modum:
1096 5470 1260 5544 Cupit
1301 5487 1483 5528 vocem
1527 5484 1702 5529 suam
1729 5468 1982 5544 apostoli-

323 5540 446 5617 cam
477 5540 1280 5617 litteris‘comprehensam'in
1332 5547 1687 5617 prmentiam
1744 5540 1982 5602 commu-

325 5613 464 5690 ηιξ-θ.
493 5613 718 5690 Regius
748 5613 929 5690 Codex
959 5619 1072 5670 ms.
1105 5613 1244 5688 legit
1267 5613 1713 5690 consequenter,
1749 5620 1867 5674 vivo
1895 5635 1982 5676 eos

326 5684 397 5756 ad
427 5684 712 5756 veritatem
741 5685 1019 5756 retrahere
1046 5684 1292 5746 sermone
1335 5684 1645 5746 conaretur.
1691 5684 1874 5747 ΜΑιιτ.
1914 5722 1981 5732 -

323 5752 467 5815 Fere
499 5757 808 5817 cum'blim
837 5753 1041 5815 editis
1061 5758 1410 5822 Cisterciens
1441 5778 1579 5831 ms.,
1610 5765 1762 5837 cupit
1799 5778 1980 5823 vocem

2097 4741 2507 4814 promissionis
2540 4742 2713 4798 verba
2742 4754 2914 4797 nemo
2945 4740 3283 4812 dubitarit):
3316 4743 3420 4796 Iste
3447 4741 3552 4796 erit
3585 4742 3750 4796 rusti-

2094 4833 2272 4886 canus
2320 4832 2498 4896 homo,
2548 4847 2745 4886 manus
2793 4831 2912 4897 eius
2967 4845 3131 4901 super
3178 4837 3388 4896 omnes,
3456 4833 3508 4884 et
3554 4845 3749 4884 manus

2096 4921 2345 4976 omnium
2393 4937 2559 4992 super
2600 4935 2746 4988 eum,
2778 4922 2827 4974 et
2873 4928 3063 4976 contra
3089 4921 3294 4990 faciem
3339 4920 3586 4974 Omnium
3630 4919 3750 4988 fra-

2094 5018 2242 5065 trum
2271 5025 2496 5065 suorum
2547 5009 2818 5065 habitabit
2866 5011 3031 5080 (Gen.
3063 5009 3187 5078 xu).
3248 5007 3358 5063 Sed
3409 5005 3744 5080 responderi

2095 5102 2306 5170 potest,
2349 5098 2595 5154 minoris
2636 5098 3002 5154 auctoritatis
3050 5114 3179 5154 esse
3231 5094 3743 5170 repromissionem

2094 5187 2306 5266 angeli,
2340 5205 2519 5262 quam
2570 5188 2759 5262 ipsius
2802 5187 2924 5244 Dei.
2979 5187 3140 5243 Sicut
3194 5187 3351 5242 enim
3396 5182 3584 5250 stella,
3618 5186 3742 5239 orto

2091 5405 2458 5476 apostolicam,
2527 5403 2960 5476 vocemglitteris
3007 5401 3447 5476 comprehensam
3495 5399 3553 5452 in
3590 5410 3740 5476 prae-

2090 5469 2266 5532 sentia
2320 5469 2672 5532 commutare.
2707 5475 2773 5529 Et
2829 5475 2999 5546 paulo
3033 5469 3180 5545 post,
3234 5473 3377 5527 vivos
3423 5485 3512 5526 eos
3559 5469 3630 5523 ad
3659 5475 3742 5524 v‘e—

2090 5550 2314 5604 ritatem
2343 5548 2631 5603 retrahere
2660 5563 2951 5602 sermones.
3483 5561 3486 5564 ’

2160 5622 2181 5654 ²
2209 5621 2335 5677 Duo
2383 5620 2577 5688 verba,
2626 5620 2892 5692 quoniam
2928 5615 3251 5687 confundor,
3283 5612 3497 5672 Victor.
3529 5612 3623 5674 hic
3651 5616 3738 5670 ta-

2091 5707 2201 5747 cet.

2159 5697 2372 5821 Eidem
2401 5762 2715 5830 Victorius,
2745 5776 2848 5835 quo
2876 5776 2966 5818 vos
2989 5760 3194 5833 perire,
3227 5762 3337 5818 etc-
