4332 6586
586 448 702 514 415

1836 458 1902 521 S.
1946 458 2255 523 EUSEBII
2300 460 2783 545 HIERONYMI_

3873 478 3992 542 416

575 590 717 658 sole,
750 608 866 650 non
898 594 1132 654 rutilat:
1164 596 1244 655 ita
1273 600 1332 655 et
1359 599 1550 673 angeli
1595 603 1770 659 verba
1816 604 1888 660 ad
1919 621 2214 679 compara-

2338 613 2475 662 meo,
2502 614 2625 654 vere
2643 598 2909 668 discipuli
2928 600 3036 658 mei
3055 602 3234 669 eritis,
3258 606 3310 659 et
3328 611 3659 675 cognoscetis
3676 614 3983 687 veritatem,

574 680 793 739 tionem
824 687 1295 755 repromissionis
1320 691 1415 747 Dei
1438 693 1759 760 obscurari,
1785 699 1842 751 et
1861 712 2221 769 evanescere,

577 774 635 827 et
663 786 767 843 pro
807 775 990 831 nihilo
1022 782 1369 850 computari.
1419 782 1663 838 Videtur
1700 784 1937 855 quidem
1984 788 2104 844 haec
2133 809 2222 845 re-

576 862 815 932 sponsio
845 864 1065 936 aliquid
1116 868 1329 925 habere
1368 874 1687 939 momenti;
1735 876 1834 930 sed
1885 879 2084 934 statim
2131 898 2221 936 se-

579 952 812 1022 quentis
842 954 1157 1027 Scriptura:
1188 960 1528 1015 auctoritate
1557 964 1892 1020 conteritur.
1926 967 2219 1038 Scriptum

576 1042 667 1096 est
696 1041 888 1099 enim:
921 1045 1193 1102 Abraham
1244 1057 1430 1104 autem
1472 1050 1616 1105 dixit
1663 1052 1733 1106 ad
1788 1054 1996 1110 Deum:
2031 1059 2223 1112 Ismael

577 1130 680 1186 iste
707 1133 857 1187 vivat
877 1134 935 1188 in
967 1141 1259 1206 conspectu
1305 1142 1399 1193 tuo
1442 1138 1604 1208 (Ibid)
1652 1157 1792 1211 xvu,
1828 1143 1953 1213 18):
1987 1148 2043 1198 et
2072 1149 2221 1202 Deus

574 1221 876 1290 respondit
919 1224 989 1277 ad
1022 1240 1155 1279 eum
1186 1224 1307 1280 ita:
1358 1228 1489 1281 Ecce
1527 1228 1665 1284 Sara
1713 1246 1856 1286 uxor
1895 1235 1992 1288 tua
2042 1237 2221 1305 pariet

524 1346 531 1349 γ
572 1309 677 1363 tibi
702 1309 903 1377 ﬁlium,
932 1316 987 1367 et
1026 1314 1239 1369 vocabis
1281 1331 1481 1371 nomen
1518 1319 1635 1387 ejus
1683 1320 1855 1388 Isaac,
1887 1331 1938 1378 et
1984 1332 2221 1380 statuam

570 1404 947 1454 testamentum
1000 1418 1183 1457 meum
1232 1403 1303 1459 ad
1347 1420 1470 1460 eum
1528 1408 1589 1461 in
1639 1412 2019 1467 testamentum
2065 1418 2220 1468 aeter-

573 1500 730 1556 num,
763 1489 813 1541 et
838 1491 1045 1546 semini
1065 1493 1181 1561 ejus
1202 1498 1325 1562 post
1348 1494 1579 1549 eum.Dc
1599 1497 1788 1559 Ismael
1817 1508 2037 1557 autem:
2064 1505 2158 1558 47
2169 1505 2220 1559 0

571 1573 702 1630 Ecce
742 1578 1004 1634 exaudivi
1056 1588 1123 1646 te,
1156 1590 1208 1637 et
1255 1598 1372 1637 ecce
1420 1582 1678 1640 benedixi
1716 1603 1861 1654 eum,
1912 1594 1965 1644 et
2010 1594 2218 1659 augebo

567 1678 715 1727 eum,
763 1673 816 1721 et
863 1668 1243 1738 multiplicabo
1284 1676 1446 1731 illum
1505 1676 1867 1735 vehementer.
1926 1682 2219 1737 Duodecim

569 1757 759 1821 gentes
787 1758 1098 1827 generabit,
1155 1768 1209 1816 et
1238 1763 1375 1822 dabo
1424 1785 1550 1824 eum
1579 1772 1637 1824 in
1690 1775 1904 1842 gentem
1932 1788 2216 1843 magnam,

566 1843 951 1901 testamentum
978 1854 1161 1906 autem
1201 1870 1387 1911 meum
1432 1862 1675 1916 statuam
1706 1861 1775 1916 ad
1825 1864 2002 1925 Isaac,
2058 1879 2216 1933 quem

2334 697 2385 742 et
2418 690 2618 743 veritas
2648 689 2847 745 liberos
2875 692 3045 761 faciet
3074 708 3163 748 vos
3189 694 3377 765 (Joan.
3411 715 3542 765 vm,
3571 700 3659 768 31,
3682 702 3797 773 32).
3825 703 3988 762 Unde

2334 780 2389 830 et
2419 775 2503 831 illi
2537 777 2873 850 ignorantes
2924 782 3234 854 mysticum
3268 802 3397 841 esse
3451 790 3608 859 quod
3657 791 3985 866 dicebatur,

2332 863 2531 921 aiunt:
2566 867 2757 922 Semen
2787 868 3015 925 Abrahw
3044 887 3250 939 sumus,
3283 882 3334 929 et
3360 879 3576 933 nemini
3602 896 3849 951 unquam
3871 899 3985 938 ser-

2332 953 2602 1017 vivimus:
2635 966 2895 1029 quomodo
2926 969 2989 1015 tu
3033 962 3189 1032 dicis,
3222 964 3389 1021 liberi
3435 970 3589 1024 eritis
3609 973 3636 1025 .9
3690 972 3987 1043 Respondit

2330 1044 2406 1098 cis
2437 1046 2587 1100 Jesus
2609 1064 2628 1102 :
2660 1049 2849 1119 Amen,
2880 1066 3042 1105 amen
3088 1051 3207 1107 dico
3264 1055 3433 1122 vobis,
3489 1061 3621 1129 quia
3674 1062 3855 1117 omnis
3884 1064 3987 1135 qui

2327 1134 2463 1201 facit
2488 1139 2796 1206 peccatum,
2826 1154 3012 1195 servus
3038 1149 3117 1196 est
3137 1145 3370 1213 peccati.
3408 1145 3611 1203 Servus
3656 1158 3843 1207 autem
3869 1134 3983 1208 non

2328 1233 2518 1279 manet
2545 1227 2604 1281 in
2632 1226 2788 1284 domo
2818 1230 2880 1283 in
2934 1233 3220 1298 mternum,
3253 1234 3407 1304 ﬁlius
3461 1245 3644 1293 autem
3695 1246 3888 1297 manet
3917 1243 3981 1297 in

2326 1321 2592 1369 mtemum
2647 1317 2802 1382 (Ibid.
2859 1320 2928 1373 33
2955 1320 3066 1389 35).
3129 1322 3186 1375 Si
3248 1323 3398 1379 servi
3451 1342 3659 1383 sumus
3733 1330 3979 1401 peccati,

2327 1402 2479 1473 Agar
2509 1421 2614 1460 nos
2644 1407 2941 1477 generavit
2981 1410 3283 1482 Egyptia;
3335 1412 3386 1468 si
3445 1430 3563 1470 non
3615 1423 3819 1490 regnat
3850 1435 3982 1492 pec-
4042 1416 4045 1417 ⁷

2327 1496 2524 1548 catum
2556 1493 2614 1549 in
2638 1499 2835 1551 nostro
2858 1497 3091 1554 mortali
3123 1516 3362 1573 corpore
3381 1503 3555 1573 (Rom.
3588 1522 3664 1570 v1,
3704 1506 3814 1579 12),
3848 1524 3979 1565 vere

2326 1580 2426 1637 Dei
2458 1581 2564 1637 lilii
2594 1600 2823 1641 sumus.

2398 1670 2582 1740 (Vers.
2615 1674 2728 1744 24.)
2762 1696 2789 1724 ‹‹
2824 1677 2957 1739 Quae
2988 1682 3128 1734 sunt
3174 1696 3276 1750 per
3306 1679 3648 1754 allegoriam
3685 1687 3701 1722 ί
3734 1684 3912 1744 dicta.
3947 1709 3976 1739 ››

2326 1758 2617 1832 Allegoria
2647 1764 2876 1834 proprie
2905 1766 2975 1821 de
3007 1771 3130 1823 arte
3177 1772 3564 1841 grammatica
3616 1778 3724 1842 est,
3774 1781 3831 1830 et
3860 1794 3976 1848 quo

2324 1864 2359 1903 a
2390 1851 2749 1922 metaphora,
2783 1853 2871 1909 vel
2904 1856 3125 1912 ceteris
3156 1858 3340 1931 tropis
3382 1859 3632 1927 differat,
3666 1863 3726 1919 in
3758 1864 3976 1924 scholis

566 1934 848 2000 generabit
890 1937 993 1992 tibi
1039 1940 1182 1996 Sara
1228 1945 1294 1999 in
1348 1946 1589 2016 tempore
1634 1951 1752 2017 isto,
1803 1968 1947 2007 anno
1984 1961 2214 2008 venturo

2325 1939 2548 2009 parvuli
2580 1941 2887 2012 discimus.
2922 1944 3093 2000 Aliud
3130 1948 3438 2019 praetendit
3477 1949 3537 2005 in
3569 1952 3782 2020 verbis,
3814 1954 3974 2011 aliud

571 2021 730 2088 (ηιεά,
768 2025 853 2088 18,
884 2026 997 2095 20)⁸
1030 2029 1111 2084 Ex
1141 2032 1360 2103 quibus
1389 2037 1733 2095 evidensest
1763 2040 1950 2112 ipsius
1982 2058 2214 2114 quoque
2244 2021 2291 2033 “’
2326 2026 2619 2100 significat
2648 2031 2707 2086 in
2739 2048 2939 2088 sensu.
2976 2034 3130 2090 Pleni
3164 2042 3303 2092 sunt
3326 2042 3623 2096 oratorum
3654 2041 3792 2114 (sup.
3831 2043 3973 2101 alle-

572 2113 944 2171 sermonibus
968 2118 1087 2187 Dei,
1112 2121 1322 2178 Ismael
1352 2128 1674 2183 secundum
1698 2130 2212 2199 repromissionem

569 2216 698 2256 esse
735 2208 1096 2274 generatum.
1128 2211 1236 2265 Sed
1268 2215 1327 2267 et
1354 2213 1463 2271 hoc
1494 2216 1574 2272 ita
1605 2216 1869 2296 solvitur,
1896 2220 2215 2291 repromis-

571 2290 794 2347 sionem
827 2295 1060 2365 proprie
1086 2296 1145 2352 in
1179 2303 1513 2360 testamenti
1548 2290 1779 2362 datione
1825 2290 2125 2379 compleri,
2157 2314 2215 2366 et

574 2377 732 2434 aliud
764 2396 892 2438 esse
921 2384 1284 2453 benedicere,
1330 2408 1562 2464 augere,
1615 2377 2005 2467 multiplicare
2046 2399 2213 2455 vehe-

573 2472 817 2536 menter,
853 2473 1007 2543 quod
1039 2474 1098 2530 in
1134 2478 1342 2533 Ismael
1369 2482 1651 2555 scriptum
1684 2490 1808 2542 est:
1842 2486 2000 2543 aliud
2032 2488 2215 2543 haere-

570 2556 701 2612 dem
735 2558 919 2616 t‘ecere
949 2578 1052 2634 per
1097 2568 1537 2639 testamentum,
1572 2576 1725 2643 quod
1776 2575 1846 2631 de
1879 2576 2039 2632 Isaac
2068 2578 2215 2633 dici-

568 2648 705 2701 tur:
767 2648 1013 2705 Statuam
1087 2657 1465 2715 testamentum
1536 2679 1719 2718 meum
1787 2665 1858 2720 ad
1931 2681 2076 2731 eum,
2154 2669 2215 2722 in

569 2738 950 2795 testamentum
978 2746 1265 2813 aeternum,
1296 2756 1350 2803 et
1376 2753 1580 2806 semini
1606 2756 1729 2822 eius
1757 2762 1871 2825 post
1891 2771 2015 2809 eum
2052 2756 2211 2826 (Ibid.

570 2822 713 2895 19);
767 2826 834 2883 Et
879 2828 939 2884 in
988 2838 1521 2906 consequentibus:
1583 2822 1975 2899 Testamentum
2031 2822 2215 2900 autem

567 2929 755 2970 meum
804 2925 1037 2975 statuam
1105 2923 1175 2978 ad
1237 2926 1407 2990 Isaac,
1469 2946 1629 2999 quem
1682 2934 1862 3000 pariet
1916 2934 2018 2989 tibi
2074 2934 2213 2989 Sara

569 3000 729 3060 (Ibid.
760 3004 871 3076 21).
903 3007 970 3062 Et
999 3012 1291 3079 quomodo
1324 3014 1480 3071 aliud
1510 3023 1648 3073 sunt
1676 3021 1847 3084 dona,
1882 3021 2040 3078 aliud
2074 3024 2211 3078 sub-

571 3092 825 3149 stantia:
885 3094 1042 3152 aliud
1102 3098 1310 3170 legata,
1364 3104 1523 3161 aliud
1578 3107 1884 3165 heereditas
1939 3111 2213 3180 (legimus

566 3180 722 3236 enim
753 3182 891 3239 ﬁliis
919 3188 1376 3248 concubinarum
1409 3194 1657 3253 Abrahze
1687 3199 1840 3255 dona
1872 3202 2120 3257 tradita:
2152 3202 2215 3257 1i-

569 3267 650 3325 lio
683 3275 875 3329 autem
897 3274 1050 3331 Sara)
1080 3279 1262 3335 totius
1301 3283 1641 3342 substantiae
1690 3287 2086 3346 hereditatem
2117 3308 2212 3347 re-

569 3358 792 3434 lictam)
816 3379 829 3428 ;
854 3362 934 3419 ita
953 3364 1113 3423 aliud
1146 3384 1293 3437 esse,
1327 3377 1394 3426 ut
1440 3374 1716 3445 diximus,
1750 3377 2213 3437 benedictionem

569 3452 747 3520 atque
785 3450 996 3523 legata,
1030 3456 1188 3515 aliud
1237 3462 1679 3521 testamentum.
1726 3469 1832 3523 Sed
1873 3470 2070 3526 ethoc
2099 3472 2214 3528 dici

568 3543 764 3608 potest
792 3542 864 3598 de
893 3546 1159 3612 Ismaele,
1194 3555 1325 3619 post
1352 3560 1696 3625 conceptum
1728 3559 1876 3627 ejus,
1908 3559 1997 3615 vel
2037 3577 2213 3631 ange-

568 3626 819 3695 lum,vel
841 3632 1046 3697 Deum.
1080 3635 1363 3696 locutum.
1381 3641 1460 3697 De
1483 3642 1641 3700 Isaac
1670 3626 1804 3701 vero
1826 3626 2138 3718 antequam
2155 3650 2212 3705 in

569 3717 726 3773 Sara
755 3723 921 3776 utero
968 3725 1395 3796 conciperetur,
1440 3734 1620 3788 Deum
1653 3733 1833 3791 fuisse
1864 3717 2211 3807 pollicitum.

564 3804 698 3861 Haec
730 3806 965 3865 interim
1015 3819 1301 3882 quantum
1342 3816 1560 3891 ingenii
1605 3826 1789 3878 nostri
1838 3825 2213 3883 mediocritas

572 3895 799 3960 patitur
816 3897 972 3955 dicta
993 3899 1131 3957 sint.
1155 3904 1437 3962 Caeterum
1462 3909 1509 3963 si
1534 3909 1667 3981 quis
1687 3916 1879 3982 potest
1900 3916 2093 3985 majus
2116 3916 2217 3972 ali-

570 3983 709 4054 quid
739 3985 1016 4057 invenire,
1049 3995 1342 4062 quomodo
1364 3998 1570 4054 lsmael
1596 4001 1694 4072 qui
1713 4002 1782 4057 de
1806 4003 2017 4060 ancilla
2039 4010 2214 4063 natus

567 4077 656 4129 est
688 4091 801 4131 non
834 4077 911 4133 sit
939 4082 1434 4152 repromissionis,
1466 4086 1644 4159 filius,
1680 4093 1778 4146 sed
1823 4093 1982 4151 Isaac
2013 4095 2113 4167 qui
2144 4098 2216 4152 de

560 4160 745 4220 libera
768 4164 903 4256 :ille
935 4169 1127 4240 potius
1157 4174 1483 4233 audiendus
1528 4183 1635 4235 est.
1669 4182 1733 4235 Et
1760 4183 1813 4237 si
1841 4183 1989 4253 quid,
2025 4160 2216 4256 inquit

565 4254 903 4325 Apostolus,
935 4260 1099 4315 aliter
1139 4266 1373 4327 sentitis,
1405 4272 1458 4321 et
1507 4268 1606 4324 hoc
1631 4270 1779 4325 vobis
1825 4272 1966 4327 Deus
2011 4254 2217 4330 revela-

562 4345 645 4399 vit
675 4345 939 4423 (Philipp.
975 4365 1057 4404 III.
1093 4351 1202 4422 15).
1251 4353 1417 4409 Nunc
1461 4354 1715 4413 breviter
1741 4359 1813 4413 ad
1847 4360 2053 4417 altiora
2087 4368 2214 4420 ten-

564 4432 825 4488 dendum
856 4440 963 4501 est,
998 4443 1062 4492 ut
1105 4439 1374 4497 dicamus
1415 4459 1898 4518 unumquemque
1947 4456 2212 4508 nostrum

570 4519 849 4592 primum,
869 4518 1166 4595 nonjuxta
1188 4531 1704 4600 repromissionem
1729 4538 1909 4605 nasci,
1930 4543 2214 4612 quamdiu

565 4607 999 4697 Scripturarum
1040 4616 1232 4672 verbis
1260 4617 1629 4691 simplicibus
1660 4607 1993 4697 instruitur,
2026 4635 2083 4685 et
2109 4632 2212 4687 Ju-

2324 2117 2547 2189 goriis),
2580 2123 2637 2174 et
2666 2125 2968 2192 poetarum
3000 2122 3155 2179 libri.
3176 2126 3478 2199 Scriptura
3499 2146 3731 2202 quoque
3753 2132 3970 2203 divina,

2326 2222 2428 2277 per
2456 2206 2608 2263 hanc
2638 2225 2753 2264 non
2789 2212 3021 2267 modica
3051 2230 3120 2268 ex
3159 2220 3321 2287 parte
3352 2221 3619 2274 contexta
3649 2226 3758 2278 est.
3811 2222 3974 2287 Quod

2323 2296 2653 2368 intelligens
2683 2299 2897 2355 Paulus
2927 2303 3229 2374 apostolus
3259 2306 3497 2379 (quippe
3537 2310 3639 2381 qui
3689 2317 3746 2365 et
3793 2328 3975 2367 saecu-

2323 2383 2475 2441 lares
2506 2386 2728 2443 litteras
2758 2388 2959 2461 aliqua
2984 2407 3053 2446 ex
3085 2398 3247 2464 parte
3275 2396 3622 2470 cpntigerat)
3654 2398 3782 2470 ipso
3800 2402 3973 2458 verbo

2325 2474 2523 2546 figurae
2555 2492 2699 2531 usus
2729 2482 2836 2545 est,
2884 2483 2949 2535 ut
2996 2480 3357 2554 allegoriam,
3410 2484 3563 2541 sicut
3619 2489 3770 2559 apud
3832 2507 3974 2547 suos

2324 2563 2558 2633 dicitur,
2591 2565 2947 2637 appellaret:
2999 2586 3114 2642 quo
3146 2571 3367 2629 scilicet
3413 2590 3590 2630 sensu
3642 2578 3830 2651 magis
3859 2579 3973 2635 loci

2323 2651 2502 2724 hujus
2532 2655 2710 2709 Graeci
2734 2658 3022 2714 sermonis
3045 2660 3388 2718 abusionem
3422 2670 3800 2723 monstraret.
3826 2668 3975 2725 Scis-

2324 2757 2386 2797 se
2417 2746 2611 2798 autem
2643 2743 2913 2811 Paulum,
2946 2747 3079 2805 licet
3109 2766 3223 2805 non
3247 2751 3317 2807 ad
3337 2753 3657 2824 perfectum
3679 2756 3722 2824 ³,
3751 2755 3973 2814 litteras

2324 2830 2652 2901 saeculares,
2711 2832 2898 2905 ipsius
2937 2838 3111 2893 verba
3163 2843 3489 2899 testantur:
3539 2844 3694 2901 Dixit
3750 2847 3970 2918 quidam

2321 2934 2391 2975 ex
2418 2922 2515 2988 eis,
2546 2924 2803 2993 proprius
2856 2941 3041 2981 eorum
3086 2929 3388 3000 propheta:
3438 2936 3715 2990 Cretenses
3761 2952 3976 3009 semper

2322 3010 2625 3079 mendaces,
2658 3012 2822 3068 malae
2881 3016 3079 3081 bestia,
3139 3027 3349 3075 ventres
3409 3024 3562 3092 pigri
3613 3025 3739 3093 (Tit.
3775 3042 3814 3093 ι,
3862 3026 3971 3098 12).

2326 3098 2426 3153 llic
2457 3115 2659 3155 versus
2689 3101 2959 3159 heroicus
2992 3106 3349 3177 Epimenidis
3399 3115 3578 3182 poetas
3636 3117 3747 3183 est,
3804 3114 3974 3186 cujus

2323 3191 2379 3242 et
2408 3187 2592 3258 Plato,
2634 3193 2692 3245 et
2720 3192 2907 3247 caeteri
2950 3195 3264 3266 scriptores
3296 3201 3514 3255 veteres
3573 3202 3973 3271 recordantur,

2324 3278 2495 3348 Apud
2528 3278 2915 3336 Athenienses
2961 3300 3194 3356 quoque
3251 3302 3381 3343 cum
3415 3288 3475 3343 in
3530 3291 3973 3364 Areopago-sa-

2245 3342 2288 3409 Ο
2324 3342 2636 3439 tisl‘aceret,
2668 3368 2789 3425 haec
2819 3342 3044 3427 addidit
3067 3342 3285 3431 :‘Sicut
3437 3342 3975 3451 quidamrdgvvo‘bis

2319 3460 2496 3527 poetae
2524 3457 2825 3515 dixerunt:
2864 3462 3042 3532 Ipsius
3082 3466 3232 3519 enim
3285 3477 3337 3522 et
3390 3483 3563 3537 genus
3614 3486 3805 3526 sumus
3835 3471 3971 3543 (Act.

2323 3561 2460 3615 xvn,
2492 3546 2604 3617 28).
2639 3551 2757 3602 Hoc
2805 3548 3244 3608 hemistichium
3296 3554 3477 3611 fertur
3522 3557 3581 3613 in
3639 3565 3838 3626 Arato,
3872 3560 3972 3633 qui

2324 3633 2395 3689 de
2424 3634 2566 3691 ccelo
2617 3635 2919 3709 stellisque
2976 3642 3343 3715 conscripsit.
3400 3646 3634 3703 Necnon
3694 3652 3751 3704 et
3789 3649 3972 3705 illud:

2322 3725 2693 3795 Corrumpunt
2741 3726 2909 3782 bonos
2964 3745 3142 3786 moros
3193 3734 3665 3805 confabulationes
3716 3741 3977 3809 pessimae

2325 3813 2373 3883 (Ι
2401 3813 2521 3869 Cor.
2555 3829 2647 3881 xv,
2707 3815 2820 3887 33);
2881 3817 3145 3875 trimeter
3201 3821 3489 3881 iambicus
3542 3827 3613 3882 de
3670 3828 3972 3893 comoedia,

2292 3910 2297 3913 ’
2324 3906 2599 3973 sumptus
2624 3908 2713 3959 est
2737 3904 3061 3965 Menandri.
3093 3910 3175 3965 Ex
3218 3912 3435 3985 quibus
3466 3918 3522 3969 et
3550 3913 3702 3983 aliis,
3734 3915 3974 3973 evidens

2323 3994 2414 4045 est
2445 3990 2689 4047 Paulum
2739 4011 2853 4049 non
2912 3997 3215 4069 ignorasse
3271 4001 3496 4059 litteras
3554 4004 3883 4074 szeculares,
3917 4010 3974 4062 et

2325 4095 2502 4151 quam
2544 4080 2638 4135 hic
2696 4082 3032 4157 allegoriam
3093 4090 3259 4159 dixit,
3317 4091 3456 4147 alibi
3512 4110 3749 4151 vocasse
3805 4094 3976 4151 intel-

2322 4166 2623 4241 ligentiam
2657 4172 3045 4242 spiritualem.
3093 4176 3166 4233 Ut
3195 4179 3314 4235 ibi:
3364 4184 3581 4239 Scimus
3638 4186 3789 4240 enim
3835 4185 3977 4257 quod

2324 4257 2415 4311 lex
2442 4260 2756 4329 spiritualis
2788 4267 2863 4317 est
2892 4267 3068 4331 (Rom.
3102 4284 3202 4333 vu,
3239 4270 3351 4341 14),
3402 4288 3508 4344 pro
3557 4289 3622 4331 eo
3669 4275 3824 4347 quod
3866 4278 3973 4342 est,

2323 4345 2620 4419 allegoria,
2662 4350 2782 4406 sive
2820 4352 3130 4426 allegorice
3190 4358 3461 4430 figurata.
3496 4362 3564 4417 Et
3612 4345 3792 4419 alibi:
3851 4362 3974 4418 0m-

2321 4453 2420 4492 nes
2448 4438 2697 4494 eamdem
2751 4444 3098 4513 spiritualem
3156 4449 3311 4505 412
3369 4450 3716 4521 comederunt
3770 4466 3972 4517 escam,

2321 4534 2372 4581 et
2409 4529 2661 4585 eumdem
2716 4533 3071 4603 spiritualem
3128 4536 3383 4593 biberunt
3432 4547 3643 4611 potum.
3702 4540 3976 4597 Bibebant

2324 4624 2505 4673 autem
2534 4618 2599 4674 de
2629 4623 2915 4693 spirituali
2951 4628 3204 4696 sequenti
3227 4642 3314 4683 eos
3340 4631 3519 4699 petra,
3574 4636 3738 4699 petra
3792 4637 3978 4686 autem

563 4696 750 4752 daicis
797 4700 987 4790 adhuc
1043 4706 1504 4775 expositionibus
1553 4713 1913 4784 delectatur;
1979 4696 2214 4790 quando

2322 4715 2439 4761 erat
2470 4706 2721 4763 Christus
2752 4712 2798 4782 (Ι
2826 4710 2946 4767 Cor.
2979 4731 3032 4779 ι,
3065 4714 3118 4778 3,
3148 4715 3221 4785 4).
3265 4696 3478 4771 Manna
3522 4696 3640 4783 hic,
3688 4720 3746 4773 et
3794 4717 3976 4774 subiti

560 4800 695 4840 vero
728 4787 797 4842 ad
850 4789 1198 4850 sublimiora
1242 4799 1687 4869 transcenderit,
1741 4809 1800 4861 et
1828 4787 2012 4877 legem
2044 4808 2211 4865 intel-

559 4872 767 4930 lexerit
808 4877 1191 4953 spiritualem,
1246 4888 1385 4944 tunc
1442 4907 1576 4947 eum
1634 4894 1707 4948 de
1757 4896 2212 4965 repromissione

565 4966 833 5059 generari
862 4982 873 5021 :
907 4972 984 5035 et,
1018 4975 1083 5025 ut
1113 4974 1371 5042 apertius
1399 4978 1626 5051 loquar,
1677 4984 1937 5051 quotidie
1981 5003 2079 5042 cos
2111 4988 2210 5059 qui

559 5050 786 5109 faciunt
814 5071 990 5129 opera
1016 5060 1279 5133 Ahrahaz,
1331 5065 1401 5121 de
1442 5050 1736 5125 Abraham
1778 5072 1961 5128 nasci.
1995 5050 2211 5131 Verum

561 5140 694 5199 illos
715 5145 811 5215 qui
832 5145 1050 5203 habent
1065 5149 1337 5221 spiritum
1362 5157 1659 5214 servitutis
1677 5159 1886 5215 iterum
1904 5160 1965 5217 in
1984 5162 2210 5234 timore,

557 5248 625 5288 ex
653 5233 867 5290 ancilla
895 5239 1159 5308 generari
1185 5244 1489 5313 Egyptia;
1543 5263 1641 5303 eos
1692 5253 1885 5306 autem
1945 5250 2043 5323 qui
2093 5253 2211 5324 spi-

556 5320 737 5376 ritum
765 5323 1095 5396 adoptionis
1141 5330 1492 5400 acceperint,
1527 5350 1593 5388 ex
1621 5339 1761 5391 Sara
1803 5320 1986 5394 libera
2034 5320 2208 5412 (Rom.

561 5425 686 5475 vm,
722 5412 847 5484 15):
899 5430 1016 5485 qua
1061 5414 1329 5473 libertate
1369 5436 1403 5474 a
1452 5420 1683 5479 Christo
1732 5426 1929 5482 donati
1980 5444 2206 5488 sumus.

563 5496 847 5584 Loquitur
876 5505 1159 5561 Dominus
1192 5508 1260 5562 ad
1310 5507 1565 5579 Judaeos,
1620 5514 1720 5584 qui
1763 5515 1954 5573 adhuc
1987 5518 2209 5577 ancillae

555 5582 661 5640 ﬁlii
699 5604 828 5647 esse
858 5593 1186 5651 malebant:
1221 5598 1369 5654 471
1421 5602 1482 5656 Si
1508 5582 1821 5660 manseritis
1864 5607 1924 5662 in
1959 5623 2210 5667 sermone

550 5711 1179 5808 J;I_I}_nll‘lé3_.n?alatino
1222 5726 1278 5781 et
1310 5740 1487 5797 penes
1535 5726 1879 5789 Victoriam.
1934 5734 2063 5803 Quae
2093 5740 2215 5808 qui'

545 5780 668 5838 dem
692 5792 820 5843 sunt
846 5787 1169 5863 allegorica.

2323 4794 2504 4851 fontis
2534 4797 2783 4870 eruptio,
2835 4805 2891 4855 et
2941 4808 3104 4873 petra
3150 4802 3281 4873 ipsa
3311 4820 3438 4875 quas
3499 4805 3786 4878 sequitur,
3819 4807 3974 4879 quod

2322 4883 2629 4957 allegorice
2659 4888 2994 4961 accipienda
3036 4890 3177 4958 sint,
3210 4908 3383 4949 nemo
3434 4900 3524 4951 est
3573 4896 3673 4968 qui
3723 4896 3970 4953 dubitet.

2321 4974 2453 5029 Scio
2506 4976 2645 5045 quid
2704 4980 3027 5035 econtrario
3075 4981 3263 5053 possit
3316 4984 3568 5057 opponi:
3622 4987 3865 5052 Fratres,
3924 4987 3975 5040 si

2317 5075 2732 5137 praeoccupatus
2786 5071 2964 5139 fuerit
3016 5070 3173 5126 homo
3230 5073 3289 5127 in
3344 5073 3536 5146 aliquo
3590 5073 3831 5131 delicto:
3884 5090 3977 5130 vos

2319 5155 2634 5226 spirituales
2664 5157 2922 5215 instruite
2978 5160 3285 5217 istiusmodi
3346 5163 3407 5216 in
3461 5164 3664 5235 spiritu
3712 5179 3971 5220 mansue-

2320 5243 2530 5299 tudinis
2560 5245 2759 5318 (Galat.
2794 5264 2870 5320 νι,
2922 5248 2995 5319 1).
3030 5248 3100 5304 Et
3147 5249 3207 5305 in
3254 5250 3368 5307 alio
3424 5250 3552 5308 loco
3579 5271 3597 5307 :
3653 5252 3977 5325 Spiritualis

2322 5342 2510 5390 autem
2539 5334 2805 5407 dijudicat
2833 5339 3021 5393 omnia
3046 5356 3064 5392 :
3122 5341 3237 5412 ipse
3264 5348 3447 5397 autem
3473 5359 3510 5397 a
3562 5343 3717 5400 nullo
3773 5341 3977 5415 dijudi-

2321 5433 2483 5480 catur
2540 5424 2588 5497 (I
2611 5427 2736 5481 Cor.
2781 5441 2843 5494 II,
2888 5427 3016 5494 15):
3074 5430 3228 5503 quod
3287 5429 3512 5490 scilicet
3568 5431 3728 5489 aliud
3795 5444 3974 5505 quam

2322 5529 2501 5596 διέργει
2532 5512 2809 5579 diximus,
2843 5516 3083 5595 verbum
3133 5519 3441 5592 spirituale
3470 5526 3658 5579 sonet.
3707 5520 3821 5589 Sed
3868 5537 3977 5577 nos

2322 5601 2710 5674 spiritualem,
2743 5604 2882 5674 quia
2911 5607 3111 5664 omnia
3131 5610 3380 5683 judicet,
3413 5616 3471 5668 et
3496 5610 3624 5685 ipse
3652 5629 3689 5668 a
3738 5609 3976 5668 nemine

2322 5727 2416 5800 η’
2447 5726 2667 5813 conten
2681 5725 2860 5813 Epist.
2895 5729 3018 5803 120,
3053 5733 3125 5791 ad
3166 5733 3497 5808 Hedibiam,
3545 5740 3748 5809 quaest.
3808 5736 3895 5813 11,
3926 5737 3985 5793 et

2326 5799 2454 5875 quae
2485 5799 2567 5859 ibi
2597 5799 2974 5863 adnotamus.
