4332 6578
345 435 456 493 41⁸7

980 435 1496 501 COMMENTAR.
1543 440 1621 501 IN
1668 442 1916 504 EPIST.
1959 443 2065 503 AD
2115 440 2398 503 GALAT.
2443 441 2591 504 LIB.
2639 442 2716 517 ll,
2756 441 2926 504 CAP.
2973 442 3078 505 IV.

3640 444 3760 505 418

348 566 724 639 dijudicetur,
746 584 880 625 eum
905 568 1091 626 virum
1121 570 1394 640 dicimus,
1421 573 1519 644 qui
1551 574 1818 632 universa
1839 574 1991 631 Scri-
2022 576 2078 642 Α
2108 589 2223 629 non
2255 573 2448 630 solum
2480 576 2550 631 de
2580 573 2671 630 his
2703 575 2803 646 qui
2851 574 2907 629 in
2939 574 3199 631 Ecclesia
3232 577 3391 642 sunt,
3427 591 3531 646 pro
3562 573 3753 630 diver-

355 663 662 731 pturarum
710 664 1079 715 sacramenta
1127 677 1506 732 cognoscens,
1551 664 1886 720 sublimiter
1933 681 2001 720 ea

354 746 688 820 intelligat:
743 751 800 804 et
850 747 1146 806 Christum
1198 752 1259 806 in
1313 752 1527 809 divinis
1575 752 1740 809 libris
1774 753 1998 826 videns,

357 836 504 892 nihil
532 836 591 891 in
621 837 704 892 eis
730 837 990 894 Judaicas
1022 839 1356 896 traditionis
1397 842 1690 899 admittat.

430 925 613 1000 (Vers.
643 926 732 993 25,
767 926 884 998 26.)
939 949 967 978 «
1002 932 1132 984 Haec
1162 929 1319 985 enim
1365 936 1504 986 sunt
1542 933 1655 987 duo
1685 936 2004 989 testamen-

360 1020 442 1082 ta,
475 1032 656 1071 unum
691 1015 927 1087 quidem
961 1035 995 1073 a
1024 1023 1222 1075 monte
1252 1019 1412 1090 Sina,
1444 1020 1505 1076 in
1538 1021 1876 1078 servitutem
1908 1039 2003 1094 ge-

360 1121 592 1176 nerans,
625 1120 756 1177 quae
785 1110 875 1163 est
904 1112 1082 1180 Agar.
1103 1107 1239 1163 Sina
1268 1109 1433 1181 enim,
1458 1126 1627 1167 mons
1658 1117 1749 1167 est
1780 1111 1839 1166 in
1871 1114 2009 1167 Ara-

359 1194 476 1259 bia,
509 1193 611 1265 qui
637 1196 1042 1253 conterminus
1072 1184 1161 1252 est
1190 1197 1262 1269 ei,
1287 1215 1414 1271 quae
1446 1216 1603 1256 nunc
1632 1205 1722 1256 est
1750 1200 1809 1255 in
1837 1200 2007 1256 Jeru-

361 1283 566 1350 salem,
598 1288 655 1339 et
706 1285 881 1341 servit
925 1302 1059 1342 cum
1110 1286 1247 1344 ﬁliis
1296 1289 1440 1345 suis.
1484 1288 1588 1345 Illa
1635 1294 1831 1347 autem
1879 1307 2008 1363 quae

360 1388 599 1428 sursum
651 1377 742 1428 est
788 1374 1135 1445 Jerusalem,
1167 1374 1351 1433 libera
1381 1380 1489 1443 est,
1523 1395 1647 1450 quae
1689 1382 1779 1433 est
1823 1385 2011 1435 mater
2034 1393 2051 1412 '

362 1462 630 1518 omnium
680 1467 971 1519 nostrum.
1007 1487 1035 1515 »
1088 1468 1242 1521 Pene
1289 1470 1637 1523 cunctorum
1671 1485 1849 1541 super
1900 1468 2010 1524 hoc

363 1551 490 1611 loco
536 1552 652 1608 ista
697 1557 787 1608 est
838 1552 1188 1624 explanatio,
1222 1558 1286 1610 ut
1313 1557 1467 1629 Agar
1498 1556 1793 1625 ancillam,
1828 1558 2010 1614 inter-

366 1646 668 1713 pretentur
695 1641 753 1695 in
786 1641 932 1714 lege,
965 1646 1022 1698 et
1049 1643 1107 1697 in
1140 1644 1354 1715 populo
1383 1644 1722 1701 Judaeorum
1760 1665 1772 1702 :
1807 1647 2011 1703 Saram

369 1735 566 1786 autem
597 1729 865 1797 liberam,
899 1730 957 1785 in
1002 1730 1276 1800 Ecclesia,
1311 1750 1438 1805 quae
1471 1734 1541 1789 de
1570 1735 1847 1807 gentibus
1878 1753 2013 1792 con-

367 1824 608 1892 gregata
636 1822 748 1887 est,
780 1835 907 1891 quae
961 1825 1148 1876 mater
1200 1827 1537 1879 sanctorum
1589 1824 1684 1894 sit,
1719 1824 1897 1881 Paulo
1928 1826 2013 1880 di-

369 1912 582 1965 cente:
633 1908 766 1977 Quae
810 1918 889 1965 est
932 1914 1110 1966 mater
1155 1913 1403 1968 omnium
1448 1918 1720 1969 nostrum.
1759 1917 1884 1971 llaec
1915 1915 2012 1970 diu

369 2014 485 2053 non
515 1998 760 2070 peperit,
794 2003 1112 2070 antequam
1143 2000 1409 2069 Christus
1441 2004 1512 2059 de
1541 2003 1778 2077 Virgine
1810 2021 2014 2060 nasce-

369 2091 551 2158 retur,
583 2091 641 2143 et
672 2086 889 2144 sterilis
920 2088 1073 2145 fuit:
1126 2091 1376 2146 necdum
1428 2091 1550 2148 risu
1600 2093 1805 2149 mundi
1858 2094 2017 2150 Isaac

373 2176 445 2232 de
498 2175 679 2233 electo
728 2181 891 2250 patre
942 2195 1075 2234 cum
1120 2196 1261 2236 voce
1290 2180 1640 2237 sublimium
1672 2183 2017 2257 dogmatum

366 2270 682 2323 resonante
715 2283 728 2322 :
763 2266 1053 2338 siquidem
1086 2273 1144 2323 et
1170 2268 1446 2326 Abraham
1476 2271 1533 2327 in
1566 2277 1766 2327 nostra
1794 2272 2017 2346 lingua,

368 2361 531 2428 pater
586 2356 785 2411 electus
836 2372 962 2412 cum
1017 2359 1199 2414 sonitu
1257 2360 1575 2416 refertur‘.
1634 2363 1778 2432 Agar
1822 2369 2019 2417 autem

374 2461 501 2517 quas
552 2444 972 2517 interpretatur
1016 2444 1294 2521 παροικία,
1328 2448 1386 2503 id
1439 2454 1529 2505 est
1576 2451 1867 2516 incolatus,
1901 2451 2021 2506 sive

364 2535 761 2607 peregrinatio,
795 2534 915 2590 sive
952 2550 1126 2603 mora,
1176 2542 1416 2610 generat
1469 2538 1834 2612 Ismael,~qui
1888 2545 2019 2595 tan-

371 2627 501 2678 tum
549 2622 743 2679 audiat
780 2624 882 2679 Dei
908 2629 1215 2697 praecepta,
1250 2642 1354 2682 nec
1383 2626 1559 2683 faciat
1591 2627 1890 2684 hominem
1922 2646 2021 2684 ru-

374 2713 612 2779 sticum,
634 2712 1103 2785 sanguinarium,
1129 2714 1360 2770 deserta
1383 2720 1738 2773 sectantem:
1769 2718 1868 2789 qui
1893 2718 2021 2772 uni-

372 2802 557 2859 versis
586 2802 865 2858 fratribus
896 2803 1022 2859 suis
1066 2804 1137 2859 de
1185 2803 1370 2859 libera
1400 2806 1718 2877 procreatis
1746 2806 2024 2863 inimicus

374 2892 475 2960 sit,
505 2896 562 2948 et
590 2892 834 2961 adversa
860 2892 947 2949 eis
974 2888 1161 2948 fronte
1191 2893 1445 2951 resistat.
1471 2895 1587 2951 Nec
1614 2895 1829 2952 mirum
1860 2902 2026 2952 vetus

381 2982 846 3050 Testamentum,
894 2982 1049 3054 quod
1103 2983 1161 3037 in
1211 2989 1412 3040 monte
1456 2984 1615 3053 Sina,
1673 2985 1773 3058 qui
1826 2991 1916 3042 est
1965 3003 2026 3041 1n

348 3140 353 3144 δ
380 3071 616 3142 Arabia,
646 3075 703 3127 et
732 3071 980 3128 confinis
1010 3075 1098 3128 est
1127 3071 1201 3140 ei,
1235 3090 1361 3145 quae
1391 3090 1548 3129 nunc
1574 3075 1728 3130 418
1750 3079 1839 3131 est
1861 3079 2028 3132 Jeru-

281 3170 289 3178 '
384 3160 588 3232 salem,
640 3160 1025 3217 constitutum
1075 3166 1163 3216 est
1208 3167 1384 3235 atque
1438 3164 1858 3237 conscriptum,
1913 3181 2029 3220 non

385 3265 513 3306 esse
542 3254 891 3322 perpetuum
917 3266 930 3305 :
965 3267 1099 3306 cum
1130 3254 1187 3306 et
1214 3250 1503 3307 incolatus
1535 3270 1567 3308 a
1596 3258 1877 3326 perpetua
1899 3270 2030 3326 pos-

344 3336 349 3339 “
386 3338 648 3395 sessione
676 3339 941 3395 diversus
972 3339 1069 3409 sit,
1102 3343 1160 3395 et
1206 3339 1341 3396 Sina
1392 3341 1607 3398 montis
1653 3359 1866 3398 nomen
1914 3352 2031 3399 ten-

346 3438 353 3441 “
386 3430 650 3485 tationem
699 3431 867 3483 sonet
901 3422 923 3483 τ’
965 3432 1022 3483 et
1067 3428 1273 3484 Arabia
1311 3429 1603 3501 significet
1631 3447 1877 3487 occasum
1909 3450 1926 3485 :
1980 3437 2040 3488 et

389 3516 719 3574 econtrario
769 3533 896 3589 quae
953 3534 1189 3573 sursum
1243 3522 1332 3574 est
1373 3518 1721 3588 Jerusalem,
1771 3538 1898 3592 qua:
1950 3525 2041 3578 est

387 3599 576 3663 libera
606 3611 908 3679 materque
947 3612 1310 3678 sanctorum,
1342 3608 1700 3665 demonstret
1746 3609 1898 3666 hanc
1944 3611 2040 3667 Je-

391 3696 670 3769 rusalem,
703 3713 828 3768 qua
859 3697 918 3752 in
950 3697 1221 3770 praesenti
1266 3702 1374 3763 est,
1407 3698 1682 3755 deorsum
1713 3716 1861 3766 esse,
1895 3708 1951 3756 et
1980 3700 2041 3756 in

395 3784 650 3842 humili”
678 3785 1001 3858 infimoque
1043 3787 1393 3842 demersam.
1429 3788 1579 3843 Sunt
1616 3788 1716 3861 qui
1748 3790 1863 3846 duo
1896 3791 2042 3846 Tes-

397 3878 659 3932 tamenta
687 3879 746 3931 et
774 3872 945 3931 aliter
972 3875 1303 3948 intelligant
1335 3892 1349 3933 :
1399 3886 1465 3932 ut
1504 3877 1864 3950 Scripturam
1897 3879 2043 3935 divi-

398 3980 556 4033 nam,
589 3968 710 4019 tam
757 3969 1014 4019 veterem
1064 3982 1241 4037 quam
1285 3982 1517 4032 novam,
1539 3967 1713 4037 juxta
1744 3968 2045 4025 diversita-

400 4057 516 4109 tem
570 4070 782 4110 sensus
820 4070 1143 4127 eorumque
1174 4055 1524 4112 sententiam
1557 4055 1658 4128 qui
1687 4056 1912 4131 legunt,
1946 4062 2050 4114 aut

344 4136 352 4141 ’
404 4141 674 4199 ancillam
728 4142 1205 4216 interpretentur,
1237 4148 1339 4200 aut
1389 4144 1656 4214 liberam,
1689 4151 1748 4202 et
1794 4164 1914 4216 eos,
1946 4147 2047 4219 qui

406 4231 598 4309 adhuc
626 4230 830 4288 litteris
855 4233 1130 4299 serviant,
1154 4237 1210 4289 et
1240 4234 1514 4305 spiritum
1540 4235 1769 4293 timoris
1795 4236 2050 4292 habeant

405 4319 464 4376 in
499 4320 862 4393 servitutem,
896 4323 966 4378 de
994 4324 1148 4395 Agar
1176 4322 1441 4396 [Egyptia
1475 4323 1652 4380 velint
1699 4342 1828 4382 esse
1874 4342 2045 4397 gene-

404 4414 610 4467 ratos:
660 4426 759 4468 eos
812 4417 1007 4469 autem
1049 4412 1151 4485 qui
1194 4413 1266 4467 ad
1298 4412 1602 4484 superiora
1630 4412 2046 4485 conscendant,

403 4504 458 4556 et
488 4499 797 4574 allegorice
824 4501 1006 4559 velint
1035 4502 1250 4558 sentire
1283 4517 1409 4574 quae
1454 4502 1672 4575 scripta
1702 4509 1863 4572 sunt,
1897 4504 2050 4561 ﬁlios

348 4668 353 4671 _
405 4607 533 4649 esse
576 4592 752 4659 Saraa,
780 4609 913 4679 quas
960 4591 1020 4646 in
1071 4591 1274 4663 lingua
1322 4596 1523 4647 nostra
1575 4587 1840 4665 ἄρχουσα,
1874 4594 1931 4647 id
1962 4598 2054 4649 est

2112 667 2282 720 sitate
2330 663 2419 736 (ut
2448 681 2628 736 supra
2658 663 2941 732 diximus)
2980 664 3410 733 intellectuum,
3442 663 3588 719 alios
3637 680 3758 720 ser-

2110 770 2232 820 vos,
2267 752 2412 809 alios
2444 753 2658 809 liberos
2688 752 3083 809 arbitremur:
3141 755 3242 809 sed
3295 753 3470 810 etiam
3520 754 3591 807 de
3643 770 3759 809 uno

2114 843 2436 914 eodemque
2494 842 2729 898 homine
2788 840 3049 915 quandiu
3109 842 3377 914 sequitur
3430 841 3767 909 historiam,

2115 932 2340 987 ancillae
2388 948 2521 987 eum
2572 948 2700 987 esse
2750 931 2986 988 lilium:
3038 948 3170 987 cum
3228 937 3426 988 autem
3471 930 3768 1004 aperiente

2114 1021 2252 1076 Jesu
2303 1021 2654 1093 Scripturas,
2686 1020 2992 1076 incensum
3043 1021 3217 1077 fuerit
3265 1038 3365 1077 cor
3414 1022 3564 1092 ejus,
3600 1025 3658 1076 et
3704 1019 3764 1077 in

2120 1110 2395 1166 fractione
2447 1110 2616 1181 panis
2662 1109 2979 1183 inspexerit
3027 1128 3162 1166 eum
3213 1127 3381 1184 quem
3427 1115 3599 1167 antea
3650 1126 3767 1167 non

2117 1198 2349 1255 videbat
2405 1198 2568 1270 (Luc.
2628 1216 2782 1270 xxrv,
2840 1201 2911 1253 27
2966 1201 3194 1272 scqq.):

2119 1290 2273 1344 Sara:
2341 1288 2526 1343 ﬁlium
2594 1287 2907 1344 nominari.
2969 1288 3225 1345 Marcion
3293 1293 3351 1345 et
3416 1287 3770 1344 Manichazus

2120 1377 2277 1432 hunc
2307 1377 2502 1433 locum
2548 1377 2608 1432 in
2648 1393 2763 1449 quo
2794 1376 2940 1431 dixit
2971 1376 3285 1447 Apostolus
3319 1394 3332 1433 :
3388 1376 3522 1444 Quae
3552 1376 3773 1449 quidem

2119 1470 2246 1521 sunt
2273 1466 2572 1537 allegorica
2600 1469 2758 1533 (vers.
2793 1467 2905 1535 24),
2941 1469 2997 1521 et
3026 1470 3232 1522 caetera
3257 1481 3384 1538 qua:
3417 1471 3768 1539 sequuntur,

2124 1556 2193 1611 de
2215 1555 2409 1611 codice
2442 1572 2547 1610 suo
2571 1554 2773 1611 tollere
2805 1556 3139 1619 noluerunt,
3162 1559 3435 1626 putantes
3457 1556 3770 1611 adversum

2125 1662 2233 1700 nos
2262 1644 2558 1716 relinqui:
2616 1645 2770 1716 quod
2822 1644 3044 1700 scilicet
3094 1644 3183 1700 lex
3237 1644 3404 1700 aliter
3448 1646 3525 1700 sit
3554 1644 3770 1700 intelli-

2125 1736 2334 1807 genda,
2363 1750 2536 1806 quam
2572 1733 2790 1806 scripta
2832 1739 2920 1789 est
2953 1751 2967 1789 :
3024 1750 3155 1789 cum
3190 1732 3393 1806 utique
3424 1733 3653 1790 etiamsi
3687 1734 3771 1789 al-

2125 1821 2371 1894 legorice
2419 1823 2597 1895 (quod
2628 1839 2736 1878 nos
2766 1839 3000 1895 quoque
3031 1823 3300 1891 fatemur,
3334 1827 3391 1878 et
3424 1822 3637 1879 Paulus
3669 1822 3775 1877 do-

2128 1915 2238 1985 cet)
2271 1911 2611 1984 accipienda
2640 1912 2736 1983 sit,
2770 1929 2884 1967 non
2934 1929 3037 1985 pro
3085 1911 3383 1968 voluntate
3416 1912 3685 1989 legentis,
3720 1916 3777 1968 et

2128 2019 2230 2074 pro
2261 2001 2574 2057 scribentis
2605 2001 2949 2057 auctoritate
3000 2001 3082 2057 sic
3133 2002 3368 2057 condita
3422 2001 3548 2057 sit:
3608 2006 3665 2056 et
3708 2017 3775 2056 eo

2127 2091 2274 2163 ipso,
2321 2092 2476 2163 quod
2524 2096 2724 2147 contra
2770 2108 2878 2165 nos
2935 2107 3165 2147 servare
3212 2091 3321 2146 visi
3370 2095 3530 2156 sunt,
3577 2095 3778 2146 conte—

2130 2185 2333 2236 rantur
2366 2199 2378 2236 :
2429 2181 2583 2253 quod
2633 2180 2860 2252 Moyses
2905 2180 3183 2236 creatoris
3214 2179 3317 2235 Dei
3347 2196 3570 2247 servus,
3602 2179 3779 2253 spiri-

2127 2270 2310 2325 tualia
2340 2268 2645 2342 scripserit
2673 2270 2714 2337 ³,
2766 2268 3040 2341 Apostolo
3089 2285 3321 2341 quoque
3373 2285 3574 2325 eorum
3625 2268 3777 2341 idip-

2130 2377 2261 2416 sum
2295 2360 2558 2429 docente,
2591 2375 2765 2431 quem
2818 2358 2931 2431 ipsi
2981 2357 3224 2415 alterius
3272 2358 3505 2427 Christi,
3538 2361 3694 2414 474
3724 2362 3783 2414 et

2131 2448 2389 2506 melioris
2421 2448 2518 2503 Dei
2552 2453 2825 2504 asserunt
2853 2447 3318 2520 prmdicatorem.

2201 2538 2388 2611 (Vers.
2419 2540 2535 2606 27.)
2584 2560 2612 2587 «
2645 2538 2935 2610 Scriptum
2981 2542 3070 2594 est
3109 2538 3265 2594 enim
3295 2535 3339 2593 τ’
3362 2538 3577 2605 laetare,
3611 2537 3778 2593 steri-

2130 2628 2223 2692 lis,
2257 2644 2382 2699 quae
2433 2643 2549 2682 non
2599 2626 2801 2698 paris:
2860 2642 3100 2698 erumpe
3148 2631 3206 2682 et
3256 2625 3465 2691 clama,
3501 2643 3632 2699 quae
3664 2643 3779 2682 non

2132 2716 2434 2790 parturis:
2493 2715 2631 2787 quia
2683 2714 2851 2770 multi
2906 2715 3011 2770 ﬁlii
3065 2716 3305 2772 desertze
3359 2715 3547 2789 magis
3599 2731 3779 2787 quam

2133 2808 2262 2879 ejus
2293 2823 2419 2878 quae
2450 2805 2627 2861 habet
2663 2804 2872 2860 virum.
2909 2827 2936 2854 »
2989 2805 3116 2877 (Isa.
3151 2823 3263 2871 LIV,
3299 2806 3370 2877 1).
3420 2805 3625 2863 Virum
3675 2805 3782 2860 ha-

2136 2896 2263 2952 buit
2292 2911 2583 2968 synagoga
2614 2894 2801 2966 legem
2835 2908 2850 2950 :
2893 2898 2949 2949 et
2971 2894 3141 2966 juxta
3171 2897 3348 2950 Annae
3379 2911 3611 2968 quoque
3643 2910 3784 2966 pro-

2137 2984 2420 3057 phetiam,
2456 2984 2641 3039 fetosa
2670 2983 2967 3055 quondam
3016 2983 3076 3038 in
3129 2982 3330 3039 liberis
3362 2983 3471 3038 fuit
3497 2984 3546 3056 (I
3578 2984 3706 3052 Reg.
3739 3000 3781 3053 ι,

2136 3075 2248 3144 20).
2282 3072 2510 3129 Sterilis
2552 3089 2684 3127 vero
2718 3071 2996 3139 Ecclesia,
3030 3072 3155 3128 sine
3201 3073 3322 3128 viro
3370 3072 3624 3140 Christo,
3659 3074 3788 3128 sine

2141 3162 2257 3218 ullo
2279 3161 2479 3234 sponsi
2507 3160 2796 3217 sermonis
2818 3159 3095 3233 alloquio,
3115 3161 3215 3217 diu
3232 3161 3425 3233 jacuit
3447 3161 3508 3217 in
3532 3161 3785 3218 deserto.

2142 3251 2252 3307 Sed
2282 3255 2591 3323 postquam
2614 3249 2837 3322 accepit
2864 3249 2965 3306 illa
2989 3249 3202 3307 librum
3232 3249 3457 3324 repudii
3489 3251 3548 3306 in
3577 3267 3790 3307 manus

2146 3358 2303 3407 suas,
2327 3345 2385 3396 et
2414 3339 2613 3395 omnia
2642 3344 2989 3395 ornamenta
3016 3340 3123 3394 viri
3154 3340 3212 3395 in
3246 3339 3387 3396 idoli
3417 3340 3591 3396 vertit
3621 3357 3792 3396 orna-

2149 3434 2411 3485 mentum
2437 3445 2448 3484 :
2478 3433 2617 3483 tunc
2640 3427 2906 3493 maritus,
2930 3427 3119 3500 priore
3145 3429 3380 3500 cingulo
3402 3433 3791 3501 putrescente,

2148 3519 2329 3574 alium
2378 3516 2598 3572 lumbis
2649 3516 2772 3572 suis
2818 3515 3144 3580 baltheum.
3190 3516 3349 3573 aliud
3397 3517 3469 3573 de
3519 3517 3794 3590 gentibus

2149 3608 2417 3664 lumbare
2479 3605 2778 3662 contexuit
2824 3605 3044 3677 (Jerem.
3100 3623 3202 3661 xm
3252 3607 3358 3678 7):
3415 3622 3543 3678 quae
3591 3604 3793 3661 statim

2151 3703 2216 3754 ut
2243 3702 2333 3753 est
2368 3697 2491 3752 viro
2530 3698 2759 3768 juncta,
2793 3694 3057 3768 concepit
3087 3701 3143 3751 et
3170 3696 3411 3769 peperit.
3443 3696 3514 3751 Et
3540 3694 3601 3751 in
3633 3699 3796 3751 Isaac

2152 3787 2439 3844 exclamat
2490 3785 2775 3841 Dominus
2833 3801 2936 3857 per
2991 3784 3383 3858 prophetam:
3436 3785 3497 3841 Si
3543 3788 3622 3841 est
3664 3800 3799 3856 gens

2152 3881 2292 3933 nata
2320 3877 2489 3932 simul
2533 3876 2660 3948 (Isa.
2691 3892 2804 3946 XLI,
2840 3875 2893 3946 4)
2927 3890 2940 3929 :
2991 3874 3225 3948 quando
3277 3892 3393 3931 una
3432 3874 3523 3931 die
3553 3874 3613 3929 in
3643 3871 3798 3929 Acti-

2153 3969 2267 4023 bus
2297 3964 2696 4038 apostolorum
2744 3964 2857 4019 tria
2888 3964 3075 4019 millia
3104 3967 3161 4020 et
3191 3963 3452 4037 quinque
3484 3962 3667 4018 millia
3695 3962 3800 4017 hc-

2156 4056 2384 4112 minum
2442 4054 2816 4109 crediderunt
2871 4052 3013 4123 (Act.
3072 4069 3143 4121 II,
3194 4054 3299 4120 42;
3351 4052 3424 4123 4).
3487 4052 3602 4107 Nec
3659 4055 3800 4125 puto

2161 4160 2392 4200 necesse
2422 4158 2570 4206 esse,
2603 4146 2670 4196 ut
2712 4141 2784 4196 de
2823 4139 3197 4196 multitudine
3229 4139 3613 4203 Chriastiana.
3645 4145 3701 4196 et
3731 4140 3804 4196 de

2155 4234 2489 4290 Judaeorum
2525 4229 2814 4303 paucitate
2845 4229 3132 4296 dicamus,
3165 4246 3300 4285 cum
3336 4229 3394 4284 in
3426 4234 3549 4284 toto
3580 4228 3803 4284 mundo

2157 4324 2348 4379 crucis
2393 4320 2601 4378 vexilla
2653 4318 3110 4392 resplendeant:
3165 4323 3221 4374 et
3272 4318 3364 4375 vix
3412 4334 3580 4373 rarus
3629 4322 3806 4389 atque

2158 4411 2436 4470 notabilis
2467 4412 2526 4466 in
2557 4410 2806 4465 urbibus
2832 4409 3075 4466 Judasus
3113 4413 3411 4483 appareat.

2233 4502 2415 4574 (Vers.
2447 4500 2563 4572 28.)
2596 4523 2623 4549 ‹‹
2647 4503 2764 4555 Nos
2794 4505 3010 4571 autem,
3038 4499 3268 4568 fratres,
3296 4499 3621 4556 secundum
3648 4498 3809 4554 Isaac

2160 4590 2573 4665 promissionis
2618 4588 2718 4645 ﬁlii
2770 4606 2999 4646 sumus.
3036 4611 3064 4639 »
3114 4589 3461 4663 Apostolum
3494 4593 3554 4645 et
3582 4585 3809 4645 similes

405 4684 677 4755 princeps,
705 4676 1144 4754 interpretatur,
1167 4697 1380 4754 genere
1411 4680 1713 4737 feminino.
1742 4682 1810 4736 Et
1840 4681 1948 4739 hoc
1978 4683 2051 4739 ob
2081 4689 2127 4755 D
2158 4683 2208 4739 ei
2242 4681 2565 4739 secundum
2600 4680 2760 4735 Isaac
2799 4678 3211 4751 promissionis
3258 4696 3387 4736 esse
3442 4678 3613 4746 ﬁlios,
3647 4676 3812 4734 nulla

338 4818 346 4824 .
405 4771 570 4828 illam
599 4770 1008 4827 necessitatem
1053 4786 1115 4827 se
1162 4775 1435 4827 asserunt
1463 4770 1568 4837 (Al.
1604 4775 1849 4839 asserat)
1882 4789 2051 4828 usur-

408 4878 546 4934 pare
580 4879 593 4917 :
646 4860 784 4933 quia
818 4860 1089 4933 iniquum
1139 4861 1217 4917 sit
1267 4860 1526 4934 Moysen,
1559 4863 1617 4915 et
1646 4865 1890 4917 cunctos
1920 4878 2052 4933 pro-

409 4951 618 5024 phetas
665 4951 737 5007 de
787 4949 1019 5020 ancilla,
1052 4950 1345 5022 quoslibet
1382 4966 1515 5006 vero
1544 4950 1852 5024 gentilium
1884 4951 1954 5006 de
1983 4950 2053 5007 li-

408 5039 548 5096 bera
584 5038 910 5114 intelligere
952 5044 1304 5113 procreatos.
1339 5038 1501 5095 Unde
1549 5039 1762 5096 melius
1810 5056 1958 5108 esse,
1992 5034 2075 5096 ut.

418 5216 423 5221 '
484 5204 501 5237 ¹
536 5201 628 5258 Sic
660 5218 893 5277 nempe,
933 5204 1088 5277 quod
1137 5203 1508 5277 Martianaaus
1556 5202 2058 5277 notat,_interpre-

407 5278 576 5349 tatus
611 5281 702 5331 est
740 5269 903 5332 Philo
939 5269 1297 5349 :j’Aopaa‘qa,»
1322 5274 1502 5349 πατὴρ
1552 5269 1805 5349 saliente:
1851 5269 2054 5349 ήχόὖς,

410 5346 713 5420 Abraham,
740 5358 903 5420 pater
935 5345 1137 5404 electus
1176 5347 1298 5402 soni
1318 5363 1339 5408 ,·
1385 5346 1527 5401 satis
1556 5345 1856 5410 violenter,
1889 5345 2057 5420 quasi

346 5462 351 5465 .
410 5419 600 5475 tribus
632 5419 791 5476 hisce
820 5421 1012 5477 verbis
1051 5421 1365 5484 constaret,
1397 5429 1501 5481 3s,
1534 5426 1711 5487 pater,
1744 5429 1881 5488 ann,
1913 5419 2055 5474 elec-

368 5496 516 5563 tus,
573 5503 734 5558 nun,
792 5494 1020 5548 sonitus.
1071 5491 1203 5547 Jam
1257 5506 1361 5546 nec
1416 5489 1651 5563 probari
1702 5489 2054 5563 llieronynio

411 5560 617 5634 liquet,
652 5564 749 5634 qui
782 5579 913 5619 cum
948 5580 1054 5618 suo
1087 5579 1263 5618 sensu
1304 5560 1515 5617 nomen
1562 5561 1730 5634 istud,
1753 5560 2053 5634 exposuit,

408 5633 627 5707 optime
658 5633 924 5691 Omnium
971 5651 1039 5690 ex
1081 5635 1208 5703 ipso
1239 5634 1388 5691 sacri
1419 5638 1609 5688 textus
1641 5633 1877 5701 indicio,
1910 5634 2051 5690 Gen.

406 5706 545 5776 xvu,
574 5708 630 5774 5,
663 5706 1223 5779 interpretatusest,
1253 5711 1473 5779 patrem
1512 5707 1894 5779 multitudinis
1921 5723 2052 5779 gen-

406 5781 572 5855 tium,
594 5795 665 5836 ex
691 5776 951 5838 Hebraeis
981 5776 1369 5849 vocibusﬁu,
1396 5780 1577 5852 pater.
1609 5789 1705 5850 ιη,
1736 5776 2052 5853 multitudo,

2163 4768 2558 4840 intelligentiae
2580 4766 2898 4823 difficultas
2919 4772 3026 4824 est.
3042 4768 3153 4824 Sed
3175 4768 3625 4843 quiaOrigenes,
3654 4767 3810 4823 hunc

2162 4860 2358 4916 locum
2390 4857 2742 4921 edisserens,
2774 4856 2856 4913 ita
2888 4857 3148 4929 Apostoli
3199 4858 3395 4931 posuit
3423 4857 3756 4931 exemplum
3791 4872 3806 4914 :

2171 4952 2266 5007 Vos
2321 4955 2525 5016 autem,
2581 4949 2801 5017 fratres,
2859 4947 3159 5003 secundum
3216 4951 3376 5005 Isaac
3427 4947 3812 5022 promissionis

2166 5040 2275 5110 ﬁlii
2300 5039 2452 5105 estis,
2484 5037 2768 5110 quaeritur
2816 5038 3109 5109 quomodo
3158 5037 3418 5105 Galatas,
3462 5054 3607 5111 quos
3661 5033 3810 5091 stul-

2166 5162 2227 5239 et
2254 5193 2365 5251 Dn,
2399 5179 2554 5253 quod
2586 5178 2740 5235 idem
2771 5184 2861 5236 est
2904 5184 3080 5254 atque
3107 5190 3268 5267 Tum,
3301 5185 3358 5236 et
3406 5181 3610 5243 turbas,
3640 5193 3811 5249 popu-

2166 5274 2264 5339 los,
2298 5272 2498 5340 gentes,
2532 5268 2709 5343 idque
2738 5286 2923 5342 genus
2952 5269 3210 5343 ingentis
3239 5268 3488 5333 numeri,
3523 5271 3713 5343 sonat.

2236 5337 2258 5377 ²
2289 5337 2480 5397 Minus
2529 5337 2885 5397 cohaerenter
2932 5337 3124 5410 antea,
3155 5344 3501 5412 inﬁrmaque,
3534 5355 3642 5412 pro
3677 5337 3807 5412 inﬁ-

2164 5431 2273 5481 mo,
2308 5414 2461 5487 quod
2497 5414 2811 5487 prazl'erunt
2852 5430 2995 5470 mss.
3035 5409 3118 5469 In?
3149 5409 3265 5469 uno
3298 5409 3503 5487 autem
3536 5409 3811 5487 “Palatino

2167 5482 2449 5559 sejun‘ctis
2479 5482 2669 5540 verbis
2702 5486 2851 5540 bono
2881 5502 3043 5556 aeque
3088 5501 3262 5541 sensu
3294 5483 3525 5552 legitur,
3560 5483 3620 5537 in
3648 5482 3812 5553 ﬁmo-

2165 5576 2519 5685 qu‘fScilicet
2571 5624 2740 5695 libro,
2774 5627 2875 5699 qui
2924 5629 3203 5699 Apostolus
3251 5624 3811 5699 inscribitunjuxta

2163 5699 2484 5775 Marcionis
2539 5697 3206 5775 {escensionem—Recole
3271 5697 3542 5775 superius
3592 5697 3809 5758 Psalm.

2161 5790 2335 5833 xxxxv
2383 5770 2506 5848 (col.
2538 5770 2684 5842 983).

3257 1205 3399 1255 tunc
3459 1204 3517 1255 et
3572 1198 3769 1271 ipsum
3874 1242 3881 1249 .
