  <div class='ocr_page' id='page_1' title='image "/cluster/home/n/w/nwhite01/storage/ocr_20150623/26/umn.31951002477320a/214.png"; bbox 0 0 4332 6594; ppageno 0'>
   <div class='ocr_carea' id='block_1_1' title="bbox 339 506 448 566">
    <p class='ocr_par' dir='ltr' id='par_1_1' title="bbox 339 506 448 566">
     <span class='ocr_line' id='line_1_1' title="bbox 339 506 448 566; baseline 0.018 -2"><span class='ocrx_word' id='word_1_1' title='bbox 339 506 448 566; x_wconf 71' lang='grc'><strong><em>421</em></strong></span> 
     </span>
    </p>
   </div>
   <div class='ocr_carea' id='block_1_2' title="bbox 1013 502 3072 581">
    <p class='ocr_par' dir='ltr' id='par_1_2' title="bbox 1013 502 3072 581">
     <span class='ocr_line' id='line_1_2' title="bbox 1013 502 3072 581; baseline 0.007 -15"><span class='ocrx_word' id='word_1_2' title='bbox 1013 502 1529 568; x_wconf 83' lang='lat' dir='ltr'><strong><em>COMMENTAR.</em></strong></span> <span class='ocrx_word' id='word_1_3' title='bbox 1577 510 1652 569; x_wconf 87' lang='lat' dir='ltr'><strong><em>IN</em></strong></span> <span class='ocrx_word' id='word_1_4' title='bbox 1703 508 1951 571; x_wconf 85' lang='lat' dir='ltr'><strong><em>EPIST.</em></strong></span> <span class='ocrx_word' id='word_1_5' title='bbox 2000 508 2103 571; x_wconf 89' lang='lat' dir='ltr'><strong><em>AD</em></strong></span> <span class='ocrx_word' id='word_1_6' title='bbox 2149 512 2431 574; x_wconf 82' lang='lat' dir='ltr'><strong><em>GALA&#39;I‘.</em></strong></span> <span class='ocrx_word' id='word_1_7' title='bbox 2478 516 2629 575; x_wconf 86' lang='lat' dir='ltr'><strong><em>LIB.</em></strong></span> <span class='ocrx_word' id='word_1_8' title='bbox 2677 517 2730 577; x_wconf 89' lang='lat' dir='ltr'><strong>II</strong></span> <span class='ocrx_word' id='word_1_9' title='bbox 2774 519 2946 579; x_wconf 84' lang='lat' dir='ltr'><strong><em>CAP.</em></strong></span> <span class='ocrx_word' id='word_1_10' title='bbox 2997 521 3072 581; x_wconf 87' lang='lat' dir='ltr'><strong><em>V.</em></strong></span> 
     </span>
    </p>
   </div>
   <div class='ocr_carea' id='block_1_3' title="bbox 3628 528 3748 588">
    <p class='ocr_par' dir='ltr' id='par_1_3' title="bbox 3628 528 3748 588">
     <span class='ocr_line' id='line_1_3' title="bbox 3628 528 3748 588; baseline 0.017 -2"><span class='ocrx_word' id='word_1_11' title='bbox 3628 528 3748 588; x_wconf 76' lang='grc'><strong><em>422</em></strong></span> 
     </span>
    </p>
   </div>
   <div class='ocr_carea' id='block_1_4' title="bbox 336 618 3745 721">
    <p class='ocr_par' dir='ltr' id='par_1_4' title="bbox 336 618 3745 721">
     <span class='ocr_line' id='line_1_4' title="bbox 336 618 3745 721; baseline 0.006 -28"><span class='ocrx_word' id='word_1_12' title='bbox 336 648 503 721; x_wconf 84' lang='lat' dir='ltr'><strong><em>grave</em></strong></span> <span class='ocrx_word' id='word_1_13' title='bbox 528 618 695 711; x_wconf 80' lang='lat' dir='ltr'><strong><em>super</em></strong></span> <span class='ocrx_word' id='word_1_14' title='bbox 728 638 928 696; x_wconf 87' lang='lat' dir='ltr'><strong><em>collum</em></strong></span> <span class='ocrx_word' id='word_1_15' title='bbox 962 642 1222 711; x_wconf 77' lang='lat' dir='ltr'><strong><em>fratrum,</em></strong></span> <span class='ocrx_word' id='word_1_16' title='bbox 1244 639 1397 712; x_wconf 70' lang='lat' dir='ltr'><strong><em>‘quod</em></strong></span> <span class='ocrx_word' id='word_1_17' title='bbox 1443 656 1619 714; x_wconf 85' lang='lat' dir='ltr'><strong><em>neque</em></strong></span> <span class='ocrx_word' id='word_1_18' title='bbox 1664 658 1779 709; x_wconf 87' lang='lat' dir='ltr'><strong><em>nos,</em></strong></span> <span class='ocrx_word' id='word_1_19' title='bbox 1811 658 1984 715; x_wconf 87' lang='lat' dir='ltr'><strong><em>neque</em></strong></span> <span class='ocrx_word' id='word_1_20' title='bbox 2012 643 2068 710; x_wconf 82' lang='grc' dir='ltr'>Α</span> <span class='ocrx_word' id='word_1_21' title='bbox 2090 643 2245 716; x_wconf 86' lang='lat' dir='ltr'><strong><em>plius</em></strong></span> <span class='ocrx_word' id='word_1_22' title='bbox 2271 646 2455 702; x_wconf 63' lang='lat' dir='ltr'><strong><em>Judwo</em></strong></span> <span class='ocrx_word' id='word_1_23' title='bbox 2486 656 2622 704; x_wconf 90' lang='lat' dir='ltr'><strong><em>:aut</em></strong></span> <span class='ocrx_word' id='word_1_24' title='bbox 2666 664 2792 720; x_wconf 67' lang='lat' dir='ltr'><strong><em>quae</em></strong></span> <span class='ocrx_word' id='word_1_25' title='bbox 2838 651 3053 709; x_wconf 87' lang='lat' dir='ltr'><strong><em>utilitas</em></strong></span> <span class='ocrx_word' id='word_1_26' title='bbox 3082 654 3558 713; x_wconf 79' lang='lat' dir='ltr'><strong><em>aircumcisionis?</em></strong></span> <span class='ocrx_word' id='word_1_27' title='bbox 3609 657 3745 716; x_wconf 82' lang='lat' dir='ltr'><strong><em>Mul-</em></strong></span> 
     </span>
    </p>
   </div>
   <div class='ocr_carea' id='block_1_5' title="bbox 336 730 3748 819">
    <p class='ocr_par' dir='ltr' id='par_1_5' title="bbox 336 730 3748 819">
     <span class='ocr_line' id='line_1_5' title="bbox 336 730 3748 819; baseline 0.006 -35"><span class='ocrx_word' id='word_1_28' title='bbox 336 732 526 811; x_wconf 83' lang='lat' dir='ltr'><strong><em>patres</em></strong></span> <span class='ocrx_word' id='word_1_29' title='bbox 556 730 748 799; x_wconf 77' lang='lat' dir='ltr'><strong><em>nostri,</em></strong></span> <span class='ocrx_word' id='word_1_30' title='bbox 773 734 998 819; x_wconf 84' lang='lat' dir='ltr'><strong><em>portare</em></strong></span> <span class='ocrx_word' id='word_1_31' title='bbox 1039 733 1339 802; x_wconf 80' lang='lat' dir='ltr'><strong><em>potuerunt</em></strong></span> <span class='ocrx_word' id='word_1_32' title='bbox 1368 730 1511 802; x_wconf 82' lang='lat' dir='ltr'><strong><em>(Act.</em></strong></span> <span class='ocrx_word' id='word_1_33' title='bbox 1538 748 1630 796; x_wconf 83' lang='lat' dir='ltr'><strong><em>xv,</em></strong></span> <span class='ocrx_word' id='word_1_34' title='bbox 1664 732 1792 804; x_wconf 76' lang='lat'><strong><em>10)?</em></strong></span> <span class='ocrx_word' id='word_1_35' title='bbox 1824 732 1990 796; x_wconf 89' lang='lat' dir='ltr'><strong><em>Quod</em></strong></span> <span class='ocrx_word' id='word_1_36' title='bbox 2099 737 2216 789; x_wconf 87' lang='lat' dir='ltr'><strong><em>tum</em></strong></span> <span class='ocrx_word' id='word_1_37' title='bbox 2243 751 2342 806; x_wconf 88' lang='lat' dir='ltr'><strong><em>per</em></strong></span> <span class='ocrx_word' id='word_1_38' title='bbox 2368 751 2585 792; x_wconf 88' lang='lat' dir='ltr'><strong><em>omnem</em></strong></span> <span class='ocrx_word' id='word_1_39' title='bbox 2633 738 2875 794; x_wconf 89' lang='lat' dir='ltr'><strong><em>modum.</em></strong></span> <span class='ocrx_word' id='word_1_40' title='bbox 2906 743 3160 798; x_wconf 88' lang='lat' dir='ltr'><strong><em>Primum</em></strong></span> <span class='ocrx_word' id='word_1_41' title='bbox 3199 745 3438 816; x_wconf 81' lang='lat' dir='ltr'><strong><em>quidem,</em></strong></span> <span class='ocrx_word' id='word_1_42' title='bbox 3472 748 3602 819; x_wconf 84' lang='lat' dir='ltr'><strong><em>quia</em></strong></span> <span class='ocrx_word' id='word_1_43' title='bbox 3631 732 3748 805; x_wconf 83' lang='lat' dir='ltr'><strong><em>cre-</em></strong></span> 
     </span>
    </p>
   </div>
   <div class='ocr_carea' id='block_1_6' title="bbox 344 818 1991 894">
    <p class='ocr_par' dir='ltr' id='par_1_6' title="bbox 344 818 1991 894">
     <span class='ocr_line' id='line_1_6' title="bbox 344 818 1991 894; baseline 0.002 -21"><span class='ocrx_word' id='word_1_44' title='bbox 344 822 542 875; x_wconf 89' lang='lat' dir='ltr'><strong><em>autem</em></strong></span> <span class='ocrx_word' id='word_1_45' title='bbox 565 818 838 890; x_wconf 86' lang='lat' dir='ltr'><strong><em>apposuit</em></strong></span> <span class='ocrx_word' id='word_1_46' title='bbox 864 818 1038 874; x_wconf 87' lang='lat' dir='ltr'><strong><em>nolite</em></strong></span> <span class='ocrx_word' id='word_1_47' title='bbox 1060 820 1282 891; x_wconf 82' lang='lat' dir='ltr'><strong><em>iterum,</em></strong></span> <span class='ocrx_word' id='word_1_48' title='bbox 1307 836 1424 875; x_wconf 91' lang='lat' dir='ltr'><strong><em>non</em></strong></span> <span class='ocrx_word' id='word_1_49' title='bbox 1448 836 1564 892; x_wconf 89' lang='lat' dir='ltr'><strong><em>quo</em></strong></span> <span class='ocrx_word' id='word_1_50' title='bbox 1597 820 1761 893; x_wconf 86' lang='lat' dir='ltr'><strong><em>prius</em></strong></span> <span class='ocrx_word' id='word_1_51' title='bbox 1787 821 1991 894; x_wconf 86' lang='lat' dir='ltr'><strong><em>Legem</em></strong></span> 
     </span>
    </p>
   </div>
   <div class='ocr_carea' id='block_1_7' title="bbox 345 896 1990 982">
    <p class='ocr_par' dir='ltr' id='par_1_7' title="bbox 345 896 1990 982">
     <span class='ocr_line' id='line_1_7' title="bbox 345 896 1990 982; baseline 0.001 -18"><span class='ocrx_word' id='word_1_52' title='bbox 345 896 558 964; x_wconf 68' lang='lat' dir='ltr'><strong><em>Galatas</em></strong></span> <span class='ocrx_word' id='word_1_53' title='bbox 589 906 1006 977; x_wconf 86' lang='lat' dir='ltr'><strong><em>custodierint;</em></strong></span> <span class='ocrx_word' id='word_1_54' title='bbox 1040 909 1140 965; x_wconf 83' lang='lat' dir='ltr'><strong><em>sed</em></strong></span> <span class='ocrx_word' id='word_1_55' title='bbox 1169 924 1284 981; x_wconf 93' lang='lat' dir='ltr'><strong><em>quo</em></strong></span> <span class='ocrx_word' id='word_1_56' title='bbox 1313 913 1371 964; x_wconf 90' lang='lat' dir='ltr'><strong><em>et</em></strong></span> <span class='ocrx_word' id='word_1_57' title='bbox 1412 909 1755 966; x_wconf 65' lang='lat' dir='ltr'><strong><em>idololatria</em></strong></span> <span class='ocrx_word' id='word_1_58' title='bbox 1777 911 1990 982; x_wconf 89' lang='lat' dir='ltr'><strong><em>jugum</em></strong></span> 
     </span>
    </p>
   </div>
   <div class='ocr_carea' id='block_1_8' title="bbox 346 996 1994 1071">
    <p class='ocr_par' dir='ltr' id='par_1_8' title="bbox 346 996 1994 1071">
     <span class='ocr_line' id='line_1_8' title="bbox 346 996 1994 1071; baseline 0.001 -19"><span class='ocrx_word' id='word_1_59' title='bbox 346 1013 535 1070; x_wconf 90' lang='lat' dir='ltr'><strong><em>grave,</em></strong></span> <span class='ocrx_word' id='word_1_60' title='bbox 564 996 660 1064; x_wconf 91' lang='lat' dir='ltr'><strong><em>sit,</em></strong></span> <span class='ocrx_word' id='word_1_61' title='bbox 688 1011 805 1070; x_wconf 83' lang='lat' dir='ltr'><strong><em>quo</em></strong></span> <span class='ocrx_word' id='word_1_62' title='bbox 832 996 1237 1071; x_wconf 70' lang='lat' dir='ltr'><strong><em>Egyptiorum</em></strong></span> <span class='ocrx_word' id='word_1_63' title='bbox 1269 996 1525 1070; x_wconf 91' lang='lat' dir='ltr'><strong><em>populus</em></strong></span> <span class='ocrx_word' id='word_1_64' title='bbox 1555 1014 1896 1070; x_wconf 89' lang='lat' dir='ltr'><strong><em>oppressus,</em></strong></span> <span class='ocrx_word' id='word_1_65' title='bbox 1921 998 1994 1054; x_wconf 89' lang='lat' dir='ltr'><strong><em>ad</em></strong></span> 
     </span>
    </p>
   </div>
   <div class='ocr_carea' id='block_1_9' title="bbox 344 1084 1992 1160">
    <p class='ocr_par' dir='ltr' id='par_1_9' title="bbox 344 1084 1992 1160">
     <span class='ocr_line' id='line_1_9' title="bbox 344 1084 1992 1160; baseline 0 -18"><span class='ocrx_word' id='word_1_66' title='bbox 344 1086 530 1143; x_wconf 90' lang='lat' dir='ltr'><strong><em>instar</em></strong></span> <span class='ocrx_word' id='word_1_67' title='bbox 557 1084 779 1158; x_wconf 86' lang='lat' dir='ltr'><strong><em>plumbi</em></strong></span> <span class='ocrx_word' id='word_1_68' title='bbox 812 1085 873 1142; x_wconf 93' lang='lat' dir='ltr'><strong><em>in</em></strong></span> <span class='ocrx_word' id='word_1_69' title='bbox 905 1087 1172 1143; x_wconf 84' lang='lat' dir='ltr'><strong><em>Rubrum</em></strong></span> <span class='ocrx_word' id='word_1_70' title='bbox 1212 1103 1374 1143; x_wconf 90' lang='lat' dir='ltr'><strong><em>mare</em></strong></span> <span class='ocrx_word' id='word_1_71' title='bbox 1422 1103 1655 1144; x_wconf 89' lang='lat' dir='ltr'><strong><em>mersus</em></strong></span> <span class='ocrx_word' id='word_1_72' title='bbox 1682 1093 1772 1144; x_wconf 89' lang='lat' dir='ltr'><strong><em>est</em></strong></span> <span class='ocrx_word' id='word_1_73' title='bbox 1799 1086 1992 1160; x_wconf 73' lang='lat' dir='ltr'><strong><em>(Exod.</em></strong></span> 
     </span>
    </p>
   </div>
   <div class='ocr_carea' id='block_1_10' title="bbox 344 1174 1996 1249">
    <p class='ocr_par' dir='ltr' id='par_1_10' title="bbox 344 1174 1996 1249">
     <span class='ocr_line' id='line_1_10' title="bbox 344 1174 1996 1249; baseline 0.001 -19"><span class='ocrx_word' id='word_1_74' title='bbox 344 1191 437 1243; x_wconf 83' lang='lat' dir='ltr'><strong><em>xv,</em></strong></span> <span class='ocrx_word' id='word_1_75' title='bbox 469 1174 581 1244; x_wconf 91' lang='grc'><strong><em>10.)</em></strong></span> <span class='ocrx_word' id='word_1_76' title='bbox 607 1174 784 1231; x_wconf 81' lang='lat' dir='ltr'><strong><em>Juxta</em></strong></span> <span class='ocrx_word' id='word_1_77' title='bbox 815 1191 993 1248; x_wconf 87' lang='lat' dir='ltr'>quem</span> <span class='ocrx_word' id='word_1_78' title='bbox 1025 1188 1267 1232; x_wconf 83' lang='lat' dir='ltr'><strong><em>sensum</em></strong></span> <span class='ocrx_word' id='word_1_79' title='bbox 1289 1180 1347 1232; x_wconf 90' lang='lat' dir='ltr'><strong><em>et</em></strong></span> <span class='ocrx_word' id='word_1_80' title='bbox 1367 1193 1548 1249; x_wconf 89' lang='lat' dir='ltr'><strong><em>supra</em></strong></span> <span class='ocrx_word' id='word_1_81' title='bbox 1578 1176 1800 1242; x_wconf 84' lang='lat' dir='ltr'><strong><em>dixerat</em></strong></span> <span class='ocrx_word' id='word_1_82' title='bbox 1823 1176 1996 1245; x_wconf 78' lang='lat' dir='ltr'><strong><em>:Quo-</em></strong></span> 
     </span>
    </p>
   </div>
   <div class='ocr_carea' id='block_1_11' title="bbox 346 1256 2000 1343">
    <p class='ocr_par' dir='ltr' id='par_1_11' title="bbox 346 1256 2000 1343">
     <span class='ocr_line' id='line_1_11' title="bbox 346 1256 2000 1343; baseline 0.001 -24"><span class='ocrx_word' id='word_1_83' title='bbox 346 1263 499 1320; x_wconf 84' lang='lat' dir='ltr'><strong><em>modo</em></strong></span> <span class='ocrx_word' id='word_1_84' title='bbox 536 1256 926 1321; x_wconf 67' lang='lat' dir='ltr'><strong><em>convertimini</em></strong></span> <span class='ocrx_word' id='word_1_85' title='bbox 971 1266 1172 1343; x_wconf 74' lang='lat' dir='ltr'><strong><em>iterum</em></strong></span> <span class='ocrx_word' id='word_1_86' title='bbox 1200 1263 1270 1321; x_wconf 87' lang='lat' dir='ltr'><strong><em>ad</em></strong></span> <span class='ocrx_word' id='word_1_87' title='bbox 1299 1266 1544 1336; x_wconf 78' lang='lat' dir='ltr'><strong><em>inﬁrma,</em></strong></span> <span class='ocrx_word' id='word_1_88' title='bbox 1577 1276 1630 1322; x_wconf 89' lang='lat' dir='ltr'><strong><em>et</em></strong></span> <span class='ocrx_word' id='word_1_89' title='bbox 1669 1281 1847 1334; x_wconf 84' lang='lat' dir='ltr'><strong><em>egena</em></strong></span> <span class='ocrx_word' id='word_1_90' title='bbox 1895 1265 2000 1320; x_wconf 89' lang='lat' dir='ltr'><strong><em>ele-</em></strong></span> 
     </span>
    </p>
   </div>
   <div class='ocr_carea' id='block_1_12' title="bbox 343 1346 1996 1425">
    <p class='ocr_par' dir='ltr' id='par_1_12' title="bbox 343 1346 1996 1425">
     <span class='ocr_line' id='line_1_12' title="bbox 343 1346 1996 1425; baseline -0.001 -14"><span class='ocrx_word' id='word_1_91' title='bbox 343 1356 556 1417; x_wconf 87' lang='lat' dir='ltr'><strong><em>menta;</em></strong></span> <span class='ocrx_word' id='word_1_92' title='bbox 579 1346 776 1425; x_wconf 87' lang='lat' dir='ltr'><strong><em>quibus</em></strong></span> <span class='ocrx_word' id='word_1_93' title='bbox 803 1370 1028 1410; x_wconf 82' lang='lat' dir='ltr'><strong><em>rursum</em></strong></span> <span class='ocrx_word' id='word_1_94' title='bbox 1046 1356 1260 1411; x_wconf 76' lang='lat' dir='ltr'><strong><em>servire</em></strong></span> <span class='ocrx_word' id='word_1_95' title='bbox 1282 1355 1469 1422; x_wconf 87' lang='lat' dir='ltr'><strong><em>vultis,</em></strong></span> <span class='ocrx_word' id='word_1_96' title='bbox 1496 1354 1612 1411; x_wconf 89' lang='lat' dir='ltr'><strong><em>dies</em></strong></span> <span class='ocrx_word' id='word_1_97' title='bbox 1633 1355 1996 1422; x_wconf 79' lang='lat' dir='ltr'><strong><em>observantes,</em></strong></span> 
     </span>
    </p>
   </div>
   <div class='ocr_carea' id='block_1_13' title="bbox 343 1433 2002 1517">
    <p class='ocr_par' dir='ltr' id='par_1_13' title="bbox 343 1433 2002 1517">
     <span class='ocr_line' id='line_1_13' title="bbox 343 1433 2002 1517; baseline -0.001 -17"><span class='ocrx_word' id='word_1_98' title='bbox 343 1433 397 1500; x_wconf 86' lang='lat' dir='ltr'><strong><em>et</em></strong></span> <span class='ocrx_word' id='word_1_99' title='bbox 442 1459 677 1513; x_wconf 85' lang='lat' dir='ltr'><strong><em>menses,</em></strong></span> <span class='ocrx_word' id='word_1_100' title='bbox 726 1446 778 1501; x_wconf 86' lang='lat' dir='ltr'><strong><em>et</em></strong></span> <span class='ocrx_word' id='word_1_101' title='bbox 825 1452 1089 1517; x_wconf 87' lang='lat' dir='ltr'><strong><em>tempora,</em></strong></span> <span class='ocrx_word' id='word_1_102' title='bbox 1136 1452 1188 1500; x_wconf 89' lang='lat' dir='ltr'><strong><em>et</em></strong></span> <span class='ocrx_word' id='word_1_103' title='bbox 1235 1438 1410 1501; x_wconf 87' lang='lat' dir='ltr'><strong><em>annos</em></strong></span> <span class='ocrx_word' id='word_1_104' title='bbox 1438 1443 1640 1516; x_wconf 84' lang='lat' dir='ltr'><strong><em>(Colat.</em></strong></span> <span class='ocrx_word' id='word_1_105' title='bbox 1684 1461 1758 1510; x_wconf 83' lang='grc' dir='ltr'><strong><em>ιν,</em></strong></span> <span class='ocrx_word' id='word_1_106' title='bbox 1787 1445 1842 1513; x_wconf 83' lang='grc'><strong><em>9,</em></strong></span> <span class='ocrx_word' id='word_1_107' title='bbox 1878 1442 2002 1515; x_wconf 80' lang='lat'><strong><em>10)?</em></strong></span> 
     </span>
    </p>
   </div>
   <div class='ocr_carea' id='block_1_14' title="bbox 345 1526 2000 1606">
    <p class='ocr_par' dir='ltr' id='par_1_14' title="bbox 345 1526 2000 1606">
     <span class='ocr_line' id='line_1_14' title="bbox 345 1526 2000 1606; baseline 0 -18"><span class='ocrx_word' id='word_1_108' title='bbox 345 1531 559 1589; x_wconf 71' lang='lat' dir='ltr'><strong><em>Galatia</em></strong></span> <span class='ocrx_word' id='word_1_109' title='bbox 590 1526 747 1590; x_wconf 85' lang='lat' dir='ltr'><strong><em>enim</em></strong></span> <span class='ocrx_word' id='word_1_110' title='bbox 779 1533 879 1606; x_wconf 87' lang='lat' dir='ltr'><strong><em>qui</em></strong></span> <span class='ocrx_word' id='word_1_111' title='bbox 910 1533 983 1590; x_wconf 84' lang='lat' dir='ltr'><strong><em>ad</em></strong></span> <span class='ocrx_word' id='word_1_112' title='bbox 1027 1532 1189 1591; x_wconf 83' lang='lat' dir='ltr'><strong><em>Pauli</em></strong></span> <span class='ocrx_word' id='word_1_113' title='bbox 1222 1533 1471 1606; x_wconf 82' lang='lat' dir='ltr'><strong><em>apostoli</em></strong></span> <span class='ocrx_word' id='word_1_114' title='bbox 1504 1530 2000 1606; x_wconf 78' lang='lat' dir='ltr'><strong><em>praedicationem,</em></strong></span> 
     </span>
    </p>
   </div>
   <div class='ocr_carea' id='block_1_15' title="bbox 344 1621 2005 1696">
    <p class='ocr_par' dir='ltr' id='par_1_15' title="bbox 344 1621 2005 1696">
     <span class='ocr_line' id='line_1_15' title="bbox 344 1621 2005 1696; baseline 0 -19"><span class='ocrx_word' id='word_1_115' title='bbox 344 1621 523 1679; x_wconf 82' lang='lat' dir='ltr'><strong><em>idolis</em></strong></span> <span class='ocrx_word' id='word_1_116' title='bbox 546 1621 864 1694; x_wconf 80' lang='lat' dir='ltr'><strong><em>derelictis,</em></strong></span> <span class='ocrx_word' id='word_1_117' title='bbox 886 1623 1084 1679; x_wconf 84' lang='lat' dir='ltr'><strong><em>statim</em></strong></span> <span class='ocrx_word' id='word_1_118' title='bbox 1117 1624 1190 1679; x_wconf 91' lang='lat' dir='ltr'><strong><em>ad</em></strong></span> <span class='ocrx_word' id='word_1_119' title='bbox 1217 1621 1510 1696; x_wconf 76' lang='lat' dir='ltr'><strong><em>Evangelii</em></strong></span> <span class='ocrx_word' id='word_1_120' title='bbox 1543 1622 2005 1679; x_wconf 82' lang='lat' dir='ltr'><strong><em>conscenderant</em></strong></span> 
     </span>
    </p>
   </div>
   <div class='ocr_carea' id='block_1_16' title="bbox 345 1698 2007 1786">
    <p class='ocr_par' dir='ltr' id='par_1_16' title="bbox 345 1698 2007 1786">
     <span class='ocr_line' id='line_1_16' title="bbox 345 1698 2007 1786; baseline 0 -20"><span class='ocrx_word' id='word_1_121' title='bbox 345 1711 618 1785; x_wconf 81' lang='lat' dir='ltr'><strong><em>gratiam,</em></strong></span> <span class='ocrx_word' id='word_1_122' title='bbox 642 1698 757 1767; x_wconf 84' lang='lat' dir='ltr'><strong><em>non</em></strong></span> <span class='ocrx_word' id='word_1_123' title='bbox 788 1713 1231 1768; x_wconf 82' lang='lat' dir='ltr'><strong><em>revertebantur</em></strong></span> <span class='ocrx_word' id='word_1_124' title='bbox 1262 1711 1333 1768; x_wconf 88' lang='lat' dir='ltr'><strong><em>ad</em></strong></span> <span class='ocrx_word' id='word_1_125' title='bbox 1366 1713 1512 1786; x_wconf 87' lang='lat' dir='ltr'><strong><em>legis</em></strong></span> <span class='ocrx_word' id='word_1_126' title='bbox 1543 1713 1801 1769; x_wconf 66' lang='lat' dir='ltr'><strong><em>Judaicas</em></strong></span> <span class='ocrx_word' id='word_1_127' title='bbox 1831 1711 2007 1769; x_wconf 83' lang='lat' dir='ltr'><strong><em>servi-</em></strong></span> 
     </span>
    </p>
   </div>
   <div class='ocr_carea' id='block_1_17' title="bbox 345 1801 2003 1875">
    <p class='ocr_par' dir='ltr' id='par_1_17' title="bbox 345 1801 2003 1875">
     <span class='ocr_line' id='line_1_17' title="bbox 345 1801 2003 1875; baseline -0.001 -19"><span class='ocrx_word' id='word_1_128' title='bbox 345 1804 556 1867; x_wconf 87' lang='lat' dir='ltr'><strong><em>tutem,</em></strong></span> <span class='ocrx_word' id='word_1_129' title='bbox 615 1816 794 1872; x_wconf 89' lang='lat' dir='ltr'><strong><em>quam</em></strong></span> <span class='ocrx_word' id='word_1_130' title='bbox 850 1818 1155 1874; x_wconf 86' lang='lat' dir='ltr'><strong><em>nunquam</em></strong></span> <span class='ocrx_word' id='word_1_131' title='bbox 1206 1802 1372 1874; x_wconf 90' lang='lat' dir='ltr'><strong><em>prius</em></strong></span> <span class='ocrx_word' id='word_1_132' title='bbox 1421 1807 1859 1875; x_wconf 85' lang='lat' dir='ltr'><strong><em>cognoverant:</em></strong></span> <span class='ocrx_word' id='word_1_133' title='bbox 1902 1801 2003 1857; x_wconf 89' lang='lat' dir='ltr'><strong><em>sed</em></strong></span> 
     </span>
    </p>
   </div>
   <div class='ocr_carea' id='block_1_18' title="bbox 345 1889 2007 1963">
    <p class='ocr_par' dir='ltr' id='par_1_18' title="bbox 345 1889 2007 1963">
     <span class='ocr_line' id='line_1_18' title="bbox 345 1889 2007 1963; baseline 0.001 -19"><span class='ocrx_word' id='word_1_134' title='bbox 345 1889 605 1946; x_wconf 91' lang='lat' dir='ltr'><strong><em>volentes</em></strong></span> <span class='ocrx_word' id='word_1_135' title='bbox 653 1889 959 1948; x_wconf 88' lang='lat' dir='ltr'><strong><em>observare</em></strong></span> <span class='ocrx_word' id='word_1_136' title='bbox 1006 1895 1292 1963; x_wconf 86' lang='lat' dir='ltr'><strong><em>tempora,</em></strong></span> <span class='ocrx_word' id='word_1_137' title='bbox 1326 1891 1665 1947; x_wconf 86' lang='lat' dir='ltr'><strong><em>circumcidi</em></strong></span> <span class='ocrx_word' id='word_1_138' title='bbox 1712 1906 1908 1962; x_wconf 88' lang='lat' dir='ltr'><strong><em>carne,</em></strong></span> <span class='ocrx_word' id='word_1_139' title='bbox 1950 1894 2007 1947; x_wconf 91' lang='lat' dir='ltr'><strong><em>et</em></strong></span> 
     </span>
    </p>
   </div>
   <div class='ocr_carea' id='block_1_19' title="bbox 347 1962 2053 2053">
    <p class='ocr_par' dir='ltr' id='par_1_19' title="bbox 347 1962 2053 2053">
     <span class='ocr_line' id='line_1_19' title="bbox 347 1962 2053 2053; baseline 0 -18"><span class='ocrx_word' id='word_1_140' title='bbox 347 1972 572 2035; x_wconf 88' lang='lat' dir='ltr'><strong><em>hostias</em></strong></span> <span class='ocrx_word' id='word_1_141' title='bbox 602 1972 809 2036; x_wconf 81' lang='lat' dir='ltr'><strong><em>oﬂ‘erre</em></strong></span> <span class='ocrx_word' id='word_1_142' title='bbox 845 1962 1174 2053; x_wconf 75' lang='lat' dir='ltr'><strong><em>corporeae,</em></strong></span> <span class='ocrx_word' id='word_1_143' title='bbox 1203 1980 1641 2053; x_wconf 89' lang='lat' dir='ltr'><strong><em>quodammodo</em></strong></span> <span class='ocrx_word' id='word_1_144' title='bbox 1673 1980 1733 2036; x_wconf 91' lang='lat' dir='ltr'><strong><em>in</em></strong></span> <span class='ocrx_word' id='word_1_145' title='bbox 1768 1981 2004 2037; x_wconf 90' lang='lat' dir='ltr'><strong><em>eosdem</em></strong></span> <span class='ocrx_word' id='word_1_146' title='bbox 2033 1962 2053 2053; x_wconf 60' lang='grc' dir='ltr'>ξ</span> 
     </span>
    </p>
   </div>
   <div class='ocr_carea' id='block_1_20' title="bbox 350 2068 2005 2142">
    <p class='ocr_par' dir='ltr' id='par_1_20' title="bbox 350 2068 2005 2142">
     <span class='ocr_line' id='line_1_20' title="bbox 350 2068 2005 2142; baseline 0.001 -19"><span class='ocrx_word' id='word_1_147' title='bbox 350 2069 790 2125; x_wconf 81' lang='lat' dir='ltr'><strong><em>revertebantur</em></strong></span> <span class='ocrx_word' id='word_1_148' title='bbox 842 2069 1061 2137; x_wconf 89' lang='lat' dir='ltr'><strong><em>cultus,</em></strong></span> <span class='ocrx_word' id='word_1_149' title='bbox 1098 2069 1315 2142; x_wconf 88' lang='lat' dir='ltr'><strong><em>quibus</em></strong></span> <span class='ocrx_word' id='word_1_150' title='bbox 1371 2069 1433 2126; x_wconf 90' lang='lat' dir='ltr'><strong><em>in</em></strong></span> <span class='ocrx_word' id='word_1_151' title='bbox 1486 2068 1818 2126; x_wconf 87' lang='lat' dir='ltr'><strong><em>idololatria</em></strong></span> <span class='ocrx_word' id='word_1_152' title='bbox 1872 2074 2005 2125; x_wconf 85' lang='lat' dir='ltr'><strong><em>ante</em></strong></span> 
     </span>
    </p>
   </div>
   <div class='ocr_carea' id='block_1_21' title="bbox 350 2152 2007 2232">
    <p class='ocr_par' dir='ltr' id='par_1_21' title="bbox 350 2152 2007 2232">
     <span class='ocr_line' id='line_1_21' title="bbox 350 2152 2007 2232; baseline 0.001 -20"><span class='ocrx_word' id='word_1_153' title='bbox 350 2156 690 2214; x_wconf 85' lang='lat' dir='ltr'><strong><em>servierant.</em></strong></span> <span class='ocrx_word' id='word_1_154' title='bbox 721 2157 902 2214; x_wconf 83' lang='lat' dir='ltr'><strong><em>Aiunt</em></strong></span> <span class='ocrx_word' id='word_1_155' title='bbox 946 2159 1132 2229; x_wconf 87' lang='lat' dir='ltr'><strong><em>enim,</em></strong></span> <span class='ocrx_word' id='word_1_156' title='bbox 1170 2164 1229 2216; x_wconf 91' lang='lat' dir='ltr'><strong><em>et</em></strong></span> <span class='ocrx_word' id='word_1_157' title='bbox 1276 2159 1507 2232; x_wconf 70' lang='lat' dir='ltr'><strong><em>Egypti</em></strong></span> <span class='ocrx_word' id='word_1_158' title='bbox 1557 2152 1914 2229; x_wconf 79' lang='lat' dir='ltr'><strong><em>sacerdOLes,</em></strong></span> <span class='ocrx_word' id='word_1_159' title='bbox 1948 2158 2007 2215; x_wconf 90' lang='lat' dir='ltr'><strong><em>et</em></strong></span> 
     </span>
    </p>
   </div>
   <div class='ocr_carea' id='block_1_22' title="bbox 352 2238 2005 2321">
    <p class='ocr_par' dir='ltr' id='par_1_22' title="bbox 352 2238 2005 2321">
     <span class='ocr_line' id='line_1_22' title="bbox 352 2238 2005 2321; baseline 0.001 -19"><span class='ocrx_word' id='word_1_160' title='bbox 352 2244 702 2317; x_wconf 85' lang='lat' dir='ltr'><strong><em>Ismaelitae,</em></strong></span> <span class='ocrx_word' id='word_1_161' title='bbox 734 2252 792 2303; x_wconf 90' lang='lat' dir='ltr'><strong><em>et</em></strong></span> <span class='ocrx_word' id='word_1_162' title='bbox 832 2238 1184 2309; x_wconf 68' lang='lat' dir='ltr'><strong><em>Madianasos</em></strong></span> <span class='ocrx_word' id='word_1_163' title='bbox 1215 2248 1571 2321; x_wconf 64' lang='lat' dir='ltr'><strong><em>praeputium</em></strong></span> <span class='ocrx_word' id='word_1_164' title='bbox 1621 2264 1735 2305; x_wconf 92' lang='lat' dir='ltr'><strong><em>non</em></strong></span> <span class='ocrx_word' id='word_1_165' title='bbox 1767 2247 2005 2304; x_wconf 89' lang='lat' dir='ltr'><strong><em>habere.</em></strong></span> 
     </span>
    </p>
   </div>
   <div class='ocr_carea' id='block_1_23' title="bbox 349 2333 2010 2409">
    <p class='ocr_par' dir='ltr' id='par_1_23' title="bbox 349 2333 2010 2409">
     <span class='ocr_line' id='line_1_23' title="bbox 349 2333 2010 2409; baseline 0.001 -19"><span class='ocrx_word' id='word_1_166' title='bbox 349 2333 513 2398; x_wconf 87' lang='lat' dir='ltr'><strong><em>Quod</em></strong></span> <span class='ocrx_word' id='word_1_167' title='bbox 546 2351 743 2391; x_wconf 75' lang='lat' dir='ltr'><strong><em>autem</em></strong></span> <span class='ocrx_word' id='word_1_168' title='bbox 794 2336 1061 2392; x_wconf 88' lang='lat' dir='ltr'><strong><em>nationes</em></strong></span> <span class='ocrx_word' id='word_1_169' title='bbox 1109 2336 1416 2393; x_wconf 80' lang='lat' dir='ltr'><strong><em>observent</em></strong></span> <span class='ocrx_word' id='word_1_170' title='bbox 1464 2337 1609 2409; x_wconf 89' lang='lat' dir='ltr'><strong><em>dies,</em></strong></span> <span class='ocrx_word' id='word_1_171' title='bbox 1661 2352 1918 2403; x_wconf 89' lang='lat' dir='ltr'><strong><em>menses,</em></strong></span> <span class='ocrx_word' id='word_1_172' title='bbox 1952 2341 2010 2392; x_wconf 90' lang='lat' dir='ltr'><strong><em>et</em></strong></span> 
     </span>
    </p>
   </div>
   <div class='ocr_carea' id='block_1_24' title="bbox 240 2423 2005 2498">
    <p class='ocr_par' dir='ltr' id='par_1_24' title="bbox 240 2423 2005 2498">
     <span class='ocr_line' id='line_1_24' title="bbox 240 2423 2005 2498; baseline 0 -18"><span class='ocrx_word' id='word_1_173' title='bbox 240 2460 245 2465; x_wconf 86' lang='lat'><em>-</em></span> <span class='ocrx_word' id='word_1_174' title='bbox 352 2440 561 2492; x_wconf 86' lang='lat' dir='ltr'><strong><em>annos,</em></strong></span> <span class='ocrx_word' id='word_1_175' title='bbox 593 2423 821 2481; x_wconf 85' lang='lat' dir='ltr'><strong><em>utinam</em></strong></span> <span class='ocrx_word' id='word_1_176' title='bbox 854 2425 1236 2493; x_wconf 87' lang='lat' dir='ltr'><strong><em>nesciremus,</em></strong></span> <span class='ocrx_word' id='word_1_177' title='bbox 1268 2440 1340 2481; x_wconf 91' lang='lat' dir='ltr'><strong><em>ne</em></strong></span> <span class='ocrx_word' id='word_1_178' title='bbox 1370 2425 1476 2497; x_wconf 83' lang='lat' dir='ltr'><strong><em>(Al.</em></strong></span> <span class='ocrx_word' id='word_1_179' title='bbox 1507 2425 1634 2498; x_wconf 90' lang='lat' dir='ltr'><strong><em>nec)</em></strong></span> <span class='ocrx_word' id='word_1_180' title='bbox 1665 2425 1836 2482; x_wconf 90' lang='lat' dir='ltr'><strong><em>nobis</em></strong></span> <span class='ocrx_word' id='word_1_181' title='bbox 1870 2440 2005 2481; x_wconf 92' lang='lat' dir='ltr'><strong><em>cum</em></strong></span> 
     </span>
    </p>
   </div>
   <div class='ocr_carea' id='block_1_25' title="bbox 351 2504 1436 2599">
    <p class='ocr_par' dir='ltr' id='par_1_25' title="bbox 351 2504 1436 2599">
     <span class='ocr_line' id='line_1_25' title="bbox 351 2504 1436 2599; baseline 0 -28"><span class='ocrx_word' id='word_1_182' title='bbox 351 2512 595 2571; x_wconf 84' lang='lat' dir='ltr'><strong><em>eisesse</em></strong></span> <span class='ocrx_word' id='word_1_183' title='bbox 625 2504 886 2599; x_wconf 84' lang='lat' dir='ltr'><strong><em>unquam</em></strong></span> <span class='ocrx_word' id='word_1_184' title='bbox 920 2514 1099 2570; x_wconf 88' lang='lat' dir='ltr'><strong><em>mista</em></strong></span> <span class='ocrx_word' id='word_1_185' title='bbox 1128 2514 1436 2571; x_wconf 87' lang='lat' dir='ltr'><strong><em>festivitas.</em></strong></span> 
     </span>
    </p>
   </div>
   <div class='ocr_carea' id='block_1_26' title="bbox 424 2602 2009 2677">
    <p class='ocr_par' dir='ltr' id='par_1_26' title="bbox 424 2602 2009 2677">
     <span class='ocr_line' id='line_1_26' title="bbox 424 2602 2009 2677; baseline 0.001 -19"><span class='ocrx_word' id='word_1_186' title='bbox 424 2602 613 2677; x_wconf 80' lang='lat' dir='ltr'><strong><em>(Vere.</em></strong></span> <span class='ocrx_word' id='word_1_187' title='bbox 642 2604 721 2675; x_wconf 89' lang='lat'><strong><em>2.)</em></strong></span> <span class='ocrx_word' id='word_1_188' title='bbox 745 2625 775 2655; x_wconf 86' lang='grc'><strong><em>‹‹</em></strong></span> <span class='ocrx_word' id='word_1_189' title='bbox 806 2607 949 2660; x_wconf 88' lang='lat' dir='ltr'><strong><em>Ecce</em></strong></span> <span class='ocrx_word' id='word_1_190' title='bbox 997 2619 1102 2677; x_wconf 91' lang='lat' dir='ltr'><strong><em>ego</em></strong></span> <span class='ocrx_word' id='word_1_191' title='bbox 1151 2602 1369 2660; x_wconf 85' lang='lat' dir='ltr'><strong><em>Paulus</em></strong></span> <span class='ocrx_word' id='word_1_192' title='bbox 1416 2602 1544 2660; x_wconf 91' lang='lat' dir='ltr'><strong><em>dico</em></strong></span> <span class='ocrx_word' id='word_1_193' title='bbox 1595 2603 1760 2660; x_wconf 89' lang='lat' dir='ltr'><strong><em>vobis</em></strong></span> <span class='ocrx_word' id='word_1_194' title='bbox 1805 2620 1818 2658; x_wconf 89' lang='lat'><strong><em>:</em></strong></span> <span class='ocrx_word' id='word_1_195' title='bbox 1863 2620 2009 2676; x_wconf 88' lang='lat' dir='ltr'><strong><em>quo-</em></strong></span> 
     </span>
    </p>
   </div>
   <div class='ocr_carea' id='block_1_27' title="bbox 250 2691 2005 2764">
    <p class='ocr_par' dir='ltr' id='par_1_27' title="bbox 250 2691 2005 2764">
     <span class='ocr_line' id='line_1_27' title="bbox 250 2691 2005 2764; baseline -0.001 -15"><span class='ocrx_word' id='word_1_196' title='bbox 250 2700 263 2707; x_wconf 81' lang='grc'><em>”</em></span> <span class='ocrx_word' id='word_1_197' title='bbox 354 2691 515 2750; x_wconf 90' lang='lat' dir='ltr'><strong><em>niam</em></strong></span> <span class='ocrx_word' id='word_1_198' title='bbox 545 2691 596 2749; x_wconf 90' lang='lat' dir='ltr'><strong><em>si</em></strong></span> <span class='ocrx_word' id='word_1_199' title='bbox 624 2692 1154 2759; x_wconf 90' lang='lat' dir='ltr'><strong><em>circumcidamini,</em></strong></span> <span class='ocrx_word' id='word_1_200' title='bbox 1186 2692 1452 2750; x_wconf 89' lang='lat' dir='ltr'><strong><em>Christus</em></strong></span> <span class='ocrx_word' id='word_1_201' title='bbox 1501 2692 1663 2750; x_wconf 86' lang='lat' dir='ltr'><strong><em>vobis</em></strong></span> <span class='ocrx_word' id='word_1_202' title='bbox 1693 2692 1842 2748; x_wconf 88' lang='lat' dir='ltr'><strong><em>nihil</em></strong></span> <span class='ocrx_word' id='word_1_203' title='bbox 1874 2708 2005 2764; x_wconf 89' lang='lat' dir='ltr'><strong><em>pro-</em></strong></span> 
     </span>
    </p>
   </div>
   <div class='ocr_carea' id='block_1_28' title="bbox 356 2781 2009 2855">
    <p class='ocr_par' dir='ltr' id='par_1_28' title="bbox 356 2781 2009 2855">
     <span class='ocr_line' id='line_1_28' title="bbox 356 2781 2009 2855; baseline -0.001 -17"><span class='ocrx_word' id='word_1_204' title='bbox 356 2783 489 2838; x_wconf 90' lang='lat' dir='ltr'><strong><em>dest</em></strong></span> <span class='ocrx_word' id='word_1_205' title='bbox 509 2783 548 2838; x_wconf 75' lang='grc' dir='ltr'><strong><em>ί.</em></strong></span> <span class='ocrx_word' id='word_1_206' title='bbox 574 2804 602 2832; x_wconf 85' lang='grc'><strong>››</strong></span> <span class='ocrx_word' id='word_1_207' title='bbox 628 2787 693 2838; x_wconf 84' lang='grc' dir='ltr'><strong>Ιιι</strong></span> <span class='ocrx_word' id='word_1_208' title='bbox 723 2781 1035 2854; x_wconf 87' lang='lat' dir='ltr'><strong><em>Evangelio</em></strong></span> <span class='ocrx_word' id='word_1_209' title='bbox 1066 2781 1332 2839; x_wconf 86' lang='lat' dir='ltr'><strong><em>Salvator</em></strong></span> <span class='ocrx_word' id='word_1_210' title='bbox 1358 2783 1431 2838; x_wconf 89' lang='lat' dir='ltr'><strong><em>ad</em></strong></span> <span class='ocrx_word' id='word_1_211' title='bbox 1461 2781 1784 2855; x_wconf 87' lang='lat' dir='ltr'><strong><em>discipulos</em></strong></span> <span class='ocrx_word' id='word_1_212' title='bbox 1814 2781 2009 2854; x_wconf 84' lang='lat' dir='ltr'><strong><em>loqui-</em></strong></span> 
     </span>
    </p>
   </div>
   <div class='ocr_carea' id='block_1_29' title="bbox 356 2871 2012 2945">
    <p class='ocr_par' dir='ltr' id='par_1_29' title="bbox 356 2871 2012 2945">
     <span class='ocr_line' id='line_1_29' title="bbox 356 2871 2012 2945; baseline -0.001 -17"><span class='ocrx_word' id='word_1_213' title='bbox 356 2877 459 2928; x_wconf 87' lang='lat' dir='ltr'><strong><em>tur</em></strong></span> <span class='ocrx_word' id='word_1_214' title='bbox 494 2890 506 2929; x_wconf 91' lang='lat'><strong><em>:</em></strong></span> <span class='ocrx_word' id='word_1_215' title='bbox 538 2872 646 2942; x_wconf 82' lang='lat' dir='ltr'><strong><em>Qui</em></strong></span> <span class='ocrx_word' id='word_1_216' title='bbox 672 2887 763 2929; x_wconf 88' lang='lat' dir='ltr'><strong><em>vos</em></strong></span> <span class='ocrx_word' id='word_1_217' title='bbox 789 2871 969 2939; x_wconf 84' lang='lat' dir='ltr'><strong><em>audit,</em></strong></span> <span class='ocrx_word' id='word_1_218' title='bbox 998 2888 1087 2928; x_wconf 89' lang='lat' dir='ltr'><strong><em>me</em></strong></span> <span class='ocrx_word' id='word_1_219' title='bbox 1122 2873 1282 2928; x_wconf 87' lang='lat' dir='ltr'><strong><em>audit</em></strong></span> <span class='ocrx_word' id='word_1_220' title='bbox 1309 2889 1328 2927; x_wconf 88' lang='lat'><strong><em>:</em></strong></span> <span class='ocrx_word' id='word_1_221' title='bbox 1359 2873 1456 2945; x_wconf 88' lang='lat' dir='ltr'><strong><em>qui</em></strong></span> <span class='ocrx_word' id='word_1_222' title='bbox 1498 2888 1594 2928; x_wconf 91' lang='lat' dir='ltr'><strong><em>vos</em></strong></span> <span class='ocrx_word' id='word_1_223' title='bbox 1638 2873 1892 2941; x_wconf 77' lang='lat' dir='ltr'><strong><em>suscipit,</em></strong></span> <span class='ocrx_word' id='word_1_224' title='bbox 1924 2886 2012 2927; x_wconf 88' lang='lat' dir='ltr'><strong><em>me</em></strong></span> 
     </span>
    </p>
   </div>
   <div class='ocr_carea' id='block_1_30' title="bbox 358 2950 2008 3035">
    <p class='ocr_par' dir='ltr' id='par_1_30' title="bbox 358 2950 2008 3035">
     <span class='ocr_line' id='line_1_30' title="bbox 358 2950 2008 3035; baseline -0.002 -16"><span class='ocrx_word' id='word_1_225' title='bbox 358 2950 582 3035; x_wconf 78' lang='lat' dir='ltr'><strong><em>suscipit</em></strong></span> <span class='ocrx_word' id='word_1_226' title='bbox 606 2960 758 3034; x_wconf 88' lang='lat' dir='ltr'><strong><em>(Luc.</em></strong></span> <span class='ocrx_word' id='word_1_227' title='bbox 788 2979 846 3032; x_wconf 80' lang='grc' dir='ltr'><strong>ιι,</strong></span> <span class='ocrx_word' id='word_1_228' title='bbox 884 2961 992 3034; x_wconf 81' lang='grc'>16).</span> <span class='ocrx_word' id='word_1_229' title='bbox 1028 2961 1093 3017; x_wconf 87' lang='lat' dir='ltr'><strong><em>Et</em></strong></span> <span class='ocrx_word' id='word_1_230' title='bbox 1119 2960 1433 3034; x_wconf 86' lang='lat' dir='ltr'><strong><em>Apostolus</em></strong></span> <span class='ocrx_word' id='word_1_231' title='bbox 1461 2966 1732 3029; x_wconf 87' lang='lat' dir='ltr'><strong><em>testatur,</em></strong></span> <span class='ocrx_word' id='word_1_232' title='bbox 1766 2960 2008 3017; x_wconf 85' lang='lat' dir='ltr'><strong><em>dicens:</em></strong></span> 
     </span>
    </p>
   </div>
   <div class='ocr_carea' id='block_1_31' title="bbox 361 3050 2010 3124">
    <p class='ocr_par' dir='ltr' id='par_1_31' title="bbox 361 3050 2010 3124">
     <span class='ocr_line' id='line_1_31' title="bbox 361 3050 2010 3124; baseline -0.002 -15"><span class='ocrx_word' id='word_1_233' title='bbox 361 3052 489 3109; x_wconf 83' lang='lat' dir='ltr'><strong><em>Vivo</em></strong></span> <span class='ocrx_word' id='word_1_234' title='bbox 518 3055 723 3123; x_wconf 86' lang='lat' dir='ltr'><strong><em>autem,</em></strong></span> <span class='ocrx_word' id='word_1_235' title='bbox 745 3052 866 3124; x_wconf 88' lang='lat' dir='ltr'><strong><em>jam</em></strong></span> <span class='ocrx_word' id='word_1_236' title='bbox 907 3067 1015 3107; x_wconf 87' lang='lat' dir='ltr'><strong><em>non</em></strong></span> <span class='ocrx_word' id='word_1_237' title='bbox 1043 3065 1142 3121; x_wconf 82' lang='lat' dir='ltr'><strong><em>ego</em></strong></span> <span class='ocrx_word' id='word_1_238' title='bbox 1163 3068 1182 3107; x_wconf 90' lang='lat'><strong><em>:</em></strong></span> <span class='ocrx_word' id='word_1_239' title='bbox 1207 3053 1341 3108; x_wconf 88' lang='lat' dir='ltr'><strong><em>vivit</em></strong></span> <span class='ocrx_word' id='word_1_240' title='bbox 1386 3067 1510 3108; x_wconf 87' lang='lat' dir='ltr'><strong><em>vero</em></strong></span> <span class='ocrx_word' id='word_1_241' title='bbox 1552 3053 1614 3107; x_wconf 86' lang='lat' dir='ltr'><strong><em>in</em></strong></span> <span class='ocrx_word' id='word_1_242' title='bbox 1639 3066 1727 3107; x_wconf 89' lang='lat' dir='ltr'><strong><em>me</em></strong></span> <span class='ocrx_word' id='word_1_243' title='bbox 1758 3050 2010 3106; x_wconf 83' lang='lat' dir='ltr'><strong><em>Christus</em></strong></span> 
     </span>
    </p>
   </div>
   <div class='ocr_carea' id='block_1_32' title="bbox 359 3130 2011 3215">
    <p class='ocr_par' dir='ltr' id='par_1_32' title="bbox 359 3130 2011 3215">
     <span class='ocr_line' id='line_1_32' title="bbox 359 3130 2011 3215; baseline 0 -21"><span class='ocrx_word' id='word_1_244' title='bbox 359 3130 559 3215; x_wconf 79' lang='lat' dir='ltr'><strong><em>(Colat.</em></strong></span> <span class='ocrx_word' id='word_1_245' title='bbox 593 3158 652 3210; x_wconf 86' lang='grc' dir='ltr'><strong>ιι,</strong></span> <span class='ocrx_word' id='word_1_246' title='bbox 682 3140 805 3213; x_wconf 83' lang='grc'>20);</span> <span class='ocrx_word' id='word_1_247' title='bbox 836 3144 894 3196; x_wconf 88' lang='lat' dir='ltr'><strong><em>et</em></strong></span> <span class='ocrx_word' id='word_1_248' title='bbox 923 3140 1062 3197; x_wconf 90' lang='lat' dir='ltr'><strong><em>alibi</em></strong></span> <span class='ocrx_word' id='word_1_249' title='bbox 1096 3156 1109 3195; x_wconf 89' lang='lat'><strong><em>:</em></strong></span> <span class='ocrx_word' id='word_1_250' title='bbox 1141 3140 1224 3196; x_wconf 84' lang='lat' dir='ltr'><strong><em>An</em></strong></span> <span class='ocrx_word' id='word_1_251' title='bbox 1270 3141 1708 3212; x_wconf 73' lang='lat' dir='ltr'><strong><em>experimentum</em></strong></span> <span class='ocrx_word' id='word_1_252' title='bbox 1755 3140 2011 3211; x_wconf 69' lang='lat' dir='ltr'><strong><em>quaeritis</em></strong></span> 
     </span>
    </p>
   </div>
   <div class='ocr_carea' id='block_1_33' title="bbox 357 3227 2012 3305">
    <p class='ocr_par' dir='ltr' id='par_1_33' title="bbox 357 3227 2012 3305">
     <span class='ocr_line' id='line_1_33' title="bbox 357 3227 2012 3305; baseline -0.002 -18"><span class='ocrx_word' id='word_1_253' title='bbox 357 3232 473 3303; x_wconf 86' lang='lat' dir='ltr'><strong><em>ejus</em></strong></span> <span class='ocrx_word' id='word_1_254' title='bbox 503 3232 600 3305; x_wconf 88' lang='lat' dir='ltr'><strong><em>qui</em></strong></span> <span class='ocrx_word' id='word_1_255' title='bbox 627 3232 688 3286; x_wconf 86' lang='lat' dir='ltr'><strong><em>in</em></strong></span> <span class='ocrx_word' id='word_1_256' title='bbox 716 3245 803 3287; x_wconf 89' lang='lat' dir='ltr'><strong><em>me</em></strong></span> <span class='ocrx_word' id='word_1_257' title='bbox 832 3231 1074 3301; x_wconf 87' lang='lat' dir='ltr'><strong><em>loquitur</em></strong></span> <span class='ocrx_word' id='word_1_258' title='bbox 1103 3229 1349 3287; x_wconf 81' lang='lat' dir='ltr'><strong><em>Christus</em></strong></span> <span class='ocrx_word' id='word_1_259' title='bbox 1379 3231 1452 3300; x_wconf 87' lang='lat' dir='ltr'><strong><em>(ll</em></strong></span> <span class='ocrx_word' id='word_1_260' title='bbox 1492 3229 1613 3286; x_wconf 91' lang='lat' dir='ltr'><strong><em>Cor.</em></strong></span> <span class='ocrx_word' id='word_1_261' title='bbox 1644 3246 1772 3298; x_wconf 85' lang='lat' dir='ltr'><strong><em>xm,</em></strong></span> <span class='ocrx_word' id='word_1_262' title='bbox 1803 3227 1902 3301; x_wconf 84' lang='lat'><strong><em>3)?</em></strong></span> <span class='ocrx_word' id='word_1_263' title='bbox 1932 3227 2012 3283; x_wconf 81' lang='lat' dir='ltr'><strong>Ex</strong></span> 
     </span>
    </p>
   </div>
   <div class='ocr_carea' id='block_1_34' title="bbox 360 3307 2053 3393">
    <p class='ocr_par' dir='ltr' id='par_1_34' title="bbox 360 3307 2053 3393">
     <span class='ocr_line' id='line_1_34' title="bbox 360 3307 2053 3393; baseline -0.002 -15"><span class='ocrx_word' id='word_1_264' title='bbox 360 3334 474 3393; x_wconf 85' lang='lat' dir='ltr'><strong><em>quo</em></strong></span> <span class='ocrx_word' id='word_1_265' title='bbox 511 3320 736 3393; x_wconf 90' lang='lat' dir='ltr'><strong><em>liquido</em></strong></span> <span class='ocrx_word' id='word_1_266' title='bbox 778 3307 1196 3393; x_wconf 77' lang='lat' dir='ltr'><strong><em>comprobatur</em></strong></span> <span class='ocrx_word' id='word_1_267' title='bbox 1251 3319 1360 3375; x_wconf 90' lang='lat' dir='ltr'><strong><em>hoc</em></strong></span> <span class='ocrx_word' id='word_1_268' title='bbox 1404 3320 1558 3392; x_wconf 91' lang='lat' dir='ltr'><strong><em>quod</em></strong></span> <span class='ocrx_word' id='word_1_269' title='bbox 1618 3335 1775 3375; x_wconf 90' lang='lat' dir='ltr'><strong><em>nunc</em></strong></span> <span class='ocrx_word' id='word_1_270' title='bbox 1821 3318 2008 3375; x_wconf 87' lang='lat' dir='ltr'><strong><em>dicit:</em></strong></span> <span class='ocrx_word' id='word_1_271' title='bbox 2045 3344 2053 3393; x_wconf 61' lang='grc' dir='ltr'>ξ</span> 
     </span>
    </p>
   </div>
   <div class='ocr_carea' id='block_1_35' title="bbox 2100 822 3750 906">
    <p class='ocr_par' dir='ltr' id='par_1_35' title="bbox 2100 822 3750 906">
     <span class='ocr_line' id='line_1_35' title="bbox 2100 822 3750 906; baseline 0.009 -28"><span class='ocrx_word' id='word_1_272' title='bbox 2100 822 2219 879; x_wconf 87' lang='lat' dir='ltr'><strong><em>dita</em></strong></span> <span class='ocrx_word' id='word_1_273' title='bbox 2242 829 2371 880; x_wconf 86' lang='lat' dir='ltr'><strong><em>sunt</em></strong></span> <span class='ocrx_word' id='word_1_274' title='bbox 2404 826 2518 881; x_wconf 83' lang='lat' dir='ltr'><strong><em>illis</em></strong></span> <span class='ocrx_word' id='word_1_275' title='bbox 2538 826 2756 898; x_wconf 86' lang='lat' dir='ltr'><strong><em>eloquia</em></strong></span> <span class='ocrx_word' id='word_1_276' title='bbox 2790 831 2895 884; x_wconf 91' lang='lat' dir='ltr'><strong><em>Dei</em></strong></span> <span class='ocrx_word' id='word_1_277' title='bbox 2924 831 3095 894; x_wconf 83' lang='lat' dir='ltr'><strong><em>(Rom.</em></strong></span> <span class='ocrx_word' id='word_1_278' title='bbox 3120 849 3203 899; x_wconf 88' lang='grc' dir='ltr'><strong>ιιι,</strong></span> <span class='ocrx_word' id='word_1_279' title='bbox 3238 835 3289 901; x_wconf 89' lang='grc'>1,</span> <span class='ocrx_word' id='word_1_280' title='bbox 3316 837 3371 900; x_wconf 87' lang='grc'><strong><em>2,</em></strong></span> <span class='ocrx_word' id='word_1_281' title='bbox 3402 835 3479 906; x_wconf 90' lang='grc'><strong><em>3).</em></strong></span> <span class='ocrx_word' id='word_1_282' title='bbox 3502 836 3561 891; x_wconf 92' lang='lat' dir='ltr'><strong><em>Si</em></strong></span> <span class='ocrx_word' id='word_1_283' title='bbox 3594 837 3750 893; x_wconf 90' lang='lat' dir='ltr'><strong><em>enim</em></strong></span> 
     </span>
    </p>
   </div>
   <div class='ocr_carea' id='block_1_36' title="bbox 2101 908 3748 995">
    <p class='ocr_par' dir='ltr' id='par_1_36' title="bbox 2101 908 3748 995">
     <span class='ocr_line' id='line_1_36' title="bbox 2101 908 3748 995; baseline 0.01 -30"><span class='ocrx_word' id='word_1_284' title='bbox 2101 908 2195 967; x_wconf 85' lang='lat' dir='ltr'><strong><em>his</em></strong></span> <span class='ocrx_word' id='word_1_285' title='bbox 2224 913 2328 984; x_wconf 86' lang='lat' dir='ltr'><strong><em>qui</em></strong></span> <span class='ocrx_word' id='word_1_286' title='bbox 2361 915 2691 971; x_wconf 89' lang='lat' dir='ltr'><strong><em>circumcisi</em></strong></span> <span class='ocrx_word' id='word_1_287' title='bbox 2742 917 2960 973; x_wconf 84' lang='lat' dir='ltr'><strong><em>fuerint</em></strong></span> <span class='ocrx_word' id='word_1_288' title='bbox 2988 918 3258 976; x_wconf 88' lang='lat' dir='ltr'><strong><em>Christus</em></strong></span> <span class='ocrx_word' id='word_1_289' title='bbox 3290 922 3435 978; x_wconf 87' lang='lat' dir='ltr'><strong><em>nihil</em></strong></span> <span class='ocrx_word' id='word_1_290' title='bbox 3467 914 3748 995; x_wconf 86' lang='lat' dir='ltr'><strong><em>prodest:</em></strong></span> 
     </span>
    </p>
   </div>
   <div class='ocr_carea' id='block_1_37' title="bbox 2103 1003 3754 1082">
    <p class='ocr_par' dir='ltr' id='par_1_37' title="bbox 2103 1003 3754 1082">
     <span class='ocr_line' id='line_1_37' title="bbox 2103 1003 3754 1082; baseline 0.009 -26"><span class='ocrx_word' id='word_1_291' title='bbox 2103 1003 2397 1072; x_wconf 91' lang='lat' dir='ltr'><strong><em>quomodo</em></strong></span> <span class='ocrx_word' id='word_1_292' title='bbox 2433 1004 2633 1076; x_wconf 88' lang='lat' dir='ltr'><strong><em>Legem</em></strong></span> <span class='ocrx_word' id='word_1_293' title='bbox 2667 1006 3139 1065; x_wconf 74' lang='lat' dir='ltr'><strong><em>custodientibus</em></strong></span> <span class='ocrx_word' id='word_1_294' title='bbox 3182 1012 3418 1082; x_wconf 85' lang='lat' dir='ltr'><strong><em>prodest</em></strong></span> <span class='ocrx_word' id='word_1_295' title='bbox 3447 1004 3754 1070; x_wconf 52' lang='lat' dir='ltr'><strong><em>circumcié</em></strong></span> 
     </span>
    </p>
   </div>
   <div class='ocr_carea' id='block_1_38' title="bbox 2105 1084 3757 1176">
    <p class='ocr_par' dir='ltr' id='par_1_38' title="bbox 2105 1084 3757 1176">
     <span class='ocr_line' id='line_1_38' title="bbox 2105 1084 3757 1176; baseline 0.01 -32"><span class='ocrx_word' id='word_1_296' title='bbox 2105 1089 2234 1145; x_wconf 85' lang='lat' dir='ltr'><strong><em>sio?</em></strong></span> <span class='ocrx_word' id='word_1_297' title='bbox 2280 1092 2443 1155; x_wconf 89' lang='lat' dir='ltr'><strong><em>Quod</em></strong></span> <span class='ocrx_word' id='word_1_298' title='bbox 2494 1094 2732 1164; x_wconf 86' lang='lat' dir='ltr'><strong><em>quidem</em></strong></span> <span class='ocrx_word' id='word_1_299' title='bbox 2787 1094 2895 1152; x_wconf 90' lang='lat' dir='ltr'><strong><em>hac</em></strong></span> <span class='ocrx_word' id='word_1_300' title='bbox 2945 1100 3325 1169; x_wconf 85' lang='lat' dir='ltr'><strong><em>responsione</em></strong></span> <span class='ocrx_word' id='word_1_301' title='bbox 3373 1101 3646 1176; x_wconf 87' lang='lat' dir='ltr'><strong><em>solvetur,</em></strong></span> <span class='ocrx_word' id='word_1_302' title='bbox 3692 1084 3757 1160; x_wconf 81' lang='lat' dir='ltr'><strong><em>ut</em></strong></span> 
     </span>
    </p>
   </div>
   <div class='ocr_carea' id='block_1_39' title="bbox 2107 1178 3757 1261">
    <p class='ocr_par' dir='ltr' id='par_1_39' title="bbox 2107 1178 3757 1261">
     <span class='ocr_line' id='line_1_39' title="bbox 2107 1178 3757 1261; baseline 0.01 -28"><span class='ocrx_word' id='word_1_303' title='bbox 2107 1178 2376 1235; x_wconf 89' lang='lat' dir='ltr'><strong><em>dicamus</em></strong></span> <span class='ocrx_word' id='word_1_304' title='bbox 2408 1181 2515 1251; x_wconf 81' lang='lat' dir='ltr'><strong><em>(Al.</em></strong></span> <span class='ocrx_word' id='word_1_305' title='bbox 2541 1182 2812 1255; x_wconf 88' lang='lat' dir='ltr'><strong><em>dicatur),</em></strong></span> <span class='ocrx_word' id='word_1_306' title='bbox 2847 1184 3168 1257; x_wconf 85' lang='lat' dir='ltr'><strong><em>Epistolam</em></strong></span> <span class='ocrx_word' id='word_1_307' title='bbox 3201 1206 3327 1261; x_wconf 70' lang='lat' dir='ltr'><strong><em>qua:</em></strong></span> <span class='ocrx_word' id='word_1_308' title='bbox 3360 1191 3431 1246; x_wconf 89' lang='lat' dir='ltr'><strong><em>ad</em></strong></span> <span class='ocrx_word' id='word_1_309' title='bbox 3461 1191 3757 1250; x_wconf 84' lang='lat' dir='ltr'><strong><em>Romanos</em></strong></span> 
     </span>
    </p>
   </div>
   <div class='ocr_carea' id='block_1_40' title="bbox 2106 1268 3758 1349">
    <p class='ocr_par' dir='ltr' id='par_1_40' title="bbox 2106 1268 3758 1349">
     <span class='ocr_line' id='line_1_40' title="bbox 2106 1268 3758 1349; baseline 0.01 -27"><span class='ocrx_word' id='word_1_310' title='bbox 2106 1268 2326 1340; x_wconf 90' lang='lat' dir='ltr'><strong><em>scripta</em></strong></span> <span class='ocrx_word' id='word_1_311' title='bbox 2355 1273 2463 1338; x_wconf 90' lang='lat' dir='ltr'><strong><em>est,</em></strong></span> <span class='ocrx_word' id='word_1_312' title='bbox 2496 1270 2568 1326; x_wconf 90' lang='lat' dir='ltr'><strong><em>ad</em></strong></span> <span class='ocrx_word' id='word_1_313' title='bbox 2617 1288 2717 1329; x_wconf 90' lang='lat' dir='ltr'><strong><em>eos</em></strong></span> <span class='ocrx_word' id='word_1_314' title='bbox 2762 1289 2892 1328; x_wconf 77' lang='lat' dir='ltr'><strong><em>esse</em></strong></span> <span class='ocrx_word' id='word_1_315' title='bbox 2935 1273 3235 1344; x_wconf 85' lang='lat' dir='ltr'><strong><em>dictatam,</em></strong></span> <span class='ocrx_word' id='word_1_316' title='bbox 3269 1280 3369 1349; x_wconf 90' lang='lat' dir='ltr'><strong><em>qui</em></strong></span> <span class='ocrx_word' id='word_1_317' title='bbox 3418 1296 3486 1335; x_wconf 81' lang='lat' dir='ltr'><strong><em>ex</em></strong></span> <span class='ocrx_word' id='word_1_318' title='bbox 3536 1281 3758 1338; x_wconf 64' lang='lat' dir='ltr'><strong><em>Judazis</em></strong></span> 
     </span>
    </p>
   </div>
   <div class='ocr_carea' id='block_1_41' title="bbox 2107 1355 3757 1441">
    <p class='ocr_par' dir='ltr' id='par_1_41' title="bbox 2107 1355 3757 1441">
     <span class='ocr_line' id='line_1_41' title="bbox 2107 1355 3757 1441; baseline 0.011 -32"><span class='ocrx_word' id='word_1_319' title='bbox 2107 1355 2498 1429; x_wconf 86' lang='lat' dir='ltr'><strong><em>gentibusque</em></strong></span> <span class='ocrx_word' id='word_1_320' title='bbox 2543 1359 2912 1417; x_wconf 84' lang='lat' dir='ltr'><strong><em>crediderant</em></strong></span> <span class='ocrx_word' id='word_1_321' title='bbox 2943 1379 2956 1416; x_wconf 91' lang='lat'><strong><em>:</em></strong></span> <span class='ocrx_word' id='word_1_322' title='bbox 2992 1368 3048 1418; x_wconf 89' lang='lat' dir='ltr'><strong><em>et</em></strong></span> <span class='ocrx_word' id='word_1_323' title='bbox 3090 1364 3200 1420; x_wconf 88' lang='lat' dir='ltr'><strong><em>hoc</em></strong></span> <span class='ocrx_word' id='word_1_324' title='bbox 3249 1367 3439 1440; x_wconf 81' lang='lat' dir='ltr'><strong><em>egisse</em></strong></span> <span class='ocrx_word' id='word_1_325' title='bbox 3488 1370 3757 1441; x_wconf 79' lang='lat' dir='ltr'><strong><em>Paulum,</em></strong></span> 
     </span>
    </p>
   </div>
   <div class='ocr_carea' id='block_1_42' title="bbox 2111 1445 3760 1529">
    <p class='ocr_par' dir='ltr' id='par_1_42' title="bbox 2111 1445 3760 1529">
     <span class='ocr_line' id='line_1_42' title="bbox 2111 1445 3760 1529; baseline 0.01 -31"><span class='ocrx_word' id='word_1_326' title='bbox 2111 1449 2175 1499; x_wconf 91' lang='lat' dir='ltr'><strong><em>ut</em></strong></span> <span class='ocrx_word' id='word_1_327' title='bbox 2204 1445 2326 1516; x_wconf 65' lang='lat' dir='ltr'><strong><em>(At.</em></strong></span> <span class='ocrx_word' id='word_1_328' title='bbox 2351 1446 2445 1517; x_wconf 93' lang='lat' dir='ltr'><strong><em>ne)</em></strong></span> <span class='ocrx_word' id='word_1_329' title='bbox 2477 1453 2682 1503; x_wconf 87' lang='lat' dir='ltr'><strong><em>neuter</em></strong></span> <span class='ocrx_word' id='word_1_330' title='bbox 2725 1450 2979 1521; x_wconf 90' lang='lat' dir='ltr'><strong><em>populus</em></strong></span> <span class='ocrx_word' id='word_1_331' title='bbox 3023 1452 3415 1511; x_wconf 80' lang='lat' dir='ltr'><strong><em>offenderetur</em></strong></span> <span class='ocrx_word' id='word_1_332' title='bbox 3446 1474 3461 1515; x_wconf 86' lang='lat'><strong><em>:</em></strong></span> <span class='ocrx_word' id='word_1_333' title='bbox 3493 1474 3610 1529; x_wconf 90' lang='lat' dir='ltr'><strong><em>quo</em></strong></span> <span class='ocrx_word' id='word_1_334' title='bbox 3642 1459 3760 1515; x_wconf 83' lang='lat' dir='ltr'><strong><em>sci-</em></strong></span> 
     </span>
    </p>
   </div>
   <div class='ocr_carea' id='block_1_43' title="bbox 2110 1529 3762 1616">
    <p class='ocr_par' dir='ltr' id='par_1_43' title="bbox 2110 1529 3762 1616">
     <span class='ocr_line' id='line_1_43' title="bbox 2110 1529 3762 1616; baseline 0.01 -29"><span class='ocrx_word' id='word_1_335' title='bbox 2110 1531 2246 1590; x_wconf 89' lang='lat' dir='ltr'><strong><em>licet</em></strong></span> <span class='ocrx_word' id='word_1_336' title='bbox 2265 1551 2441 1590; x_wconf 90' lang='lat' dir='ltr'><strong><em>suum</em></strong></span> <span class='ocrx_word' id='word_1_337' title='bbox 2464 1541 2711 1609; x_wconf 88' lang='lat' dir='ltr'><strong><em>utraque</em></strong></span> <span class='ocrx_word' id='word_1_338' title='bbox 2733 1538 2896 1609; x_wconf 89' lang='lat' dir='ltr'><strong><em>plebs</em></strong></span> <span class='ocrx_word' id='word_1_339' title='bbox 2917 1538 3283 1615; x_wconf 82' lang='lat' dir='ltr'><strong><em>privilegium</em></strong></span> <span class='ocrx_word' id='word_1_340' title='bbox 3309 1545 3670 1616; x_wconf 86' lang='lat' dir='ltr'><strong><em>possideret:</em></strong></span> <span class='ocrx_word' id='word_1_341' title='bbox 3695 1529 3762 1604; x_wconf 89' lang='lat' dir='ltr'><strong><em>ut</em></strong></span> 
     </span>
    </p>
   </div>
   <div class='ocr_carea' id='block_1_44' title="bbox 2111 1623 3763 1697">
    <p class='ocr_par' dir='ltr' id='par_1_44' title="bbox 2111 1623 3763 1697">
     <span class='ocr_line' id='line_1_44' title="bbox 2111 1623 3763 1697; baseline 0.01 -20"><span class='ocrx_word' id='word_1_342' title='bbox 2111 1639 2218 1679; x_wconf 91' lang='lat' dir='ltr'><strong><em>nec</em></strong></span> <span class='ocrx_word' id='word_1_343' title='bbox 2262 1623 2506 1695; x_wconf 84' lang='lat' dir='ltr'><strong><em>gentiles</em></strong></span> <span class='ocrx_word' id='word_1_344' title='bbox 2535 1626 3113 1697; x_wconf 89' lang='lat' dir='ltr'><strong><em>circumciderentur,</em></strong></span> <span class='ocrx_word' id='word_1_345' title='bbox 3147 1648 3254 1688; x_wconf 90' lang='lat' dir='ltr'><strong><em>nec</em></strong></span> <span class='ocrx_word' id='word_1_346' title='bbox 3303 1632 3633 1692; x_wconf 90' lang='lat' dir='ltr'><strong><em>circumcisi</em></strong></span> <span class='ocrx_word' id='word_1_347' title='bbox 3666 1637 3763 1692; x_wconf 85' lang='lat' dir='ltr'><strong><em>ad-</em></strong></span> 
     </span>
    </p>
   </div>
   <div class='ocr_carea' id='block_1_45' title="bbox 2112 1712 3761 1786">
    <p class='ocr_par' dir='ltr' id='par_1_45' title="bbox 2112 1712 3761 1786">
     <span class='ocr_line' id='line_1_45' title="bbox 2112 1712 3761 1786; baseline 0.009 -20"><span class='ocrx_word' id='word_1_348' title='bbox 2112 1712 2394 1768; x_wconf 86' lang='lat' dir='ltr'><strong><em>ducerent</em></strong></span> <span class='ocrx_word' id='word_1_349' title='bbox 2441 1715 2813 1786; x_wconf 75' lang='lat' dir='ltr'><strong><em>praaputium.</em></strong></span> <span class='ocrx_word' id='word_1_350' title='bbox 2851 1717 2928 1771; x_wconf 86' lang='lat' dir='ltr'><strong><em>Ad</em></strong></span> <span class='ocrx_word' id='word_1_351' title='bbox 2970 1716 3207 1774; x_wconf 88' lang='lat' dir='ltr'><strong><em>Galatas</em></strong></span> <span class='ocrx_word' id='word_1_352' title='bbox 3250 1727 3448 1777; x_wconf 90' lang='lat' dir='ltr'><strong><em>autem</em></strong></span> <span class='ocrx_word' id='word_1_353' title='bbox 3496 1724 3761 1781; x_wconf 88' lang='lat' dir='ltr'><strong><em>scribens</em></strong></span> 
     </span>
    </p>
   </div>
   <div class='ocr_carea' id='block_1_46' title="bbox 2112 1801 3764 1876">
    <p class='ocr_par' dir='ltr' id='par_1_46' title="bbox 2112 1801 3764 1876">
     <span class='ocr_line' id='line_1_46' title="bbox 2112 1801 3764 1876; baseline 0.007 -19"><span class='ocrx_word' id='word_1_354' title='bbox 2112 1801 2227 1857; x_wconf 88' lang='lat' dir='ltr'><strong><em>alio</em></strong></span> <span class='ocrx_word' id='word_1_355' title='bbox 2259 1819 2403 1857; x_wconf 90' lang='lat' dir='ltr'><strong><em>usus</em></strong></span> <span class='ocrx_word' id='word_1_356' title='bbox 2426 1803 2505 1858; x_wconf 90' lang='lat' dir='ltr'><strong><em>sit</em></strong></span> <span class='ocrx_word' id='word_1_357' title='bbox 2524 1810 2891 1876; x_wconf 88' lang='lat' dir='ltr'><strong><em>argumento.</em></strong></span> <span class='ocrx_word' id='word_1_358' title='bbox 2915 1805 3039 1862; x_wconf 91' lang='lat' dir='ltr'><strong><em>Non</em></strong></span> <span class='ocrx_word' id='word_1_359' title='bbox 3062 1807 3219 1864; x_wconf 86' lang='lat' dir='ltr'><strong><em>enim</em></strong></span> <span class='ocrx_word' id='word_1_360' title='bbox 3242 1816 3408 1865; x_wconf 90' lang='lat' dir='ltr'><strong><em>erant</em></strong></span> <span class='ocrx_word' id='word_1_361' title='bbox 3427 1828 3496 1867; x_wconf 84' lang='lat' dir='ltr'><strong><em>ex</em></strong></span> <span class='ocrx_word' id='word_1_362' title='bbox 3516 1813 3764 1869; x_wconf 89' lang='lat' dir='ltr'><strong><em>circum-</em></strong></span> 
     </span>
    </p>
   </div>
   <div class='ocr_carea' id='block_1_47' title="bbox 2113 1889 3763 1974">
    <p class='ocr_par' dir='ltr' id='par_1_47' title="bbox 2113 1889 3763 1974">
     <span class='ocr_line' id='line_1_47' title="bbox 2113 1889 3763 1974; baseline 0.009 -30"><span class='ocrx_word' id='word_1_363' title='bbox 2113 1889 2352 1955; x_wconf 91' lang='lat' dir='ltr'><strong><em>cisione,</em></strong></span> <span class='ocrx_word' id='word_1_364' title='bbox 2384 1892 2485 1947; x_wconf 90' lang='lat' dir='ltr'><strong><em>sed</em></strong></span> <span class='ocrx_word' id='word_1_365' title='bbox 2532 1908 2601 1946; x_wconf 83' lang='lat' dir='ltr'><strong><em>ex</em></strong></span> <span class='ocrx_word' id='word_1_366' title='bbox 2648 1892 2922 1964; x_wconf 87' lang='lat' dir='ltr'><strong><em>gentibus</em></strong></span> <span class='ocrx_word' id='word_1_367' title='bbox 2954 1895 3055 1967; x_wconf 90' lang='lat' dir='ltr'><strong><em>qui</em></strong></span> <span class='ocrx_word' id='word_1_368' title='bbox 3085 1897 3470 1955; x_wconf 88' lang='lat' dir='ltr'><strong><em>crediderant.</em></strong></span> <span class='ocrx_word' id='word_1_369' title='bbox 3502 1900 3615 1957; x_wconf 90' lang='lat' dir='ltr'><strong><em>Nec</em></strong></span> <span class='ocrx_word' id='word_1_370' title='bbox 3662 1919 3763 1974; x_wconf 81' lang='lat' dir='ltr'><strong><em>po-</em></strong></span> 
     </span>
    </p>
   </div>
   <div class='ocr_carea' id='block_1_48' title="bbox 2112 1980 3763 2067">
    <p class='ocr_par' dir='ltr' id='par_1_48' title="bbox 2112 1980 3763 2067">
     <span class='ocr_line' id='line_1_48' title="bbox 2112 1980 3763 2067; baseline 0.008 -33"><span class='ocrx_word' id='word_1_371' title='bbox 2112 1983 2262 2036; x_wconf 88' lang='lat' dir='ltr'><strong><em>terat</em></strong></span> <span class='ocrx_word' id='word_1_372' title='bbox 2289 1980 2372 2035; x_wconf 90' lang='lat' dir='ltr'><strong><em>eis</em></strong></span> <span class='ocrx_word' id='word_1_373' title='bbox 2404 1982 2680 2052; x_wconf 88' lang='lat' dir='ltr'><strong><em>prodesse</em></strong></span> <span class='ocrx_word' id='word_1_374' title='bbox 2732 1982 3120 2053; x_wconf 88' lang='lat' dir='ltr'><strong><em>circumcisio,</em></strong></span> <span class='ocrx_word' id='word_1_375' title='bbox 3153 1986 3253 2058; x_wconf 90' lang='lat' dir='ltr'><strong><em>qui</em></strong></span> <span class='ocrx_word' id='word_1_376' title='bbox 3294 1993 3429 2059; x_wconf 88' lang='lat' dir='ltr'><strong><em>post</em></strong></span> <span class='ocrx_word' id='word_1_377' title='bbox 3468 1986 3763 2067; x_wconf 84' lang='lat' dir='ltr'><strong><em>Evangelii</em></strong></span> 
     </span>
    </p>
   </div>
   <div class='ocr_carea' id='block_1_49' title="bbox 2113 2068 3760 2144">
    <p class='ocr_par' dir='ltr' id='par_1_49' title="bbox 2113 2068 3760 2144">
     <span class='ocr_line' id='line_1_49' title="bbox 2113 2068 3760 2144; baseline 0.009 -21"><span class='ocrx_word' id='word_1_378' title='bbox 2113 2070 2364 2141; x_wconf 88' lang='lat' dir='ltr'><strong><em>gratiam</em></strong></span> <span class='ocrx_word' id='word_1_379' title='bbox 2398 2068 2605 2126; x_wconf 89' lang='lat' dir='ltr'><strong><em>iterum</em></strong></span> <span class='ocrx_word' id='word_1_380' title='bbox 2640 2072 2712 2126; x_wconf 92' lang='lat' dir='ltr'><strong><em>ad</em></strong></span> <span class='ocrx_word' id='word_1_381' title='bbox 2743 2071 2955 2144; x_wconf 90' lang='lat' dir='ltr'><strong><em>legalia</em></strong></span> <span class='ocrx_word' id='word_1_382' title='bbox 2995 2080 3423 2133; x_wconf 87' lang='lat' dir='ltr'><strong><em>reverterentur</em></strong></span> <span class='ocrx_word' id='word_1_383' title='bbox 3452 2078 3760 2137; x_wconf 83' lang='lat' dir='ltr'><strong><em>elementa.</em></strong></span> 
     </span>
    </p>
   </div>
   <div class='ocr_carea' id='block_1_50' title="bbox 2116 2158 3763 2243">
    <p class='ocr_par' dir='ltr' id='par_1_50' title="bbox 2116 2158 3763 2243">
     <span class='ocr_line' id='line_1_50' title="bbox 2116 2158 3763 2243; baseline 0.007 -29"><span class='ocrx_word' id='word_1_384' title='bbox 2116 2159 2183 2214; x_wconf 83' lang='lat' dir='ltr'><strong><em>Et</em></strong></span> <span class='ocrx_word' id='word_1_385' title='bbox 2201 2158 2261 2213; x_wconf 91' lang='lat' dir='ltr'><strong><em>in</em></strong></span> <span class='ocrx_word' id='word_1_386' title='bbox 2283 2159 2527 2215; x_wconf 85' lang='lat' dir='ltr'><strong><em>Actibus</em></strong></span> <span class='ocrx_word' id='word_1_387' title='bbox 2547 2160 2948 2231; x_wconf 90' lang='lat' dir='ltr'><strong><em>apostolorum</em></strong></span> <span class='ocrx_word' id='word_1_388' title='bbox 2972 2168 3171 2220; x_wconf 88' lang='lat' dir='ltr'><strong><em>narrat</em></strong></span> <span class='ocrx_word' id='word_1_389' title='bbox 3192 2164 3437 2223; x_wconf 87' lang='lat' dir='ltr'><strong><em>historia</em></strong></span> <span class='ocrx_word' id='word_1_390' title='bbox 3454 2168 3654 2239; x_wconf 78' lang='lat' dir='ltr'><strong><em>(Actor.</em></strong></span> <span class='ocrx_word' id='word_1_391' title='bbox 3673 2186 3763 2243; x_wconf 85' lang='lat' dir='ltr'><strong><em>xv,</em></strong></span> 
     </span>
    </p>
   </div>
   <div class='ocr_carea' id='block_1_51' title="bbox 2114 2248 3765 2328">
    <p class='ocr_par' dir='ltr' id='par_1_51' title="bbox 2114 2248 3765 2328">
     <span class='ocr_line' id='line_1_51' title="bbox 2114 2248 3765 2328; baseline 0.008 -26"><span class='ocrx_word' id='word_1_392' title='bbox 2114 2248 2263 2320; x_wconf 84' lang='lat'><strong><em>5-20)</em></strong></span> <span class='ocrx_word' id='word_1_393' title='bbox 2287 2266 2299 2303; x_wconf 88' lang='lat'><strong><em>:</em></strong></span> <span class='ocrx_word' id='word_1_394' title='bbox 2324 2264 2456 2304; x_wconf 90' lang='lat' dir='ltr'><strong><em>cum</em></strong></span> <span class='ocrx_word' id='word_1_395' title='bbox 2492 2248 2732 2321; x_wconf 88' lang='lat' dir='ltr'><strong><em>quidam</em></strong></span> <span class='ocrx_word' id='word_1_396' title='bbox 2759 2251 2831 2305; x_wconf 89' lang='lat' dir='ltr'><strong><em>de</em></strong></span> <span class='ocrx_word' id='word_1_397' title='bbox 2862 2250 3303 2310; x_wconf 89' lang='lat' dir='ltr'><strong><em>circumcisione</em></strong></span> <span class='ocrx_word' id='word_1_398' title='bbox 3318 2262 3640 2328; x_wconf 78' lang='lat' dir='ltr'><strong><em>surgentes</em></strong></span> <span class='ocrx_word' id='word_1_399' title='bbox 3671 2275 3765 2315; x_wconf 87' lang='lat' dir='ltr'><strong><em>as-</em></strong></span> 
     </span>
    </p>
   </div>
   <div class='ocr_carea' id='block_1_52' title="bbox 2117 2330 3767 2413">
    <p class='ocr_par' dir='ltr' id='par_1_52' title="bbox 2117 2330 3767 2413">
     <span class='ocr_line' id='line_1_52' title="bbox 2117 2330 3767 2413; baseline 0.005 -19"><span class='ocrx_word' id='word_1_400' title='bbox 2117 2337 2444 2394; x_wconf 89' lang='lat' dir='ltr'><strong><em>seruissent</em></strong></span> <span class='ocrx_word' id='word_1_401' title='bbox 2473 2354 2572 2393; x_wconf 89' lang='lat' dir='ltr'><strong><em>eos</em></strong></span> <span class='ocrx_word' id='word_1_402' title='bbox 2604 2338 2705 2410; x_wconf 92' lang='lat' dir='ltr'><strong><em>qui</em></strong></span> <span class='ocrx_word' id='word_1_403' title='bbox 2743 2355 2813 2395; x_wconf 81' lang='lat' dir='ltr'><strong><em>ex</em></strong></span> <span class='ocrx_word' id='word_1_404' title='bbox 2843 2341 3117 2413; x_wconf 86' lang='lat' dir='ltr'><strong><em>gentibus</em></strong></span> <span class='ocrx_word' id='word_1_405' title='bbox 3146 2343 3532 2413; x_wconf 86' lang='lat' dir='ltr'><strong><em>crediderant,</em></strong></span> <span class='ocrx_word' id='word_1_406' title='bbox 3556 2330 3767 2403; x_wconf 82' lang='lat' dir='ltr'><strong><em>debere</em></strong></span> 
     </span>
    </p>
   </div>
   <div class='ocr_carea' id='block_1_53' title="bbox 2117 2427 3767 2509">
    <p class='ocr_par' dir='ltr' id='par_1_53' title="bbox 2117 2427 3767 2509">
     <span class='ocr_line' id='line_1_53' title="bbox 2117 2427 3767 2509; baseline 0.006 -28"><span class='ocrx_word' id='word_1_407' title='bbox 2117 2427 2477 2493; x_wconf 87' lang='lat' dir='ltr'><strong><em>circumcidi,</em></strong></span> <span class='ocrx_word' id='word_1_408' title='bbox 2512 2432 2570 2483; x_wconf 90' lang='lat' dir='ltr'><strong><em>et</em></strong></span> <span class='ocrx_word' id='word_1_409' title='bbox 2597 2427 2784 2500; x_wconf 90' lang='lat' dir='ltr'><strong><em>legem</em></strong></span> <span class='ocrx_word' id='word_1_410' title='bbox 2816 2431 3113 2487; x_wconf 88' lang='lat' dir='ltr'><strong><em>custodire</em></strong></span> <span class='ocrx_word' id='word_1_411' title='bbox 3144 2432 3350 2505; x_wconf 85' lang='lat' dir='ltr'><strong><em>Moysi,</em></strong></span> <span class='ocrx_word' id='word_1_412' title='bbox 3373 2434 3633 2493; x_wconf 87' lang='lat' dir='ltr'><strong><em>seniores</em></strong></span> <span class='ocrx_word' id='word_1_413' title='bbox 3665 2434 3767 2509; x_wconf 88' lang='lat' dir='ltr'><strong><em>qui</em></strong></span> 
     </span>
    </p>
   </div>
   <div class='ocr_carea' id='block_1_54' title="bbox 2117 2515 3768 2598">
    <p class='ocr_par' dir='ltr' id='par_1_54' title="bbox 2117 2515 3768 2598">
     <span class='ocr_line' id='line_1_54' title="bbox 2117 2515 3768 2598; baseline 0.007 -27"><span class='ocrx_word' id='word_1_414' title='bbox 2117 2515 2534 2589; x_wconf 82' lang='lat' dir='ltr'><strong><em>Hierosolymis</em></strong></span> <span class='ocrx_word' id='word_1_415' title='bbox 2570 2522 2755 2587; x_wconf 88' lang='lat' dir='ltr'><strong><em>erant,</em></strong></span> <span class='ocrx_word' id='word_1_416' title='bbox 2777 2523 2835 2574; x_wconf 91' lang='lat' dir='ltr'><strong><em>et</em></strong></span> <span class='ocrx_word' id='word_1_417' title='bbox 2875 2518 3170 2591; x_wconf 86' lang='lat' dir='ltr'><strong><em>apostolos</em></strong></span> <span class='ocrx_word' id='word_1_418' title='bbox 3209 2521 3429 2594; x_wconf 90' lang='lat' dir='ltr'><strong><em>pariter</em></strong></span> <span class='ocrx_word' id='word_1_419' title='bbox 3456 2540 3768 2598; x_wconf 81' lang='lat' dir='ltr'><strong><em>congrega-</em></strong></span> 
     </span>
    </p>
   </div>
   <div class='ocr_carea' id='block_1_55' title="bbox 2122 2605 3769 2684">
    <p class='ocr_par' dir='ltr' id='par_1_55' title="bbox 2122 2605 3769 2684">
     <span class='ocr_line' id='line_1_55' title="bbox 2122 2605 3769 2684; baseline 0.005 -23"><span class='ocrx_word' id='word_1_420' title='bbox 2122 2609 2232 2671; x_wconf 90' lang='lat' dir='ltr'><strong><em>tos,</em></strong></span> <span class='ocrx_word' id='word_1_421' title='bbox 2256 2606 2534 2661; x_wconf 87' lang='lat' dir='ltr'><strong><em>statuisse</em></strong></span> <span class='ocrx_word' id='word_1_422' title='bbox 2556 2618 2657 2677; x_wconf 88' lang='lat' dir='ltr'><strong><em>per</em></strong></span> <span class='ocrx_word' id='word_1_423' title='bbox 2675 2605 2919 2675; x_wconf 90' lang='lat' dir='ltr'><strong><em>litteras,</em></strong></span> <span class='ocrx_word' id='word_1_424' title='bbox 2944 2625 3018 2665; x_wconf 91' lang='lat' dir='ltr'><strong><em>ne</em></strong></span> <span class='ocrx_word' id='word_1_425' title='bbox 3042 2618 3537 2682; x_wconf 87' lang='lat' dir='ltr'><strong><em>superponeretur</em></strong></span> <span class='ocrx_word' id='word_1_426' title='bbox 3563 2617 3650 2669; x_wconf 89' lang='lat' dir='ltr'><strong><em>eis</em></strong></span> <span class='ocrx_word' id='word_1_427' title='bbox 3674 2617 3769 2684; x_wconf 87' lang='lat' dir='ltr'><strong><em>ju-</em></strong></span> 
     </span>
    </p>
   </div>
   <div class='ocr_carea' id='block_1_56' title="bbox 2118 2693 3767 2768">
    <p class='ocr_par' dir='ltr' id='par_1_56' title="bbox 2118 2693 3767 2768">
     <span class='ocr_line' id='line_1_56' title="bbox 2118 2693 3767 2768; baseline 0.005 -17"><span class='ocrx_word' id='word_1_428' title='bbox 2118 2712 2260 2768; x_wconf 90' lang='lat' dir='ltr'><strong><em>gum</em></strong></span> <span class='ocrx_word' id='word_1_429' title='bbox 2289 2693 2456 2765; x_wconf 83' lang='lat' dir='ltr'><strong><em>legis,</em></strong></span> <span class='ocrx_word' id='word_1_430' title='bbox 2492 2712 2599 2751; x_wconf 91' lang='lat' dir='ltr'><strong><em>nec</em></strong></span> <span class='ocrx_word' id='word_1_431' title='bbox 2630 2695 2886 2768; x_wconf 89' lang='lat' dir='ltr'><strong><em>amplius</em></strong></span> <span class='ocrx_word' id='word_1_432' title='bbox 2915 2699 3310 2767; x_wconf 84' lang='lat' dir='ltr'><strong><em>observarent,</em></strong></span> <span class='ocrx_word' id='word_1_433' title='bbox 3332 2700 3446 2758; x_wconf 91' lang='lat' dir='ltr'><strong><em>nisi</em></strong></span> <span class='ocrx_word' id='word_1_434' title='bbox 3477 2706 3542 2758; x_wconf 90' lang='lat' dir='ltr'><strong><em>ut</em></strong></span> <span class='ocrx_word' id='word_1_435' title='bbox 3571 2704 3767 2759; x_wconf 83' lang='lat' dir='ltr'><strong><em>custo-</em></strong></span> 
     </span>
    </p>
   </div>
   <div class='ocr_carea' id='block_1_57' title="bbox 2118 2774 3769 2865">
    <p class='ocr_par' dir='ltr' id='par_1_57' title="bbox 2118 2774 3769 2865">
     <span class='ocr_line' id='line_1_57' title="bbox 2118 2774 3769 2865; baseline 0.005 -26"><span class='ocrx_word' id='word_1_436' title='bbox 2118 2785 2313 2840; x_wconf 90' lang='lat' dir='ltr'><strong><em>dirent</em></strong></span> <span class='ocrx_word' id='word_1_437' title='bbox 2344 2801 2406 2840; x_wconf 91' lang='lat' dir='ltr'><strong><em>se</em></strong></span> <span class='ocrx_word' id='word_1_438' title='bbox 2451 2788 2681 2840; x_wconf 90' lang='lat' dir='ltr'><strong><em>tantum</em></strong></span> <span class='ocrx_word' id='word_1_439' title='bbox 2728 2786 2800 2841; x_wconf 88' lang='lat' dir='ltr'><strong><em>ab</em></strong></span> <span class='ocrx_word' id='word_1_440' title='bbox 2857 2785 3220 2860; x_wconf 82' lang='lat' dir='ltr'><strong><em>idolothytis,</em></strong></span> <span class='ocrx_word' id='word_1_441' title='bbox 3254 2794 3311 2845; x_wconf 88' lang='lat' dir='ltr'><strong><em>et</em></strong></span> <span class='ocrx_word' id='word_1_442' title='bbox 3370 2774 3676 2865; x_wconf 86' lang='lat' dir='ltr'><strong><em>sanguine,</em></strong></span> <span class='ocrx_word' id='word_1_443' title='bbox 3711 2797 3769 2848; x_wconf 86' lang='lat' dir='ltr'><strong><em>et</em></strong></span> 
     </span>
    </p>
   </div>
   <div class='ocr_carea' id='block_1_58' title="bbox 2119 2873 3768 2953">
    <p class='ocr_par' dir='ltr' id='par_1_58' title="bbox 2119 2873 3768 2953">
     <span class='ocr_line' id='line_1_58' title="bbox 2119 2873 3768 2953; baseline 0.005 -25"><span class='ocrx_word' id='word_1_444' title='bbox 2119 2873 2530 2939; x_wconf 86' lang='lat' dir='ltr'><strong><em>fornicatione,</em></strong></span> <span class='ocrx_word' id='word_1_445' title='bbox 2579 2873 2698 2930; x_wconf 88' lang='lat' dir='ltr'><strong><em>sive</em></strong></span> <span class='ocrx_word' id='word_1_446' title='bbox 2746 2878 2811 2929; x_wconf 93' lang='lat' dir='ltr'><strong><em>ut</em></strong></span> <span class='ocrx_word' id='word_1_447' title='bbox 2863 2875 2920 2930; x_wconf 93' lang='lat' dir='ltr'><strong><em>in</em></strong></span> <span class='ocrx_word' id='word_1_448' title='bbox 2976 2877 3276 2933; x_wconf 90' lang='lat' dir='ltr'><strong><em>nonnullis</em></strong></span> <span class='ocrx_word' id='word_1_449' title='bbox 3335 2879 3768 2953; x_wconf 79' lang='lat' dir='ltr'><strong><em>exemplaribus</em></strong></span> 
     </span>
    </p>
   </div>
   <div class='ocr_carea' id='block_1_59' title="bbox 2119 2954 3770 3035">
    <p class='ocr_par' dir='ltr' id='par_1_59' title="bbox 2119 2954 3770 3035">
     <span class='ocr_line' id='line_1_59' title="bbox 2119 2954 3770 3035; baseline 0.004 -16"><span class='ocrx_word' id='word_1_450' title='bbox 2119 2961 2403 3034; x_wconf 87' lang='lat' dir='ltr'><strong><em>scriptum</em></strong></span> <span class='ocrx_word' id='word_1_451' title='bbox 2436 2966 2542 3029; x_wconf 88' lang='lat' dir='ltr'><strong><em>est,</em></strong></span> <span class='ocrx_word' id='word_1_452' title='bbox 2565 2966 2615 3018; x_wconf 86' lang='lat' dir='ltr'><strong><em>et</em></strong></span> <span class='ocrx_word' id='word_1_453' title='bbox 2634 2980 2668 3017; x_wconf 89' lang='lat' dir='ltr'><strong><em>a</em></strong></span> <span class='ocrx_word' id='word_1_454' title='bbox 2692 2964 2970 3035; x_wconf 71' lang='lat' dir='ltr'><strong><em>suffocatis</em></strong></span> <span class='ocrx_word' id='word_1_455' title='bbox 2989 2965 3029 3020; x_wconf 78' lang='grc'><strong><em>².</em></strong></span> <span class='ocrx_word' id='word_1_456' title='bbox 3058 2966 3125 3020; x_wconf 86' lang='lat' dir='ltr'><strong><em>Et</em></strong></span> <span class='ocrx_word' id='word_1_457' title='bbox 3146 2983 3218 3022; x_wconf 90' lang='lat' dir='ltr'><strong><em>ne</em></strong></span> <span class='ocrx_word' id='word_1_458' title='bbox 3243 2967 3497 3024; x_wconf 87' lang='lat' dir='ltr'><strong><em>resideat</em></strong></span> <span class='ocrx_word' id='word_1_459' title='bbox 3526 2968 3646 3024; x_wconf 86' lang='lat' dir='ltr'><strong><em>ulla</em></strong></span> <span class='ocrx_word' id='word_1_460' title='bbox 3667 2954 3770 3026; x_wconf 86' lang='lat' dir='ltr'><strong><em>du-</em></strong></span> 
     </span>
    </p>
   </div>
   <div class='ocr_carea' id='block_1_60' title="bbox 2118 3052 3768 3130">
    <p class='ocr_par' dir='ltr' id='par_1_60' title="bbox 2118 3052 3768 3130">
     <span class='ocr_line' id='line_1_60' title="bbox 2118 3052 3768 3130; baseline 0.005 -23"><span class='ocrx_word' id='word_1_461' title='bbox 2118 3052 2347 3117; x_wconf 87' lang='lat' dir='ltr'><strong><em>bitatio,</em></strong></span> <span class='ocrx_word' id='word_1_462' title='bbox 2384 3052 2537 3107; x_wconf 75' lang='lat'><strong><em>479</em></strong></span> <span class='ocrx_word' id='word_1_463' title='bbox 2587 3052 2742 3123; x_wconf 90' lang='lat' dir='ltr'><strong><em>quod</em></strong></span> <span class='ocrx_word' id='word_1_464' title='bbox 2792 3052 3162 3110; x_wconf 90' lang='lat' dir='ltr'><strong><em>circumcisio</em></strong></span> <span class='ocrx_word' id='word_1_465' title='bbox 3219 3055 3368 3111; x_wconf 90' lang='lat' dir='ltr'><strong><em>nihil</em></strong></span> <span class='ocrx_word' id='word_1_466' title='bbox 3426 3057 3633 3130; x_wconf 88' lang='lat' dir='ltr'><strong><em>prosit,</em></strong></span> <span class='ocrx_word' id='word_1_467' title='bbox 3666 3057 3768 3117; x_wconf 89' lang='lat' dir='ltr'><strong><em>sed</em></strong></span> 
     </span>
    </p>
   </div>
   <div class='ocr_carea' id='block_1_61' title="bbox 2118 3140 3767 3215">
    <p class='ocr_par' dir='ltr' id='par_1_61' title="bbox 2118 3140 3767 3215">
     <span class='ocr_line' id='line_1_61' title="bbox 2118 3140 3767 3215; baseline 0.005 -19"><span class='ocrx_word' id='word_1_468' title='bbox 2118 3144 2355 3214; x_wconf 89' lang='lat' dir='ltr'><strong><em>propter</em></strong></span> <span class='ocrx_word' id='word_1_469' title='bbox 2383 3157 2483 3196; x_wconf 90' lang='lat' dir='ltr'><strong><em>eos</em></strong></span> <span class='ocrx_word' id='word_1_470' title='bbox 2512 3140 2612 3213; x_wconf 92' lang='lat' dir='ltr'><strong><em>qui</em></strong></span> <span class='ocrx_word' id='word_1_471' title='bbox 2655 3157 2724 3197; x_wconf 86' lang='lat' dir='ltr'><strong><em>ex</em></strong></span> <span class='ocrx_word' id='word_1_472' title='bbox 2767 3141 2987 3198; x_wconf 68' lang='lat' dir='ltr'><strong><em>Judaeis</em></strong></span> <span class='ocrx_word' id='word_1_473' title='bbox 3019 3143 3406 3215; x_wconf 87' lang='lat' dir='ltr'><strong><em>crediderant,</em></strong></span> <span class='ocrx_word' id='word_1_474' title='bbox 3431 3147 3501 3202; x_wconf 88' lang='lat' dir='ltr'><strong><em>ad</em></strong></span> <span class='ocrx_word' id='word_1_475' title='bbox 3553 3146 3767 3206; x_wconf 83' lang='lat' dir='ltr'><strong><em>Roma-</em></strong></span> 
     </span>
    </p>
   </div>
   <div class='ocr_carea' id='block_1_62' title="bbox 2119 3229 3774 3317">
    <p class='ocr_par' dir='ltr' id='par_1_62' title="bbox 2119 3229 3774 3317">
     <span class='ocr_line' id='line_1_62' title="bbox 2119 3229 3774 3317; baseline 0.005 -30"><span class='ocrx_word' id='word_1_476' title='bbox 2119 3248 2227 3287; x_wconf 92' lang='lat' dir='ltr'><strong><em>nos</em></strong></span> <span class='ocrx_word' id='word_1_477' title='bbox 2259 3232 2329 3286; x_wconf 90' lang='lat' dir='ltr'><strong><em>de</em></strong></span> <span class='ocrx_word' id='word_1_478' title='bbox 2357 3229 2802 3287; x_wconf 89' lang='lat' dir='ltr'><strong><em>circumcisione</em></strong></span> <span class='ocrx_word' id='word_1_479' title='bbox 2840 3233 3189 3317; x_wconf 67' lang='lat' dir='ltr'><strong><em>sententiam</em></strong></span> <span class='ocrx_word' id='word_1_480' title='bbox 3228 3238 3592 3310; x_wconf 87' lang='lat' dir='ltr'><strong><em>temperavit,</em></strong></span> <span class='ocrx_word' id='word_1_481' title='bbox 3624 3256 3774 3311; x_wconf 88' lang='lat' dir='ltr'><strong><em>pau-</em></strong></span> 
     </span>
    </p>
   </div>
   <div class='ocr_carea' id='block_1_63' title="bbox 2120 3318 3770 3397">
    <p class='ocr_par' dir='ltr' id='par_1_63' title="bbox 2120 3318 3770 3397">
     <span class='ocr_line' id='line_1_63' title="bbox 2120 3318 3770 3397; baseline 0.007 -23"><span class='ocrx_word' id='word_1_482' title='bbox 2120 3319 2285 3376; x_wconf 88' lang='lat' dir='ltr'><strong><em>latim</em></strong></span> <span class='ocrx_word' id='word_1_483' title='bbox 2317 3319 2390 3376; x_wconf 90' lang='lat' dir='ltr'><strong><em>ad</em></strong></span> <span class='ocrx_word' id='word_1_484' title='bbox 2418 3318 2693 3392; x_wconf 66' lang='lat' dir='ltr'><strong><em>Epistolas</em></strong></span> <span class='ocrx_word' id='word_1_485' title='bbox 2720 3321 2986 3391; x_wconf 82' lang='lat' dir='ltr'><strong><em>ejusdem</em></strong></span> <span class='ocrx_word' id='word_1_486' title='bbox 3032 3323 3354 3394; x_wconf 89' lang='lat' dir='ltr'><strong><em>posteriora</em></strong></span> <span class='ocrx_word' id='word_1_487' title='bbox 3384 3325 3770 3397; x_wconf 90' lang='lat' dir='ltr'><strong><em>descendens,</em></strong></span> 
     </span>
    </p>
   </div>
   <div class='ocr_carea' id='block_1_64' title="bbox 357 3388 3767 3491">
    <p class='ocr_par' dir='ltr' id='par_1_64' title="bbox 357 3388 3767 3491">
     <span class='ocr_line' id='line_1_64' title="bbox 357 3388 3767 3491; baseline 0.001 -23"><span class='ocrx_word' id='word_1_488' title='bbox 357 3414 487 3468; x_wconf 87' lang='lat' dir='ltr'><strong><em>Ecce</em></strong></span> <span class='ocrx_word' id='word_1_489' title='bbox 516 3426 615 3480; x_wconf 89' lang='lat' dir='ltr'><strong><em>ego</em></strong></span> <span class='ocrx_word' id='word_1_490' title='bbox 644 3411 855 3489; x_wconf 78' lang='lat' dir='ltr'><strong><em>Paulus</em></strong></span> <span class='ocrx_word' id='word_1_491' title='bbox 879 3410 1000 3466; x_wconf 88' lang='lat' dir='ltr'><strong><em>dico</em></strong></span> <span class='ocrx_word' id='word_1_492' title='bbox 1028 3410 1198 3477; x_wconf 86' lang='lat' dir='ltr'><strong><em>vobis,</em></strong></span> <span class='ocrx_word' id='word_1_493' title='bbox 1231 3425 1346 3464; x_wconf 91' lang='lat' dir='ltr'><strong><em>non</em></strong></span> <span class='ocrx_word' id='word_1_494' title='bbox 1379 3410 1547 3481; x_wconf 88' lang='lat' dir='ltr'><strong><em>quasi</em></strong></span> <span class='ocrx_word' id='word_1_495' title='bbox 1577 3408 1744 3465; x_wconf 91' lang='lat' dir='ltr'><strong><em>Pauli</em></strong></span> <span class='ocrx_word' id='word_1_496' title='bbox 1772 3413 2005 3466; x_wconf 89' lang='lat' dir='ltr'><strong><em>tantum</em></strong></span> <span class='ocrx_word' id='word_1_497' title='bbox 2037 3388 2082 3456; x_wconf 66' lang='grc' dir='ltr'><strong><em>(ἶ</em></strong></span> <span class='ocrx_word' id='word_1_498' title='bbox 2119 3425 2223 3465; x_wconf 88' lang='lat' dir='ltr'><strong><em>nec</em></strong></span> <span class='ocrx_word' id='word_1_499' title='bbox 2255 3408 2783 3477; x_wconf 90' lang='lat' dir='ltr'><strong><em>circumcisionem,</em></strong></span> <span class='ocrx_word' id='word_1_500' title='bbox 2808 3425 2914 3465; x_wconf 89' lang='lat' dir='ltr'><strong><em>nec</em></strong></span> <span class='ocrx_word' id='word_1_501' title='bbox 2936 3412 3287 3483; x_wconf 83' lang='lat' dir='ltr'><strong><em>praeputium</em></strong></span> <span class='ocrx_word' id='word_1_502' title='bbox 3310 3412 3531 3485; x_wconf 88' lang='lat' dir='ltr'><strong><em>aliquid</em></strong></span> <span class='ocrx_word' id='word_1_503' title='bbox 3555 3388 3767 3491; x_wconf 70' lang='lat' dir='ltr'><strong><em>valere,</em></strong></span> 
     </span>
    </p>
   </div>
   <div class='ocr_carea' id='block_1_65' title="bbox 356 3484 2007 3572">
    <p class='ocr_par' dir='ltr' id='par_1_65' title="bbox 356 3484 2007 3572">
     <span class='ocr_line' id='line_1_65' title="bbox 356 3484 2007 3572; baseline -0.003 -14"><span class='ocrx_word' id='word_1_504' title='bbox 356 3501 536 3558; x_wconf 87' lang='lat' dir='ltr'><strong><em>verba</em></strong></span> <span class='ocrx_word' id='word_1_505' title='bbox 564 3484 924 3572; x_wconf 84' lang='lat' dir='ltr'><strong><em>accipienda,</em></strong></span> <span class='ocrx_word' id='word_1_506' title='bbox 957 3498 1061 3554; x_wconf 90' lang='lat' dir='ltr'><strong><em>sed</em></strong></span> <span class='ocrx_word' id='word_1_507' title='bbox 1092 3498 1342 3553; x_wconf 88' lang='lat' dir='ltr'><strong><em>Domini.</em></strong></span> <span class='ocrx_word' id='word_1_508' title='bbox 1366 3498 1515 3554; x_wconf 89' lang='lat' dir='ltr'><strong><em>Nam</em></strong></span> <span class='ocrx_word' id='word_1_509' title='bbox 1545 3515 1682 3554; x_wconf 91' lang='lat' dir='ltr'><strong><em>cum</em></strong></span> <span class='ocrx_word' id='word_1_510' title='bbox 1711 3502 1768 3555; x_wconf 87' lang='lat' dir='ltr'><strong><em>et</em></strong></span> <span class='ocrx_word' id='word_1_511' title='bbox 1797 3498 1858 3553; x_wconf 93' lang='lat' dir='ltr'><strong><em>in</em></strong></span> <span class='ocrx_word' id='word_1_512' title='bbox 1890 3498 2007 3570; x_wconf 87' lang='lat' dir='ltr'><strong><em>pri-</em></strong></span> 
     </span>
    </p>
   </div>
   <div class='ocr_carea' id='block_1_66' title="bbox 362 3587 2012 3660">
    <p class='ocr_par' dir='ltr' id='par_1_66' title="bbox 362 3587 2012 3660">
     <span class='ocr_line' id='line_1_66' title="bbox 362 3587 2012 3660; baseline -0.002 -13"><span class='ocrx_word' id='word_1_513' title='bbox 362 3607 458 3647; x_wconf 85' lang='lat' dir='ltr'><strong><em>ma</em></strong></span> <span class='ocrx_word' id='word_1_514' title='bbox 489 3590 563 3646; x_wconf 89' lang='lat' dir='ltr'><strong><em>ad</em></strong></span> <span class='ocrx_word' id='word_1_515' title='bbox 591 3587 920 3645; x_wconf 78' lang='lat' dir='ltr'><strong><em>Corinthios</em></strong></span> <span class='ocrx_word' id='word_1_516' title='bbox 952 3587 1369 3660; x_wconf 62' lang='lat' dir='ltr'><strong><em>praemisisset:</em></strong></span> <span class='ocrx_word' id='word_1_517' title='bbox 1396 3589 1490 3643; x_wconf 85' lang='lat' dir='ltr'><strong><em>His</em></strong></span> <span class='ocrx_word' id='word_1_518' title='bbox 1517 3592 1701 3643; x_wconf 87' lang='lat' dir='ltr'><strong><em>autem</em></strong></span> <span class='ocrx_word' id='word_1_519' title='bbox 1728 3588 1826 3660; x_wconf 89' lang='lat' dir='ltr'><strong><em>qui</em></strong></span> <span class='ocrx_word' id='word_1_520' title='bbox 1851 3589 2012 3659; x_wconf 83' lang='lat' dir='ltr'><strong><em>nupti</em></strong></span> 
     </span>
    </p>
   </div>
   <div class='ocr_carea' id='block_1_67' title="bbox 357 3666 2010 3750">
    <p class='ocr_par' dir='ltr' id='par_1_67' title="bbox 357 3666 2010 3750">
     <span class='ocr_line' id='line_1_67' title="bbox 357 3666 2010 3750; baseline -0.003 -13"><span class='ocrx_word' id='word_1_521' title='bbox 357 3666 485 3737; x_wconf 87' lang='lat' dir='ltr'><strong><em>sunt</em></strong></span> <span class='ocrx_word' id='word_1_522' title='bbox 539 3666 823 3750; x_wconf 83' lang='lat' dir='ltr'><strong><em>denuntio,</em></strong></span> <span class='ocrx_word' id='word_1_523' title='bbox 879 3693 991 3735; x_wconf 85' lang='lat' dir='ltr'><strong><em>non</em></strong></span> <span class='ocrx_word' id='word_1_524' title='bbox 1046 3666 1164 3747; x_wconf 84' lang='lat' dir='ltr'><strong><em>ego,</em></strong></span> <span class='ocrx_word' id='word_1_525' title='bbox 1203 3676 1296 3733; x_wconf 87' lang='lat' dir='ltr'><strong><em>sed</em></strong></span> <span class='ocrx_word' id='word_1_526' title='bbox 1348 3678 1612 3733; x_wconf 87' lang='lat' dir='ltr'><strong><em>Dominus</em></strong></span> <span class='ocrx_word' id='word_1_527' title='bbox 1667 3678 1712 3749; x_wconf 91' lang='grc' dir='ltr'><strong>(ι</strong></span> <span class='ocrx_word' id='word_1_528' title='bbox 1756 3676 1876 3734; x_wconf 89' lang='lat' dir='ltr'><strong><em>Cor.</em></strong></span> <span class='ocrx_word' id='word_1_529' title='bbox 1911 3694 2010 3744; x_wconf 84' lang='lat' dir='ltr'><strong><em>vn,</em></strong></span> 
     </span>
    </p>
   </div>
   <div class='ocr_carea' id='block_1_68' title="bbox 364 3764 2012 3842">
    <p class='ocr_par' dir='ltr' id='par_1_68' title="bbox 364 3764 2012 3842">
     <span class='ocr_line' id='line_1_68' title="bbox 364 3764 2012 3842; baseline -0.002 -16"><span class='ocrx_word' id='word_1_530' title='bbox 364 3770 484 3842; x_wconf 80' lang='lat'><strong><em>10);</em></strong></span> <span class='ocrx_word' id='word_1_531' title='bbox 514 3773 574 3826; x_wconf 89' lang='lat' dir='ltr'><strong><em>et</em></strong></span> <span class='ocrx_word' id='word_1_532' title='bbox 602 3768 802 3825; x_wconf 88' lang='lat' dir='ltr'><strong><em>statim</em></strong></span> <span class='ocrx_word' id='word_1_533' title='bbox 832 3766 1130 3823; x_wconf 89' lang='lat' dir='ltr'><strong><em>intulisset</em></strong></span> <span class='ocrx_word' id='word_1_534' title='bbox 1159 3784 1172 3823; x_wconf 94' lang='lat'><strong><em>:</em></strong></span> <span class='ocrx_word' id='word_1_535' title='bbox 1221 3765 1444 3825; x_wconf 67' lang='lat' dir='ltr'><strong><em>Caeteris</em></strong></span> <span class='ocrx_word' id='word_1_536' title='bbox 1473 3764 1657 3823; x_wconf 79' lang='lat' dir='ltr'><strong><em>autem</em></strong></span> <span class='ocrx_word' id='word_1_537' title='bbox 1685 3781 1780 3839; x_wconf 89' lang='lat' dir='ltr'><strong><em>ego</em></strong></span> <span class='ocrx_word' id='word_1_538' title='bbox 1815 3769 2012 3839; x_wconf 56' lang='lat' dir='ltr'><strong><em>praci-</em></strong></span> 
     </span>
    </p>
   </div>
   <div class='ocr_carea' id='block_1_69' title="bbox 363 3856 2009 3932">
    <p class='ocr_par' dir='ltr' id='par_1_69' title="bbox 363 3856 2009 3932">
     <span class='ocr_line' id='line_1_69' title="bbox 363 3856 2009 3932; baseline -0.002 -16"><span class='ocrx_word' id='word_1_539' title='bbox 363 3861 507 3929; x_wconf 87' lang='lat' dir='ltr'><strong><em>cipio</em></strong></span> <span class='ocrx_word' id='word_1_540' title='bbox 536 3858 694 3932; x_wconf 82' lang='lat' dir='ltr'><strong><em>(Ibid.</em></strong></span> <span class='ocrx_word' id='word_1_541' title='bbox 733 3857 844 3929; x_wconf 82' lang='grc'>12),</span> <span class='ocrx_word' id='word_1_542' title='bbox 876 3872 947 3913; x_wconf 88' lang='lat' dir='ltr'><strong><em>ne</em></strong></span> <span class='ocrx_word' id='word_1_543' title='bbox 973 3856 1106 3913; x_wconf 86' lang='lat' dir='ltr'><strong><em>vilis</em></strong></span> <span class='ocrx_word' id='word_1_544' title='bbox 1151 3874 1261 3912; x_wconf 83' lang='lat' dir='ltr'><strong><em>sua</em></strong></span> <span class='ocrx_word' id='word_1_545' title='bbox 1309 3861 1614 3929; x_wconf 90' lang='lat' dir='ltr'><strong><em>putaretur</em></strong></span> <span class='ocrx_word' id='word_1_546' title='bbox 1645 3858 1963 3914; x_wconf 84' lang='lat' dir='ltr'><strong><em>auctoritas</em></strong></span> <span class='ocrx_word' id='word_1_547' title='bbox 1996 3875 2009 3913; x_wconf 90' lang='lat'><strong><em>:</em></strong></span> 
     </span>
    </p>
   </div>
   <div class='ocr_carea' id='block_1_70' title="bbox 365 3946 2014 4020">
    <p class='ocr_par' dir='ltr' id='par_1_70' title="bbox 365 3946 2014 4020">
     <span class='ocr_line' id='line_1_70' title="bbox 365 3946 2014 4020; baseline -0.001 -15"><span class='ocrx_word' id='word_1_548' title='bbox 365 3951 522 4016; x_wconf 88' lang='lat' dir='ltr'><strong><em>Puto,</em></strong></span> <span class='ocrx_word' id='word_1_549' title='bbox 554 3947 769 4020; x_wconf 89' lang='lat' dir='ltr'><strong><em>inquit,</em></strong></span> <span class='ocrx_word' id='word_1_550' title='bbox 803 3946 945 4020; x_wconf 88' lang='lat' dir='ltr'><strong><em>quod</em></strong></span> <span class='ocrx_word' id='word_1_551' title='bbox 973 3946 1126 4002; x_wconf 76' lang='lat'><strong><em>478</em></strong></span> <span class='ocrx_word' id='word_1_552' title='bbox 1157 3950 1210 4003; x_wconf 90' lang='lat' dir='ltr'><strong><em>et</em></strong></span> <span class='ocrx_word' id='word_1_553' title='bbox 1249 3962 1343 4018; x_wconf 88' lang='lat' dir='ltr'><strong><em>ego</em></strong></span> <span class='ocrx_word' id='word_1_554' title='bbox 1391 3948 1656 4019; x_wconf 86' lang='lat' dir='ltr'><strong><em>spiritum</em></strong></span> <span class='ocrx_word' id='word_1_555' title='bbox 1702 3947 1801 4003; x_wconf 88' lang='lat' dir='ltr'><strong><em>Dei</em></strong></span> <span class='ocrx_word' id='word_1_556' title='bbox 1845 3948 2014 4003; x_wconf 85' lang='lat' dir='ltr'><strong><em>habeo</em></strong></span> 
     </span>
    </p>
   </div>
   <div class='ocr_carea' id='block_1_71' title="bbox 368 4034 2012 4109">
    <p class='ocr_par' dir='ltr' id='par_1_71' title="bbox 368 4034 2012 4109">
     <span class='ocr_line' id='line_1_71' title="bbox 368 4034 2012 4109; baseline -0.001 -16"><span class='ocrx_word' id='word_1_557' title='bbox 368 4037 537 4109; x_wconf 84' lang='lat' dir='ltr'><strong><em>(Ibid.</em></strong></span> <span class='ocrx_word' id='word_1_558' title='bbox 573 4037 664 4109; x_wconf 64' lang='grc' dir='ltr'><strong><em>ΔΟ)</em></strong></span> <span class='ocrx_word' id='word_1_559' title='bbox 707 4052 720 4092; x_wconf 90' lang='lat'><strong><em>:</em></strong></span> <span class='ocrx_word' id='word_1_560' title='bbox 762 4042 838 4091; x_wconf 86' lang='lat' dir='ltr'><strong><em>ut</em></strong></span> <span class='ocrx_word' id='word_1_561' title='bbox 883 4034 1092 4109; x_wconf 89' lang='lat' dir='ltr'><strong><em>spiritu</em></strong></span> <span class='ocrx_word' id='word_1_562' title='bbox 1126 4040 1183 4091; x_wconf 91' lang='lat' dir='ltr'><strong><em>et</em></strong></span> <span class='ocrx_word' id='word_1_563' title='bbox 1222 4035 1451 4092; x_wconf 88' lang='lat' dir='ltr'><strong><em>Christo</em></strong></span> <span class='ocrx_word' id='word_1_564' title='bbox 1498 4034 1560 4090; x_wconf 91' lang='lat' dir='ltr'><strong><em>in</em></strong></span> <span class='ocrx_word' id='word_1_565' title='bbox 1609 4052 1671 4091; x_wconf 90' lang='lat' dir='ltr'><strong><em>se</em></strong></span> <span class='ocrx_word' id='word_1_566' title='bbox 1716 4035 2012 4109; x_wconf 89' lang='lat' dir='ltr'><strong><em>loquente,</em></strong></span> 
     </span>
    </p>
   </div>
   <div class='ocr_carea' id='block_1_72' title="bbox 369 4124 2016 4198">
    <p class='ocr_par' dir='ltr' id='par_1_72' title="bbox 369 4124 2016 4198">
     <span class='ocr_line' id='line_1_72' title="bbox 369 4124 2016 4198; baseline -0.001 -16"><span class='ocrx_word' id='word_1_567' title='bbox 369 4143 483 4183; x_wconf 91' lang='lat' dir='ltr'><strong><em>non</em></strong></span> <span class='ocrx_word' id='word_1_568' title='bbox 513 4125 875 4198; x_wconf 88' lang='lat' dir='ltr'><strong><em>contemptui</em></strong></span> <span class='ocrx_word' id='word_1_569' title='bbox 905 4126 1234 4193; x_wconf 89' lang='lat' dir='ltr'><strong><em>duceretur,</em></strong></span> <span class='ocrx_word' id='word_1_570' title='bbox 1266 4124 1367 4196; x_wconf 91' lang='lat' dir='ltr'><strong><em>qui</em></strong></span> <span class='ocrx_word' id='word_1_571' title='bbox 1416 4124 1729 4198; x_wconf 81' lang='lat' dir='ltr'><strong><em>prophetas</em></strong></span> <span class='ocrx_word' id='word_1_572' title='bbox 1776 4125 2016 4181; x_wconf 88' lang='lat' dir='ltr'><strong><em>imitans</em></strong></span> 
     </span>
    </p>
   </div>
   <div class='ocr_carea' id='block_1_73' title="bbox 369 4215 2014 4295">
    <p class='ocr_par' dir='ltr' id='par_1_73' title="bbox 369 4215 2014 4295">
     <span class='ocr_line' id='line_1_73' title="bbox 369 4215 2014 4295; baseline -0.001 -24"><span class='ocrx_word' id='word_1_573' title='bbox 369 4216 589 4295; x_wconf 83' lang='lat' dir='ltr'><strong><em>diceret</em></strong></span> <span class='ocrx_word' id='word_1_574' title='bbox 620 4232 634 4270; x_wconf 90' lang='lat'><strong><em>:</em></strong></span> <span class='ocrx_word' id='word_1_575' title='bbox 668 4218 795 4273; x_wconf 51' lang='lat' dir='ltr'><strong><em>Hac</em></strong></span> <span class='ocrx_word' id='word_1_576' title='bbox 821 4217 956 4272; x_wconf 85' lang='lat' dir='ltr'><strong><em>dicit</em></strong></span> <span class='ocrx_word' id='word_1_577' title='bbox 991 4216 1255 4272; x_wconf 82' lang='lat' dir='ltr'><strong><em>Dominus</em></strong></span> <span class='ocrx_word' id='word_1_578' title='bbox 1284 4216 1640 4285; x_wconf 88' lang='lat' dir='ltr'><strong><em>omnipotens.</em></strong></span> <span class='ocrx_word' id='word_1_579' title='bbox 1672 4215 1867 4288; x_wconf 86' lang='lat' dir='ltr'><strong><em>Majus</em></strong></span> <span class='ocrx_word' id='word_1_580' title='bbox 1911 4232 2014 4271; x_wconf 89' lang='lat' dir='ltr'><strong><em>au-</em></strong></span> 
     </span>
    </p>
   </div>
   <div class='ocr_carea' id='block_1_74' title="bbox 369 4298 2016 4377">
    <p class='ocr_par' dir='ltr' id='par_1_74' title="bbox 369 4298 2016 4377">
     <span class='ocr_line' id='line_1_74' title="bbox 369 4298 2016 4377; baseline -0.001 -16"><span class='ocrx_word' id='word_1_581' title='bbox 369 4310 491 4361; x_wconf 88' lang='lat' dir='ltr'><strong><em>tem</em></strong></span> <span class='ocrx_word' id='word_1_582' title='bbox 526 4306 621 4360; x_wconf 84' lang='lat' dir='ltr'><strong><em>[iet</em></strong></span> <span class='ocrx_word' id='word_1_583' title='bbox 646 4298 705 4360; x_wconf 88' lang='lat' dir='ltr'><strong><em>id</em></strong></span> <span class='ocrx_word' id='word_1_584' title='bbox 737 4306 892 4377; x_wconf 91' lang='lat' dir='ltr'><strong><em>quod</em></strong></span> <span class='ocrx_word' id='word_1_585' title='bbox 922 4306 1145 4362; x_wconf 91' lang='lat' dir='ltr'><strong><em>dictum</em></strong></span> <span class='ocrx_word' id='word_1_586' title='bbox 1184 4308 1274 4361; x_wconf 90' lang='lat' dir='ltr'><strong><em>est</em></strong></span> <span class='ocrx_word' id='word_1_587' title='bbox 1304 4319 1317 4359; x_wconf 91' lang='lat'><strong><em>:</em></strong></span> <span class='ocrx_word' id='word_1_588' title='bbox 1350 4305 1480 4361; x_wconf 89' lang='lat' dir='ltr'><strong><em>Ecce</em></strong></span> <span class='ocrx_word' id='word_1_589' title='bbox 1520 4320 1615 4376; x_wconf 83' lang='lat' dir='ltr'><strong><em>ego</em></strong></span> <span class='ocrx_word' id='word_1_590' title='bbox 1661 4306 1870 4361; x_wconf 86' lang='lat' dir='ltr'><strong><em>Paulus</em></strong></span> <span class='ocrx_word' id='word_1_591' title='bbox 1897 4304 2016 4361; x_wconf 88' lang='lat' dir='ltr'><strong><em>dico</em></strong></span> 
     </span>
    </p>
   </div>
   <div class='ocr_carea' id='block_1_75' title="bbox 370 4392 2019 4466">
    <p class='ocr_par' dir='ltr' id='par_1_75' title="bbox 370 4392 2019 4466">
     <span class='ocr_line' id='line_1_75' title="bbox 370 4392 2019 4466; baseline -0.002 -15"><span class='ocrx_word' id='word_1_592' title='bbox 370 4395 567 4451; x_wconf 86' lang='lat' dir='ltr'><strong><em>vobis:</em></strong></span> <span class='ocrx_word' id='word_1_593' title='bbox 615 4395 881 4466; x_wconf 87' lang='lat' dir='ltr'><strong><em>quoniam</em></strong></span> <span class='ocrx_word' id='word_1_594' title='bbox 932 4396 983 4451; x_wconf 91' lang='lat' dir='ltr'><strong><em>si</em></strong></span> <span class='ocrx_word' id='word_1_595' title='bbox 1026 4393 1523 4464; x_wconf 82' lang='lat' dir='ltr'><strong><em>circumcidamini,</em></strong></span> <span class='ocrx_word' id='word_1_596' title='bbox 1575 4392 1820 4450; x_wconf 83' lang='lat' dir='ltr'><strong><em>Christus</em></strong></span> <span class='ocrx_word' id='word_1_597' title='bbox 1868 4394 2019 4449; x_wconf 85' lang='lat' dir='ltr'><strong><em>vobis</em></strong></span> 
     </span>
    </p>
   </div>
   <div class='ocr_carea' id='block_1_76' title="bbox 367 4482 2018 4556">
    <p class='ocr_par' dir='ltr' id='par_1_76' title="bbox 367 4482 2018 4556">
     <span class='ocr_line' id='line_1_76' title="bbox 367 4482 2018 4556; baseline -0.002 -14"><span class='ocrx_word' id='word_1_598' title='bbox 367 4485 516 4542; x_wconf 77' lang='lat' dir='ltr'><strong><em>nihil</em></strong></span> <span class='ocrx_word' id='word_1_599' title='bbox 548 4483 784 4555; x_wconf 83' lang='lat' dir='ltr'><strong><em>prodest,</em></strong></span> <span class='ocrx_word' id='word_1_600' title='bbox 818 4483 869 4541; x_wconf 89' lang='lat' dir='ltr'><strong><em>si</em></strong></span> <span class='ocrx_word' id='word_1_601' title='bbox 915 4500 1051 4541; x_wconf 89' lang='lat' dir='ltr'><strong><em>cum</em></strong></span> <span class='ocrx_word' id='word_1_602' title='bbox 1104 4482 1389 4556; x_wconf 87' lang='lat' dir='ltr'><strong><em>principio</em></strong></span> <span class='ocrx_word' id='word_1_603' title='bbox 1437 4482 1761 4556; x_wconf 90' lang='lat' dir='ltr'><strong><em>copuletur,</em></strong></span> <span class='ocrx_word' id='word_1_604' title='bbox 1792 4483 1852 4538; x_wconf 92' lang='lat' dir='ltr'><strong><em>in</em></strong></span> <span class='ocrx_word' id='word_1_605' title='bbox 1902 4498 2018 4556; x_wconf 91' lang='lat' dir='ltr'><strong><em>quo</em></strong></span> 
     </span>
    </p>
   </div>
   <div class='ocr_carea' id='block_1_77' title="bbox 371 4572 2020 4646">
    <p class='ocr_par' dir='ltr' id='par_1_77' title="bbox 371 4572 2020 4646">
     <span class='ocr_line' id='line_1_77' title="bbox 371 4572 2020 4646; baseline -0.002 -16"><span class='ocrx_word' id='word_1_606' title='bbox 371 4574 495 4630; x_wconf 88' lang='lat' dir='ltr'><strong><em>ait:</em></strong></span> <span class='ocrx_word' id='word_1_607' title='bbox 531 4574 739 4630; x_wconf 87' lang='lat' dir='ltr'><strong><em>Paulus</em></strong></span> <span class='ocrx_word' id='word_1_608' title='bbox 784 4575 1059 4646; x_wconf 88' lang='lat' dir='ltr'><strong><em>apostolus</em></strong></span> <span class='ocrx_word' id='word_1_609' title='bbox 1086 4589 1197 4629; x_wconf 84' lang='lat' dir='ltr'><strong><em>non</em></strong></span> <span class='ocrx_word' id='word_1_610' title='bbox 1239 4573 1307 4628; x_wconf 90' lang='lat' dir='ltr'><strong><em>ab</em></strong></span> <span class='ocrx_word' id='word_1_611' title='bbox 1336 4572 1671 4643; x_wconf 88' lang='lat' dir='ltr'><strong><em>hominibus,</em></strong></span> <span class='ocrx_word' id='word_1_612' title='bbox 1701 4588 1874 4643; x_wconf 87' lang='lat' dir='ltr'><strong><em>neque</em></strong></span> <span class='ocrx_word' id='word_1_613' title='bbox 1918 4587 2020 4642; x_wconf 83' lang='lat' dir='ltr'><strong><em>per</em></strong></span> 
     </span>
    </p>
   </div>
   <div class='ocr_carea' id='block_1_78' title="bbox 371 4652 2015 4736">
    <p class='ocr_par' dir='ltr' id='par_1_78' title="bbox 371 4652 2015 4736">
     <span class='ocr_line' id='line_1_78' title="bbox 371 4652 2015 4736; baseline -0.001 -17"><span class='ocrx_word' id='word_1_614' title='bbox 371 4662 666 4734; x_wconf 83' lang='lat' dir='ltr'><strong><em>hominem,</em></strong></span> <span class='ocrx_word' id='word_1_615' title='bbox 696 4652 793 4720; x_wconf 86' lang='lat' dir='ltr'><strong><em>sed</em></strong></span> <span class='ocrx_word' id='word_1_616' title='bbox 813 4680 914 4736; x_wconf 69' lang='lat' dir='ltr'><strong><em>per</em></strong></span> <span class='ocrx_word' id='word_1_617' title='bbox 941 4658 1123 4722; x_wconf 64' lang='lat' dir='ltr'><strong><em>Iesum</em></strong></span> <span class='ocrx_word' id='word_1_618' title='bbox 1146 4663 1452 4729; x_wconf 87' lang='lat' dir='ltr'><strong><em>Christum,</em></strong></span> <span class='ocrx_word' id='word_1_619' title='bbox 1476 4664 1533 4718; x_wconf 90' lang='lat' dir='ltr'><strong><em>et</em></strong></span> <span class='ocrx_word' id='word_1_620' title='bbox 1561 4661 1786 4733; x_wconf 91' lang='lat' dir='ltr'><strong><em>reliqua</em></strong></span> <span class='ocrx_word' id='word_1_621' title='bbox 1816 4662 2015 4732; x_wconf 80' lang='lat' dir='ltr'><strong><em>(Colat.</em></strong></span> 
     </span>
    </p>
   </div>
   <div class='ocr_carea' id='block_1_79' title="bbox 2117 3498 3769 3574">
    <p class='ocr_par' dir='ltr' id='par_1_79' title="bbox 2117 3498 3769 3574">
     <span class='ocr_line' id='line_1_79' title="bbox 2117 3498 3769 3574; baseline 0.005 -20"><span class='ocrx_word' id='word_1_622' title='bbox 2117 3498 2465 3555; x_wconf 88' lang='lat' dir='ltr'><strong><em>monstravit</em></strong></span> <span class='ocrx_word' id='word_1_623' title='bbox 2491 3498 2692 3554; x_wconf 88' lang='lat' dir='ltr'><strong><em>dicens</em></strong></span> <span class='ocrx_word' id='word_1_624' title='bbox 2726 3515 2738 3554; x_wconf 92' lang='lat'><strong><em>:</em></strong></span> <span class='ocrx_word' id='word_1_625' title='bbox 2774 3498 3126 3555; x_wconf 88' lang='lat' dir='ltr'><strong><em>Circumcisio</em></strong></span> <span class='ocrx_word' id='word_1_626' title='bbox 3171 3502 3356 3573; x_wconf 86' lang='lat' dir='ltr'><strong><em>itaque</em></strong></span> <span class='ocrx_word' id='word_1_627' title='bbox 3394 3502 3540 3558; x_wconf 86' lang='lat' dir='ltr'><strong><em>nihil</em></strong></span> <span class='ocrx_word' id='word_1_628' title='bbox 3586 3508 3684 3574; x_wconf 88' lang='lat' dir='ltr'><strong><em>est,</em></strong></span> <span class='ocrx_word' id='word_1_629' title='bbox 3716 3504 3769 3562; x_wconf 85' lang='lat' dir='ltr'><strong><em>et</em></strong></span> 
     </span>
    </p>
   </div>
   <div class='ocr_carea' id='block_1_80' title="bbox 2111 3586 3768 3661">
    <p class='ocr_par' dir='ltr' id='par_1_80' title="bbox 2111 3586 3768 3661">
     <span class='ocr_line' id='line_1_80' title="bbox 2111 3586 3768 3661; baseline 0.004 -18"><span class='ocrx_word' id='word_1_630' title='bbox 2111 3590 2446 3661; x_wconf 77' lang='lat' dir='ltr'><strong><em>praeputium</em></strong></span> <span class='ocrx_word' id='word_1_631' title='bbox 2472 3586 2620 3643; x_wconf 84' lang='lat' dir='ltr'><strong><em>nihil</em></strong></span> <span class='ocrx_word' id='word_1_632' title='bbox 2664 3594 2761 3655; x_wconf 85' lang='lat' dir='ltr'><strong><em>est,</em></strong></span> <span class='ocrx_word' id='word_1_633' title='bbox 2793 3588 2887 3644; x_wconf 85' lang='lat' dir='ltr'><strong><em>sed</em></strong></span> <span class='ocrx_word' id='word_1_634' title='bbox 2914 3590 3215 3645; x_wconf 85' lang='lat' dir='ltr'><strong><em>observatio</em></strong></span> <span class='ocrx_word' id='word_1_635' title='bbox 3252 3591 3640 3649; x_wconf 86' lang='lat' dir='ltr'><strong><em>mandatorum</em></strong></span> <span class='ocrx_word' id='word_1_636' title='bbox 3666 3594 3768 3650; x_wconf 89' lang='lat' dir='ltr'><strong><em>Dei</em></strong></span> 
     </span>
    </p>
   </div>
   <div class='ocr_carea' id='block_1_81' title="bbox 2119 3676 3767 3758">
    <p class='ocr_par' dir='ltr' id='par_1_81' title="bbox 2119 3676 3767 3758">
     <span class='ocr_line' id='line_1_81' title="bbox 2119 3676 3767 3758; baseline 0.002 -23"><span class='ocrx_word' id='word_1_637' title='bbox 2119 3681 2168 3748; x_wconf 88' lang='grc' dir='ltr'><strong><em>(Ι</em></strong></span> <span class='ocrx_word' id='word_1_638' title='bbox 2197 3677 2316 3733; x_wconf 86' lang='lat' dir='ltr'><strong><em>Cor.</em></strong></span> <span class='ocrx_word' id='word_1_639' title='bbox 2349 3694 2449 3746; x_wconf 83' lang='lat' dir='ltr'><strong><em>vn,</em></strong></span> <span class='ocrx_word' id='word_1_640' title='bbox 2498 3678 2606 3747; x_wconf 88' lang='grc'><strong><em>19).</em></strong></span> <span class='ocrx_word' id='word_1_641' title='bbox 2650 3676 2947 3734; x_wconf 90' lang='lat' dir='ltr'><strong><em>Intantum</em></strong></span> <span class='ocrx_word' id='word_1_642' title='bbox 2994 3678 3152 3734; x_wconf 90' lang='lat' dir='ltr'><strong><em>enim</em></strong></span> <span class='ocrx_word' id='word_1_643' title='bbox 3202 3680 3568 3738; x_wconf 88' lang='lat' dir='ltr'><strong><em>circumcisio</em></strong></span> <span class='ocrx_word' id='word_1_644' title='bbox 3617 3680 3767 3758; x_wconf 86' lang='lat' dir='ltr'><strong><em>nihil</em></strong></span> 
     </span>
    </p>
   </div>
   <div class='ocr_carea' id='block_1_82' title="bbox 2120 3766 3766 3840">
    <p class='ocr_par' dir='ltr' id='par_1_82' title="bbox 2120 3766 3766 3840">
     <span class='ocr_line' id='line_1_82' title="bbox 2120 3766 3766 3840; baseline 0.002 -15"><span class='ocrx_word' id='word_1_645' title='bbox 2120 3773 2230 3835; x_wconf 89' lang='lat' dir='ltr'><strong><em>est,</em></strong></span> <span class='ocrx_word' id='word_1_646' title='bbox 2262 3773 2328 3823; x_wconf 90' lang='lat' dir='ltr'><strong><em>ut</em></strong></span> <span class='ocrx_word' id='word_1_647' title='bbox 2376 3766 2704 3824; x_wconf 82' lang='lat' dir='ltr'><strong><em>Israeliticae</em></strong></span> <span class='ocrx_word' id='word_1_648' title='bbox 2751 3784 2986 3840; x_wconf 89' lang='lat' dir='ltr'><strong><em>quoque</em></strong></span> <span class='ocrx_word' id='word_1_649' title='bbox 3032 3769 3256 3836; x_wconf 90' lang='lat' dir='ltr'><strong><em>domui,</em></strong></span> <span class='ocrx_word' id='word_1_650' title='bbox 3288 3786 3351 3826; x_wconf 88' lang='lat' dir='ltr'><strong><em>se</em></strong></span> <span class='ocrx_word' id='word_1_651' title='bbox 3397 3770 3469 3827; x_wconf 91' lang='lat' dir='ltr'><strong><em>de</em></strong></span> <span class='ocrx_word' id='word_1_652' title='bbox 3515 3771 3766 3829; x_wconf 89' lang='lat' dir='ltr'><strong><em>circum-</em></strong></span> 
     </span>
    </p>
   </div>
   <div class='ocr_carea' id='block_1_83' title="bbox 2122 3856 3770 3932">
    <p class='ocr_par' dir='ltr' id='par_1_83' title="bbox 2122 3856 3770 3932">
     <span class='ocr_line' id='line_1_83' title="bbox 2122 3856 3770 3932; baseline 0.004 -19"><span class='ocrx_word' id='word_1_653' title='bbox 2122 3858 2342 3914; x_wconf 92' lang='lat' dir='ltr'><strong><em>cisione</em></strong></span> <span class='ocrx_word' id='word_1_654' title='bbox 2381 3857 2651 3929; x_wconf 88' lang='lat' dir='ltr'><strong><em>jactanti,</em></strong></span> <span class='ocrx_word' id='word_1_655' title='bbox 2686 3856 2829 3912; x_wconf 92' lang='lat' dir='ltr'><strong><em>nihil</em></strong></span> <span class='ocrx_word' id='word_1_656' title='bbox 2879 3858 3181 3930; x_wconf 83' lang='lat' dir='ltr'><strong><em>profuerit,</em></strong></span> <span class='ocrx_word' id='word_1_657' title='bbox 3215 3860 3499 3932; x_wconf 88' lang='lat' dir='ltr'><strong><em>propheta</em></strong></span> <span class='ocrx_word' id='word_1_658' title='bbox 3547 3878 3770 3919; x_wconf 89' lang='lat' dir='ltr'><strong><em>memo-</em></strong></span> 
     </span>
    </p>
   </div>
   <div class='ocr_carea' id='block_1_84' title="bbox 2122 3947 3772 4022">
    <p class='ocr_par' dir='ltr' id='par_1_84' title="bbox 2122 3947 3772 4022">
     <span class='ocr_line' id='line_1_84' title="bbox 2122 3947 3772 4022; baseline 0.002 -19"><span class='ocrx_word' id='word_1_659' title='bbox 2122 3952 2287 4003; x_wconf 87' lang='lat' dir='ltr'><strong><em>rante</em></strong></span> <span class='ocrx_word' id='word_1_660' title='bbox 2343 3965 2356 4002; x_wconf 90' lang='lat'><strong><em>:</em></strong></span> <span class='ocrx_word' id='word_1_661' title='bbox 2410 3947 2604 4002; x_wconf 87' lang='lat' dir='ltr'><strong><em>Omnes</em></strong></span> <span class='ocrx_word' id='word_1_662' title='bbox 2658 3953 2839 4018; x_wconf 84' lang='lat' dir='ltr'><strong><em>gentes</em></strong></span> <span class='ocrx_word' id='word_1_663' title='bbox 2896 3948 3307 4006; x_wconf 53' lang='lat' dir='ltr'><strong><em>incircumcisus;</em></strong></span> <span class='ocrx_word' id='word_1_664' title='bbox 3360 3966 3547 4022; x_wconf 86' lang='lat' dir='ltr'><strong><em>carne,</em></strong></span> <span class='ocrx_word' id='word_1_665' title='bbox 3579 3952 3772 4008; x_wconf 90' lang='lat' dir='ltr'><strong><em>domus</em></strong></span> 
     </span>
    </p>
   </div>
   <div class='ocr_carea' id='block_1_85' title="bbox 2122 4036 3776 4111">
    <p class='ocr_par' dir='ltr' id='par_1_85' title="bbox 2122 4036 3776 4111">
     <span class='ocr_line' id='line_1_85' title="bbox 2122 4036 3776 4111; baseline 0.002 -19"><span class='ocrx_word' id='word_1_666' title='bbox 2122 4044 2305 4092; x_wconf 86' lang='lat' dir='ltr'><strong><em>autem</em></strong></span> <span class='ocrx_word' id='word_1_667' title='bbox 2337 4036 2504 4091; x_wconf 85' lang='lat' dir='ltr'><strong><em>Israel</em></strong></span> <span class='ocrx_word' id='word_1_668' title='bbox 2550 4036 2936 4091; x_wconf 86' lang='lat' dir='ltr'><strong><em>incircumcisa</em></strong></span> <span class='ocrx_word' id='word_1_669' title='bbox 2980 4037 3138 4091; x_wconf 88' lang='lat' dir='ltr'><strong><em>corde</em></strong></span> <span class='ocrx_word' id='word_1_670' title='bbox 3184 4036 3395 4107; x_wconf 71' lang='lat' dir='ltr'><strong><em>(Ezech.</em></strong></span> <span class='ocrx_word' id='word_1_671' title='bbox 3428 4056 3579 4106; x_wconf 78' lang='lat' dir='ltr'><strong>XLIV,</strong></span> <span class='ocrx_word' id='word_1_672' title='bbox 3607 4041 3686 4111; x_wconf 88' lang='lat'><strong><em>9),</em></strong></span> <span class='ocrx_word' id='word_1_673' title='bbox 3717 4044 3776 4096; x_wconf 86' lang='lat' dir='ltr'><strong><em>et</em></strong></span> 
     </span>
    </p>
   </div>
   <div class='ocr_carea' id='block_1_86' title="bbox 2122 4122 3774 4203">
    <p class='ocr_par' dir='ltr' id='par_1_86' title="bbox 2122 4122 3774 4203">
     <span class='ocr_line' id='line_1_86' title="bbox 2122 4122 3774 4203; baseline 0.002 -22"><span class='ocrx_word' id='word_1_674' title='bbox 2122 4123 2573 4180; x_wconf 90' lang='lat' dir='ltr'><strong><em>incircumcisus</em></strong></span> <span class='ocrx_word' id='word_1_675' title='bbox 2631 4122 3085 4202; x_wconf 85' lang='lat' dir='ltr'><strong><em>Melchisedech,</em></strong></span> <span class='ocrx_word' id='word_1_676' title='bbox 3129 4125 3544 4183; x_wconf 88' lang='lat' dir='ltr'><strong><em>circumcisum</em></strong></span> <span class='ocrx_word' id='word_1_677' title='bbox 3592 4129 3774 4203; x_wconf 87' lang='lat' dir='ltr'><strong><em>bene-</em></strong></span> 
     </span>
    </p>
   </div>
   <div class='ocr_carea' id='block_1_87' title="bbox 2124 4210 3773 4286">
    <p class='ocr_par' dir='ltr' id='par_1_87' title="bbox 2124 4210 3773 4286">
     <span class='ocr_line' id='line_1_87' title="bbox 2124 4210 3773 4286; baseline 0 -16"><span class='ocrx_word' id='word_1_678' title='bbox 2124 4214 2273 4270; x_wconf 85' lang='lat' dir='ltr'><strong><em>dixit</em></strong></span> <span class='ocrx_word' id='word_1_679' title='bbox 2300 4212 2593 4268; x_wconf 88' lang='lat' dir='ltr'><strong><em>Abraham</em></strong></span> <span class='ocrx_word' id='word_1_680' title='bbox 2621 4210 2774 4282; x_wconf 83' lang='lat' dir='ltr'><strong><em>(Gen.</em></strong></span> <span class='ocrx_word' id='word_1_681' title='bbox 2798 4229 2911 4278; x_wconf 70' lang='lat' dir='ltr'><strong><em>xxv,</em></strong></span> <span class='ocrx_word' id='word_1_682' title='bbox 2938 4212 3045 4281; x_wconf 87' lang='grc'>19).</span> <span class='ocrx_word' id='word_1_683' title='bbox 3071 4212 3214 4268; x_wconf 90' lang='lat' dir='ltr'><strong><em>Nam</em></strong></span> <span class='ocrx_word' id='word_1_684' title='bbox 3248 4214 3404 4286; x_wconf 92' lang='lat' dir='ltr'><strong><em>quod</em></strong></span> <span class='ocrx_word' id='word_1_685' title='bbox 3438 4215 3552 4271; x_wconf 87' lang='lat' dir='ltr'><strong><em>ait:</em></strong></span> <span class='ocrx_word' id='word_1_686' title='bbox 3578 4214 3639 4271; x_wconf 89' lang='lat' dir='ltr'><strong><em>Si</em></strong></span> <span class='ocrx_word' id='word_1_687' title='bbox 3662 4221 3773 4273; x_wconf 89' lang='lat' dir='ltr'><strong><em>cir-</em></strong></span> 
     </span>
    </p>
   </div>
   <div class='ocr_carea' id='block_1_88' title="bbox 2123 4300 3770 4373">
    <p class='ocr_par' dir='ltr' id='par_1_88' title="bbox 2123 4300 3770 4373">
     <span class='ocr_line' id='line_1_88' title="bbox 2123 4300 3770 4373; baseline 0.001 -13"><span class='ocrx_word' id='word_1_688' title='bbox 2123 4302 2537 4369; x_wconf 85' lang='lat' dir='ltr'><strong><em>cumcidamini,</em></strong></span> <span class='ocrx_word' id='word_1_689' title='bbox 2576 4301 2692 4357; x_wconf 89' lang='lat' dir='ltr'><strong><em>talo</em></strong></span> <span class='ocrx_word' id='word_1_690' title='bbox 2738 4304 2845 4371; x_wconf 91' lang='lat' dir='ltr'><strong><em>est,</em></strong></span> <span class='ocrx_word' id='word_1_691' title='bbox 2870 4300 3040 4373; x_wconf 87' lang='lat' dir='ltr'><strong><em>quale</em></strong></span> <span class='ocrx_word' id='word_1_692' title='bbox 3088 4302 3137 4357; x_wconf 90' lang='lat' dir='ltr'><strong><em>si</em></strong></span> <span class='ocrx_word' id='word_1_693' title='bbox 3186 4303 3421 4359; x_wconf 78' lang='lat' dir='ltr'><strong><em>dicere3</em></strong></span> <span class='ocrx_word' id='word_1_694' title='bbox 3466 4302 3770 4373; x_wconf 87' lang='lat' dir='ltr'><strong><em>voluisset,</em></strong></span> 
     </span>
    </p>
   </div>
   <div class='ocr_carea' id='block_1_89' title="bbox 2127 4390 3771 4469">
    <p class='ocr_par' dir='ltr' id='par_1_89' title="bbox 2127 4390 3771 4469">
     <span class='ocr_line' id='line_1_89' title="bbox 2127 4390 3771 4469; baseline 0.001 -21"><span class='ocrx_word' id='word_1_695' title='bbox 2127 4393 2176 4449; x_wconf 88' lang='lat' dir='ltr'><strong><em>si</em></strong></span> <span class='ocrx_word' id='word_1_696' title='bbox 2208 4408 2381 4448; x_wconf 85' lang='lat' dir='ltr'><strong><em>carne</em></strong></span> <span class='ocrx_word' id='word_1_697' title='bbox 2430 4390 2955 4446; x_wconf 87' lang='lat' dir='ltr'><strong><em>circumcidamini.</em></strong></span> <span class='ocrx_word' id='word_1_698' title='bbox 2988 4391 3172 4455; x_wconf 88' lang='lat' dir='ltr'><strong><em>Quam</em></strong></span> <span class='ocrx_word' id='word_1_699' title='bbox 3212 4392 3272 4447; x_wconf 90' lang='lat' dir='ltr'><strong><em>in</em></strong></span> <span class='ocrx_word' id='word_1_700' title='bbox 3320 4391 3433 4469; x_wconf 87' lang='lat' dir='ltr'><strong><em>alio</em></strong></span> <span class='ocrx_word' id='word_1_701' title='bbox 3481 4391 3608 4449; x_wconf 91' lang='lat' dir='ltr'><strong><em>loco</em></strong></span> <span class='ocrx_word' id='word_1_702' title='bbox 3654 4409 3771 4450; x_wconf 88' lang='lat' dir='ltr'><strong><em>non</em></strong></span> 
     </span>
    </p>
   </div>
   <div class='ocr_carea' id='block_1_90' title="bbox 2126 4479 3770 4555">
    <p class='ocr_par' dir='ltr' id='par_1_90' title="bbox 2126 4479 3770 4555">
     <span class='ocr_line' id='line_1_90' title="bbox 2126 4479 3770 4555; baseline 0.002 -19"><span class='ocrx_word' id='word_1_703' title='bbox 2126 4480 2658 4555; x_wconf 72' lang='lat' dir='ltr'><strong><em>circumcisionem,</em></strong></span> <span class='ocrx_word' id='word_1_704' title='bbox 2704 4481 2802 4535; x_wconf 89' lang='lat' dir='ltr'><strong><em>sed</em></strong></span> <span class='ocrx_word' id='word_1_705' title='bbox 2851 4479 3245 4536; x_wconf 89' lang='lat' dir='ltr'><strong><em>concisionem</em></strong></span> <span class='ocrx_word' id='word_1_706' title='bbox 3292 4486 3480 4552; x_wconf 90' lang='lat' dir='ltr'><strong><em>vocat,</em></strong></span> <span class='ocrx_word' id='word_1_707' title='bbox 3522 4482 3770 4541; x_wconf 87' lang='lat' dir='ltr'><strong><em>dicens:</em></strong></span> 
     </span>
    </p>
   </div>
   <div class='ocr_carea' id='block_1_91' title="bbox 2134 4570 3772 4643">
    <p class='ocr_par' dir='ltr' id='par_1_91' title="bbox 2134 4570 3772 4643">
     <span class='ocr_line' id='line_1_91' title="bbox 2134 4570 3772 4643; baseline 0.002 -16"><span class='ocrx_word' id='word_1_708' title='bbox 2134 4572 2310 4627; x_wconf 86' lang='lat' dir='ltr'><strong><em>Videte</em></strong></span> <span class='ocrx_word' id='word_1_709' title='bbox 2364 4571 2750 4627; x_wconf 85' lang='lat' dir='ltr'><strong><em>concisionem.</em></strong></span> <span class='ocrx_word' id='word_1_710' title='bbox 2798 4570 2904 4625; x_wconf 86' lang='lat' dir='ltr'><strong><em>Nos</em></strong></span> <span class='ocrx_word' id='word_1_711' title='bbox 2957 4572 3107 4626; x_wconf 86' lang='lat' dir='ltr'><strong><em>enim</em></strong></span> <span class='ocrx_word' id='word_1_712' title='bbox 3162 4587 3350 4627; x_wconf 87' lang='lat' dir='ltr'><strong><em>sumus</em></strong></span> <span class='ocrx_word' id='word_1_713' title='bbox 3404 4572 3772 4643; x_wconf 73' lang='lat' dir='ltr'><strong><em>circumcisio,</em></strong></span> 
     </span>
    </p>
   </div>
   <div class='ocr_carea' id='block_1_92' title="bbox 2072 4660 3780 4733">
    <p class='ocr_par' dir='ltr' id='par_1_92' title="bbox 2072 4660 3780 4733">
     <span class='ocr_line' id='line_1_92' title="bbox 2072 4660 3780 4733; baseline 0.003 -17"><span class='ocrx_word' id='word_1_714' title='bbox 2072 4718 2077 4725; x_wconf 65' lang='grc'><em>,</em></span> <span class='ocrx_word' id='word_1_715' title='bbox 2126 4662 2223 4733; x_wconf 88' lang='lat' dir='ltr'><strong><em>qui</em></strong></span> <span class='ocrx_word' id='word_1_716' title='bbox 2249 4661 2452 4732; x_wconf 85' lang='lat' dir='ltr'><strong><em>spiritu</em></strong></span> <span class='ocrx_word' id='word_1_717' title='bbox 2486 4661 2583 4715; x_wconf 89' lang='lat' dir='ltr'><strong><em>Dei</em></strong></span> <span class='ocrx_word' id='word_1_718' title='bbox 2609 4660 2894 4725; x_wconf 83' lang='lat' dir='ltr'><strong><em>servimus,</em></strong></span> <span class='ocrx_word' id='word_1_719' title='bbox 2924 4665 2975 4716; x_wconf 89' lang='lat' dir='ltr'><strong><em>et</em></strong></span> <span class='ocrx_word' id='word_1_720' title='bbox 3022 4661 3342 4733; x_wconf 84' lang='lat' dir='ltr'><strong><em>gloriamur</em></strong></span> <span class='ocrx_word' id='word_1_721' title='bbox 3370 4662 3431 4717; x_wconf 87' lang='lat' dir='ltr'><strong><em>in</em></strong></span> <span class='ocrx_word' id='word_1_722' title='bbox 3459 4662 3694 4730; x_wconf 88' lang='lat' dir='ltr'><strong><em>Christo,</em></strong></span> <span class='ocrx_word' id='word_1_723' title='bbox 3725 4668 3780 4722; x_wconf 89' lang='lat' dir='ltr'><strong><em>et</em></strong></span> 
     </span>
    </p>
   </div>
   <div class='ocr_carea' id='block_1_93' title="bbox 368 4748 3776 4826">
    <p class='ocr_par' dir='ltr' id='par_1_93' title="bbox 368 4748 3776 4826">
     <span class='ocr_line' id='line_1_93' title="bbox 368 4748 3776 4826; baseline 0.001 -19"><span class='ocrx_word' id='word_1_724' title='bbox 368 4768 409 4823; x_wconf 74' lang='grc' dir='ltr'><strong>ι,</strong></span> <span class='ocrx_word' id='word_1_725' title='bbox 443 4752 496 4824; x_wconf 92' lang='grc'><strong><em>1)</em></strong></span> <span class='ocrx_word' id='word_1_726' title='bbox 530 4768 543 4808; x_wconf 90' lang='lat'><strong><em>:</em></strong></span> <span class='ocrx_word' id='word_1_727' title='bbox 578 4758 645 4808; x_wconf 90' lang='lat' dir='ltr'><strong><em>ut</em></strong></span> <span class='ocrx_word' id='word_1_728' title='bbox 673 4753 998 4819; x_wconf 88' lang='lat' dir='ltr'><strong><em>audientes,</em></strong></span> <span class='ocrx_word' id='word_1_729' title='bbox 1032 4768 1147 4808; x_wconf 91' lang='lat' dir='ltr'><strong><em>non</em></strong></span> <span class='ocrx_word' id='word_1_730' title='bbox 1178 4755 1300 4807; x_wconf 90' lang='lat' dir='ltr'><strong><em>tam</em></strong></span> <span class='ocrx_word' id='word_1_731' title='bbox 1344 4749 1534 4817; x_wconf 89' lang='lat' dir='ltr'><strong><em>missi,</em></strong></span> <span class='ocrx_word' id='word_1_732' title='bbox 1567 4766 1746 4822; x_wconf 90' lang='lat' dir='ltr'><strong><em>quam</em></strong></span> <span class='ocrx_word' id='word_1_733' title='bbox 1778 4749 2017 4806; x_wconf 87' lang='lat' dir='ltr'><strong><em>mitten-</em></strong></span> <span class='ocrx_word' id='word_1_734' title='bbox 2046 4759 2095 4826; x_wconf 83' lang='lat' dir='ltr'><strong>D</strong></span> <span class='ocrx_word' id='word_1_735' title='bbox 2124 4766 2238 4807; x_wconf 84' lang='lat' dir='ltr'><strong><em>non</em></strong></span> <span class='ocrx_word' id='word_1_736' title='bbox 2295 4751 2352 4804; x_wconf 88' lang='lat' dir='ltr'><strong><em>in</em></strong></span> <span class='ocrx_word' id='word_1_737' title='bbox 2400 4765 2573 4805; x_wconf 87' lang='lat' dir='ltr'><strong><em>carne</em></strong></span> <span class='ocrx_word' id='word_1_738' title='bbox 2628 4748 2961 4819; x_wconf 83' lang='lat' dir='ltr'><strong><em>conﬁdimus</em></strong></span> <span class='ocrx_word' id='word_1_739' title='bbox 3011 4749 3280 4823; x_wconf 79' lang='lat' dir='ltr'><strong><em>(Philipp.</em></strong></span> <span class='ocrx_word' id='word_1_740' title='bbox 3313 4768 3400 4817; x_wconf 88' lang='grc' dir='ltr'><strong>ιιι,</strong></span> <span class='ocrx_word' id='word_1_741' title='bbox 3439 4752 3494 4823; x_wconf 85' lang='lat'><strong><em>2,</em></strong></span> <span class='ocrx_word' id='word_1_742' title='bbox 3527 4753 3603 4824; x_wconf 88' lang='lat'><strong><em>3).</em></strong></span> <span class='ocrx_word' id='word_1_743' title='bbox 3649 4752 3776 4810; x_wconf 92' lang='lat' dir='ltr'><strong><em>Non</em></strong></span> 
     </span>
    </p>
   </div>
   <div class='ocr_carea' id='block_1_94' title="bbox 370 4838 2014 4912">
    <p class='ocr_par' dir='ltr' id='par_1_94' title="bbox 370 4838 2014 4912">
     <span class='ocr_line' id='line_1_94' title="bbox 370 4838 2014 4912; baseline -0.001 -14"><span class='ocrx_word' id='word_1_744' title='bbox 370 4841 448 4898; x_wconf 88' lang='lat' dir='ltr'><strong><em>tis</em></strong></span> <span class='ocrx_word' id='word_1_745' title='bbox 476 4840 826 4899; x_wconf 89' lang='lat' dir='ltr'><strong><em>auctoritate</em></strong></span> <span class='ocrx_word' id='word_1_746' title='bbox 873 4846 1237 4899; x_wconf 87' lang='lat' dir='ltr'><strong><em>moveantur.</em></strong></span> <span class='ocrx_word' id='word_1_747' title='bbox 1272 4841 1465 4897; x_wconf 87' lang='lat' dir='ltr'><strong><em>Potest</em></strong></span> <span class='ocrx_word' id='word_1_748' title='bbox 1510 4838 1725 4912; x_wconf 90' lang='lat' dir='ltr'><strong><em>aliquis</em></strong></span> <span class='ocrx_word' id='word_1_749' title='bbox 1775 4839 1967 4896; x_wconf 88' lang='lat' dir='ltr'><strong><em>dicere</em></strong></span> <span class='ocrx_word' id='word_1_750' title='bbox 1999 4856 2014 4896; x_wconf 90' lang='lat'><strong><em>:</em></strong></span> 
     </span>
    </p>
   </div>
   <div class='ocr_carea' id='block_1_95' title="bbox 364 4922 2018 5002">
    <p class='ocr_par' dir='ltr' id='par_1_95' title="bbox 364 4922 2018 5002">
     <span class='ocr_line' id='line_1_95' title="bbox 364 4922 2018 5002; baseline -0.002 -14"><span class='ocrx_word' id='word_1_751' title='bbox 364 4922 740 4989; x_wconf 81' lang='lat' dir='ltr'><strong><em>Contrarium</em></strong></span> <span class='ocrx_word' id='word_1_752' title='bbox 770 4935 862 4988; x_wconf 89' lang='lat' dir='ltr'><strong><em>est</em></strong></span> <span class='ocrx_word' id='word_1_753' title='bbox 891 4930 1027 4988; x_wconf 91' lang='lat' dir='ltr'><strong><em>huic</em></strong></span> <span class='ocrx_word' id='word_1_754' title='bbox 1076 4930 1199 4988; x_wconf 90' lang='lat' dir='ltr'><strong><em>loco</em></strong></span> <span class='ocrx_word' id='word_1_755' title='bbox 1241 4929 1385 4986; x_wconf 93' lang='lat' dir='ltr'><strong><em>illud</em></strong></span> <span class='ocrx_word' id='word_1_756' title='bbox 1417 4931 1573 5002; x_wconf 91' lang='lat' dir='ltr'><strong><em>quod</em></strong></span> <span class='ocrx_word' id='word_1_757' title='bbox 1605 4928 1677 4985; x_wconf 90' lang='lat' dir='ltr'><strong><em>ad</em></strong></span> <span class='ocrx_word' id='word_1_758' title='bbox 1725 4930 2018 4986; x_wconf 85' lang='lat' dir='ltr'><strong><em>Romanos</em></strong></span> 
     </span>
    </p>
   </div>
   <div class='ocr_carea' id='block_1_96' title="bbox 366 5019 2021 5093">
    <p class='ocr_par' dir='ltr' id='par_1_96' title="bbox 366 5019 2021 5093">
     <span class='ocr_line' id='line_1_96' title="bbox 366 5019 2021 5093; baseline -0.002 -15"><span class='ocrx_word' id='word_1_759' title='bbox 366 5020 647 5078; x_wconf 85' lang='lat' dir='ltr'><strong><em>scribitur</em></strong></span> <span class='ocrx_word' id='word_1_760' title='bbox 679 5038 692 5077; x_wconf 91' lang='lat'><strong><em>:</em></strong></span> <span class='ocrx_word' id='word_1_761' title='bbox 727 5020 1088 5089; x_wconf 84' lang='lat' dir='ltr'><strong><em>Circumcisio</em></strong></span> <span class='ocrx_word' id='word_1_762' title='bbox 1130 5020 1352 5093; x_wconf 87' lang='lat' dir='ltr'><strong><em>quidem</em></strong></span> <span class='ocrx_word' id='word_1_763' title='bbox 1376 5019 1611 5092; x_wconf 85' lang='lat' dir='ltr'><strong><em>prodest,</em></strong></span> <span class='ocrx_word' id='word_1_764' title='bbox 1642 5021 1701 5089; x_wconf 82' lang='lat' dir='ltr'><strong><em>si</em></strong></span> <span class='ocrx_word' id='word_1_765' title='bbox 1733 5020 1903 5093; x_wconf 86' lang='lat' dir='ltr'><strong><em>legem</em></strong></span> <span class='ocrx_word' id='word_1_766' title='bbox 1931 5037 2021 5076; x_wconf 60' lang='lat' dir='ltr'><strong><em>cu.</em></strong></span> 
     </span>
    </p>
   </div>
   <div class='ocr_carea' id='block_1_97' title="bbox 368 5108 2019 5184">
    <p class='ocr_par' dir='ltr' id='par_1_97' title="bbox 368 5108 2019 5184">
     <span class='ocr_line' id='line_1_97' title="bbox 368 5108 2019 5184; baseline 0 -19"><span class='ocrx_word' id='word_1_767' title='bbox 368 5108 574 5166; x_wconf 88' lang='lat' dir='ltr'><strong><em>stodias</em></strong></span> <span class='ocrx_word' id='word_1_768' title='bbox 611 5109 785 5182; x_wconf 85' lang='lat' dir='ltr'><strong><em>(Rom.</em></strong></span> <span class='ocrx_word' id='word_1_769' title='bbox 836 5129 900 5183; x_wconf 90' lang='grc' dir='ltr'><strong>ιι,</strong></span> <span class='ocrx_word' id='word_1_770' title='bbox 946 5111 1072 5184; x_wconf 82' lang='lat'><strong><em>25);</em></strong></span> <span class='ocrx_word' id='word_1_771' title='bbox 1104 5115 1163 5168; x_wconf 88' lang='lat' dir='ltr'><strong><em>et</em></strong></span> <span class='ocrx_word' id='word_1_772' title='bbox 1190 5109 1388 5166; x_wconf 85' lang='lat' dir='ltr'><strong><em>infra:</em></strong></span> <span class='ocrx_word' id='word_1_773' title='bbox 1425 5108 1566 5178; x_wconf 85' lang='lat' dir='ltr'><strong><em>Quid</em></strong></span> <span class='ocrx_word' id='word_1_774' title='bbox 1604 5125 1733 5182; x_wconf 88' lang='lat' dir='ltr'><strong><em>ergo</em></strong></span> <span class='ocrx_word' id='word_1_775' title='bbox 1776 5114 1855 5165; x_wconf 88' lang='lat' dir='ltr'><strong><em>est</em></strong></span> <span class='ocrx_word' id='word_1_776' title='bbox 1900 5127 2019 5166; x_wconf 88' lang='lat' dir='ltr'><strong><em>am-</em></strong></span> 
     </span>
    </p>
   </div>
   <div class='ocr_carea' id='block_1_98' title="bbox 449 5269 2019 5345">
    <p class='ocr_par' dir='ltr' id='par_1_98' title="bbox 449 5269 2019 5345">
     <span class='ocr_line' id='line_1_98' title="bbox 449 5269 2019 5345; baseline 0.003 -20"><span class='ocrx_word' id='word_1_777' title='bbox 449 5269 790 5345; x_wconf 56' lang='lat' dir='ltr'><strong><em>‘Victorius</em></strong></span> <span class='ocrx_word' id='word_1_778' title='bbox 846 5272 971 5345; x_wconf 87' lang='lat' dir='ltr'><strong><em>ait:</em></strong></span> <span class='ocrx_word' id='word_1_779' title='bbox 1022 5272 1277 5345; x_wconf 89' lang='lat' dir='ltr'><strong><em>Vulgata</em></strong></span> <span class='ocrx_word' id='word_1_780' title='bbox 1330 5271 1516 5345; x_wconf 86' lang='lat' dir='ltr'><strong><em>editio</em></strong></span> <span class='ocrx_word' id='word_1_781' title='bbox 1566 5276 1905 5329; x_wconf 87' lang='lat' dir='ltr'><strong><em>constanter</em></strong></span> <span class='ocrx_word' id='word_1_782' title='bbox 1958 5273 2019 5329; x_wconf 91' lang='lat' dir='ltr'><strong><em>in</em></strong></span> 
     </span>
    </p>
   </div>
   <div class='ocr_carea' id='block_1_99' title="bbox 372 5343 2024 5418">
    <p class='ocr_par' dir='ltr' id='par_1_99' title="bbox 372 5343 2024 5418">
     <span class='ocr_line' id='line_1_99' title="bbox 372 5343 2024 5418; baseline 0.001 -20"><span class='ocrx_word' id='word_1_783' title='bbox 372 5343 604 5418; x_wconf 80' lang='lat' dir='ltr'><strong><em>cunctis</em></strong></span> <span class='ocrx_word' id='word_1_784' title='bbox 633 5344 1065 5418; x_wconf 79' lang='lat' dir='ltr'><strong><em>exemplaribus</em></strong></span> <span class='ocrx_word' id='word_1_785' title='bbox 1092 5343 1212 5418; x_wconf 69' lang='lat' dir='ltr'><strong><em>tam</em></strong></span> <span class='ocrx_word' id='word_1_786' title='bbox 1248 5344 1575 5418; x_wconf 79' lang='lat' dir='ltr'><strong><em>impressis,</em></strong></span> <span class='ocrx_word' id='word_1_787' title='bbox 1606 5361 1782 5418; x_wconf 89' lang='lat' dir='ltr'><strong><em>quam</em></strong></span> <span class='ocrx_word' id='word_1_788' title='bbox 1816 5362 2024 5400; x_wconf 87' lang='lat' dir='ltr'><strong><em>manu-</em></strong></span> 
     </span>
    </p>
   </div>
   <div class='ocr_carea' id='block_1_100' title="bbox 372 5414 2022 5489">
    <p class='ocr_par' dir='ltr' id='par_1_100' title="bbox 372 5414 2022 5489">
     <span class='ocr_line' id='line_1_100' title="bbox 372 5414 2022 5489; baseline 0.001 -18"><span class='ocrx_word' id='word_1_789' title='bbox 372 5414 606 5489; x_wconf 81' lang='lat' dir='ltr'><strong><em>scriptis</em></strong></span> <span class='ocrx_word' id='word_1_790' title='bbox 656 5414 815 5489; x_wconf 69' lang='lat' dir='ltr'><strong><em>legit,</em></strong></span> <span class='ocrx_word' id='word_1_791' title='bbox 845 5416 994 5489; x_wconf 78' lang='lat' dir='ltr'><strong><em>nihil</em></strong></span> <span class='ocrx_word' id='word_1_792' title='bbox 1038 5414 1640 5489; x_wconf 57' lang='lat' dir='ltr'><strong><em>proderitfsimiliter</em></strong></span> <span class='ocrx_word' id='word_1_793' title='bbox 1684 5422 1740 5471; x_wconf 89' lang='lat' dir='ltr'><strong><em>et</em></strong></span> <span class='ocrx_word' id='word_1_794' title='bbox 1788 5417 2022 5473; x_wconf 69' lang='lat' dir='ltr'><strong><em>Graecus</em></strong></span> 
     </span>
    </p>
   </div>
   <div class='ocr_carea' id='block_1_101' title="bbox 372 5485 2022 5567">
    <p class='ocr_par' dir='ltr' id='par_1_101' title="bbox 372 5485 2022 5567">
     <span class='ocr_line' id='line_1_101' title="bbox 372 5485 2022 5567; baseline 0 -24"><span class='ocrx_word' id='word_1_795' title='bbox 372 5485 552 5567; x_wconf 77' lang='lat' dir='ltr'><strong><em>codex</em></strong></span> <span class='ocrx_word' id='word_1_796' title='bbox 581 5485 1086 5567; x_wconf 64' lang='lat' dir='ltr'><strong><em>legit,_cbcpe).zﬁeei._</em></strong></span> <span class='ocrx_word' id='word_1_797' title='bbox 1109 5489 1489 5567; x_wconf 67' lang='lat' dir='ltr'><strong><em>Hieronymus</em></strong></span> <span class='ocrx_word' id='word_1_798' title='bbox 1520 5488 1575 5542; x_wconf 91' lang='lat' dir='ltr'><strong><em>in</em></strong></span> <span class='ocrx_word' id='word_1_799' title='bbox 1603 5489 2022 5567; x_wconf 72' lang='lat' dir='ltr'><strong><em>commentario</em></strong></span> 
     </span>
    </p>
   </div>
   <div class='ocr_carea' id='block_1_102' title="bbox 370 5559 2024 5633">
    <p class='ocr_par' dir='ltr' id='par_1_102' title="bbox 370 5559 2024 5633">
     <span class='ocr_line' id='line_1_102' title="bbox 370 5559 2024 5633; baseline 0.001 -19"><span class='ocrx_word' id='word_1_800' title='bbox 370 5559 714 5633; x_wconf 64' lang='lat' dir='ltr'><strong><em>quinquies,</em></strong></span> <span class='ocrx_word' id='word_1_801' title='bbox 747 5559 857 5617; x_wconf 80' lang='lat' dir='ltr'><strong><em>hoc</em></strong></span> <span class='ocrx_word' id='word_1_802' title='bbox 904 5567 993 5633; x_wconf 85' lang='lat' dir='ltr'><strong><em>est</em></strong></span> <span class='ocrx_word' id='word_1_803' title='bbox 1032 5559 1388 5633; x_wconf 85' lang='lat' dir='ltr'><strong><em>ubicumque</em></strong></span> <span class='ocrx_word' id='word_1_804' title='bbox 1434 5559 1836 5633; x_wconf 12' lang='lat' dir='ltr'><strong><em>locumioitat,</em></strong></span> <span class='ocrx_word' id='word_1_805' title='bbox 1881 5560 2024 5633; x_wconf 88' lang='lat' dir='ltr'><strong><em>legit</em></strong></span> 
     </span>
    </p>
   </div>
   <div class='ocr_carea' id='block_1_103' title="bbox 371 5631 2021 5703">
    <p class='ocr_par' dir='ltr' id='par_1_103' title="bbox 371 5631 2021 5703">
     <span class='ocr_line' id='line_1_103' title="bbox 371 5631 2021 5703; baseline 0.001 -16"><span class='ocrx_word' id='word_1_806' title='bbox 371 5631 777 5703; x_wconf 83' lang='lat' dir='ltr'><strong><em>nihilprodest.</em></strong></span> <span class='ocrx_word' id='word_1_807' title='bbox 829 5632 1183 5699; x_wconf 90' lang='lat' dir='ltr'><strong><em>Lectionem,</em></strong></span> <span class='ocrx_word' id='word_1_808' title='bbox 1216 5631 1305 5687; x_wconf 87' lang='lat' dir='ltr'><strong><em>ab</em></strong></span> <span class='ocrx_word' id='word_1_809' title='bbox 1339 5632 1773 5703; x_wconf 84' lang='lat' dir='ltr'><strong><em>exemplaribus</em></strong></span> <span class='ocrx_word' id='word_1_810' title='bbox 1822 5631 2021 5689; x_wconf 43' lang='lat' dir='ltr'><strong><em>Hier—o-</em></strong></span> 
     </span>
    </p>
   </div>
   <div class='ocr_carea' id='block_1_104' title="bbox 372 5702 2025 5776">
    <p class='ocr_par' dir='ltr' id='par_1_104' title="bbox 372 5702 2025 5776">
     <span class='ocr_line' id='line_1_104' title="bbox 372 5702 2025 5776; baseline 0.001 -17"><span class='ocrx_word' id='word_1_811' title='bbox 372 5702 667 5776; x_wconf 86' lang='lat' dir='ltr'><strong><em>nymianis</em></strong></span> <span class='ocrx_word' id='word_1_812' title='bbox 721 5703 1012 5776; x_wconf 86' lang='lat' dir='ltr'><strong><em>destituti,</em></strong></span> <span class='ocrx_word' id='word_1_813' title='bbox 1063 5708 1291 5760; x_wconf 89' lang='lat' dir='ltr'><strong><em>mutare</em></strong></span> <span class='ocrx_word' id='word_1_814' title='bbox 1337 5702 1468 5760; x_wconf 87' lang='lat' dir='ltr'><strong><em>ausi</em></strong></span> <span class='ocrx_word' id='word_1_815' title='bbox 1514 5702 1633 5761; x_wconf 89' lang='lat' dir='ltr'><strong><em>non</em></strong></span> <span class='ocrx_word' id='word_1_816' title='bbox 1673 5721 1903 5761; x_wconf 89' lang='lat' dir='ltr'><strong><em>sumus.</em></strong></span> <span class='ocrx_word' id='word_1_817' title='bbox 1938 5710 2025 5762; x_wconf 84' lang='lat' dir='ltr'><strong><em>Ita</em></strong></span> 
     </span>
    </p>
   </div>
   <div class='ocr_carea' id='block_1_105' title="bbox 373 5774 990 5833">
    <p class='ocr_par' dir='ltr' id='par_1_105' title="bbox 373 5774 990 5833">
     <span class='ocr_line' id='line_1_105' title="bbox 373 5774 990 5833; baseline -0.003 0"><span class='ocrx_word' id='word_1_818' title='bbox 373 5774 530 5833; x_wconf 82' lang='lat' dir='ltr'><strong><em>enim</em></strong></span> <span class='ocrx_word' id='word_1_819' title='bbox 561 5777 708 5833; x_wconf 90' lang='lat' dir='ltr'><strong><em>forte</em></strong></span> <span class='ocrx_word' id='word_1_820' title='bbox 740 5774 990 5833; x_wconf 65' lang='lat' dir='ltr'><strong><em>legebat.</em></strong></span> 
     </span>
    </p>
   </div>
   <div class='ocr_carea' id='block_1_106' title="bbox 445 5846 2027 5931">
    <p class='ocr_par' dir='ltr' id='par_1_106' title="bbox 445 5846 2027 5931">
     <span class='ocr_line' id='line_1_106' title="bbox 445 5846 2027 5931; baseline 0.003 -26"><span class='ocrx_word' id='word_1_821' title='bbox 445 5848 468 5931; x_wconf 56' lang='grc' dir='ltr'><em>ξ</em></span> <span class='ocrx_word' id='word_1_822' title='bbox 495 5846 614 5913; x_wconf 83' lang='lat' dir='ltr'><strong><em>Hoc</em></strong></span> <span class='ocrx_word' id='word_1_823' title='bbox 644 5863 777 5907; x_wconf 85' lang='lat' dir='ltr'><strong><em>vero</em></strong></span> <span class='ocrx_word' id='word_1_824' title='bbox 800 5846 1045 5907; x_wconf 86' lang='lat' dir='ltr'><strong><em>Patrum</em></strong></span> <span class='ocrx_word' id='word_1_825' title='bbox 1076 5861 1294 5921; x_wconf 85' lang='lat' dir='ltr'><strong><em>magna</em></strong></span> <span class='ocrx_word' id='word_1_826' title='bbox 1333 5864 1471 5923; x_wconf 84' lang='lat' dir='ltr'><strong><em>pars</em></strong></span> <span class='ocrx_word' id='word_1_827' title='bbox 1514 5847 1692 5919; x_wconf 90' lang='lat' dir='ltr'><strong><em>novit,</em></strong></span> <span class='ocrx_word' id='word_1_828' title='bbox 1726 5865 1793 5907; x_wconf 86' lang='lat' dir='ltr'><strong><em>ac</em></strong></span> <span class='ocrx_word' id='word_1_829' title='bbox 1822 5846 2027 5909; x_wconf 87' lang='lat' dir='ltr'><strong><em>laudat</em></strong></span> 
     </span>
    </p>
   </div>
   <div class='ocr_carea' id='block_1_107' title="bbox 2127 4832 3778 4915">
    <p class='ocr_par' dir='ltr' id='par_1_107' title="bbox 2127 4832 3778 4915">
     <span class='ocr_line' id='line_1_107' title="bbox 2127 4832 3778 4915; baseline 0.001 -18"><span class='ocrx_word' id='word_1_830' title='bbox 2127 4838 2370 4897; x_wconf 83' lang='lat' dir='ltr'><strong><em>conﬁdit</em></strong></span> <span class='ocrx_word' id='word_1_831' title='bbox 2397 4839 2455 4893; x_wconf 91' lang='lat' dir='ltr'><strong><em>in</em></strong></span> <span class='ocrx_word' id='word_1_832' title='bbox 2488 4855 2683 4906; x_wconf 89' lang='lat' dir='ltr'><strong><em>carne,</em></strong></span> <span class='ocrx_word' id='word_1_833' title='bbox 2714 4832 2833 4911; x_wconf 73' lang='lat' dir='ltr'><strong><em>qui‘</em></strong></span> <span class='ocrx_word' id='word_1_834' title='bbox 2856 4854 3090 4895; x_wconf 91' lang='lat' dir='ltr'><strong><em>omnem</em></strong></span> <span class='ocrx_word' id='word_1_835' title='bbox 3122 4839 3437 4897; x_wconf 89' lang='lat' dir='ltr'><strong><em>utilitatem</em></strong></span> <span class='ocrx_word' id='word_1_836' title='bbox 3479 4846 3778 4915; x_wconf 79' lang='lat' dir='ltr'><strong><em>exspectat</em></strong></span> 
     </span>
    </p>
   </div>
   <div class='ocr_carea' id='block_1_108' title="bbox 2129 4916 3777 5002">
    <p class='ocr_par' dir='ltr' id='par_1_108' title="bbox 2129 4916 3777 5002">
     <span class='ocr_line' id='line_1_108' title="bbox 2129 4916 3777 5002; baseline 0.001 -16"><span class='ocrx_word' id='word_1_837' title='bbox 2129 4948 2163 4986; x_wconf 78' lang='grc' dir='ltr'><strong><em>ιι</em></strong></span> <span class='ocrx_word' id='word_1_838' title='bbox 2193 4928 2442 4991; x_wconf 88' lang='lat' dir='ltr'><strong><em>Christo,</em></strong></span> <span class='ocrx_word' id='word_1_839' title='bbox 2475 4916 2695 4982; x_wconf 30' lang='lat' dir='ltr'><strong><em>etlnon</em></strong></span> <span class='ocrx_word' id='word_1_840' title='bbox 2746 4928 2997 4984; x_wconf 86' lang='lat' dir='ltr'><strong><em>seminat</em></strong></span> <span class='ocrx_word' id='word_1_841' title='bbox 3044 4928 3102 4983; x_wconf 92' lang='lat' dir='ltr'><strong><em>in</em></strong></span> <span class='ocrx_word' id='word_1_842' title='bbox 3154 4946 3346 5002; x_wconf 80' lang='lat' dir='ltr'><strong><em>carne,</em></strong></span> <span class='ocrx_word' id='word_1_843' title='bbox 3380 4935 3443 4986; x_wconf 87' lang='lat' dir='ltr'><strong><em>ut</em></strong></span> <span class='ocrx_word' id='word_1_844' title='bbox 3488 4931 3559 4987; x_wconf 90' lang='lat' dir='ltr'><strong><em>de</em></strong></span> <span class='ocrx_word' id='word_1_845' title='bbox 3605 4947 3777 4988; x_wconf 89' lang='lat' dir='ltr'><strong><em>carne</em></strong></span> 
     </span>
    </p>
   </div>
   <div class='ocr_carea' id='block_1_109' title="bbox 2130 5016 3777 5093">
    <p class='ocr_par' dir='ltr' id='par_1_109' title="bbox 2130 5016 3777 5093">
     <span class='ocr_line' id='line_1_109' title="bbox 2130 5016 3777 5093; baseline -0.001 -16"><span class='ocrx_word' id='word_1_846' title='bbox 2130 5023 2313 5077; x_wconf 88' lang='lat' dir='ltr'><strong><em>metat</em></strong></span> <span class='ocrx_word' id='word_1_847' title='bbox 2356 5016 2820 5090; x_wconf 89' lang='lat' dir='ltr'><strong><em>corruptionem;</em></strong></span> <span class='ocrx_word' id='word_1_848' title='bbox 2871 5018 2973 5074; x_wconf 91' lang='lat' dir='ltr'><strong><em>sed</em></strong></span> <span class='ocrx_word' id='word_1_849' title='bbox 3020 5018 3080 5073; x_wconf 92' lang='lat' dir='ltr'><strong><em>in</em></strong></span> <span class='ocrx_word' id='word_1_850' title='bbox 3134 5018 3367 5092; x_wconf 90' lang='lat' dir='ltr'><strong><em>spiritu,</em></strong></span> <span class='ocrx_word' id='word_1_851' title='bbox 3398 5020 3470 5075; x_wconf 92' lang='lat' dir='ltr'><strong><em>de</em></strong></span> <span class='ocrx_word' id='word_1_852' title='bbox 3501 5036 3615 5093; x_wconf 90' lang='lat' dir='ltr'><strong><em>quo</em></strong></span> <span class='ocrx_word' id='word_1_853' title='bbox 3660 5020 3777 5076; x_wconf 84' lang='lat' dir='ltr'><strong><em>vita</em></strong></span> 
     </span>
    </p>
   </div>
   <div class='ocr_carea' id='block_1_110' title="bbox 2129 5107 3774 5180">
    <p class='ocr_par' dir='ltr' id='par_1_110' title="bbox 2129 5107 3774 5180">
     <span class='ocr_line' id='line_1_110' title="bbox 2129 5107 3774 5180; baseline -0.001 -15"><span class='ocrx_word' id='word_1_854' title='bbox 2129 5114 2346 5165; x_wconf 71' lang='lat' dir='ltr'><strong><em>aeterna</em></strong></span> <span class='ocrx_word' id='word_1_855' title='bbox 2373 5111 2685 5180; x_wconf 85' lang='lat' dir='ltr'><strong><em>generatur</em></strong></span> <span class='ocrx_word' id='word_1_856' title='bbox 2722 5107 2882 5178; x_wconf 86' lang='lat' dir='ltr'><strong><em>(vers.</em></strong></span> <span class='ocrx_word' id='word_1_857' title='bbox 2905 5107 2982 5180; x_wconf 92' lang='lat'><strong><em>8).</em></strong></span> <span class='ocrx_word' id='word_1_858' title='bbox 3007 5107 3293 5164; x_wconf 90' lang='lat' dir='ltr'><strong><em>Subtilius</em></strong></span> <span class='ocrx_word' id='word_1_859' title='bbox 3331 5108 3613 5165; x_wconf 90' lang='lat' dir='ltr'><strong><em>intuenda</em></strong></span> <span class='ocrx_word' id='word_1_860' title='bbox 3641 5123 3774 5164; x_wconf 87' lang='lat' dir='ltr'><strong><em>sen-</em></strong></span> 
     </span>
    </p>
   </div>
   <div class='ocr_carea' id='block_1_111' title="bbox 2130 5263 3775 5342">
    <p class='ocr_par' dir='ltr' id='par_1_111' title="bbox 2130 5263 3775 5342">
     <span class='ocr_line' id='line_1_111' title="bbox 2130 5263 3775 5342; baseline -0.005 -16"><span class='ocrx_word' id='word_1_861' title='bbox 2130 5273 2332 5342; x_wconf 90' lang='lat' dir='ltr'><strong><em>utpote</em></strong></span> <span class='ocrx_word' id='word_1_862' title='bbox 2369 5268 2444 5342; x_wconf 81' lang='lat' dir='ltr'><strong><em>ab</em></strong></span> <span class='ocrx_word' id='word_1_863' title='bbox 2472 5267 2754 5339; x_wconf 89' lang='lat' dir='ltr'><strong><em>apostolis</em></strong></span> <span class='ocrx_word' id='word_1_864' title='bbox 2800 5268 3109 5342; x_wconf 85' lang='lat' dir='ltr'><strong><em>proditum</em></strong></span> <span class='ocrx_word' id='word_1_865' title='bbox 3143 5284 3393 5342; x_wconf 77' lang='lat' dir='ltr'><strong><em>comma,</em></strong></span> <span class='ocrx_word' id='word_1_866' title='bbox 3441 5271 3506 5342; x_wconf 82' lang='lat' dir='ltr'><strong><em>et</em></strong></span> <span class='ocrx_word' id='word_1_867' title='bbox 3546 5263 3714 5342; x_wconf 86' lang='lat' dir='ltr'><strong><em>pauci</em></strong></span> <span class='ocrx_word' id='word_1_868' title='bbox 3743 5279 3775 5320; x_wconf 81' lang='grc' dir='ltr'>θ</span> 
     </span>
    </p>
   </div>
   <div class='ocr_carea' id='block_1_112' title="bbox 2131 5338 3775 5412">
    <p class='ocr_par' dir='ltr' id='par_1_112' title="bbox 2131 5338 3775 5412">
     <span class='ocr_line' id='line_1_112' title="bbox 2131 5338 3775 5412; baseline -0.004 -14"><span class='ocrx_word' id='word_1_869' title='bbox 2131 5338 2421 5398; x_wconf 80' lang='lat' dir='ltr'><strong><em>contrario</em></strong></span> <span class='ocrx_word' id='word_1_870' title='bbox 2451 5338 2589 5395; x_wconf 83' lang='lat' dir='ltr'><strong><em>sunt</em></strong></span> <span class='ocrx_word' id='word_1_871' title='bbox 2619 5357 2687 5394; x_wconf 82' lang='lat' dir='ltr'><strong><em>ex</em></strong></span> <span class='ocrx_word' id='word_1_872' title='bbox 2717 5338 2996 5412; x_wconf 85' lang='lat' dir='ltr'><strong><em>antiquis,</em></strong></span> <span class='ocrx_word' id='word_1_873' title='bbox 3015 5341 3112 5412; x_wconf 88' lang='lat' dir='ltr'><strong><em>qui</em></strong></span> <span class='ocrx_word' id='word_1_874' title='bbox 3146 5340 3295 5412; x_wconf 89' lang='lat' dir='ltr'><strong><em>illud</em></strong></span> <span class='ocrx_word' id='word_1_875' title='bbox 3315 5338 3775 5412; x_wconf 65' lang='lat' dir='ltr'><strong><em>silentioprsste-</em></strong></span> 
     </span>
    </p>
   </div>
   <div class='ocr_carea' id='block_1_113' title="bbox 2132 5405 3771 5478">
    <p class='ocr_par' dir='ltr' id='par_1_113' title="bbox 2132 5405 3771 5478">
     <span class='ocr_line' id='line_1_113' title="bbox 2132 5405 3771 5478; baseline -0.004 -9"><span class='ocrx_word' id='word_1_876' title='bbox 2132 5418 2318 5470; x_wconf 84' lang='lat' dir='ltr'><strong><em>reant.</em></strong></span> <span class='ocrx_word' id='word_1_877' title='bbox 2356 5413 2430 5467; x_wconf 83' lang='lat' dir='ltr'><strong><em>Ex</em></strong></span> <span class='ocrx_word' id='word_1_878' title='bbox 2482 5412 2573 5466; x_wconf 89' lang='lat' dir='ltr'><strong><em>his</em></strong></span> <span class='ocrx_word' id='word_1_879' title='bbox 2603 5415 2659 5466; x_wconf 87' lang='lat' dir='ltr'><strong><em>S.</em></strong></span> <span class='ocrx_word' id='word_1_880' title='bbox 2695 5405 3103 5478; x_wconf 11' lang='lat' dir='ltr'><strong><em>lrenaa&#39;us,vli&#39;b.</em></strong></span> <span class='ocrx_word' id='word_1_881' title='bbox 3140 5428 3201 5466; x_wconf 86' lang='grc' dir='ltr'><strong><em>ιιι</em></strong></span> <span class='ocrx_word' id='word_1_882' title='bbox 3233 5411 3512 5465; x_wconf 87' lang='lat' dir='ltr'><strong><em>adversus</em></strong></span> <span class='ocrx_word' id='word_1_883' title='bbox 3560 5405 3771 5464; x_wconf 62' lang='lat' dir='ltr'><strong><em>Haeres.</em></strong></span> 
     </span>
    </p>
   </div>
   <div class='ocr_carea' id='block_1_114' title="bbox 2132 5479 3779 5557">
    <p class='ocr_par' dir='ltr' id='par_1_114' title="bbox 2132 5479 3779 5557">
     <span class='ocr_line' id='line_1_114' title="bbox 2132 5479 3779 5557; baseline -0.004 -15"><span class='ocrx_word' id='word_1_884' title='bbox 2132 5503 2259 5557; x_wconf 84' lang='lat' dir='ltr'><strong><em>cap.</em></strong></span> <span class='ocrx_word' id='word_1_885' title='bbox 2295 5485 2381 5539; x_wconf 82' lang='grc'><strong><em>12.</em></strong></span> <span class='ocrx_word' id='word_1_886' title='bbox 2414 5484 2849 5557; x_wconf 74' lang='lat' dir='ltr'><strong><em>S._Cyprianus,</em></strong></span> <span class='ocrx_word' id='word_1_887' title='bbox 2873 5484 2972 5540; x_wconf 89' lang='lat' dir='ltr'><strong><em>lib.</em></strong></span> <span class='ocrx_word' id='word_1_888' title='bbox 3003 5500 3064 5539; x_wconf 86' lang='grc' dir='ltr'><strong><em>ιιι</em></strong></span> <span class='ocrx_word' id='word_1_889' title='bbox 3096 5479 3613 5557; x_wconf 62' lang='lat' dir='ltr'><strong><em>Testimoniorum,</em></strong></span> <span class='ocrx_word' id='word_1_890' title='bbox 3639 5494 3779 5557; x_wconf 84' lang='lat' dir='ltr'><strong><em>non-</em></strong></span> 
     </span>
    </p>
   </div>
   <div class='ocr_carea' id='block_1_115' title="bbox 2132 5504 3773 5629">
    <p class='ocr_par' dir='ltr' id='par_1_115' title="bbox 2132 5504 3773 5629">
     <span class='ocr_line' id='line_1_115' title="bbox 2132 5504 3773 5556; baseline -0.004 -14"><span class='ocrx_word' id='word_1_891' title='bbox 2132 5504 2198 5542; x_wconf 83' lang='lat' dir='ltr'><strong><em>ca</em></strong></span> <span class='ocrx_word' id='word_1_892' title='bbox 2248 5527 2259 5539; x_wconf 93' lang='lat'><strong><em>.</em></strong></span> <span class='ocrx_word' id='word_1_893' title='bbox 2295 5504 2381 5539; x_wconf 56' lang='lat'><strong><em>13.</em></strong></span> <span class='ocrx_word' id='word_1_894' title='bbox 2414 5504 2470 5537; x_wconf 65' lang='grc' dir='ltr'><strong><em>δ.</em></strong></span> <span class='ocrx_word' id='word_1_895' title='bbox 2503 5504 2580 5556; x_wconf 65' lang='lat' dir='ltr'><strong><em>by</em></strong></span> <span class='ocrx_word' id='word_1_896' title='bbox 2625 5504 2849 5549; x_wconf 76' lang='lat' dir='ltr'><strong><em>manus,</em></strong></span> <span class='ocrx_word' id='word_1_897' title='bbox 2873 5504 2972 5540; x_wconf 81' lang='lat' dir='ltr'><strong><em>llD.</em></strong></span> <span class='ocrx_word' id='word_1_898' title='bbox 3003 5504 3064 5539; x_wconf 82' lang='lat' dir='ltr'><strong>III</strong></span> <span class='ocrx_word' id='word_1_899' title='bbox 3098 5504 3613 5548; x_wconf 68' lang='lat' dir='ltr'><strong><em>&#39;l‘esuulumuruui,</em></strong></span> <span class='ocrx_word' id='word_1_900' title='bbox 3639 5504 3773 5535; x_wconf 82' lang='lat' dir='ltr'><strong><em>nuu-</em></strong></span> 
     </span>
     <span class='ocr_line' id='line_1_116' title="bbox 2132 5504 3773 5629; baseline -0.004 -16"><span class='ocrx_word' id='word_1_901' title='bbox 2132 5504 2398 5628; x_wconf 49' lang='lat' dir='ltr'><strong><em>nuﬁ’lique</em></strong></span> <span class='ocrx_word' id='word_1_902' title='bbox 2443 5555 2558 5611; x_wconf 90' lang='lat' dir='ltr'><strong><em>alii.</em></strong></span> <span class='ocrx_word' id='word_1_903' title='bbox 2587 5504 2719 5611; x_wconf 48' lang='lat' dir='ltr'><strong><em>Kliioa</em></strong></span> <span class='ocrx_word' id='word_1_904' title='bbox 2766 5556 2964 5629; x_wconf 86' lang='lat' dir='ltr'><strong><em>itaque</em></strong></span> <span class='ocrx_word' id='word_1_905' title='bbox 3011 5553 3337 5629; x_wconf 63' lang='lat' dir='ltr'><strong><em>audiendus</em></strong></span> <span class='ocrx_word' id='word_1_906' title='bbox 3384 5550 3773 5629; x_wconf 48' lang='lat' dir='ltr'><strong><em>PseudooAm.</em></strong></span> 
     </span>
    </p>
   </div>
   <div class='ocr_carea' id='block_1_116' title="bbox 2131 5622 3775 5697">
    <p class='ocr_par' dir='ltr' id='par_1_116' title="bbox 2131 5622 3775 5697">
     <span class='ocr_line' id='line_1_117' title="bbox 2131 5622 3775 5697; baseline -0.002 -12"><span class='ocrx_word' id='word_1_907' title='bbox 2131 5622 2367 5686; x_wconf 77' lang='lat' dir='ltr'><strong><em>brosius</em></strong></span> <span class='ocrx_word' id='word_1_908' title='bbox 2387 5628 2816 5683; x_wconf 89' lang='lat' dir='ltr'><strong><em>Commentario</em></strong></span> <span class='ocrx_word' id='word_1_909' title='bbox 2837 5622 2897 5683; x_wconf 81' lang='lat' dir='ltr'><strong><em>in</em></strong></span> <span class='ocrx_word' id='word_1_910' title='bbox 2930 5627 3081 5682; x_wconf 90' lang='lat' dir='ltr'><strong><em>hanc</em></strong></span> <span class='ocrx_word' id='word_1_911' title='bbox 3111 5622 3273 5680; x_wconf 86' lang='lat' dir='ltr'><strong><em>Pauli</em></strong></span> <span class='ocrx_word' id='word_1_912' title='bbox 3298 5622 3614 5697; x_wconf 59' lang='lat' dir='ltr'><strong><em>Epistolam</em></strong></span> <span class='ocrx_word' id='word_1_913' title='bbox 3639 5639 3775 5697; x_wconf 79' lang='lat' dir='ltr'><strong><em>cap.</em></strong></span> 
     </span>
    </p>
   </div>
   <div class='ocr_carea' id='block_1_117' title="bbox 2134 5693 3777 5772">
    <p class='ocr_par' dir='ltr' id='par_1_117' title="bbox 2134 5693 3777 5772">
     <span class='ocr_line' id='line_1_118' title="bbox 2134 5693 3777 5772; baseline -0.002 -16"><span class='ocrx_word' id='word_1_914' title='bbox 2134 5719 2197 5770; x_wconf 88' lang='grc' dir='ltr'><strong>ιι,</strong></span> <span class='ocrx_word' id='word_1_915' title='bbox 2230 5699 2329 5755; x_wconf 92' lang='lat' dir='ltr'><strong><em>ubi</em></strong></span> <span class='ocrx_word' id='word_1_916' title='bbox 2360 5716 2394 5755; x_wconf 89' lang='lat' dir='ltr'><strong><em>a</em></strong></span> <span class='ocrx_word' id='word_1_917' title='bbox 2425 5699 2757 5756; x_wconf 66' lang='lat' dir='ltr'><strong><em>Graecorum</em></strong></span> <span class='ocrx_word' id='word_1_918' title='bbox 2782 5699 3066 5772; x_wconf 88' lang='lat' dir='ltr'><strong><em>sophistis</em></strong></span> <span class='ocrx_word' id='word_1_919' title='bbox 3095 5711 3261 5753; x_wconf 90' lang='lat' dir='ltr'><strong><em>sacro</em></strong></span> <span class='ocrx_word' id='word_1_920' title='bbox 3298 5693 3443 5752; x_wconf 92' lang='lat' dir='ltr'><strong><em>illud</em></strong></span> <span class='ocrx_word' id='word_1_921' title='bbox 3473 5694 3656 5752; x_wconf 81' lang='lat' dir='ltr'><strong><em>textui</em></strong></span> <span class='ocrx_word' id='word_1_922' title='bbox 3685 5693 3777 5753; x_wconf 80' lang='lat' dir='ltr'><strong><em>in-</em></strong></span> 
     </span>
    </p>
   </div>
   <div class='ocr_carea' id='block_1_118' title="bbox 2134 5771 2873 5830">
    <p class='ocr_par' dir='ltr' id='par_1_118' title="bbox 2134 5771 2873 5830">
     <span class='ocr_line' id='line_1_119' title="bbox 2134 5771 2873 5830; baseline -0.004 0"><span class='ocrx_word' id='word_1_923' title='bbox 2134 5778 2367 5830; x_wconf 90' lang='lat' dir='ltr'><strong><em>trusum</em></strong></span> <span class='ocrx_word' id='word_1_924' title='bbox 2397 5787 2527 5827; x_wconf 88' lang='lat' dir='ltr'><strong><em>esse</em></strong></span> <span class='ocrx_word' id='word_1_925' title='bbox 2556 5771 2873 5827; x_wconf 74' lang='lat' dir='ltr'><strong><em>contendit.</em></strong></span> 
     </span>
    </p>
   </div>
   <div class='ocr_carea' id='block_1_119' title="bbox 2203 5839 3256 5916">
    <p class='ocr_par' dir='ltr' id='par_1_119' title="bbox 2203 5839 3256 5916">
     <span class='ocr_line' id='line_1_120' title="bbox 2203 5839 3256 5916; baseline -0.003 -13"><span class='ocrx_word' id='word_1_926' title='bbox 2203 5844 2226 5882; x_wconf 83' lang='grc'>³</span> <span class='ocrx_word' id='word_1_927' title='bbox 2256 5843 2320 5903; x_wconf 85' lang='grc' dir='ltr'><strong>Ιιι</strong></span> <span class='ocrx_word' id='word_1_928' title='bbox 2350 5843 2482 5902; x_wconf 86' lang='lat' dir='ltr'><strong><em>aliis</em></strong></span> <span class='ocrx_word' id='word_1_929' title='bbox 2509 5841 2698 5913; x_wconf 88' lang='lat' dir='ltr'><strong><em>libris,</em></strong></span> <span class='ocrx_word' id='word_1_930' title='bbox 2730 5843 2891 5916; x_wconf 87' lang='lat' dir='ltr'><strong><em>quasi</em></strong></span> <span class='ocrx_word' id='word_1_931' title='bbox 2917 5839 3117 5912; x_wconf 86' lang='lat' dir='ltr'><strong><em>dicere,</em></strong></span> <span class='ocrx_word' id='word_1_932' title='bbox 3146 5841 3256 5900; x_wconf 86' lang='lat' dir='ltr'><strong><em>etc.</em></strong></span> 
     </span>
    </p>
   </div>
  </div>
