4332 6612
593 416 711 477 423

1832 412 1900 473 S.‘
1943 404 2251 473 EUSEBII
2296 404 2742 469 HIERONYMI

3877 400 3998 459 424

592 546 773 604 tentia
805 564 817 601 :
851 546 913 602 Si
941 543 1442 615 eircumcidamini,
1480 543 1734 600 Christus
1764 545 1912 600 vobis
1941 543 2091 599 nihil
2118 558 2238 614 pro-
2268 544 2320 609 Α
2349 556 2504 611 vero,
2538 555 2635 594 eos
2687 537 2785 610 qui
2819 534 3095 592 tardioris
3124 533 3339 607 ingenii
3371 535 3529 605 sunt,
3561 535 3619 588 et
3648 549 3681 588 a
3718 531 3994 604 spiritua-

592 635 724 691 dest.
758 636 919 702 Quod
953 653 1069 691 non
1100 634 1291 691 solum
1323 633 1380 688 in
1402 650 1469 688 eo
1500 633 1549 688 si
1580 633 2099 699 circumcidantur,
2123 648 2237 686 non

593 722 678 780 eis
709 724 895 797 prosit
917 725 1047 796 ipsa
1072 722 1466 789 circumcisio;
1512 723 1611 776 sed
1653 722 1879 777 etiamsi
1905 726 2142 777 ceteras
2164 720 2240 774 vi-

595 813 847 869 deantur
880 818 1043 871 extra
1085 812 1590 869 circumcisionem
1644 812 1702 865 in
1753 811 1980 866 Christo
2025 810 2239 865 habere

590 902 859 969 virtutes,
886 903 1166 957 universae
1198 905 1459 973 pereant,
1490 915 1623 955 cum
1658 904 1788 971 post
1819 899 1993 955 ﬁdem
2024 897 2238 953 Christi

596 991 812 1046 fuerint
832 990 1183 1046 circumcisi.
1204 990 1352 1056 Quid
1382 988 1601 1061 igitur?
1631 987 1775 1042 nihil
1809 988 2025 1059 profuit
2044 987 2239 1041 Timo-

594 1078 731 1135 theo
752 1079 1117 1135 circumcisio
1133 1080 1159 1133 ?
1181 1078 1429 1133 Multum
1453 1094 1556 1149 per
1575 1092 1808 1132 omnem
1833 1076 2092 1131 modum.
2112 1075 2236 1131 Non

594 1167 751 1223 enim
782 1173 902 1223 tam
935 1168 1063 1222 ideo
1094 1166 1477 1223 circumcisus
1507 1170 1612 1233 est,
1646 1170 1711 1219 ut
1739 1181 1807 1220 ex
1839 1164 1967 1235 ipsa
1996 1164 2241 1219 circum-

595 1255 814 1312 cisione
843 1255 1064 1327 aliquid
1092 1254 1472 1311 emolumenti
1504 1254 1793 1309 aestimare
1824 1268 1993 1325 posse
2017 1268 2079 1307 se
2099 1268 2236 1307 con-

593 1345 975 1416 sequi,quam
1011 1348 1075 1398 ut
1101 1348 1338 1399 caeteros
1368 1342 1754 1399 lucrifaceret.
1782 1344 1991 1398 Factus
2020 1340 2239 1397 Judaeis

589 1433 847 1503 Judaeus,
882 1437 947 1487 ut
973 1433 1203 1488 Iudaeos
1232 1432 1305 1487 ad
1346 1432 1520 1488 ﬁdem
1550 1431 1765 1501 Christi
1794 1448 1902 1487 sua
1931 1430 2236 1486 circumci-

581 1520 747 1577 sione
792 1521 1202 1576 transduceret
1233 1521 1279 1591 (l
1311 1522 1438 1576 Cor.
1476 1537 1553 1590 ιε,
1584 1520 1698 1591 20).
1733 1520 1898 1575 Tunc
1942 1519 2235 1590 siquidem

581 1626 697 1665 non
750 1609 986 1682 prodest
1017 1609 1408 1676 circumcisio,
1442 1626 1577 1665 cum
1610 1608 1832 1681 aliquid
1867 1625 1970 1680 per
2023 1611 2237 1663 semet-

569 1698 763 1770 ipsam
798 1703 1038 1770 putatur
1066 1697 1341 1753 utilitatis
1368 1699 1489 1766 (Αι.
1523 1697 1772 1769 utilitas)
1805 1698 2029 1753 afferre.

643 1785 831 1859 (Vers.
863 1788 943 1854 3.)
973 1808 1001 1838 «
1050 1786 1356 1842 Contestor
1404 1791 1601 1843 autem
1651 1803 1885 1842 omnem
1936 1785 2234 1841 hominem

584 1875 1098 1931 circumcidentem
1149 1892 1231 1942 se,
1266 1875 1544 1947 quoniam
1577 1875 1805 1931 debitor
1833 1880 1921 1930 est
1953 1875 2231 1929 universa:

583 1964 752 2037 Legis
783 1963 1081 2019 faciendae.
1109 1987 1136 2013 ι)
1171 1969 1320 2019 Deus
1366 1963 1464 2035 qui
1507 1963 2010 2019 circumcisionem
2046 1964 2232 2036 primo

581 2053 653 2127 ad
684 2052 979 2108 Abraham
1008 2053 1164 2124 (Cen.
1196 2070 1335 2121 xvn,
1371 2054 1480 2125 10),
1514 2053 1723 2108 deinde
1769 2070 1871 2125 per
1900 2054 2135 2124 Moysen
2170 2053 2231 2108 in

564 2140 706 2213 lege
730 2140 1009 2213 praecipit,
1036 2158 1148 2197 non
1173 2140 1363 2196 solum
1386 2141 1893 2197 circumcisionem
1917 2142 2106 2213 (Levit.
2130 2158 2229 2209 x11,

575 2229 651 2299 3),
677 2230 777 2285 sed
818 2234 875 2285 et
908 2228 1025 2285 alia
1066 2229 1254 2285 multa
1292 2229 1447 2285 480
1489 2231 1853 2286 observanda
1881 2230 2228 2286 constituit:

573 2318 707 2374 Dies
773 2319 949 2374 festos
1023 2319 1434 2392 Hierosolymis
1500 2319 1960 2392 frequentandos
2020 2318 2227 2391 (Exod.

572 2424 735 2478 χχιιι,
771 2409 859 2480 17)
885 2424 899 2462 :
930 2407 1259 2463 hostiarum
1302 2407 1666 2475 holocausta,
1699 2425 1870 2464 mane
1917 2424 2149 2480 semper
2177 2411 2234 2464 et

575 2511 816 2567 vespere
846 2496 1038 2566 (Exod.
1071 2514 1226 2564 xxnx,
1251 2498 1341 2565 39,
1367 2498 1491 2566 lit):
1527 2496 1989 2553 immolationem
2024 2498 2083 2551 in
2114 2512 2231 2551 uno

574 2589 806 2639 tantum
839 2584 964 2641 loco
1011 2586 1146 2658 agni
1180 2586 1339 2657 (Ibid.
1373 2587 1484 2657 42),
1528 2588 1731 2643 terrae1
1768 2586 2019 2657 septima
2066 2590 2232 2640 actate

574 2673 751 2729 ferias
772 2674 966 2746 (Levii.
991 2691 1118 2738 xxv,
1144 2677 1195 2743 4)
1222 2692 1233 2730 :
1259 2675 1818 2748 quinquagesimum
1866 2674 2230 2752 remissiopis

576 2779 797 2818 annum
827 2762 987 2833 (Ibid.
1020 2764 1074 2833 9,
1115 2764 1232 2836 10);
1266 2769 1324 2819 et
1374 2771 1583 2820 caetera
1630 2782 1755 2836 quae
1804 2764 1974 2819 facile
2022 2770 2112 2819 est
2157 2764 2227 2818 de

575 2852 891 2924 Scripturis
923 2868 1224 2925 excerpere
1265 2852 1377 2908 sibi
1416 2869 1898 2925 unumquemque
1928 2852 2224 2908 lectorem.

574 2940 1017 2997 Coarctabimus
1048 2941 1246 3013 itaque
1290 2942 1593 3009 Ebionem,
1627 2947 1683 2997 et
1730 2946 2046 2998 sectatores
2076 2943 2229 3013 ejus,

581 3027 682 3101 qui
714 3034 847 3100 post
870 3029 1248 3101 Evangelium
1280 3031 1579 3086 credentes
1623 3030 1681 3085 in
1725 3030 1951 3085 Christo
1978 3030 2227 3085 circum-

580 3116 859 3172 cidendos
889 3121 1119 3189 putant,
1147 3121 1213 3172 ut
1240 3122 1342 3172 aut
1371 3118 1874 3175 circumcisionem
1908 3120 2142 3183 faciant,
2174 3123 2229 3173 et

580 3210 788 3261 caetera
812 3223 939 3278 quae
963 3206 1382 3279 praecipiuntur
1409 3206 1469 3262 in
1493 3206 1646 3279 lege;
1672 3214 1773 3263 aut
1792 3209 1841 3264 si
1868 3207 2229 3281 impossibile

2349 631 2505 686 libus
2535 629 2606 684 ad
2649 626 2872 699 agenda
2923 624 3147 681 Domini
3192 624 3450 680 Sabbata
3479 620 3849 677 erudiuntur.
3880 622 3995 679 Nec

2350 718 2706 773 contrarium
2738 732 2865 770 esse
2897 714 2953 768 id
2996 714 3149 786 quod
3180 730 3360 785 supra
3385 712 3608 766 dictum
3641 714 3770 766 est:
3804 710 3865 765 Si
3885 712 3994 765 cir-

2348 805 2760 874 cumcidamini,
2794 805 3042 862 Christus
3071 802 3217 859 vobis
3258 802 3404 857 nihil
3445 800 3661 873 prodest
3690 819 3709 855 :
3740 800 3811 855 Et
3839 800 3995 872 quod

2350 895 2658 967 sequitur:
2702 894 2974 963 Testi/icor
3014 907 3227 949 omnem
3273 892 3551 947 hominem
3597 889 3997 946 circumciden-

2351 994 2459 1040 tem
2485 1000 2560 1050 se,
2593 985 2853 1054 quoniam
2882 981 3090 1037 debitor
3113 986 3193 1037 est
3231 982 3502 1036 universe
3532 982 3667 1051 legis
3696 980 3994 1051 facienda,

2349 1073 2486 1129 huic
2516 1074 2667 1145 quod
2712 1071 2961 1126 infertur
2990 1088 3023 1125 a
3052 1070 3239 1125 nobis.
3274 1074 3474 1142 Neque
3515 1069 3672 1125 enim
3699 1062 3995 1125 auditores

2348 1161 2493 1234 legis
2524 1166 2662 1218 sunt
2683 1160 2831 1231 justi
2854 1160 3007 1232 apud
3041 1159 3226 1215 Deum
3252 1176 3265 1214 :
3292 1158 3393 1213 sed
3423 1160 3667 1213 factores
3698 1157 3845 1230 legis
3867 1159 3997 1229 jus-

2348 1250 2733 1306 tiﬁcabuntur
2761 1250 2935 1321 (Rom.
2970 1265 3030 1317 ιι,
3064 1249 3171 1317 13).
3197 1246 3343 1313 Quia
3375 1248 3555 1302 factor
3591 1245 3688 1302 ille
3717 1246 3793 1303 sit
3822 1246 3991 1320 legis,

2348 1340 2447 1412 qui
2478 1344 2670 1411 potest
2699 1340 2891 1394 dicere
2922 1354 2934 1393 :
2967 1338 3085 1394 Non
3119 1353 3309 1392 sumus
3349 1337 3694 1392 circumcisio
3722 1336 3988 1409 (Philipp.

2348 1445 2432 1500 ιιι,
2465 1429 2549 1500 3);
2584 1432 2661 1493 et,
2705 1430 2768 1483 In
2812 1428 3019 1483 occulto
3063 1426 3289 1483 Iudaeus
3320 1426 3499 1497 (Rom.
3534 1443 3595 1493 ιι,
3622 1425 3745 1496 29);
3778 1432 3853 1493 et,
3883 1428 3988 1481 sci-

2345 1534 2469 1572 mus
2490 1519 2625 1589 quia
2654 1517 2745 1572 ιω)
2766 1517 3074 1589 spiritualis
3101 1520 3178 1571 est
3200 1516 3372 1587 (Rom.
3398 1531 3500 1581 vn,
3525 1514 3635 1586 14).
3658 1513 3766 1579 Qui
3794 1520 3990 1570 autem

2346 1606 2738 1662 concisionem
2782 1610 2840 1661 et
2887 1605 3336 1661 interfectricem
3386 1608 3669 1677 sequatur
3714 1602 3989 1673 litteram,

2345 1712 2480 1751 eum
2511 1712 2624 1751 non
2658 1693 2803 1767 legis
2834 1710 2964 1749 esse
3007 1694 3306 1759 factorem,
3335 1693 3437 1748 sed
3469 1709 3598 1749 vere
3625 1690 3773 1765 legis
3800 1692 3993 1748 inimi-

2345 1800 2501 1852 cum,
2535 1784 2681 1839 481
2721 1782 2973 1839 maxime
3016 1788 3148 1855 post
3183 1782 3497 1838 Salvatoris
3528 1782 3863 1849 adventum,
3889 1770 3990 1854 qui

2344 1874 2416 1928 ad
2456 1890 2518 1928 se
2561 1872 3029 1928 convertentibus
3058 1871 3224 1928 tollat
3270 1870 3531 1927 velamen
3573 1872 3645 1926 de
3690 1872 3884 1943 corde,
3918 1875 3986 1927 ut

2341 1978 2545 2017 omnes
2577 1960 2828 2017 revelata
2858 1959 3003 2016 facie
3046 1960 3291 2034 gloriam
3324 1960 3555 2017 Domini
3586 1960 3985 2032 contemplan-

2340 2056 2449 2121 tes,
2482 2051 2943 2123 tansfiguremur
2982 2052 3053 2105 de
3100 2054 3388 2106 vetustate
3435 2049 3639 2106 litterae
3669 2049 3728 2105 in
3760 2050 3987 2107 novita-

2341 2145 2458 2195 tem
2491 2140 2733 2211 spiritus
2761 2141 2831 2209 (lI
2861 2139 2978 2195 Cor.
3014 2157 3097 2205 ιιι,
3133 2140 3219 2208 16,
3256 2140 3355 2207 18;
3387 2140 3543 2195 Rom.
3574 2156 3673 2209 vn,
3704 2140 3783 2209 6).

2415 2228 2598 2291 (Vers.
2636 2229 2714 2299 4.)
2748 2248 2769 2276 ι
2803 2228 3074 2283 Evacuati
3105 2229 3247 2283 estis
3277 2246 3311 2284 a
3338 2228 3565 2284 Christo
3594 2246 3607 2283 :
3642 2229 3742 2301 qui
3772 2226 3832 2283 in
3862 2226 3988 2301 lege

2334 2317 2763 2389 justiﬁcamini,
2792 2334 2825 2372 a
2855 2317 3042 2389 gratia
3070 2318 3390 2373 excidistis.
3421 2340 3450 2368 ››
3483 2317 3783 2382 Quomodo
3814 2333 3987 2373 nemo

2340 2412 2533 2478 potest
2561 2406 2792 2462 duobus
2839 2405 3093 2462 dominis
3142 2407 3356 2463 servire
3402 2407 3607 2477 (Matth.
3638 2423 3717 2477 v1,
3754 2407 3869 2479 24),
3900 2406 3986 2464 sic

2340 2498 2611 2567 umbram
2643 2496 2859 2567 pariter
2888 2499 2943 2551 et
2968 2495 3264 2551 veritatem
3297 2495 3445 2568 legis
3473 2494 3719 2569 implere
3750 2494 3988 2551 difﬁcile

2340 2589 2447 2641 est.
2482 2584 2698 2640 Umbra
2743 2584 2802 2639 in
2843 2584 2967 2656 lege
2997 2584 3173 2639 veteri
3205 2588 3312 2651 est,
3345 2585 3528 2641 donec
3574 2583 3790 2657 aspiret
3838 2584 3985 2653 dies,

2340 2678 2398 2729 et
2424 2678 2801 2729 amoveantur
2829 2673 3051 2728 umbra
3087 2690 3101 2728 :
3134 2673 3347 2729 veritas
3378 2674 3438 2729 in
3483 2673 3792 2746 Evangelia
3823 2672 3987 2731 Chri-

2341 2762 2465 2817 sti:
2514 2762 2702 2817 Gratia
2757 2764 2906 2817 enim
2960 2771 3011 2817 et
3068 2764 3268 2818 veritas
3315 2779 3417 2835 per
3469 2765 3649 2820 Iesum
3711 2761 3986 2819 Christum

2338 2855 2504 2924 factae
2531 2856 2658 2907 sunt
2688 2852 2869 2923 (Joan.
2902 2868 2942 2923 ι,
2977 2852 3087 2920 17).
3121 2852 3319 2907 Perdit
3362 2868 3499 2925 ergo
3542 2852 3791 2925 gratiam
3820 2852 3984 2908 Chri-

2341 2941 2436 3007 sti,
2484 2945 2541 2996 et
2582 2940 2952 3011 Evangelium
3000 2942 3155 3012 quod
3198 2946 3486 3012 tenuerat,
3521 2942 3757 3008 amittit,
3789 2942 3891 3015 qui
3925 2942 3986 2999 in

2341 3028 2538 3102 aliqua
2576 3030 2978 3085 observatione
3023 3030 3169 3102 legis
3222 3046 3285 3085 se
3323 3030 3638 3101 justiticari
3687 3035 3899 3103 putat:
3931 3036 3989 3087 et

2339 3136 2472 3174 cum
2503 3119 2751 3190 gratiam
2784 3118 3065 3187 amiserit,
3098 3135 3133 3174 a
3162 3118 3376 3174 Christi
3428 3121 3542 3175 fide
3587 3120 3985 3187 destituitur”,

2338 3213 2393 3262 et
2435 3208 2495 3263 in
2542 3209 2670 3278 ejus
2726 3224 2897 3279 opere
2954 3208 3310 3278 conquiescit
3346 3209 3770 3284 ζκατηργήθητε
3826 3209 3985 3265 enim

578 3303 666 3373 est
712 3303 922 3351 cuncta
969 3295 1116 3361 fieri,
1150 3300 1356 3364 cesset,
1388 3300 1445 3351 et
1496 3296 1883 3364 circumcisio,
1918 3314 2044 3369 quae
2090 3313 2224 3351 cum
2256 3287 2300 3355 C
2340 3294 2443 3349 ἀπὸ
2473 3298 2569 3348 τοῦ
2599 3298 2851 3369 Χριστοῦ,
2886 3313 3000 3351 non
3051 3300 3116 3351 ut
3145 3295 3205 3351 in
3255 3297 3457 3353 Latino
3501 3297 3653 3353 male
3698 3298 3982 3371 interpre-

578 3383 805 3439 czeteris
836 3385 1007 3456 quasi
1041 3384 1267 3440 inutilis
1300 3385 1693 3457 praetermissa
1722 3390 1830 3442 est.
1854 3386 2018 3450 Quod
2056 3387 2106 3441 si
2137 3395 2226 3442 ‘re-

575 3474 940 3545 sponderint,
964 3473 1275 3546 possibilia
1302 3478 1532 3530 tantum
1555 3476 1765 3530 debere
1792 3492 1853 3530 se
1881 3476 2068 3531 facere
2086 3480 2227 3544 (non

574 3562 732 3618 enim
764 3563 949 3619 Deum
981 3578 1050 3619 ea
1078 3581 1112 3619 a
1144 3564 1311 3620 nobis
1334 3563 1561 3637 exigere
1593 3582 1720 3637 quae
1744 3582 1858 3621 non
1886 3582 2227 3637 possumus,

575 3652 677 3708 sed
709 3668 776 3707 ea
815 3669 940 3724 quae
988 3669 1305 3724 possumus
1336 3653 1624 3725 implere),
1659 3655 1922 3710 dicemus
1972 3656 2077 3721 eis,
2111 3671 2226 3710 non

575 3741 843 3810 ejusdem
900 3756 1029 3796 esse
1089 3743 1208 3809 Dei,
1238 3742 1521 3798 custodiri
1569 3742 1715 3798 velle
1776 3744 1984 3815 legem,
2017 3749 2075 3799 et
2129 3760 2228 3799 eos

583 3828 683 3898 qui
723 3826 910 3899 legem
956 3830 1292 3884 custodiant
1337 3830 1760 3902 derelinquere.
1792 3835 1907 3887 Aut
1936 3833 2227 3904 quomodo

574 3920 812 3989 propter
866 3916 1267 3973 intermissam
1313 3918 1500 3991 legem
1554 3936 1685 3975 reos
1738 3936 1837 3976 eos
1894 3921 2087 3992 faciat,
2131 3921 2229 3992 qui

572 4003 801 4061 etiamsi
824 4004 1024 4076 velint,
1049 4006 1323 4063 universa
1340 4007 1633 4081 complere
1664 4026 1780 4064 non
1815 4010 2081 4081 possint?
2112 4010 2228 4067 Nos

568 4109 703 4149 vero
733 4094 921 4168 legem
955 4096 1122 4168 sequi
1169 4096 1564 4169 spiritualem,
1595 4114 1726 4170 qua;
1755 4098 1910 4154 dicat
1943 4116 1955 4155 :
1989 4100 2105 4155 Non
2136 4101 2228 4155 in-

570 4184 817 4255 frenabis
872 4199 929 4240 os
987 4185 1110 4241 bovi
1159 4186 1449 4242 trituranli
1496 4187 1671 4258 (Deut.
1704 4203 1835 4254 xxv,
1870 4188 1943 4259 4),
1978 4193 2035 4243 et
2093 4205 2225 4244 cum

574 4272 847 4344 Apostolo
896 4272 1267 4346 intelligere:
1321 4275 1598 4346 Numquid
1643 4276 1708 4331 de
1756 4276 1921 4331 bobus
1969 4293 2105 4332 cura
2150 4285 2231 4334 est

577 4362 684 4417 Deo
724 4363 774 4433 (I
807 4363 940 4419 Tim.
986 4380 1042 4435 v,
1090 4364 1188 4431 18;
1223 4365 1251 4419 Ι
1279 4364 1400 4419 Cor.
1437 4381 1513 4434 1x,
1544 4364 1639 4433 9)?
1691 4364 1792 4419 sed
1838 4370 2073 4438 prepter
2122 4383 2228 4422 nos

568 4450 777 4521 utique
830 4450 989 4520 dicit,
1023 4455 1081 4506 et
1125 4452 1433 4507 observare
1492 4453 1736 4507 sabbata
1798 4452 2045 4510 delicata
2094 4457 2224 4525 (Isa.

571 4553 727 4617 cvm,
762 4539 874 4610 13),
906 4556 1021 4595 non
1053 4543 1118 4594 ut
1159 4540 1264 4595 bos
1294 4544 1351 4595 et
1381 4539 1585 4597 asinus
1629 4546 1845 4611 noster,
1877 4547 1933 4598 et
1962 4542 2099 4599 vilia
2127 4562 2226 4618 pe-

572 4642 709 4681 cora
738 4625 1011 4726 laetentur
1041 4628 1101 4682 in
1132 4628 1407 4726 sabbato;
1441 4630 1540 4685 sed
1587 4629 1671 4685 illi
1714 4630 2005 4698 homines,
2038 4638 2095 4688 et
2123 4651 2222 4707 pe-
2253 4660 2301 4726 Β

573 4730 728 4786 cora,
761 4715 832 4770 de
863 4716 1079 4786 quibus
1109 4717 1394 4789 scriptum
1424 4724 1513 4775 est
1545 4737 1557 4775 :
1590 4721 1844 4776 Homines
1881 4726 1933 4777 et
1964 4724 2224 4794 jumenta

572 4803 749 4858 salvos
792 4802 991 4876 facies,
1024 4805 1252 4862 Domine
1282 4807 1458 4878 (Psal.
1491 4825 1659 4875 xxxv,
1690 4810 1769 4879 7).
1804 4811 2082 4867 Homines
2131 4829 2222 4868 ra-

573 4891 886 4947 tionabiles
924 4909 1187 4965 quosque
1234 4902 1292 4951 et
1337 4896 1675 4969 spiritusles
1721 4898 1895 4969 viros,
1947 4900 2226 4958 animalia

652 5020 667 5052 ι
702 5017 828 5081 Qua
862 5015 1373 5093 interpunctionis
1412 5020 1574 5088 vitio,
1621 5039 1738 5093 qua
1783 5022 1997 5079 vocuhe
2047 5026 2225 5083 unius

574 5088 1325 5167 depravationeiaborabat
1348 5092 1458 5167 hic
1496 5088 1727 5149 sensus.
1763 5094 1981 5167 Nempe
2011 5104 2135 5153 erat
2164 5099 2223 5153 in

568 5161 823 5234 vulgatis
846 5161 1145 5217 omnibus.
1169 5163 1605 5220 Immolationem
1634 5169 1696 5220 in
1723 5182 1834 5221 uno
1866 5161 2076 5222 tantum
2107 5170 2223 5226 loco

569 5237 702 5309 agni
732 5244 889 5309 terrae
920 5250 938 5287 :
968 5235 1201 5304 septima
1230 5240 1413 5291 aestate
1439 5238 1612 5307 ferias
1635 5254 1655 5290 :
1688 5243 1754 5292 ut
1782 5254 1908 5304 vox,
1942 5242 2118 5309 terrae,
2152 5242 2221 5296 ad

573 5306 771 5383 locum
800 5306 1134 5383 referretur,
1165 5323 1297 5383 cum
1344 5309 1415 5383 ad
1451 5309 2026 5383 septimgamAzetatem
2060 5306 2223 5383 spec-

574 5384 676 5434 tet.
710 5378 1009 5433 Laudatur
1039 5376 1182 5432 illud
1218 5378 1463 5433 Levetiei
1496 5376 1619 5447 xxv,
1652 5380 1685 5434 3
1712 5396 1724 5434 :
1760 5378 1868 5436 Sex
1895 5385 2058 5437 annis
2081 5376 2223 5439 seres

576 5466 769 5533 agrum
796 5454 973 5533 tuum,
1001 5452 1055 5504 et
1089 5466 1192 5531 sex
1220 5452 1387 5505 annis
1415 5452 1636 5533 putabis
1666 5453 1881 5506 vineam
1907 5458 2080 5533 tuam,
2112 5465 2219 5511 col-

579 5521 827 5593 ligesque
858 5525 1071 5592 [ructus
1103 5522 1259 5593 ejus:
1289 5521 1513 5591 septimo
1541 5532 1725 5581 autem
1753 5540 1897 5579 anno
1927 5521 2223 5583 Sabbatum

577 5593 893 5664 erit_terrae,
926 5594 1281 5664 requietionis
1310 5595 1546 5650 Domini.

645 5662 666 5695 ²
694 5661 819 5718 Duo
850 5661 885 5718 θ’
907 5661 1124 5720 nostris
1174 5683 1340 5737 mss.,
1373 5683 1408 5721 a
1440 5666 1654 5721 Christi
1689 5666 1793 5736 ﬁde
1837 5669 2074 5723 struitur
2096 5688 2116 5727 :
2148 5672 2222 5727 ad

554 5746 825 5805 quorum
857 5751 991 5823 mox
1019 5740 1429 5823 auctoritatem
1460 5738 1842 5806 correximus,
1867 5743 2217 5823 conquiescit,

572 5819 678 5887 pro
708 5819 824 5883 quo
853 5810 979 5863 erat
1024 5812 1213 5888 antea,
1247 5826 1425 5871 sensu
1471 5826 1715 5887 prorsus
1765 5810 2078 5889 contrario,
2111 5810 2223 5877 non

2338 3389 2524 3441 totum
2551 3390 2660 3451 est,
2695 3386 2955 3440 Evacuati
2998 3388 3133 3441 estis
3182 3402 3218 3441 a
3263 3385 3492 3454 Christo,
3525 3387 3648 3454 sed,
3678 3390 3740 3443 in
3781 3388 3987 3446 Christi

2338 3473 2449 3545 (Al.
2502 3473 2739 3541 Christo)
2786 3490 2945 3546 opere
2990 3476 3230 3541 cessatis,
3283 3475 3471 3549 magis
3520 3475 3889 3549 intelligitur,
3921 3480 3987 3532 ut

2336 3562 2394 3618 id
2427 3565 2579 3635 quod
2614 3580 2794 3635 supra
2836 3563 3166 3635 specialiter
3195 3565 3266 3621 de
3295 3564 3744 3623 circumcisione
3774 3582 3984 3640 praece-

2336 3659 2523 3725 perat,
2574 3653 2775 3709 dicens
2822 3669 2835 3707 :
2883 3654 2947 3707 Si
2996 3654 3493 3724 circumcidamini,
3545 3654 3790 3711 Christus
3836 3655 3986 3712 vobis

2335 3742 2481 3797 nihil
2520 3742 2743 3813 prodest
2773 3744 2932 3814 (vers.
2965 3743 3041 3815 2).
3077 3760 3232 3799 nunc
3274 3744 3346 3800 de
3375 3744 3538 3799 tota3
3568 3744 3694 3817 lege
3742 3761 3983 3817 genera-

2338 3830 2470 3886 liter
2498 3831 2979 3903 comprehendat,
3007 3831 3154 3888 nihil
3184 3848 3283 3888 eos
3312 3832 3370 3886 in
3403 3832 3619 3889 Christi
3651 3849 3822 3905 opere
3851 3849 3984 3906 pro-

2337 3920 2528 3987 ficere,
2562 3920 2661 3992 qui
2694 3921 2753 3975 in
2786 3937 3136 3993 quacunque
3165 3920 3566 3979 observatione
3597 3922 3742 3996 legis
3772 3938 3835 3979 se
3864 3940 3991 3980 cre-

2336 4009 2599 4065 diderint
2617 4010 3054 4081 justiﬁcandos.

2410 4098 2595 4170 (Vers.
2639 4100 2719 4171 5.)
2765 4121 2793 4150 ‹‹
2855 4100 2971 4157 Nos
3023 4101 3179 4157 enim
3235 4100 3448 4174 spiritu
3505 4117 3574 4157 ex
3632 4102 3765 4172 fide,
3823 4118 3991 4176 spem

2335 4188 2577 4259 justitise
2610 4194 3039 4260 exspectamus.
3063 4213 3091 4241 »
3114 4190 3419 4263 Spiritum,
3444 4192 3517 4247 ad
3549 4190 3991 4247 distinctionem

2335 4275 2541 4332 litterae
2571 4277 2789 4349 posuit.
2821 4279 2965 4350 Spes
3002 4296 3135 4336 vero
3173 4280 3438 4351 justitiaa,
3471 4280 3740 4338 Christus
3772 4280 3990 4338 intelli-

2335 4366 2600 4439 gendus:
2636 4366 2775 4439 quia
2800 4367 2926 4440 ipse
2957 4373 3047 4424 est
3072 4370 3309 4442 veritas,
3341 4370 3643 4442 patientia,
3676 4387 3833 4444 spes,
3856 4372 3988 4442 jus-

2336 4456 2487 4523 titia,
2518 4471 2839 4528 omnesque
2882 4458 3129 4515 virtutes
3176 4460 3347 4531 cuius
3377 4476 3483 4516 nos
3515 4460 3840 4516 secundum
3885 4474 3981 4516 ex-

2336 4549 2670 4616 spectamus
2701 4545 3038 4614 adventum,
3069 4548 3222 4619 quod
3257 4549 3636 4619 judicaturus
3665 4553 3757 4603 est
3784 4546 3985 4603 omnia

2334 4635 2405 4707 (Il
2438 4636 2581 4689 Tim.
2608 4651 2683 4703 1v,
2720 4636 2863 4707 l),et
2885 4637 3008 4707 jam
3039 4653 3153 4693 non
3188 4636 3487 4709 patientia,
3510 4636 3611 4693 sed
3634 4634 3872 4707 justitia
3897 4634 3985 4692 af-
4032 4684 4037 4689 .

2333 4724 2590 4793 futurus,
2616 4728 2679 4780 ut
2709 4725 2915 4781 reddat
2944 4726 3259 4797 unicuique
3307 4726 3636 4781 secundum
3665 4739 3843 4797 opera
3877 4742 3989 4781 sua

2333 4815 2506 4886 (Rom.
2540 4830 2604 4881 ιι,
2634 4814 2712 4883 6).
2746 4814 2927 4885 Cujus
2976 4813 3075 4869 Dei
3124 4815 3493 4887 praesentiam
3516 4816 3539 4849 ⁴
3577 4813 3900 4887 apostolus,
3932 4817 3991 4871 et

2335 4902 2435 4975 qui
2468 4903 2520 4959 ei
2550 4908 2690 4959 sunt
2724 4902 2946 4960 similes
2994 4908 3419 4976 exspectantes,
3452 4905 3619 4961 aiunt
3650 4922 3664 4961 :
3714 4904 3984 4961 Adveniat

2334 5029 2585 5102 quiescit.
2616 5028 2905 5085 Victorius
2952 5046 3184 5102 quoquo
3243 5046 3312 5086 ex
3362 5029 3650 5086 Brixianis
3698 5029 3871 5102 codd.
3900 5028 3984 5085 ita

2334 5100 2559 5184 pridem
2591 5104 2949 5173 reposuerat,
2974 5100 3438 5184 monueratque,
3456 5104 3789 5184 conquiescit
3824 5100 3982 5157 idem

2338 5171 2441 5227 hoc
2470 5171 2593 5228 loco
2626 5171 2836 5246 sonare
2873 5189 2939 5228 ac
2977 5177 3166 5229 cessat.
3204 5171 3447 5246 Exponit
3474 5190 3536 5230 se
3566 5171 3624 5229 in
3659 5173 3817 5228 hunc
3847 5190 3986 5246 sen-

2334 5260 2467 5299 sum
2520 5245 2723 5318 statim
2775 5245 3182 5318 Hieronymus,
3223 5245 3484 5302 subdens
3534 5262 3546 5300 :

2333 5318 2481 5399 enim
2509 5313 2614 5368 ἀπὸ
2643 5319 2739 5368 τοῦ
2769 5313 3023 5399 Χριστοῦ,
3055 5335 3187 5399 non,
3218 5321 3370 5399 utin
3394 5313 3986 5399 _Latino_male:_i_nt.er-l

2326 5393 2606 5460 pretatum
2634 5396 2734 5452 est,
2759 5387 3018 5445 evacuati
3049 5391 3191 5446 estis
3221 5406 3255 5445 a
3273 5390 3524 5460 Christo,
3548 5389 3662 5455 sed,
3692 5391 3750 5445 in
3779 5387 3988 5444 Christi

2332 5475 2491 5531 Opere
2518 5463 2759 5527 cessatis,
2794 5466 2903 5516 etc.

2332 5528 2425 5658 ig):
2455 5532 2636 5656 Pepes
2668 5531 2988 5588 Victorium
3021 5533 3274 5606 negandi
3317 5538 3406 5591 est
3437 5531 3746 5606 particula,
3777 5546 3893 5587 non
3920 5528 3988 5587 de

2412 5619 2465 5658 α.
2497 5619 2526 5656 e
2559 5619 2607 5657 c.

2391 5610 2465 5666 ta,
2497 5610 2607 5657 etc.

2403 5674 2423 5706 ⁴
2454 5672 2753 5751 Palatinus
2788 5690 2898 5729 ms.
2934 5693 3067 5751 cum
3099 5676 3375 5751 Victorio,
3407 5678 3561 5751 cujus
3588 5676 3710 5751 diei
3732 5691 3982 5751 praesens

2332 5746 2580 5818 tiam,_et
2607 5744 2781 5817 paulo
2826 5750 2963 5817 post
3009 5750 3248 5818 rectius,
3279 5766 3407 5813 cum
3444 5744 3627 5810 Filius
3672 5744 3777 5805 Deo
3824 5746 3989 5806 Patri

2332 5815 2625 5877 tradiderit
2651 5815 2907 5892 regnum.

3601 5264 3735 5314 κατη
3743 5246 3848 5328 pyri
3858 5244 3988 5328 91,1:
