4332 6600
425 506 541 565 425

1072 506 1589 566 COMMENTAR.
1640 507 1715 564 ,ΙΝ
1762 505 2010 564 EPIST.
2059 502 2162 561 AD
2211 502 2489 562 GALAT.
2545 507 2685 564 LIB.
2735 507 2838 578 1H,
2888 509 3056 567 CAP.
3108 509 3177 567 V.

3715 512 3832 571 426

426 654 661 706 regnum
687 641 843 693 tuum
871 637 1086 708 (Matth.
1119 653 1196 693 v1.
1234 637 1340 708 10),
1376 641 1440 692 ut
1488 652 1620 692 cum
1656 635 1834 690 Filius
1866 635 1981 690 Dco
2013 635 2068 688 et
2097 634 2152 701 Α
2186 633 2298 687 sita
2325 658 2336 697 ;
2362 634 2514 689 483
2543 637 2638 689 sed
2676 636 2838 703 ﬁdes,
2869 653 2994 708 quae
3028 653 3130 711 per
3161 639 3505 696 charitatem
3539 647 3832 726 operatur,

426 727 582 783 Patri
611 726 911 783 tradiderit
955 741 1222 797 regnum,
1275 725 1421 781 etin
1471 725 1751 796 subjectis
1793 721 2070 779 omnibus

428 816 602 872 fuerit
630 821 686 872 et
709 816 833 888 ipse
864 815 1163 886 subjectus
1193 815 1239 886 (1
1273 816 1400 870 Cor.
1432 831 1522 880 xv,
1559 814 1687 886 28):
1725 818 1865 869 tunc
1895 817 2070 885 caput

425 905 768 975 subjiciatur
796 904 854 959 in
887 919 1145 976 corpore,
1201 908 1259 958 et
1289 903 1365 958 sit
1409 903 1564 958 Deus
1617 902 1812 958 omnia
1845 902 1903 957 in
1937 918 2068 956 om-

424 993 598 1049 nibus
645 976 847 1062 (Ibid.).
907 993 1052 1057 Quia
1108 993 1207 1065 qui
1263 1008 1418 1047 nunc
1477 997 1565 1047 est
1620 1008 1688 1047 ex
1734 995 1919 1064 parte,
1969 1007 2072 1062 per

422 1080 704 1158 singulos,
735 1088 875 1138 tunc
905 1081 1145 1152 incipiet
1175 1085 1333 1136 totus
1364 1096 1492 1135 esse
1531 1096 1632 1151 per
1661 1084 1925 1135 cunctos.

491 1172 678 1242 (Vers.
711 1170 793 1243 6.)
826 1193 853 1221 ‹‹
885 1169 1031 1226 Nam
1061 1169 1120 1225 in
1153 1169 1380 1226 Christo
1405 1172 1566 1239 Jesu,
1597 1184 1788 1252 neque
1818 1168 2068 1223 circum-

390 1255 563 1315 cisio
593 1258 747 1316 482
797 1259 1020 1331 aliquid
1076 1251 1246 1326 valet,
1309 1275 1495 1330 neque
1552 1251 1927 1330 praiputium,
1969 1256 2070 1313 sed

418 1349 565 1405 fides
593 1366 718 1421 quas
765 1365 868 1422 per
913 1347 1258 1404 charitatem
1313 1350 1604 1419 operatur.
1652 1369 1678 1396 ››
1732 1347 1829 1402 His
1878 1347 1978 1418 qui
2011 1345 2069 1401 in

416 1437 646 1495 Christo
701 1437 842 1494 Jesu
900 1437 1104 1494 volunt
1152 1438 1362 1506 vivere,
1427 1436 1672 1492 virtutes
1730 1435 2071 1508 appetendae

418 1532 577 1596 sunt,
608 1527 750 1584 vitia
777 1527 1075 1601 fugienda,
1110 1525 1304 1581 media
1333 1541 1466 1580 vero
1490 1541 1615 1595 quae
1647 1525 1800 1580 inter
1823 1524 2069 1580 virtutes

418 1623 476 1674 et
519 1616 659 1673 vitia
714 1621 872 1686 sunt,
933 1633 1037 1672 nec
1091 1614 1387 1688 fugienda,
1440 1629 1545 1669 nec
1604 1614 1950 1686 appetenda,
2006 1619 2069 1670 ut

420 1704 785 1763 circumcisio
835 1709 892 1761 et
937 1704 1312 1777 praeputium,
1363 1707 1420 1758 et
1451 1708 1656 1760 catera
1698 1701 1790 1758 his
1834 1701 2068 1759 similia.

418 1783 792 1851 Circumcisio
824 1793 1063 1866 quidem
1115 1793 1374 1866 prodest,
1425 1791 1472 1847 si
1534 1791 1722 1865 legem
1774 1792 2072 1849 custodias

417 1885 588 1956 (Rom.
640 1901 701 1951 ιι,
748 1885 861 1956 25).
922 1883 1056 1948 Quae
1105 1882 1319 1939 idcirco
1371 1881 1532 1937 utilis
1587 1883 1696 1936 fuit
1747 1881 1841 1938 his
1880 1881 2071 1954 quiin

2182 727 2245 777 ut
2277 729 2333 778 et
2363 723 2506 779 ﬁdes
2538 743 2664 796 qum
2715 731 2979 798 reputate
3027 731 3115 784 est
3157 729 3402 786 Abrahm
3457 729 3514 784 in
3538 723 3838 801 justitiam

2181 812 2330 884 (Gen.
2366 830 2455 880 xv,
2487 815 2564 884 6),
2598 815 3031 886 comprobetur,
3093 822 3149 872 et
3199 835 3372 874 omne
3424 835 3572 892 opus
3608 820 3743 876 ﬁdei
3776 819 3836 876 in
3911 829 3927 848 ’

2181 900 2463 958 charitate
2484 903 2898 975 pendentibus.
2928 907 2988 960 In
3012 905 3104 962 his
3128 907 3420 980 siquidem
3443 907 3675 965 duobus
3697 901 3839 982 ρτω.

2181 991 2363 1062 ceptis
2393 1009 2405 1047 :
2439 997 2712 1064 ponatur,
2745 997 2868 1050 tota
2913 994 3039 1066 lege
3092 999 3148 1051 et
3195 996 3496 1069 prophetis
3545 997 3613 1053 ex
3641 994 3834 1054 Chari-

2181 1083 2298 1135 tate
2356 1082 2571 1151 Diliges
2636 1083 2810 1138 Deum
2888 1092 3063 1155 tuum,
3112 1089 3168 1141 et
3234 1085 3431 1156 diliges
3490 1085 3832 1159 proximum,

2181 1166 2444 1223 Salvator
2491 1171 2743 1224 asseruit
2789 1169 2978 1244 legem
3027 1173 3462 1246 prophetasque
3511 1175 3835 1233 consistere

2182 1255 2400 1328 (Matth.
2433 1275 2570 1329 xxu,
2621 1259 2730 1331 40).
2793 1259 2860 1315 Et
2895 1261 3106 1318 Paulus
3161 1263 3220 1319 in
3253 1265 3366 1320 alio
3423 1264 3586 1322 loco:
3620 1257 3835 1322 Etenim

2179 1362 2290 1400 non
2318 1346 2676 1416 adulterabis,
2725 1365 2839 1405 non
2882 1351 3167 1420 furaberis
3239 1369 3350 1408 non
3387 1355 3751 1428 concupisCes,
3783 1348 3835 1412 et

2181 1437 2230 1490 si
2259 1435 2402 1507 quod
2432 1445 2510 1492 est
2547 1437 2707 1492 aliud
2749 1438 3099 1505 mandatum,
3152 1441 3212 1496 in
3257 1441 3357 1498 hoc
3404 1459 3652 1500 sermone
3679 1437 3834 1500 rem;

2180 1522 2502 1592 pitulatur:
2557 1525 2758 1598 Diliges
2799 1530 3122 1599 proximum
3168 1538 3326 1585 tuum
3375 1531 3518 1587 sicut
3565 1535 3615 1588 te
3655 1532 3832 1604 (Rom.

2181 1629 2302 1681 x111,
2335 1613 2410 1683 9).
2440 1613 2498 1668 Si
2528 1631 2664 1687 ergo
2708 1633 2881 1672 omne
2930 1618 3276 1674 mandatum
3324 1619 3744 1694 recapitulatbr
3771 1614 3833 1678 in

2182 1719 2247 1758 eo
2280 1704 2435 1775 quod
2465 1703 2689 1760 dictum
2745 1709 2869 1761 est:
2922 1707 3128 1778 Diliges
3166 1710 3485 1780 proximum
3522 1717 3678 1766 tuum
3709 1715 3832 1767 tané

2183 1808 2344 1865 quam
2368 1795 2437 1863 te,
2493 1793 2637 1850 fides
2686 1797 2881 1850 autem
2915 1812 3018 1867 per
3066 1796 3410 1854 charitatem
3458 1804 3696 1872 operata
3735 1790 3833 1857 va-

2182 1879 2262 1937 let
2292 1881 2635 1954 plurimum,
2688 1884 3066 1941 manifestum
3117 1891 3206 1942 est
3252 1887 3648 1961 Operationem
3700 1883 3834 1945 ﬁdei

415 1971 542 2048 lege
572 1973 861 2039 vixerunt,
897 1989 1011 2029 non
1044 1971 1184 2045 quia
1234 1969 1562 2027 circumcisi
1608 1974 1773 2027 erant
1804 1970 1904 2027 sed
1934 1971 2074 2042 quia
2101 2006 2149 2072 B
2183 1986 2284 2042 per
2300 1969 2663 2039 charitatem,
2684 1973 3112 2044 plenitudinem
3136 1978 3550 2034 mandatorum
3569 1969 3834 2035 omnium

420 2064 640 2120 credita
669 2067 808 2119 sunt
866 2059 984 2118 illis
1041 2061 1276 2133 eloquia
1324 2059 1419 2116 Dei
1472 2061 1648 2132 (Rom.
1704 2077 1787 2128 ιιι,
1835 2061 1912 2131 2),
1942 2078 2072 2134 quas

418 2153 476 2210 in
505 2169 681 2224 opera
709 2155 1018 2214 vertentes,
1053 2168 1087 2206 a
1117 2149 1306 2206 salute
1353 2150 1610 2206 extranei
1661 2166 1775 2206 non
1808 2150 2066 2207 luerunt.

417 2241 536 2300 Nec
566 2259 672 2299 nos
703 2245 932 2299 moveat
961 2241 1117 2312 quod
1149 2258 1182 2296 a
1227 2239 1486 2312 Sephora
1514 2238 1723 2295 tollens
1754 2238 2068 2309 calculum,

418 2332 606 2389 filium
657 2330 1024 2388 circumcidit
1069 2329 1258 2401 (Exod.
1312 2346 1388 2397 ιν,
1432 2330 1544 2402 25),
1597 2333 1655 2384 et
1684 2330 2070 2386 suifocantem

417 2421 692 2494 angelum
724 2419 1023 2493 prohibuit
1051 2436 1084 2474 a
1115 2417 1324 2474 marito
1375 2417 1534 2489 (Ibid.
1568 2417 1679 2489 24),
1715 2417 1834 2474 sive
1865 2422 1930 2474 ut
1959 2417 2073 2474 ali-

418 2515 505 2566 ter
536 2510 593 2565 in
652 2509 887 2566 Hebraeo
935 2508 1222 2580 scriptum
1270 2507 1537 2576 refertur,
1594 2506 1735 2579 quia
1766 2525 1922 2563 nunc
1954 2524 2070 2564 non

420 2604 541 2655 tam
572 2598 1076 2655 circumcisionem
1104 2595 1338 2668 penitus
1370 2594 1453 2650 nil
1479 2593 1769 2668 prodesse,
1805 2613 1980 2668 quam
2010 2597 2069 2654 in

419 2687 648 2744 Christo
679 2687 817 2744 Jesu
871 2703 999 2742 eam
1051 2702 1164 2741 non
1212 2684 1402 2740 valere
1458 2689 1706 2741 testatus
1756 2689 1862 2755 est,
1908 2703 1978 2742 ex
2006 2703 2071 2743 eo

421 2777 712 2850 siquidem
761 2781 1023 2848 tempore
1071 2791 1186 2847 quo
1241 2773 1616 2845 Evangelium
1665 2773 1724 2829 in
1773 2779 1894 2830 toto
1935 2775 2072 2832 orbe

422 2867 686 2932 radiavit,
721 2865 1019 2938 superflua
1049 2868 1138 2920 est
1166 2861 1630 2920 circumcisionis
1667 2864 1903 2935 injuria.
1936 2867 2071 2929 Quae

421 2961 582 3025 tunc,
615 2959 680 3011 ut
709 2959 915 3011 catera
944 2968 1178 3025 quoque
1209 2951 1374 3025 legis,
1407 2950 1588 3007 valuit
1618 2953 1852 3024 quando
1886 2958 1942 3008 et
1972 2953 2069 3009 be-

423 3043 779 3102 nedictiones
808 3041 1072 3099 carnales
1099 3040 1284 3114 legem
1317 3041 1686 3097 servantibus
1708 3041 2074 3114 spondeban-

421 3139 552 3202 tur;
587 3135 742 3206 quod
776 3133 1014 3200 scilicet,
1049 3131 1464 3204 siimplessent
1493 3147 1644 3197 eam,
1674 3131 1961 3187 benedicti
1987 3148 2074 3188 es-

423 3229 552 3280 sent
579 3224 638 3280 in
671 3223 926 3293 civitate,
958 3221 1246 3278 benedicti
1280 3221 1337 3276 in
1383 3237 1545 3293 agro,
1587 3221 1759 3292 plena
1789 3221 2074 3277 haberent

421 3312 650 3381 horrea,
674 3317 730 3368 et
751 3312 938 3368 multa
955 3311 1069 3367 alia
1086 3325 1212 3383 quae
1231 3310 1288 3366 in
1314 3309 1872 3383 repromissionibus
1895 3311 2074 3366 conti-

2180 2059 2496 2115 continere.
2549 2062 2849 2128 Quomodo
2898 2068 3096 2119 autem
3138 2066 3307 2136 juxta
3356 2065 3684 2139 apostolum
3733 2067 3832 2124 Jaé

2181 2149 2414 2220 cobum,
2474 2151 2620 2206 ﬁdes
2673 2151 2896 2223 absque
2948 2153 3223 2224 operibus
3278 2159 3512 2212 mortua
3556 2161 3647 2213 est
3697 2145 3832 2231 (Jac.

2181 2254 2244 2304 11,
2275 2237 2367 2310 20)
2398 2254 2410 2292 :
2447 2238 2529 2293 sic
2561 2239 2781 2310 absque
2829 2241 2961 2314 fide,
2996 2244 3266 2314 quamvis
3305 2243 3459 2300 bona
3489 2261 3664 2318 opera
3694 2243 3833 2318 sint,

2183 2331 2414 2382 mortua
2462 2333 2900 2401 computantur.
2951 2331 3058 2397 Qui
3107 2331 3287 2405 igitur
3335 2334 3394 2388 in
3440 2332 3668 2390 Christo
3715 2331 3834 2391 non

2182 2415 2446 2482 credunt,
2481 2421 2536 2472 et
2588 2422 2728 2474 sunt
2775 2419 2975 2492 probis
3009 2421 3292 2495 moribus,
3345 2421 3503 2479 aliud
3535 2423 3677 2497 quid
3712 2427 3836 2482 ma-

2181 2504 2270 2576 gis
2302 2505 2522 2561 habent
2548 2523 2724 2578 quam
2755 2524 2932 2579 opera
2964 2508 3248 2566 virtutum
3270 2511 3299 2565 ?
3325 2509 3670 2585 Exemplum
3701 2505 3838 2590 ﬁdei

2182 2611 2311 2666 qua:
2365 2612 2466 2667 per
2513 2594 2860 2652 charitatem
2920 2603 3215 2670 operatur,
3274 2599 3346 2656 de
3399 2593 3839 2672 Evangelioillé

2183 2685 2456 2739 meretrix
2485 2684 2726 2753 tribuat,
2779 2703 2906 2757 quae
2939 2704 3072 2742 cum
3122 2689 3182 2742 in
3215 2689 3389 2746 domo
3436 2689 3709 2746 Pharisaei
3742 2691 3838 2746 ac;

2181 2774 2419 2829 cubanti
2451 2774 2696 2829 Domino
2728 2774 2883 2830 484
2909 2776 3086 2847 pedes
3127 2776 3364 2833 lavisset
3391 2777 3688 2852 lacrymis,
3719 2783 3837 2836 ter;-

2182 2862 2356 2919 sisset
2385 2863 2664 2934 crinibus,
2705 2863 2936 2920 linisset
2965 2866 3071 2933 (Al.
3123 2865 3379 2935 lavisset)
3421 2871 3747 2940 unguento,
3777 2871 3836 2925 et

2183 2951 2469 3008 Pharisaeo
2486 2954 3185 3022 murmuranti,DOminus
3198 2955 3537 3028 parabolam
3552 2955 3840 3029 quinqua-

2182 3039 2344 3114 ginta
2360 3045 2417 3096 et
2439 3041 2792 3114 quingentos
2813 3041 3086 3099 denarios
3109 3044 3392 3101 debitoris
3410 3045 3836 3118 proposuisset,

2182 3130 2394 3201 adjecit
2424 3132 2573 3199 (Luc.
2606 3147 2709 3198 vn,
2740 3131 2933 3200 36-43)
2958 3150 2970 3187 :
3003 3135 3238 3205 Propter
3262 3134 3402 3206 quod
3430 3134 3548 3191 dicio
3575 3137 3717 3191 tibi:
3746 3135 3840 3191 Di-

2181 3222 2483 3273 mittuntur
2537 3220 2590 3274 ei
2639 3230 2867 3290 peccata
2922 3221 3116 3289 multa,
3172 3225 3306 3293 quia
3361 3224 3558 3281 dilexit
3598 3215 3836 3280 multum

2188 3307 2348 3379 (Ibid.
2381 3309 2491 3380 47).
2543 3309 2612 3363 Et
2641 3309 2712 3364 ad
2767 3308 2958 3382 ipsam
3008 3311 3316 3367 mulierem
3348 3329 3684 3384 conversus,
3716 3313 3836 3369 ait:

423 3376 644 3459 nentur,
666 3389 840 3473 (Deut.
880 3417 1076 3470 xxvm,
1102 3376 1328 3471 ’3.-14).
1361 3376 1478 3455 Nos
1526 3405 1720 3456 autem
1754 3401 1813 3456 in
1844 3401 2074 3458 Christo
2107 3376 2149 3444 Ο
2186 3376 2346 3454 Fides
2376 3376 2474 3452 tua
2504 3407 2556 3453 te
2599 3376 2809 3454 salvam
2853 3401 3019 3469 fecit:
3079 3399 3214 3454 vade
3263 3403 3324 3455 in
3369 3417 3503 3472 pace
3531 3376 3688 3474 (Ibid.
3720 3399 3836 3474 50).

421 3492 564 3548 Jesu
584 3490 778 3548 valere
797 3479 1071 3546 volumus
1091 3493 1149 3544 et
1169 3487 1501 3558 confortari,
1524 3488 1581 3543 id
1602 3493 1711 3556 est,
1736 3489 1795 3544 in
1817 3507 1952 3546 vera
1973 3492 2077 3546 cir-

423 3579 784 3637 cumcisione
800 3583 856 3634 et
878 3596 992 3636 non
1011 3578 1069 3633 in
1089 3576 1420 3634 concisione
1439 3577 1702 3633 Judaica.
1725 3579 1906 3650 Neque
1925 3583 2076 3636 enim

423 3672 523 3743 qui
549 3671 612 3725 in
640 3672 829 3741 aperto
855 3667 1083 3725 Iudaeus
1129 3675 1224 3737 est,
1267 3682 1440 3738 neque
1485 3667 1782 3739 manifesta
1812 3669 1871 3723 in
1899 3686 2077 3726 carne

422 3758 790 3830 circumcisio,
822 3756 914 3813 sed
943 3758 1002 3812 in
1031 3755 1339 3812 abscondito
1385 3753 1628 3824 Iudaeus,
1651 3766 1703 3813 et
1733 3759 2077 3818 circumcisio

424 3847 598 3905 cordis
657 3849 717 3902 in
773 3847 1003 3917 spiritu,
1060 3861 1172 3902 non
1227 3844 1413 3901 littera
1466 3846 1640 3914 (Rom.
1697 3863 1758 3909 Π,
1818 3849 1907 3917 28,
1959 3851 2072 3924 29).

423 3937 578 3994 Nihil
609 3935 806 4008 itaque
861 3935 1099 4008 prodest
1126 3934 1185 3989 in
1235 3933 1467 3990 Christo
1522 3935 1715 3992 carnis
1762 3937 2075 3996 circumci-

427 4026 535 4098 sio,
567 4027 666 4082 sed
699 4025 892 4082 cordis
923 4028 980 4080 et
1005 4023 1260 4091 aurium,
1294 4040 1420 4096 quae
1472 4024 1660 4079 aufert
1689 4023 1835 4081 illud
1864 4045 2074 4101 oppro-

425 4115 619 4172 brium
673 4115 1048 4171 Judaaorum:
1099 4115 1232 4169 Ecce
1284 4115 1618 4170 circumcisae
1662 4130 1828 4172 aures
1863 4127 2072 4187 vestra,

427 4209 481 4259 et
507 4220 621 4260 non
647 4205 866 4275 potestis
915 4202 1113 4258 audire
1159 4201 1352 4274 (Exod.
1397 4218 1473 4272 v1,
1532 4202 1640 4274 12).
1694 4205 1936 4262 Prodest
1965 4207 2075 4262 cir-

429 4292 710 4348 cumcisio
741 4291 1052 4359 labiorum,
1084 4307 1261 4362 quam
1296 4291 1467 4360 juxta
1496 4290 1911 4363 humilitatem,
1945 4313 2078 4352 nec-

429 4382 570 4438 dum
603 4397 664 4438 se
694 4380 907 4438 habere
937 4381 1294 4438 causabatur
1324 4379 1572 4452 Moyses,
1607 4385 1672 4437 ut
1707 4381 1767 4437 in
1797 4384 2079 4440 Hebraico

427 4470 710 4543 scriptum
761 4475 883 4528 est:
934 4471 1042 4542 Ego
1100 4473 1285 4526 autem
1339 4485 1466 4524 sum
1507 4473 1849 4542 praeputium
1880 4472 2082 4530 habens

425 4563 487 4617 in
517 4561 682 4617 labiis
736 4559 941 4632 (Ibid).
1004 4559 1254 4615 Multum
1313 4557 1588 4614 utilitatis
1646 4563 1884 4632 praebet,
1935 4563 2082 4619 etin

427 4651 602 4706 rebus
655 4649 918 4707 venercis
975 4647 1343 4705 circumcisio
1403 4663 1535 4703 cum
1593 4664 1697 4720 per
1752 4650 2082 4708 castitatem

2186 3490 2397 3558 Aperte
2444 3487 2600 3541 enim
2656 3486 2714 3541 in
2765 3486 2876 3541 hoc
2912 3486 3038 3542 loco
3082 3487 3549 3544 demonstratum
3582 3483 3672 3544 est
3708 3493 3834 3545 mu;

2185 3576 2387 3632 lierem
2424 3576 2598 3631 istam
2643 3574 2923 3631 habuisse
2970 3577 3144 3632 fidem
3194 3594 3296 3649 per
3326 3577 3670 3634 charitatem
3701 3577 3839 3651 ope;

2185 3671 2395 3736 ratam,
2453 3682 2580 3738 quae
2649 3664 2900 3721 multum
2963 3665 3210 3722 valuerit
3274 3667 3334 3722 in
3391 3667 3642 3725 Christo.
3701 3667 3840 3724 Esto

2186 3757 2317 3830 quis
2350 3755 2541 3812 dicat:
2577 3759 2727 3811 Bene
2776 3755 3282 3812 circumcisionem
3335 3757 3395 3812 in
3427 3757 3656 3814 Christo
3690 3747 3840 3814 nihil

2182 3845 2374 3902 valere
2395 3845 2758 3911 monstravit,
2783 3861 2961 3917 quam
2980 3844 3200 3901 sciebat
3211 3845 3531 3919 aliquando
3548 3846 3831 3906 valuisse:

2186 3935 2452 4007 nunquid
2485 3939 2541 3990 et
2569 3935 2640 3990 de
2678 3934 2960 4006 praaputio
3006 3934 3222 4008 aliquis
3271 3935 3626 4009 ambigebat,
3659 3941 3726 3993 ut
3754 3934 3841 3991 di;

2186 4029 2358 4092 ceret,
2416 4039 2588 4096 neque
2654 4024 3040 4093 praeputium?
3094 4025 3202 4079 Sed
3269 4025 3318 4080 si
3400 4016 3839 4081 consideremus

2186 4110 2474 4184 plurimos
2513 4109 2999 4177 Christianorum,
3035 4111 3092 4166 id
3143 4115 3250 4182 est,
3284 4129 3314 4167 e
3363 4113 3603 4182 nostris,
3637 4113 3738 4185 qui
3769 4109 3842 4170 de

2187 4200 2436 4257 oleastro
2493 4198 2694 4254 inserti
2752 4214 2962 4254 sumus
3017 4198 3077 4253 in
3144 4199 3400 4256 radicem
3460 4202 3624 4257 bonae
3677 4201 3837 4258 oliva!

2189 4292 2364 4363 (Rom.
2398 4306 2480 4357 x1,
2519 4289 2624 4360 i7),
2672 4287 2962 4344 exsultare
3009 4292 3209 4344 contra
3256 4288 3470 4345 fractos
3508 4306 3703 4346 ramos
3734 4297 3840 4363 p04-

2190 4378 2314 4454 puli
2336 4379 2696 4447 Judazorum,
2723 4381 2779 4433 et
2800 4377 3010 4446 dicere,
3042 4379 3230 4450 magis
3249 4377 3439 4434 valere
3462 4379 3840 4454 praéputiu‘m,

2190 4470 2250 4524 in
2285 4486 2400 4540 quo
2456 4467 2750 4523 Abraham
2789 4469 2897 4522 Deo
2955 4465 3190 4540 placuit,
3251 4473 3309 4524 et
3365 4473 3634 4542 reputata
3673 4473 3763 4526 est
3791 4465 3844 4526 ei

2194 4559 2338 4623 ﬁdes
2397 4559 2467 4613 ad
2517 4557 2812 4629 justitiam
2873 4557 3026 4628 (Gen.
3084 4575 3174 4628 xv,
3238 4559 3314 4631 6),
3366 4576 3544 4632 quam
3593 4559 3849 4617 circum-

2195 4648 2498 4712 cisionem,
2563 4663 2689 4719 quae
2722 4646 2780 4701 in
2837 4645 3074 4719 signum
3123 4647 3258 4704 ﬁdei
3307 4649 3444 4706 data
3490 4653 3597 4720 est,
3643 4654 3703 4706 et
3741 4648 3845 4706 ha-

425 4739 795 4811 impudicitia
826 4739 1150 4795 desecatur.
1195 4737 1379 4810 Igitur
1422 4737 1482 4792 in
1532 4736 1762 4795 Christo
1807 4738 1948 4796 Jesu
1981 4758 2085 4798 nec
2116 4749 2162 4813 Β
2197 4737 2351 4794 benti
2383 4753 2512 4793 eam
2573 4752 2688 4791 non
2743 4736 2962 4808 profuit
3020 4737 3255 4794 Israeli:
3310 4738 3642 4796 videbimus
3668 4732 3849 4796 etiam

426 4828 792 4886 circumcisio
821 4827 994 4897 valet,
1042 4845 1147 4885 nec
1187 4828 1540 4901 praeputium
1588 4829 1911 4902 corporale,
1943 4831 2089 4904 quia
2197 4829 2349 4883 hanc
2402 4825 2775 4897 quorundam
2803 4826 3245 4900 usurpationem
3299 4828 3641 4888 cautissime
3691 4833 3848 4886 nunc

426 4922 486 4979 in
515 4916 730 4990 medio,
762 4917 822 4973 id
854 4921 964 4986 est,
1015 4917 1168 4974 inter
1209 4916 1353 4974 vitia
1399 4917 1768 4990 virtutesque
1815 4923 1956 4975 sunt
1985 4937 2086 4993 po-

2199 4917 2515 4974 exclusam.

1675 5241 2000 5330 LIBER
2071 5235 2605 5328 TERTIUS.

501 5549 840 5609 483-484
915 5552 1178 5610 Tertium
1233 5554 1305 5611 ad
1381 5553 1634 5625 Galatas,
1693 5573 1724 5612 ο
1793 5553 1976 5611 Paula
2032 5555 2089 5610 et
2199 5545 2623 5608 imbecillitatis
2655 5554 2886 5623 nostrae,
2919 5554 2975 5609 et
3005 5550 3169 5609 exilis
3201 5548 3417 5624 ingenii
3449 5552 3853 5629 rivulu‘m,vix

395 5701 400 5705 ,
430 5639 839 5716 Eustochium,
868 5642 1141 5699 volumen
1191 5643 1302 5702 hoc
1351 5645 1626 5703 cudimus
1660 5648 1676 5682 ¹
1706 5663 1720 5703 :
1753 5662 1868 5703 non
1900 5643 2089 5718 ignari

2182 5645 2383 5721 ‘parvo
2416 5652 2771 5722 strepentem
2819 5667 3117 5707 murmure
3160 5649 3497 5710 sentientes.
3531 5653 3662 5712 Jam
3694 5657 3849 5716 enim

504 5823 520 5862 ι
553 5819 666 5878 Alii
695 5821 851 5891 libri,
882 5820 1205 5879 condimus:
1236 5827 1292 5881 et
1321 5840 1474 5895 mox,
1524 5829 1795 5898 strepente
1821 5842 2144 5892 murmure;
2176 5827 2446 5904 denique,
2479 5830 2860 5903 Apostolorum
2885 5827 3272 5903 simplicitate.

757 5950 1022 6012 ΡΑτιιοι.
1072 5948 1290 6014 XXVI.

3452 5967 3525 6029 14
