4332 6638
521 543 635 600 427

1785 541 1849 601 S.
1898 541 2208 603 EUSEBII
2255 541 2698 602 lllEllONYMI

3811 547 3931 607 428

519 673 664 731 etin
723 673 995 731 Ecclesiis
1045 674 1160 730 ista
1216 677 1593 746 quaeruntur:
1651 673 1985 753 omissaque
2016 674 2404 747 apo-Anam
2461 679 2518 730 et
2573 673 3018 740 Quintilianum.
3077 673 3332 730 Ecclesia
3389 675 3604 732 Christi
3665 693 3782 733 non
3851 679 3922 735 de

520 762 860 820 stolicorum
931 763 1304 836 simplicitate
1373 768 1429 817 et
1501 763 1756 835 puritate
1833 765 2165 832 verborum,

518 853 689 924 quasi
721 855 793 910 ad
824 854 1166 910 Atheneum
1199 856 1240 919 ί,
1280 858 1336 908 et
1367 853 1437 908 ad
1485 853 1775 908 auditoria
1801 853 2162 924 convenitur,

518 947 585 1000 ut
613 942 858 1015 plausus
904 943 1412 1000 circumstantium
1459 942 1852 998 suscitentur:
1887 948 1948 997 ut
1978 943 2162 998 oratio

519 1031 818 1089 rhetoricae
867 1034 1011 1089 artis
1060 1035 1255 1089 fucata
1303 1031 1623 1097 mendacio,
1675 1032 1843 1102 quasi
1897 1032 2162 1104 quaedam

516 1123 891 1180 meretricula
937 1124 1211 1195 procedat
1239 1121 1296 1177 in
1346 1120 1671 1193 publicum,
1723 1136 1838 1177 non
1879 1125 1998 1175 tam
2031 1138 2161 1176 eru-

517 1211 714 1286 ditura
733 1213 998 1284 populos,
1032 1228 1208 1283 quam
1232 1212 1485 1266 favorem
1508 1209 1708 1282 populi
1737 1211 2074 1281 quaesitura,
2107 1214 2163 1265 et

516 1301 579 1356 in
609 1301 896 1357 mundum
928 1299 1186 1372 psalterii
1219 1304 1276 1355 et
1313 1299 1466 1354 tibiae
1511 1299 1678 1354 dulce
1711 1300 1995 1366 canentis,
2029 1315 2158 1354 sen-

515 1405 619 1447 sus
648 1389 945 1446 deculceat
974 1389 1340 1445 audientium
1370 1407 1383 1456 ;
1419 1395 1484 1443 ut
1511 1405 1642 1443 vere
1686 1387 1831 1443 illud
1865 1388 2158 1460 prephetaa

513 1478 826 1534 Ezechielis
857 1478 1073 1534 nostris
1094 1478 1460 1550 temporibus
1481 1477 1671 1549 possit
1695 1477 1904 1549 aptari,
1936 1478 2159 1533 dicente

509 1566 756 1623 Domino
788 1569 860 1622 ad
914 1583 1081 1624 eam:
1141 1570 1206 1623 Et
1262 1570 1439 1638 factus
1495 1584 1549 1622 es
1601 1569 1678 1622 eis
1734 1570 1893 1638 quasi
1948 1583 2049 1622 vox
2077 1568 2157 1624 ci-

508 1657 682 1712 tharae
711 1673 878 1712 suave
909 1659 1173 1724 canentis,
1205 1665 1256 1711 et
1290 1658 1421 1712 bene
1465 1659 1774 1728 compositu:
1795 1675 1814 1711 :
1843 1661 1895 1711 et
1923 1657 2158 1712 audiunt

505 1746 672 1801 verba
728 1751 845 1815 tua,
903 1754 956 1801 et
1010 1763 1122 1801 non
1175 1747 1388 1814 faciunt
1427 1763 1489 1801 ea
1538 1747 1752 1817 (Ezech.
1810 1764 2008 1816 xxxiii,
2041 1747 2152 1818 32).

506 1833 726 1890 Verum
758 1835 898 1906 quid
929 1851 1097 1907 agam
1120 1836 1148 1888 ‘?
1175 1835 1496 1891 Taceamne
1516 1836 1543 1890 ?
1568 1836 1678 1890 Sed
1712 1836 1998 1906 scriptum
2032 1841 2150 1892 est:

506 1921 626 1977 Non
654 1923 948 1994 apparebis
978 1926 1035 1979 in
1068 1926 1348 1996 conspectu
1375 1925 1597 1979 Domini
1627 1927 1711 1978 tui
1737 1941 1938 1979 vacuus
1961 1925 2151 1996 (Exod.

505 2028 707 2080 χχχιιι,
742 2013 850 2082 15).
885 2013 950 2067 Et
979 2013 1160 2069 Isaias
1207 2013 1380 2085 (sicut
1410 2013 1470 2067 in
1521 2013 1774 2070 Hebraeis
1816 2018 2010 2069 tamen
2045 2015 2152 2069 ha-

507 2099 679 2156 betur
725 2100 1147 2172 voluminibus)
1190 2101 1559 2173 ingemiscit:
1614 2104 1701 2159 Va:
1745 2102 1888 2158 mihi
1932 2105 2150 2173 misero,

505 2191 637 2260 quia
681 2192 831 2246 tacui
886 2192 1012 2260 (Isa.
1076 2207 1149 2262 vr,
1207 2192 1285 2263 5).
1340 2190 1616 2263 Loquar?
1673 2191 2013 2248 485-486
2042 2192 2149 2248 Sed

505 2295 740 2335 omnem
799 2280 1086 2336 sermonis
1145 2279 1515 2352 elegantiam,
1575 2284 1632 2336 et
1686 2280 1876 2336 Latini
1937 2279 2150 2352 eloquii

503 2372 890 2438 venustatem,
923 2369 1141 2425 stridor
1168 2369 1434 2424 lectionis
1488 2369 1779 2426 Hebraicaz
1811 2370 2147 2426 sordidavit.

503 2456 668 2513 Nosti
699 2457 855 2512 enim
904 2461 961 2513 et
1007 2458 1168 2530 ipsae,
1219 2459 1374 2530 quod
1421 2457 1554 2530 plus
1603 2475 1780 2530 quam
1814 2458 2151 2530 quindecim

505 2545 646 2602 anni
676 2550 833 2618 sunt,
868 2563 936 2602 ex
968 2563 1083 2619 quo
1114 2547 1174 2602 in
1217 2564 1428 2603 manus
1460 2565 1619 2603 meas
1669 2565 1975 2619 nunquam
2009 2547 2150 2602 'l‘ul-

501 2633 619 2691 lius
647 2635 687 2707 ²,
722 2651 1026 2708 nunquam
1060 2635 1240 2708 Maro,
1294 2653 1596 2708 nunquam
1645 2637 1954 2708 gentilium
1997 2635 2148 2691 litte-

502 2740 701 2780 rarum
732 2723 978 2796 quilibet
1023 2728 1240 2781 Auctor
1283 2725 1582 2781 ascendit:
1631 2729 1688 2781 et
1735 2725 1783 2780 si
1833 2725 1973 2793 quid
2006 2725 2150 2780 forte

501 2812 637 2868 inde
667 2812 809 2867 dum
841 2811 1161 2884 loquimur,
1193 2813 1438 2885 obrepit,
1468 2813 1636 2883 quasi
1667 2812 1893 2883 antiqui
1927 2829 2029 2883 per
2060 2829 2151 2867 ne-

501 2900 701 2956 bulam
735 2901 949 2958 somnii
971 2903 1366 2957 recordamur.
1391 2903 1553 2965 Quod
1585 2905 1780 2956 autem
1805 2901 2148 2973 profecerim

501 3005 571 3045 ex
597 2988 810 3062 linguae
832 2990 991 3046 illius
1025 2989 1370 3062 infatigabili
1404 2990 1619 3060 studio,
1653 2989 1901 3044 aliorum
1925 2991 2148 3060 judicio

500 3078 881 3150 derelinquo:
913 3095 1019 3150 ego
1070 3079 1207 3150 quid
1249 3079 1309 3133 in
1359 3095 1488 3134 mea
1519 3078 1839 3146 amiserim,
1871 3078 2010 3134 scio.
2042 3081 2148 3134 Ac-

502 3167 656 3223 cedit
687 3169 757 3222 ad
790 3167 918 3223 hoc.
951 3169 1090 3240 quia
1118 3173 1356 3240 prepter
1399 3167 1700 3223 oculorum
1734 3173 1790 3224 et
1820 3169 2001 3224 totius
2031 3185 2150 3223 cor-

500 3255 736 3330 pusculi
764 3257 1189 3325 inﬁrmitatem,
1221 3275 1400 3312 manu
1441 3273 1569 3312 mea
1616 3258 1739 3329 ipse
1771 3274 1882 3312 non
1917 3257 2144 3314 scribo:

501 3362 608 3401 nec
637 3345 834 3402 labore
867 3351 923 3402 et
950 3345 1255 3419 diligentia
1303 3363 1680 3419 compensare
1732 3363 1880 3418 queo
1931 3346 2145 3418 eloquii

2183 2059 2230 2124 B

2274 764 2590 819 Academia
2619 769 2676 819 et
2708 764 2925 836 Lyczeo,
2959 763 3057 818 sed
3092 764 3163 819 de
3207 763 3307 819 vili
3348 764 3655 837 plebecula
3684 783 3927 839 congre-

2274 858 2407 924 gata
2437 857 2542 908 est.
2581 852 2741 907 Unde
2774 857 2833 907 et
2862 852 3216 924 Apostolus:
3275 853 3478 924 Videte,
3530 855 3742 928 inquit,
3775 873 3932 913 voca-

2273 943 2474 998 tionem
2527 946 2769 996 vestram
2823 942 3043 1011 fratres,
3101 943 3234 1012 quia
3291 958 3403 998 non
3453 945 3624 1000 multi
3650 948 3938 1018 sapientes

2270 1032 2575 1086 secundum
2627 1045 2877 1098 carnem,
2933 1046 3043 1085 non
3074 1031 3236 1086 multi
3287 1036 3553 1102 potentes,
3611 1050 3727 1089 non
3761 1036 3932 1091 multi

2270 1119 2515 1189 nobiles;
2565 1119 2656 1174 sed
2713 1134 2836 1189 quae
2891 1119 3060 1174 stulta
3100 1123 3228 1175 sunt
3285 1121 3458 1192 hujus
3512 1123 3708 1178 mundi
3761 1125 3928 1195 elegit

2268 1209 2428 1278 Deus,
2461 1213 2517 1263 ut
2547 1209 2846 1278 confundat
2887 1211 3158 1278 sapientes
3179 1227 3197 1264 :
3229 1213 3284 1264 et
3333 1212 3562 1280 inﬁrma
3591 1212 3784 1268 mundi
3812 1214 3924 1268 ele-

2267 1301 2347 1365 git
2379 1301 2543 1365 Deus,
2601 1301 2660 1352 ut
2715 1298 3013 1368 con/undat
3067 1301 3274 1368 fortia:
3330 1308 3382 1355 et
3441 1300 3706 1370 ignobilia
3756 1303 3924 1374 hujus

2267 1387 2482 1452 mundi,
2539 1390 2590 1442 et
2644 1387 3080 1458 contemptibilia
3122 1389 3288 1457 elegit
3344 1390 3509 1455 Deus,
3541 1394 3591 1445 et
3648 1407 3766 1461 qua
3806 1408 3919 1448 non

2266 1483 2412 1541 sunt,
2448 1480 2594 1532 utea
2647 1493 2766 1548 qua
2797 1481 2945 1542 sunt,
3004 1475 3301 1533 destrueret
3356 1479 3406 1543 (ι
3455 1480 3580 1535 Cor.
3616 1496 3654 1545 ι,
3707 1479 3920 1552 26-28).

2267 1565 2413 1630 Quia
2462 1565 2618 1619 enim
2677 1581 2745 1620 ex
2803 1570 3205 1620 creaturarum
3283 1566 3509 1638 ordine,
3569 1567 3844 1624 varietate
3874 1569 3920 1641 ⁸,

2266 1653 2613 1722 constantia,
2640 1671 2753 1709 non
2787 1661 3134 1725 cognoverat
3156 1656 3413 1733 mundus
3436 1672 3536 1728 per
3564 1656 3916 1728 sapientiam

2264 1742 2472 1805 Deum,
2510 1742 2748 1813 placuit.
2802 1748 2913 1798 Deo
2946 1759 3062 1815 per'
3096 1743 3408 1799 stultitiam
3460 1745 3918 1816 pradicationis,

2264 1830 2455 1887 salvos
2486 1832 2674 1887 facere
2731 1833 3069 1888 credentes:
3132 1849 3245 1887 non
3295 1832 3352 1888 in
3413 1834 3703 1906 sapientia
3731 1835 3921 1902 verbi,

2262 1925 2326 1975 ut
2357 1938 2471 1976 non
2505 1928 2884 1990 evacuaretur
2909 1938 3051 1976 crux
3071 1921 3306 1977 Christi.
3340 1921 3448 1978 Ubi
3471 1923 3626 1978 enim
3657 1923 3916 1998 sapiens,

2264 2009 2360 2064 ubi
2396 2011 2838 2081 grammaticus,
2873 2011 2972 2066 ubi
3005 2026 3318 2066 causarum
3352 2010 3709 2067 naturalium
3743 2029 3907 2069 scru-

2265 2099 2531 2154 tatores?
2585 2098 2700 2154 Nec
2776 2099 3266 2169 persuasibilibus
3341 2099 3639 2172 sapientiae
3698 2103 3918 2172 verbis,

2261 2188 2359 2242 sed
2395 2187 2454 2242 in
2487 2187 2817 2242 ostensione
2847 2187 3079 2243 virtutis
3109 2194 3165 2242 et
3193 2187 3440 2260 spiritus
3466 2205 3479 2244 :
3516 2193 3582 2244 ut
3610 2189 3754 2245 fides
3785 2206 3913 2246 cre-

2261 2277 2526 2331 dentium
2559 2293 2672 2332 non
2706 2282 2860 2332 esset
2909 2277 2967 2332 in
3017 2278 3303 2348 sapientia
3352 2277 3684 2344 hominum,
3719 2279 3819 2335 sed
3856 2279 3915 2336 in

2258 2366 2472 2421 virtute
2528 2367 2648 2421 Dei.
2709 2366 3097 2429 Quamobrem
3156 2371 3212 2421 et
3280 2366 3406 2438 ipse
3462 2367 3782 2439 Apostolus
3837 2369 3908 2424 ad

2259 2456 2493 2511 eosdem
2527 2455 2856 2511 Corinthios
2912 2455 3278 2524 loquebatur.
3341 2457 3406 2511 Et
3434 2472 3530 2526 ego
3587 2459 3812 2513 veniens
3841 2457 3912 2513 ad

2258 2561 2367 2608 vos,
2398 2547 2618 2615 fratres,
2653 2547 2778 2600 veni
2801 2561 2911 2599 non
2941 2561 3040 2613 per
3063 2545 3461 2600 sublimitatem
3486 2562 3824 2610 sermonum.
3857 2551 3911 2603 et

2258 2636 2546 2705 sapientia
2599 2637 2944 2690 annuntians
3008 2635 3156 2689 vobis
3227 2637 3610 2691 testimonium
3665 2637 3903 2692 Domini.

2259 2724 2374 2778 Non
2404 2725 2553 2777 enim
2574 2723 2825 2793 judicavi
2877 2725 3019 2778 scire
3046 2739 3134 2779 me
3184 2723 3401 2794 aliquid
3452 2725 3603 2780 inter
3654 2741 3765 2794 vos,
3797 2725 3913 2781 nisi

2260 2811 2538 2866 Christum
2563 2813 2747 2868 Iesum
2774 2816 2827 2867 et
2859 2813 3003 2866 hunc
3049 2814 3377 2883 cruciﬁxum
3409 2814 3453 2884 (l
3491 2815 3612 2870 Cor.
3645 2832 3705 2870 ιι.
3743 2817 3792 2882 1,
3825 2815 3906 2888 2).

2257 2900 2601 2957 487-488
2654 2906 2716 2955 Et
2748 2918 2820 2956 ne
2869 2901 3109 2957 forsitan
3163 2907 3483 2974 putaretur,
3531 2902 3652 2959 haec
3683 2897 3908 2974 dicens,

2258 3007 2385 3046 esse
2417 2989 2764 3061 insipientia:
2799 2991 3162 3062 praedicator,
3210 2997 3404 3047 mente
3434 3009 3717 3066 praesaga,
3749 2995 3904 3065 quod

2258 3081 2471 3151 opponi
2530 3084 2771 3150 poterat,
2832 3081 3054 3135 evertit.
3089 3080 3189 3136 Sed
3244 3081 3510 3152 loquitur,
3565 3082 3774 3154 inquit,
3809 3084 3910 3138 Dei

2255 3170 2587 3241 sapientiam
2617 3171 2676 3224 in
2721 3171 3001 3241 mysterio,
3056 3184 3180 3241 qua?
3238 3170 3548 3226 abscondita
3596 3173 3674 3225 est
3694 3189 3712 3225 :
3743 3189 3910 3242 quam

2255 3275 2409 3316 nemo
2463 3261 2780 3330 principum
2836 3259 2996 3330 hujus
3050 3259 3244 3314 saeculi
3297 3261 3541 3330 cognovit
3599 3258 3760 3330 (Ibid.
3822 3261 3904 3330 7).

2256 3348 2729 3420 Quotusquisque
2761 3363 2916 3401 nunc
2945 3345 3312 3402 Aristotelem
3337 3347 3524 3420 legit?
3546 3347 3749 3419 quanti
3782 3347 3907 3403 Pla-

499 3435 875 3493 tarditatem:
908 3437 1062 3508 quod
1093 3437 1164 3492 de
1193 3435 1433 3509 Virgilio
1456 3452 1688 3508 quoque
1711 3436 1973 3506 tradunt,
2007 3437 2145 3508 quia
2177 3434 2219 3502 C
2257 3437 2412 3493 tonis
2445 3437 2529 3493 vel
2561 3437 2741 3492 libros
2770 3452 2997 3504 novere,
3045 3435 3134 3490 vel
3183 3435 3444 3492 nomen?
3492 3436 3598 3491 Vix
3631 3436 3686 3491 in
3720 3452 3903 3509 angu-

493 3522 676 3581 libros
705 3542 844 3581 suos
876 3525 935 3581 in
967 3526 1206 3580 modum
1239 3541 1512 3580 ursorum
1542 3526 1723 3580 fetum
1754 3525 1860 3596 (Al.
1893 3526 2142 3596 fetuum)

494 3612 807 3670 lambendo
860 3613 1227 3687 ﬁguraverit:
1280 3631 1478 3669 verum
1530 3614 1713 3669 accito
1761 3615 2006 3680 notario,
2042 3619 2144 3670 aut

493 3705 696 3758 statim
726 3703 881 3759 dicto
929 3705 1318 3774 quodcunque
1365 3704 1425 3758 in
1471 3703 1717 3758 buccam
1747 3705 2006 3758 venerit:
2040 3707 2142 3758 aut

499 3791 550 3847 si
581 3790 887 3863 paululum
916 3791 1154 3847 voluero
1203 3792 1476 3863 cogitare,
1510 3791 1719 3847 melius
1751 3791 1973 3863 aliquid
2015 3809 2141 3864 pro-

489 3879 739 3951 laturus,
772 3884 913 3935 tunc
943 3897 1036 3936 me
1083 3880 1295 3936 tacitus
1326 3879 1422 3936 ille
1470 3880 1860 3952 reprehendit,
1894 3898 2135 3937 manum

488 3968 799 4038 contrahit,
835 3969 1085 4026 frontem
1119 3973 1310 4042 rugat,
1345 3974 1402 4025 et
1428 3987 1488 4026 se
1519 3971 1733 4026 frustra
1759 3971 1982 4036 adesse,
2017 3974 2136 4026 toto

485 4062 651 4130 gestu
699 4057 958 4131 corporis
1008 4063 1386 4116 contestatur.
1439 4058 1632 4114 Oratio
1682 4064 1875 4114 autem
1927 4060 2034 4115 etsi
2065 4060 2136 4115 de

483 4145 648 4202 bona:
678 4147 892 4203 indolis
924 4147 1155 4220 ingeuio
1187 4149 1265 4204 sit
1316 4149 1588 4220 profecta,
1643 4153 1699 4204 et
1737 4149 2014 4204 distincta
2041 4149 2132 4203 in-

478 4235 876 4306 ventionibus,
935 4242 991 4293 et
1045 4244 1252 4294 ornata
1309 4238 1446 4292 ﬂore
1521 4238 1871 4293 verborum:
1933 4241 2129 4292 tamen

479 4325 598 4381 nisi
626 4328 881 4383 auctoris
910 4327 998 4383 sui
1035 4345 1214 4383 manu
1244 4326 1449 4382 limata
1492 4327 1666 4381 fuerit
1694 4330 1750 4380 et
1779 4325 1978 4397 polita,
2013 4344 2127 4382 non

479 4419 570 4471 est
599 4415 797 4487 nitida,
832 4433 948 4471 non
979 4416 1156 4472 habet
1198 4416 1436 4472 mistam
1469 4432 1602 4470 cum
1646 4417 1850 4470 decore
1880 4417 2127 4487 gravita-

476 4507 635 4573 tem;
668 4505 768 4560 sed
801 4505 859 4558 in
909 4505 1150 4561 modum
1199 4503 1444 4559 divitum
1499 4504 1872 4570 rusticorum,
1915 4505 2126 4577 opibus

477 4592 602 4647 suis
661 4592 850 4665 magis
909 4593 1193 4665 arguitur,
1236 4610 1412 4664 quam
1472 4597 1801 4650 exornatur.
1836 4594 2123 4657 Quorsum

470 4679 634 4736 ista?
662 4680 929 4737 videlicet
986 4688 1052 4737 ut
1094 4686 1150 4738 et
1204 4683 1390 4751 vobis,
1442 4687 1497 4739 et
1542 4684 1767 4740 caeteris
1825 4685 1946 4756 (qui
1981 4687 2123 4742 forte

471 4768 664 4842 legere
693 4769 1003 4842 voluerint)
1040 4770 1115 4827 sit
1145 4788 1514 4844 responsum,
1546 4790 1636 4830 me
1667 4792 1779 4830 non
1815 4776 2120 4849 panegyri-

473 4875 630 4926 cum,
666 4863 769 4915 aut
813 4863 1266 4918 controversiam
1307 4863 1576 4932 scribere,
1629 4865 1730 4920 sed
1762 4872 2118 4923 commenta-

469 4949 646 5021 rium,
679 4949 736 5006 id
767 4955 874 5021 est,
907 4951 1014 5006 hoc
1047 4951 1258 5008 habere
1304 4955 1690 5025 propositum,
1751 4973 1863 5011 non
1895 4959 1960 5012 ut
1992 4973 2119 5014 mea

465 5039 645 5096 verba
673 5038 1009 5109 laudentur,
1054 5044 1151 5098 sed
1217 5047 1280 5098 ut
1330 5059 1455 5114 quae
1515 5044 1586 5098 ab
1636 5043 1746 5100 alio
1785 5045 1932 5102 bene
1965 5046 2119 5102 dicta

465 5132 626 5198 sunt,
659 5129 738 5185 ita
768 5129 1170 5202 intelligantur
1199 5137 1262 5186 ut
1292 5133 1444 5188 dicta
1473 5143 1628 5188 sunt.
1666 5133 1852 5189 Ol‘ﬁcii
1884 5136 1997 5191 mei
2029 5141 2118 5192 est

467 5220 718 5274 obscura
738 5220 1043 5288 disserere,
1070 5221 1376 5276 manifesta
1399 5223 1808 5295 perstringere,
1839 5224 1894 5279 in
1920 5225 2115 5281 dubiis

463 5305 786 5364 immorari.
839 5308 1000 5365 Unde
1031 5316 1087 5366 et
1136 5327 1169 5365 a
1218 5299 1507 5384 plerisque
1550 5313 2111 5370 Commentariorum

463 5411 631 5468 opus,
664 5398 992 5471 explanatio
1044 5400 1401 5456 nominatur.
1448 5401 1503 5456 Si
1556 5403 1688 5473 quis
1718 5403 2110 5475 eloquentiam

460 5485 684 5557 quaerit,
735 5488 823 5544 vel
875 5489 1398 5546 declamationibus
1449 5491 1788 5560 delectatur,
1844 5493 2021 5548 habet
2053 5497 2109 5550 in

460 5577 710 5645 utraque
741 5577 946 5650 lingua
970 5580 1423 5637 Demosthenem
1455 5588 1510 5637 et
1541 5581 1819 5654 Tullium,
1854 5582 2111 5640 Polemo-

536 5752 551 5787 ί
583 5751 1123 5836 Athenwum,_locus
1163 5763 1429 5820 Minervae
1470 5763 1720 5836 dicatus,
1752 5762 1852 5820 ubi
1885 5764 2105 5836 profes-

461 5839 624 5905 sores
655 5841 763 5905 sua
822 5831 1017 5888 studia
1075 5837 1518 5905 proﬁtebantur,
1573 5835 1672 5891 ubi
1713 5831 2107 5898 controversia

460 5895 889 5970 declamabant,
922 5908 1029 5961 etc.
1065 5895 1251 5964 MART.

2253 3525 2340 3582 los
2370 3528 2541 3583 otiosi
2563 3543 2660 3582 eos
2692 3542 2862 3582 senes
2889 3524 3169 3580 recolunt.
3205 3523 3556 3580 Rusticanos
3588 3542 3720 3581 vero
3744 3531 3801 3582 et
3824 3526 3911 3598 pi-

2252 3621 2507 3672 scatores
2567 3621 2797 3672 nostros
2852 3618 3010 3669 totus
3072 3613 3230 3669 orbis
3277 3612 3555 3685 loquitur,
3588 3614 3936 3686 universus,

2250 3707 2508 3761 mundus
2540 3710 2727 3761 sonat.
2766 3706 2968 3775 itaque
2998 3718 3266 3759 sermone
3298 3702 3571 3775 simplici,
3605 3703 3899 3777 simplicia

2249 3811 2450 3849 eorum
2480 3795 2654 3849 verba
2684 3793 2992 3866 pandenda
3033 3797 3191 3848 sunt.
3239 3790 3448 3860 Verba,
3482 3792 3746 3863 inquam,
3779 3802 3895 3847 non

2251 3899 2462 3938 sensus
2495 3882 2779 3938 Caeterum
2813 3880 2860 3937 si
2903 3881 3205 3936 orantibus
3251 3880 3436 3950 vobis,
3478 3877 3644 3935 illum
3677 3879 3897 3952 possim

2246 3972 2354 4044 (Αι.
2392 3972 2646 4043 possem)
2673 3971 2732 4025 in
2763 3969 3116 4041 exponendis
3147 3967 3422 4042 Epistolis
3447 3984 3647 4024 eorum
3679 3968 3894 4025 habere

2245 4061 2538 4132 spiritum,
2567 4076 2740 4132 quem
2763 4058 2846 4114 illi
2867 4059 2924 4113 in
2957 4059 3230 4113 dictando
3252 4057 3584 4113 habuerunt
3609 4075 3622 4114 :
3647 4061 3786 4114 tunc
3815 4059 3897 4113 vi-

2244 4149 2446 4204 deritis
2478 4150 2583 4221 (Al.
2615 4148 2909 4218 videretis)
2941 4152 3167 4203 tantam
3217 4147 3585 4217 majestatem
3617 4145 3891 4202 etlatitu-

2243 4239 2439 4294 dinem
2469 4239 2530 4293 in
2562 4238 2654 4294 his
2684 4255 2826 4294 verte
2858 4237 3040 4293 fuisse
3070 4236 3392 4310 sapientiae,
3443 4241 3665 4308 quanta
3694 4236 3754 4292 in
3786 4253 3890 4293 saa-

2241 4327 2354 4383 culi
2385 4327 2661 4383 litteratis
2711 4326 3044 4400 arrogantia
3074 4331 3130 4381 et
3185 4326 3413 4382 vanitas
3472 4325 3600 4381 fuit.
3637 4325 3893 4382 Breviter

2238 4416 2401 4473 vobis
2432 4431 2572 4471 meae
2603 4416 2818 4471 mentis
2850 4417 3031 4471 fateor
3063 4431 3342 4470 arcanum
3373 4431 3386 4470 :
3421 4413 3520 4485 qui
3553 4430 3655 4486 per
3684 4430 3776 4470 me
3806 4414 3893 4468 in-

2237 4505 2585 4563 tellecturus
2638 4509 2723 4562 est
2782 4503 3146 4577 Apostolum,
3206 4502 3339 4558 nolo
3399 4497 3464 4557 ut
3495 4518 3625 4558 mea
3674 4502 3893 4572 scripta

2235 4596 2551 4652 difficulter
2604 4593 2910 4667 intelligat,
2971 4598 3026 4648 et
3084 4592 3156 4648 ad
3209 4592 3584 4663 interpretem
3635 4605 3884 4662 cognos-

2235 4686 2508 4756 cendum,
2542 4684 2721 4740 alium
2757 4687 2978 4756 qumrat
3007 4681 3403 4753 interpretem.
3437 4678 3550 4735 Sed
3575 4677 3699 4750 jam
3731 4682 3880 4733 tem-

2234 4792 2343 4847 pus
2374 4780 2483 4845 est,
2515 4779 2576 4830 ut
2608 4773 2832 4845 reliqua
2862 4786 3306 4844 persequamur.

2302 4865 2480 4934 (Vers.
2514 4867 2594 4932 7.)
2631 4884 2658 4917 (ι
2687 4860 3020 4918 Currebatis
3059 4861 3225 4931 bene,
3281 4859 3415 4930 quis
3444 4875 3548 4914 vos
3579 4855 3885 4931 impedivit

2229 4954 2454 5010 veritati
2515 4971 2631 5009 non
2692 4949 3037 5008 obedire?»
3099 4951 3160 5005 Id
3219 4950 3376 5020 quod
3436 4965 3590 5003 nunc
3641 4946 3884 5003 Latinus

2227 5043 2424 5116 posuit
2453 5043 2739 5114 interpres
2769 5042 2992 5097 veritati
3033 5056 3142 5096 non
3189 5039 3423 5108 obedire,
3456 5043 3513 5093 et
3567 5036 3626 5091 in
3686 5036 3883 5093 Graeco

2226 5133 2510 5204 scriptum
2544 5138 2650 5200 est,
2682 5128 2750 5203 τῇ
2784 5128 3012 5200 ἀληθείᾳ
3047 5129 3120 5202 μῂ
3157 5127 3451 5197 πείθεσθαι,
3503 5126 3562 5181 ἱιι
3594 5125 3882 5198 superiori

2224 5221 2348 5277 loco
2404 5223 2485 5277 ita
2563 5223 2975 5292 interpretatus
3033 5225 3142 5286 est,
3197 5234 3308 5272 non
3380 5215 3597 5271 credere
3651 5213 3884 5270 veritati

2225 5311 2424 5385 (Calai.
2461 5331 2542 5381 ιιι,
2582 5312 2651 5383 1).
2687 5310 2845 5375 Quod
2882 5308 3119 5379 quidem
3148 5323 3276 5371 nos,
3304 5305 3361 5359 in
3388 5304 3638 5360 vetustis
3669 5303 3879 5359 codici-

2222 5402 2332 5457 bus
2365 5420 2479 5457 non
2530 5400 2753 5468 haberi,
2813 5398 2872 5453 in
2907 5414 3014 5453 suo
3074 5395 3198 5450 loco
3258 5394 3667 5450 adnotavimus
3748 5392 3881 5447 licet

2221 5497 2276 5547 et
2332 5491 2528 5546 Graeca
2584 5487 2940 5559 exemplaria
2998 5485 3106 5540 hoc
3162 5501 3356 5540 errore
3430 5484 3673 5538 confusa
3729 5482 3870 5537 sint.

2220 5581 2439 5638 Sensus
2472 5585 2667 5635 autem
2701 5578 2845 5633 iste:
2901 5574 3250 5631 Adorabatis
3300 5573 3530 5629 Patrem
3569 5571 3626 5626 in
3662 5571 3876 5643 spiritu

2287 5763 2308 5796 ²
2338 5759 2545 5816 Confer
2568 5757 2860 5832 epist.22,
2890 5756 2962 5811 ad
2992 5755 3393 5832 Eustochium,
3423 5765 3587 5808 num.
3621 5749 3719 5808 30.

2214 5836 2235 5875 ⁸
2267 5839 2388 5892 Duo
2419 5830 2614 5901 mss.,’
2633 5831 2792 5888 varia
2815 5830 3148 5886 constantia.
3797 5835 3799 5838 '
