4332 6632
408 629 529 687 429

1061 626 1576 688 COMMENTAR.
1629 629 1706 688 lN
1751 609 2070 689 amem

2198 628 2479 690 GALA'I‘.
2531 632 2676 690 Llll.
2726 632 2830 702 lll,
2878 633 3046 690 CAP.
3097 631 3168 691 V.

3694 631 3814 692 430

406 762 464 815 et
489 759 728 814 veritate
758 759 934 830 (Joan.
969 775 1046 826 ιν,
1078 759 1190 830 23),
1220 763 1277 815 et
1306 760 1376 815 de
1413 760 1782 832 plenitudine
1842 762 2056 818 Christi
2089 764 2136 830 Α
2172 763 2241 818 Et
2274 763 2472 818 statim
2505 763 2741 819 intulit:
2786 765 3096 834 Expurgate
3150 772 3298 819 vetus
3350 766 3701 835 fermentum,
3760 769 3822 820 ut

409 847 775 920 accipientes,
809 848 1106 916 sciebatis,
1147 849 1288 921 quia
1343 849 1434 904 lex
1489 850 1625 906 data
1679 855 1768 906 est
1824 855 2055 908 tantum

408 936 622 1010 populo
654 953 756 1010 per
812 937 1070 1011 Moysen,
1103 943 1160 993 et
1218 955 1332 994 non
1395 939 1569 995 etiam
1631 940 1800 996 facta.
1860 942 2059 998 Gratia

411 1030 599 1083 autem
623 1032 680 1082 et
698 1027 913 1082 veritas
936 1043 1051 1083 non
1079 1026 1270 1083 solum
1295 1029 1450 1094 data,
1475 1029 1576 1084 sed
1599 1033 1655 1084 et
1678 1029 1826 1085 facta
1853 1047 1955 1102 per
1974 1030 2061 1086 Je-

408 1132 537 1172 sum
559 1115 854 1172 Christum
883 1116 1058 1188 (Joan.
1085 1134 1124 1187 1,
1151 1117 1236 1183 16,
1274 1117 1381 1188 17).
1406 1121 1548 1172 Cum
1572 1117 1751 1188 igitur
1770 1123 1890 1174 tam
1914 1120 2060 1175 bene

408 1203 740 1272 curreretis,
763 1204 993 1260 veritati
1017 1204 1205 1278 magis
1222 1221 1399 1276 quam
1423 1205 1782 1278 imaginibus
1805 1207 2060 1263 servien-

405 1296 576 1360 tes,a
635 1310 749 1366 quo
808 1293 1109 1367 praepediti
1169 1295 1402 1351 doctore
1461 1311 1729 1367 perverso
1789 1296 2059 1353 umbram

404 1381 552 1456 legis
581 1382 920 1455 sequimini,
953 1388 1010 1440 et
1039 1383 1327 1457 Evangelii
1361 1383 1693 1456 relinquitis
1712 1386 2012 1442 veritatem
2035 1385 2063 1440 ‘l

406 1471 706 1544 Sequitur.
1788 1500 1791 1501 ν

482 1583 504 1611 ι
539 1559 770 1617 Nemini
802 1561 1232 1618 consenseritis.
1270 1585 1291 1614 ι
1329 1561 1439 1617 Sed
1472 1561 1613 1634 quia
1633 1578 1740 1618 nec
1770 1562 1828 1618 in
1848 1561 2064 1618 Graecis

405 1647 596 1718 libris,
619 1666 724 1706 nec
746 1650 804 1705 in
826 1649 918 1706 his
939 1651 1038 1723 qui
1061 1649 1120 1705 in
1132 1649 1476 1718 Apostolum
1499 1651 1878 1708 commentati
1901 1655 2064 1719 sunt,

407 1739 518 1796 hoc
549 1739 833 1810 scriptum
863 1738 1217 1806 invenimus,
1253 1741 1724 1811 praetereundum
1756 1741 2006 1796 videtur.

476 1831 664 1898 (Vers.
697 1827 776 1900 8.)
802 1849 830 1879 «
867 1827 1170 1884 Persuasio
1201 1833 1395 1883 vestra
1435 1845 1550 1884 non
1583 1833 1672 1885 est
1722 1845 1791 1884 ex
1838 1845 1905 1885 eo
1962 1829 2064 1901 qui

405 1917 630 1974 vocavit
658 1933 781 1974 vos.
824 1937 846 1966 α
879 1918 940 1972 In
1004 1917 1225 1972 Latinis
1282 1917 1582 1975 codicibus
1639 1918 1722 1974 ita
1778 1919 2062 1991 scriptum

407 2006 631 2079 reperi:
683 2007 976 2063 Persuasio
1045 2012 1224 2062 vestra
1263 2023 1332 2062 ex
1386 2008 1491 2063 Deo
1541 2013 1642 2076 est,
1701 2010 1798 2079 qui
1850 2009 2066 2064 vocavit

406 2111 517 2152 vos.
551 2095 715 2161 Quod
747 2096 984 2167 quidem
1013 2100 1173 2167 puto,
1207 2112 1283 2151 ex
1309 2112 1390 2163 eo,
1423 2095 1625 2167 fuisse,
1659 2101 1716 2152 et
1745 2113 1859 2153 non
1889 2094 2061 2151 intel-

403 2183 645 2254 lectum,
677 2183 938 2256 paulatin
969 2185 1042 2240 ob
1073 2184 1544 2254 similitudinem,
1585 2202 1654 2242 ex
1683 2186 1806 2257 Deo,
1870 2186 2060 2242 incre-

407 2273 630 2339 buisse,
663 2289 767 2346 pro
797 2289 862 2329 eo
894 2274 1051 2345 quod
1084 2278 1192 2344 est,
1225 2291 1295 2330 ex
1324 2290 1404 2330 eo.
1439 2274 1550 2331 Sed
1579 2292 1688 2331 nec
1737 2274 1821 2331 sic
1874 2278 2066 2347 potest

405 2367 560 2419 stare
591 2378 822 2430 sensus,
857 2367 921 2416 ut
951 2378 1100 2434 quos
1134 2363 1306 2418 modo
1329 2367 1704 2420 accusaverat
1736 2380 1917 2436 quare
1949 2380 2065 2419 non

405 2451 733 2508 obedierint
770 2451 1020 2521 veritati,
1072 2452 1390 2508 ostendens
1451 2452 1510 2507 in
1561 2470 1766 2509 eorum
1826 2452 2065 2508 arbitrio

407 2539 687 2612 positum,
721 2538 806 2595 vel
838 2540 1092 2609 obedire,
1125 2541 1214 2596 vel
1249 2557 1364 2596 non
1394 2542 1652 2608 obedire,
1679 2559 1836 2598 nunc
1877 2559 1906 2598 e
1928 2557 2066 2598 con-

407 2630 586 2686 trario
618 2633 842 2684 asserat
873 2630 1314 2702 persuasionem
1337 2635 1394 2686 et
1416 2629 1816 2686 obedientiam
1838 2646 2064 2700 eorum,

415 2735 529 2774 non
562 2721 684 2773 tam
715 2733 785 2773 ex
813 2717 960 2789 ipsis
991 2733 1119 2773 esse
1151 2718 1251 2789 qui
1281 2723 1579 2786 vocentur,
1641 2735 1821 2790 quam
1880 2733 1949 2773 ex
2001 2733 2065 2774 eo

416 2806 517 2880 qui
547 2811 728 2863 vocet.
764 2805 968 2862 Melius
999 2805 1178 2879 igitur
1207 2813 1264 2862 et
1286 2806 1478 2863 verius
1509 2807 1593 2864 sic
1623 2807 1874 2881 legitur:
1929 2808 2064 2864 Per-

415 2897 596 2954 suasio
630 2904 804 2952 vestra
832 2911 943 2953 non
973 2901 1049 2952 est
1077 2912 1147 2952 ex
1173 2913 1234 2952 eo
1289 2899 1386 2970 qui
1443 2899 1651 2954 vocavit
1706 2913 1821 2955 vos.
1888 2897 2064 2953 Aliud

418 2987 634 3061 quippe
664 2985 765 3042 Dei
795 3003 942 3059 opus
999 2991 1110 3052 est,
1164 2985 1323 3042 aliud
1380 2985 1710 3043 hominum.
1760 2987 1862 3042 Dei
1919 3003 2066 3059 opus

413 3081 522 3148 est,
555 3091 792 3133 vocare:
830 3075 1160 3148 hominum,
1190 3074 1280 3131 vel
1312 3076 1566 3144 credere,
1618 3076 1704 3132 vel
1766 3093 1880 3132 non
1939 3091 2067 3132 cre-

413 3165 924 3222 dere.Etsicubi‘
986 3165 1057 3221 de
1125 3165 1444 3237 Scripturis
1501 3164 1752 3222 liberum
1808 3164 2067 3220 hominis

412 3254 741 3311 afﬁrmatur
767 3253 1080 3310 arbitrium
1112 3258 1178 3310 ut
1207 3255 1287 3310 ibi
1313 3271 1325 3310 :
1360 3253 1423 3309 Si
1451 3255 1740 3312 volueritis
1769 3258 1822 3310 et
1875 3253 2065 3310 audie-

410 3345 533 3400 ritis
587 3360 673 3399 me
726 3342 924 3413 (Exod.
981 3359 1099 3410 xxx,
1156 3344 1233 3412 5).
1293 3343 1366 3399 Et
1422 3344 1681 3400 iterum:
1724 3344 1788 3399 Et
1815 3359 1963 3398 nunc
1990 3344 2065 3398 ls-

409 3433 544 3498 raet,
572 3431 704 3505 quid
727 3434 864 3504 petit
896 3435 1007 3488 ate
1060 3432 1325 3488 Dominus
1384 3433 1529 3489 Deus
1587 3441 1714 3489 tuus
1773 3434 1948 3503 (Deut.
2007 3449 2064 3500 x,

2165 854 2286 908 sitis
2360 869 2500 907 nova
2573 854 2899 925 conspersio,
2977 854 3118 908 sicut
3192 854 3316 909 estis
3354 854 3583 923 azymi;
3620 856 3825 909 ctenim

2165 943 2368 1012 pascha
2445 950 2692 997 nostrum
2776 942 3090 997 immolatus
3172 945 3248 998 est
3309 941 3576 998 Christus.
3636 944 3826 1015 Itaque

2166 1032 2458 1102 epulemur
2485 1047 2595 1087 non
2625 1033 2685 1086 in
2712 1031 2980 1104 fermento
3011 1033 3198 1102 veteri,
3230 1047 3404 1104 neque
3441 1033 3500 1087 in
3554 1033 3827 1103 fermento

2166 1119 2404 1175 malitiae
2430 1127 2484 1174 et
2510 1121 2798 1190 nequitiae,
2820 1120 2912 1176 sed
2933 1121 2989 1174 in
3013 1120 3224 1192 azymis
3245 1122 3580 1178 sinceritatis
3605 1130 3656 1177 et
3679 1123 3827 1178 veri-

2169 1209 2303 1264 tatis
2333 1207 2496 1279 (Ibid.
2523 1210 2577 1276 7,
2602 1210 2678 1280 8).
2699 1208 2866 1265 Nunc
2884 1213 3079 1264 autem
3102 1227 3206 1281 per
3225 1209 3377 1265 hanc
3399 1211 3667 1266 eamdem
3694 1227 3826 1267 sen-

2169 1297 2414 1352 tentiam
2447 1297 2614 1353 docet
2644 1313 2854 1368 panem
2885 1296 3152 1353 Ecclesia:
3187 1297 3573 1372 spiritualem,
3609 1300 3710 1373 qui
3756 1300 3827 1356 de

2171 1385 2312 1442 coelo
2338 1386 2641 1442 descendit
2669 1387 2846 1458 (Joan.
2879 1403 2959 1454 v1,
2989 1387 3102 1457 51),
3148 1403 3261 1442 non
3322 1387 3531 1444 debere
3583 1387 3830 1446 Judaica

2171 1476 2648 1547 interpretatione
2668 1475 2900 1531 violari:
2927 1479 2984 1531 et
2999 1475 3276 1531 Dominus
3293 1475 3552 1548 idipsum
3577 1477 3829 1549 discipu—

2171 1564 2245 1619 lis
2276 1563 2570 1636 przecepit,
2604 1568 2668 1618 ut
2696 1568 2937 1620 caveant
2965 1581 2998 1619 a
3055 1563 3340 1620 fermento
3397 1564 3828 1623 Pharisaeorum

2174 1653 2386 1725 (Matth.
2443 1669 2561 1720 xvr,
2614 1653 2690 1724 6).
2765 1653 2926 1716 Quod
3013 1651 3369 1724 evangelista
3459 1653 3829 1711 manifestius

2173 1741 2394 1798 faciens
2451 1741 2722 1796 addidit:
2788 1742 3015 1797 Dixerat
3069 1746 3259 1798 autem
3317 1743 3396 1798 eis
3455 1741 3519 1797 de
3576 1741 3831 1800 doctrina

2171 1830 2589 1888 Pharisaeorum
2618 1830 2776 1902 (Ibid.
2833 1830 2941 1902 12).
2978 1831 3154 1886 Porro
3214 1847 3345 1904 quin
3401 1835 3491 1887 est
3544 1831 3658 1888 ista
3713 1831 3831 1890 alia

2174 1920 2441 1976 doctrina
2472 1919 2920 1987 Pharisaeorum,
2955 1919 3066 1978 nisi
3111 1920 3260 1993 legis
3316 1920 3647 1977 secundum
3704 1936 3829 1978 car-

2173 2025 2308 2064 nem
2342 2008 2716 2065 observatio?
2755 2009 2972 2064 Sensus
3031 2009 3231 2081 itaque
3288 2009 3396 2065 iste
3455 2012 3580 2066 est:
3641 2007 3830 2066 Nolite

2177 2101 2381 2169 putare
2411 2113 2730 2169 paucorum
2761 2097 3092 2165 hominum,
3127 2097 3226 2170 qui
3258 2098 3329 2154 de
3366 2097 3570 2155 Judzea
3598 2098 3830 2155 venien-

2173 2190 2264 2242 tes
2293 2184 2451 2241 aliud
2481 2187 2710 2254 docent,
2745 2185 2992 2242 insidias
3028 2187 3508 2243 contemnendas.
3567 2185 3833 2244 Scintilla

2174 2290 2267 2330 res
2300 2291 2478 2346 parva
2508 2280 2614 2343 est,
2648 2278 2705 2329 et
2733 2290 2880 2346 pene
2911 2276 3053 2330 dum
3084 2274 3366 2343 cernitur,
3398 2291 3515 2330 non
3560 2275 3827 2346 videtur;

2176 2363 2278 2419 sed
2334 2364 2384 2420 si
2444 2362 2708 2419 fomitem
2768 2363 3296 2436 comprehenderit,
3356 2369 3414 2421 et
3469 2365 3835 2421 nutrimenta

2177 2452 2266 2509 sui
2301 2453 2571 2525 quamvis
2601 2469 2818 2525 parvus
2847 2452 3001 2525 ignis
3030 2452 3336 2522 invenerit,
3371 2455 3607 2524 mmnia,
3633 2454 3829 2522 urbes,

2176 2541 2498 2598 latissimos
2529 2541 2738 2609 saltus,
2770 2542 3156 2615 regionesque
3188 2543 3506 2599 consumit.
3559 2543 3830 2599 Fermen-

2176 2634 2305 2686 tum
2337 2647 2568 2704 quoque
2613 2632 2784 2702 cujus
2831 2632 2903 2686 ad
2935 2631 3110 2687 aliam
3143 2636 3367 2704 partem
3399 2632 3458 2688 in
3518 2629 3828 2704 Evangelio

2175 2719 2454 2792 parabola
2480 2723 2804 2791 temperata
2833 2723 2921 2775 est
2951 2720 3101 2791 (Luc.
3133 2737 3254 2790 xm,
3288 2721 3400 2792 21),
3464 2735 3556 2776 res
3600 2719 3830 2776 modica

2174 2807 2403 2864 videtur
2440 2811 2496 2863 et
2552 2807 2758 2876 nihili;
2822 2808 2924 2863 sed
2977 2825 3110 2863 cum
3165 2808 3362 2864 farina
3419 2823 3827 2883 conspersum,

2176 2901 2358 2952 totam
2389 2913 2646 2952 massam
2678 2913 2784 2952 suo
2815 2896 3014 2970 vigore
3046 2898 3390 2970 corruperit,
3420 2897 3480 2954 in
3521 2896 3682 2954 illius
3710 2897 3830 2954 vim

2176 2985 2391 3041 transit
2421 3001 2592 3041 omne
2623 2986 2778 3057 quod
2829 2985 3074 3041 mistum
3131 2991 3254 3042 est:
3314 2986 3397 3042 ita
3455 2989 3512 3042 et
3560 2985 3829 3043 doctrina

2177 3089 2450 3146 perversa
2479 3074 2552 3128 ab
2584 3090 2700 3128 uno
2731 3072 3020 3146 incipiens
3042 3074 3137 3130 vix
3184 3075 3333 3131 duos
3389 3078 3491 3131 aut
3539 3079 3660 3132 tres
3717 3074 3832 3148 pri-

2179 3179 2342 3218 mum
2373 3163 2434 3217 in
2465 3162 2698 3219 exordio
2730 3163 2945 3235 reperit
2988 3163 3285 3219 auditores
3315 3182 3328 3232 ;
3390 3164 3492 3220 sed
3544 3163 3830 3236 paulatim

2176 3257 2244 3306 ut
2299 3267 2506 3308 cancer
2561 3250 2741 3322 serpit
2798 3253 2858 3306 in
2917 3267 3156 3324 corpore
3208 3252 3280 3324 (II
3336 3252 3469 3308 Tim.
3503 3268 3564 3320 ιι,
3604 3252 3712 3324 17),
3772 3255 3831 3307 et

2171 3341 2342 3412 juxta
2369 3339 2606 3412 vulgare
2636 3340 3029 3411 proverbium,
3063 3341 3240 3397 unius
3280 3340 3519 3413 pecudis
3575 3340 3827 3409 scabies,

2176 3433 2370 3486 totum
2445 3429 2836 3485 commaculet
2903 3445 3160 3502 gregem.
3223 3429 3407 3502 Igitur
3463 3433 3519 3485 et
3572 3426 3830 3485 scintilla

409 3521 522 3595 t2),
555 3500 612 3578 et
641 3538 710 3577 ex
727 3500 848 3576 hoc
877 3520 1001 3576 loco
1033 3520 1122 3576 vel
1153 3522 1406 3577 maxime
1464 3500 1898 3593 comprobatur.
1956 3519 2066 3576 Ve-
2097 3500 2140 3568 Ο
2177 3518 2375 3575 statim
2408 3523 2473 3574 ut
2501 3518 2858 3590 apparuerit,
2890 3500 3316 3590 exstinguenda
3343 3521 3453 3586 est,
3489 3521 3548 3573 et
3576 3518 3826 3573 fermen-

409 3626 543 3666 rum
630 3608 1017 3682 simpliciores
1077 3610 1344 3682 quippe’
1399 3614 1671 3682 putantes
1727 3625 1790 3665 se
1847 3609 2068 3665 deferre

409 3687 548 3768 Dleo,
582 3704 648 3754 ut
674 3698 978 3770 persuasio
1010 3715 1246 3770 quoque
1278 3705 1478 3756 nostra
1506 3699 1566 3754 in
1601 3699 1728 3769 ejus
1787 3698 1864 3754 sit
1915 3703 2069 3770 pote-

411 3793 580 3854 state,
613 3787 987 3845 abstulerunt
1016 3792 1240 3859 partem
1274 3788 1555 3844 orationis
1585 3803 1698 3844 non
1729 3791 1786 3844 et
1826 3804 2068 3844 sensum

413 3877 769 3934 contrarium
845 3875 1118 3949 Apostolo
1207 3877 1536 3934 reddidere.
1596 3877 1726 3934 Sive
1807 3893 1942 3950 ergo
2007 3876 2068 3932 in

413 3965 648 4034 bonam,
682 3967 802 4022 sive
830 3965 890 4020 in
916 3964 1131 4021 malam
1156 3971 1402 4038 partem,
1427 3983 1532 4022 nec
1558 3968 1727 4034 Deus,
1751 3982 1858 4022 nec
1875 3965 2072 4021 diabo-

413 4053 506 4112 lus
536 4056 594 4111 in
622 4071 800 4111 causa
827 4058 936 4122 est,
970 4055 1109 4127 quia
1139 4055 1442 4126 persuasio
1475 4059 1676 4111 nostra
1715 4073 1829 4112 non
1863 4060 1952 4112 est
2002 4072 2071 4112 ex

415 4160 480 4201 eo
507 4143 607 4216 qui
638 4144 865 4200 vocavit
899 4161 1026 4212 nos,
1061 4145 1162 4200 sed
1193 4161 1262 4200 ex
1292 4144 1484 4213 nobis,
1521 4144 1621 4217 qui
1673 4143 1765 4200 vel
1823 4160 2069 4201 consen-

415 4232 621 4305 timus,
689 4233 779 4289 vel
846 4249 962 4289 non
1032 4234 1436 4290 consentimus
1504 4233 1756 4290 vocanti.
1841 4234 2067 4289 Aliter:

416 4320 721 4378 Persuasio
767 4321 889 4377 haec
914 4339 1094 4395 quam
1125 4339 1282 4378 nunc
1313 4322 1652 4394 sequimini,
1688 4339 1803 4379 non
1861 4327 1948 4378 est
2005 4338 2074 4378 ex

414 4413 552 4480 Deo,
587 4409 686 4483 qui
715 4410 774 4465 in
808 4410 1094 4484 principio
1123 4428 1225 4468 vos
1255 4411 1499 4482 vocavit,
1533 4412 1634 4466 sed
1694 4427 1763 4468 ex
1819 4410 1914 4467 his
1972 4411 2073 4483 qui

410 4516 514 4556 vos
545 4504 749 4572 postea
777 4500 1179 4557 turbaverunt.

451 4578 674 4660 (Vers.
705 4590 785 4663 9.)
845 4612 873 4641 ‹‹
935 4591 1225 4646 Modicum
1288 4589 1640 4646 fermentum
1692 4593 1876 4645 totam
1937 4605 2075 4646 con-

412 4679 779 4751 spersionem
812 4679 1143 4735 fermentat.
1175 4701 1204 4729 ‹‹
1235 4675 1380 4734 Male
1409 4677 1468 4732 in
1498 4677 1715 4734 nostris
1774 4678 2076 4734 codicibus

412 4766 696 4824 habetur:
731 4766 999 4824 Modicum
1047 4767 1387 4841 fermentum
1440 4770 1608 4824 totam
1660 4783 1902 4822 massam
1957 4783 2074 4823 cor-

412 4858 641 4929 rumpit,
677 4861 736 4912 et
767 4872 1010 4913 sensum
1034 4856 1228 4928 potius
1289 4856 1578 4928 interpres
1637 4871 1834 4925 suum,
1897 4871 2075 4927 quam
2105 4875 2153 4940 Ι)

414 4945 591 5002 verba
621 4943 888 5019 Apostoli
919 4945 1241 5002 transtulit.
1297 4944 1449 5001 489
1511 4944 1642 5000 Haec
1699 4949 1894 5001 autem
1952 4945 2080 5016 ipsa

418 5035 713 5091 sententia
772 5034 990 5091 Paulus
1058 5039 1116 5091 et
1171 5035 1244 5090 ad
1300 5034 1634 5091 Corinthios
1693 5033 1922 5104 utitur;
1981 5034 2081 5104 ubi

419 5123 696 5196 praecepit
723 5139 860 5180 eum
894 5124 994 5196 qui
1024 5140 1263 5182 uxorem
1299 5123 1482 5196 patris
1514 5123 1605 5180 sui
1635 5123 1910 5193 habebat,
1956 5123 2082 5180 tolli

421 5211 494 5268 de
527 5212 742 5281 medio,
769 5201 833 5268 et;
855 5214 1006 5270 tradi
1035 5213 1386 5287 paenitentiae
1418 5213 1477 5269 in
1507 5211 1813 5269 interitum
1837 5217 1894 5269 et
1913 5229 2079 5269 vexa-

426 5300 650 5358 tionem
712 5291 905 5359 carnis
964 5320 1066 5376 per
1132 5303 1363 5375 jejunia
1418 5306 1474 5359 et
1531 5301 1958 5375 egrotaliones,
2019 5306 2085 5357 ut

418 5388 667 5463 spiritus
701 5390 899 5448 salvus
927 5392 1031 5449 fiat
1058 5393 1116 5448 in
1148 5392 1241 5449 die
1270 5391 1501 5458 Domini
1528 5391 1634 5463 (At.
1673 5392 1834 5448 addit
1875 5391 2081 5463 nostri)

417 5479 562 5536 Jesu
592 5479 826 5537 Christi.
859 5482 954 5538 Ait
992 5483 1248 5554 quippe:
1304 5482 1423 5538 Non
1480 5481 1620 5537 bona
1668 5479 1939 5550 gloriatio
1997 5497 2080 5536 ve-

417 5572 558 5626 τινα.
595 5569 825 5627 Nescitis
854 5574 986 5643 quia
1013 5571 1292 5629 modicum
1328 5573 1663 5643 fermentum
1711 5574 1882 5627 totam
1938 5587 2082 5627 mas-

418 5653 534 5714 sam
562 5662 874 5732 corrumpit
904 5661 949 5731 (I
981 5658 1100 5716 Cor.
1129 5676 1185 5731 v,
1211 5660 1268 5733 6)
1296 5660 1324 5714 ?
1358 5660 1476 5716 sive
1530 5661 1620 5730 (ut
1670 5660 1798 5732 jam
1859 5660 1966 5732 (Al.
2029 5663 2086 5716 et

411 5747 563 5820 jam)
593 5748 1060 5820 emendavimus)
1091 5753 1268 5804 totam
1297 5751 1735 5821 conspersionem
1752 5751 2086 5820 fermentat?

2175 3611 2301 3663 tum
2337 3624 2370 3662 a
2398 3623 2608 3663 massa;
2635 3605 2847 3661 vicinia
2903 3606 3343 3675 semovendum,
3395 3605 3662 3662 secanda:
3719 3619 3828 3678 pu-

2176 3695 2338 3751 tridae
2371 3712 2596 3767 carnes,
2625 3699 2683 3751 et
2712 3694 3047 3751 scabiosum
3079 3693 3297 3751 animal
3328 3711 3363 3752 a
3399 3693 3583 3751 caulis
3631 3693 3829 3750 ovium

2178 3784 2604 3854 repellendum,
2636 3801 2708 3840 ne
2755 3789 2877 3841 tota
2935 3786 3166 3853 domus,
3227 3801 3447 3856 massa,
3506 3800 3719 3858 corpus
3774 3787 3834 3840 et

2178 3891 2408 3947 pecora,
2439 3875 2661 3940 ardeat,
2694 3879 3126 3947 corrumpatur,
3182 3879 3500 3946 putrescat,
3560 3874 3832 3930 intereat.

2178 3965 2352 4020 Arius
2382 3964 2441 4019 in
2471 3963 2830 4020 Alexandria
2862 3981 2980 4020 una
3019 3963 3277 4020 scintilla
3335 3963 3475 4030 fuit;
3535 3963 3636 4019 sed
3695 3962 3837 4034 quia

2178 4071 2294 4110 non
2350 4054 2548 4108 statim
2605 4053 2761 4108 490
2813 4069 3096 4124 oppressa
3155 4053 3262 4123 (At.
3323 4050 3664 4124 oppressus)
3721 4055 3833 4119 est,

2180 4146 2365 4198 totum
2396 4142 2594 4197 orbem
2627 4141 2754 4212 ejus
2785 4140 3025 4195 ﬂamma
3057 4139 3337 4212 populata
3365 4144 3473 4196 est.

2251 4229 2438 4301 (Vers.
2475 4230 2587 4296 10.)
2620 4251 2646 4278 α
2689 4233 2806 4301 Ego
2863 4228 3090 4284 confido
3147 4227 3206 4282 in
3264 4227 3429 4284 vobis
3475 4227 3534 4284 in
3566 4226 3834 4296 Domino,

2182 4319 2321 4392 quia
2350 4318 2497 4374 nihil
2526 4317 2686 4374 aliud
2707 4316 2969 4390 sapietis.
3005 4339 3034 4367 »
3053 4316 3180 4372 Non
3207 4332 3308 4389 per
3332 4317 3828 4389 conjecturam,ut

2182 4408 2421 4481 quidam
2450 4406 2674 4474 volunt,
2708 4408 2806 4463 sed
2843 4405 3182 4479 prophetico
3215 4405 3422 4478 spiritu
3455 4403 3668 4461 Paulus
3701 4420 3836 4477 pro-

2183 4497 2442 4565 nuntiat,
2464 4496 2698 4552 Galatas
2720 4496 2792 4552 ad
2812 4495 3076 4552 veritatis
3095 4495 3272 4562 viam,
3298 4511 3475 4567 quam
3493 4495 3836 4562 amiserant,

2182 4602 2572 4658 regressuros.
2593 4587 2823 4642 Etenim
2855 4586 2955 4657 qui
2978 4584 3124 4641 alios
3156 4584 3522 4657 hortabatur,
3546 4588 3612 4641 ut
3657 4600 3838 4641 aemu-

2183 4675 2448 4732 larentur
2479 4676 2855 4745 charismata,
2882 4674 3070 4749 magis
3100 4679 3296 4731 autem
3328 4678 3392 4731 ut
3419 4673 3841 4747 prophetarent

2185 4766 2234 4836 (ι
2261 4764 2381 4820 Cor.
2414 4780 2529 4835 xxv,
2564 4765 2654 4835 1):
2690 4764 2814 4836 ipse
2845 4780 3077 4836 quoque
3127 4764 3329 4821 eadem
3387 4763 3598 4838 plenus
3653 4761 3844 4836 gratia

2185 4853 2536 4927 loquebatur
2562 4870 2576 4908 :
2604 4855 2687 4908 Ea:
2711 4861 2872 4925 parte
2901 4855 3303 4927 cognoscimus,
3335 4861 3387 4911 et
3413 4870 3486 4910 ex
3511 4856 3672 4926 parte
3710 4868 3844 4925 pro-

2184 4945 2471 5017 phetamus
2505 4942 2662 5015 (Ibid.
2696 4961 2820 5014 xm,
2860 4943 2936 5015 9).
2996 4943 3320 5001 Prsevidens
3376 4943 3559 5016 igitur
3609 4940 3841 5015 spiritu,

2192 5033 2331 5106 quia
2361 5031 2508 5088 nihil
2539 5031 2699 5089 aliud
2757 5038 2953 5090 essent
3008 5033 3306 5103 credituri,
3363 5033 3481 5090 nisi
3539 5031 3693 5104 quod
3744 5044 3845 5102 per

2192 5120 2512 5194 Epistolam
2561 5121 2941 5192 docebantur,
2975 5123 3093 5179 ait:
3157 5123 3264 5194 Ego
3317 5121 3530 5194 conﬁdo
3580 5121 3642 5175 in
3694 5117 3845 5175 vobis

2191 5211 2249 5265 in
2274 5211 2503 5268 Domino
2534 5212 2678 5285 quod
2706 5212 2855 5268 nihil
2880 5210 3043 5268 aliud
3061 5213 3305 5285 sapietis.
3340 5211 3489 5268 Nam
3518 5212 3576 5264 et
3621 5205 3842 5263 additio

2192 5300 2480 5358 Dominici
2510 5301 2786 5369 nominis,
2819 5300 3080 5374 idipsum
3112 5301 3423 5375 signiﬁcat.
3455 5299 3513 5355 Si
3554 5296 3709 5354 enim
3741 5310 3846 5368 per

2193 5391 2588 5461 conjecturam
2621 5391 2730 5446 hoc
2759 5391 3108 5460 aestimabat,
3139 5392 3410 5464 potuerat
3451 5387 3679 5442 dicere:
3729 5390 3844 5456 Ego

2191 5479 2403 5550 conﬁdo
2433 5480 2494 5535 in
2524 5480 2690 5536 vobis.
2720 5479 2885 5536 Nunc
2925 5484 3120 5536 autem
3170 5492 3491 5550 apponens,
3551 5476 3612 5530 in
3667 5473 3847 5531 Domi-

2194 5585 2283 5635 no,
2309 5569 2505 5625 divino
2538 5570 2794 5642 quodam
2825 5569 3124 5626 confidens
3145 5566 3380 5640 spiritu,
3402 5564 3558 5637 quod
3581 5564 3846 5623 futurum

2194 5664 2562 5732 cognoverat,
2597 5659 2979 5731 prophetavit.

2267 5747 2456 5820 (Vers.
2493 5749 2604 5822 10.]
2643 5772 2663 5798 ιι
2699 5749 2807 5814 Qui
2836 5751 3032 5802 autem
3058 5743 3372 5802 conturbat
3407 5760 3533 5816 vos,
3591 5743 3852 5819 portabit

496 5893 509 5966 ξ
546 5890 916 5966 luterserunt
953 5890 1176 5966 vulgati
1207 5890 1342 5966 libri
1370 5891 1636 5958 voculam
1695 5893 1856 5963 alibi,
1915 5909 2091 5966 quam
2129 5908 2273 5950 mss.
2308 5892 2492 5959 nostri
2519 5906 2723 5956 omnes
2753 5889 3045 5962 ignorant.

494 5964 515 6003 ³
545 5963 939 6036 Martianmus,
969 5963 1340 6039 simpliciores
1369 5966 1589 6044 quippe.
