4332 6568
457 415 572 482 433

1121 422 1635 484 COMMENTAR.
1684 423 1762 485 ΙΝ
1809 421 2054 484 EPIST.
2103 413 2206 480 AD
2253 421 2536 482 GALA'l‘.
2583 421 2728 482 LIB.
2777 422 2882 495 ll],
2929 423 3104 484 CAP.
3152 422 3228 485 V.

3755 417 3873 484 ιθι

454 558 572 612 test
600 555 730 627 ejus
759 555 1028 629 intelligi,
1091 557 1189 629 qui
1249 557 1432 614 dicit:
1483 559 1684 614 Discite
1729 575 1761 613 a
1810 575 1917 623 me,
1978 559 2106 628 quia
2135 564 2190 622 Α
2219 555 2738 621 habetur,Latinus
2761 557 2960 629 posuit
2988 558 3298 632 interpres.
3334 557 3706 616 Hunclocum
3731 561 3871 632 quia

458 645 696 701 humilis
723 662 863 713 sum,
895 651 950 701 et
1005 647 1155 702 mitis
1209 651 1264 702 et
1313 657 1632 703 mansuetus
1687 648 1845 703 corde
1895 647 2105 718 (.lllatth.

456 750 538 801 χι,
559 736 668 806 20).
704 736 771 790 Et
794 735 979 808 magis
1001 740 1236 806 putatur
1255 736 1501 792 Judaico
1531 738 1744 808 furore,
1773 740 1827 792 et
1849 738 2106 808 quadam

458 824 733 880 effrenata
763 824 994 880 insania
1046 841 1106 880 se
1140 843 1256 882 non
1289 826 1551 897 potuisse
1604 827 1894 894 cohibere,
1927 843 2104 898 quam

459 911 725 968 imitatus
754 930 881 969 esse
911 931 1067 980 eum,
1101 915 1204 986 qui
1228 920 1510 988 tanquam
1536 931 1722 988 agnus
1747 933 1942 971 coram
1974 920 2104 970 ton-

456 1001 625 1057 dente
655 1018 737 1070 se,
801 1019 916 1059 non
975 1005 1204 1073 aperuit
1260 1022 1324 1060 os
1381 1021 1558 1060 suum
1616 1004 1758 1073 (lsaJ
1795 1023 1911 1072 ιλιι,
1943 1007 2020 1075 7),
2049 1010 2106 1060 et

455 1089 940 1148 maledicentihus
997 1109 1111 1148 non
1169 1093 1535 1149 remaledixit
1587 1093 1635 1165 (ι
1681 1095 1946 1162 Petr.'n,
1988 1095 2098 1165 23).

454 1179 684 1236 Trdidit
713 1187 910 1238 autem
944 1181 1098 1238 498
1157 1198 1218 1238 se
1275 1183 1447 1237 morti
1507 1183 1956 1239 condemnatus.
2020 1183 2099 1238 Ad

451 1269 605 1341 quod
639 1271 741 1342 qui
773 1287 877 1342 pro
912 1263 1087 1327 Paulo
1146 1271 1535 1343 respondebit,
1592 1272 1712 1328 haec
1758 1273 1948 1328 dicet:
1983 1288 2099 1327 non

451 1362 572 1414 tam
606 1359 820 1416 furoris
877 1360 937 1415 in
995 1361 1382 1428 adversarios,
1433 1377 1611 1432 quam
1671 1361 1998 1417 dilectionis
2040 1362 2098 1416 in

449 1447 743 1505 Ecclesias
777 1449 873 1506 Dei
901 1450 1077 1505 verba
1106 1465 1238 1506 esse
1265 1466 1394 1521 quae
1424 1449 1655 1506 locutus
1710 1451 1804 1506 sit.
1851 1450 2100 1505 Videbat

451 1537 670 1611 quippe
689 1542 870 1594 totam
903 1539 1283 1611 provinciam,
1309 1555 1486 1610 quam
1506 1539 1632 1611 ipse
1659 1557 1766 1595 suo
1790 1539 2094 1611 sanguine,

450 1631 508 1683 et
537 1626 813 1698 periculis
845 1627 916 1683 ab
951 1626 1298 1694 idololatria,
1326 1629 1396 1683 ad
1428 1629 1643 1684 Christi
1687 1629 2098 1684 transduxerat

449 1715 648 1782 ﬁdem,
675 1715 872 1771 subita
901 1716 1281 1787 persuasione
1307 1717 1627 1787 turbatam,
1661 1722 1716 1773 et
1747 1718 1942 1773 dolore
1965 1733 2096 1789 apo-

451 1804 680 1870 stolico,
713 1804 912 1861 dolore
944 1805 1150 1878 patris,
1183 1822 1245 1862 se
1270 1810 1467 1862 tenere
1499 1823 1612 1862 non
1666 1811 1928 1879 poterat:
1966 1823 2094 1861 mu-

445 1894 607 1949 tabat
635 1909 858 1961 vocem,
891 1897 949 1950 et
978 1895 1195 1967 quibus
1225 1895 1528 1952 blanditus
1561 1897 1768 1965 fuerat,
1802 1896 2093 1952 irasceba-

443 1987 560 2046 tur.
595 1987 660 2039 ut
690 2000 837 2056 quos
869 1983 1210 2056 nequiverat
1258 1985 1514 2056 lenitate,
1577 1985 1783 2041 saltem
1816 1986 2096 2057 objurga-

441 2072 600 2128 tione
630 2073 922 2129 retineret.
976 2075 1090 2129 Nec
1121 2074 1339 2130 mirum
1398 2089 1526 2130 esse
1557 2075 1605 2130 si
1665 2074 2002 2146 Apostolus.
2035 2079 2098 2129 ut

443 2161 638 2230 homo,
662 2167 720 2218 et
749 2163 940 2218 adhuc
970 2163 1206 2220 vasculo
1235 2163 1472 2220 clausus
1501 2164 1756 2231 infirmo,
1775 2164 2096 2235 vidensque

443 2249 616 2306 aliam
651 2251 841 2324 legem
901 2253 960 2307 in
1019 2269 1259 2325 corpore
1315 2257 1422 2309 suo
1473 2253 1861 2326 captivantem
1923 2270 2006 2320 se,
2039 2258 2093 2309 et

441 2341 753 2396 ducentem
784 2341 842 2396 in
902 2341 1027 2414 lege
1083 2343 1304 2414 peccati
1361 2344 1539 2414 (Rom.
1598 2359 1696 2409 νη,
1754 2346 1866 2412 23),
1910 2343 2090 2399 semel

441 2429 615 2485 fuerit
631 2429 740 2485 hoc
762 2429 1016 2497 locutus,
1049 2433 1109 2488 in
1135 2433 1289 2503 quod
1313 2433 1647 2503 frequenter
1678 2438 1908 2489 sanctos
1937 2433 2092 2488 viros

440 2520 648 2574 cadere
680 2519 1088 2591 perspicimus.
1125 2521 1234 2576 Sed
1269 2526 1324 2575 et
1354 2520 1499 2576 illud
1562 2522 1673 2577 dici
1719 2527 1907 2594 potest
1938 2522 2095 2589 (licet

440 2608 804 2680 superﬂuum
837 2609 1194 2680 quibusdam
1227 2625 1352 2666 esse
1380 2610 1666 2683 videatur)
1689 2611 2092 2683 quodAPaulus

443 2714 558 2753 non
590 2703 710 2754 tam
744 2697 1111 2753 maledixerit
1139 2699 1243 2767 eis,
1306 2715 1483 2770 quam
1516 2701 1764 2755 oraverit
1821 2717 1923 2772 pro
1950 2700 2087 2770 illis,

439 2792 505 2842 ut
533 2803 632 2843 eas
660 2793 854 2859 partes
893 2788 1152 2860 corporis
1186 2789 1512 2860 perderent,
1573 2806 1675 2860 per
1723 2807 1869 2861 quas
1899 2790 2092 2845 delin-

440 2891 618 2948 quere
648 2877 1030 2948 cogebantur.
1055 2877 1123 2932 Et
1141 2877 1435 2949 quomodo
1458 2878 1516 2932 in
1539 2877 1849 2950 Evangelio
1868 2879 2088 2934 dictum

444 2971 568 3022 est:
605 2965 815 3022 melius
847 2982 976 3022 esse
1004 2966 1263 3039 aliquem
1296 2967 1421 3023 sine
1453 2967 1717 3033 oculo,et
1740 2968 1865 3023 sine
1886 2985 2086 3035 manu,

438 3059 494 3111 et
526 3054 652 3111 sine
710 3056 874 3128 pede,
907 3059 965 3111 et
1021 3056 1283 3128 qualibet
1312 3056 1428 3112 alia
1484 3061 1648 3129 parte
1688 3059 2087 3112 membrorum

437 3143 656 3200 intrare
689 3144 747 3199 in
780 3159 1027 3216 regnum
1082 3145 1383 3214 caelorum,
1443 3163 1621 3218 quam
1680 3151 1868 3202 totum
1914 3149 1993 3201 ire
2027 3147 2085 3201 in

435 3234 765 3307 gehennam
800 3235 1016 3306 (Matth.
1069 3251 1232 3303 xvm,
1257 3237 1311 3307 8,
1343 3237 1436 3306 9):
1472 3237 1555 3291 ita
1612 3239 1668 3292 et
1698 3254 1853 3292 nunc
1883 3242 2085 3308 optare
2151 3301 2156 3308 ι

2217 645 2383 699 valde
2409 645 2695 700 obscurus
2726 651 2832 712 est,
2893 648 2964 702 de
2995 647 3224 704 decimo
3281 649 3642 705 Stromatum
3674 650 3696 684 ⁸
3716 649 3867 706 libro

2217 734 2522 788 transferri
2546 733 2766 806 placuit
2797 737 2868 791 ad
2892 738 3154 792 verbum.
3190 738 3314 792 Non
3348 753 3464 809 quo
3495 737 3728 810 singula
3749 753 3864 796 non

2217 825 2445 896 possint
2475 824 2598 879 suis
2631 825 2773 880 locis
2797 830 2856 880 et
2903 826 3178 881 sensibus
3225 827 3562 898 explanari;
3616 829 3715 883 sed
3748 841 3863 899 quo

2216 915 2249 968 α
2279 915 2565 984 superiori
2600 916 2829 986 negotio
2860 919 3148 987 separata,
3180 932 3363 971 unum
3387 912 3624 972 difficile
3650 921 3864 990 corpus

2213 1003 2507 1059 efﬁciant:
2541 1008 2597 1058 et
2623 1005 2670 1059 si
2705 1004 2788 1059 sic
2818 1003 3226 1077 intelligantur
3255 1008 3316 1060 ut
3337 1010 3636 1072 resonant,
3668 1007 3864 1064 incon-

2213 1100 2525 1162 sequenter
2556 1098 2612 1148 et
2644 1093 2890 1165 abrupte
2922 1097 3248 1167 repugnare
3275 1094 3430 1150 inter
3460 1109 3523 1151 se
3552 1099 3610 1152 et
3641 1091 3863 1153 scatere

2211 1181 2538 1236 videantur.
2574 1182 2841 1255 Origenis
2864 1184 3062 1254 itaque
3083 1184 3205 1240 haec
3236 1183 3410 1240 verba
3458 1189 3640 1241 sunt:
3675 1208 3704 1236 ‹‹
3738 1181 3862 1241 Dif-

2211 1269 2383 1326 ticilis
2414 1271 2722 1326 locusest:
2760 1277 2815 1326 ct
2845 1273 2927 1328 ita
2974 1273 3144 1329 nobis
3199 1273 3580 1331 disserendas
3605 1273 3855 1332 videtur.

2209 1360 2318 1424 Qui
2347 1359 2495 1415 liber
2525 1365 2634 1429 est,
2661 1366 2718 1416 et
2749 1360 2940 1418 altiori
2987 1377 3166 1419 sensu
3197 1362 3494 1434 spiritum,
3553 1369 3610 1420 et
3641 1365 3858 1421 verita-

2210 1453 2327 1503 tem
2359 1450 2646 1520 sequitur,
2681 1452 3071 1522 praecedentes
3126 1455 3183 1508 et
3210 1455 3380 1523 typos
3434 1445 3756 1509 contemnit
3803 1458 3860 1510 et

2207 1536 2501 1594 litteram:
2538 1556 2652 1594 non
2683 1539 2867 1595 idciro
2909 1541 3081 1596 debet
3136 1541 3392 1597 minores
3449 1542 3767 1614 despicere,
3801 1548 3860 1600 et

2207 1627 2572 1683 occasionem
2603 1628 2740 1683 dare
2772 1628 2866 1684 his
2893 1630 2993 1701 qui
3017 1645 3133 1684 non
3161 1635 3412 1701 possunt
3434 1631 3650 1686 sentire
3675 1621 3858 1687 subli-

2207 1715 2383 1781 mius,
2418 1717 2489 1772 de
2520 1734 2580 1772 se
2612 1717 2848 1790 peni-tus
2877 1719 3247 1789 desperandi.
3279 1719 3436 1776 Licet
3457 1720 3614 1776 enim
3636 1721 3855 1777 inﬁrmi

2206 1805 2326 1860 sint
2353 1810 2410 1860 et
2461 1823 2592 1862 caro
2650 1808 3084 1880 comparatione
3141 1807 3384 1880 spiritus
3442 1809 3850 1882 appellentur:

2208 1909 2340 1950 caro
2371 1899 2566 1952 tamen
2595 1895 2808 1952 Christi
2844 1901 3003 1952 sunt.
3032 1897 3090 1953 Si
3124 1897 3281 1953 enim
3329 1898 3607 1972 intelligit
3635 1905 3852 1973 myste-

2209 1983 2362 2038 rium
2391 1983 2692 2040 charitatis
2724 1985 3148 2043 inﬁrmioribus
3178 1987 3506 2057 servientis,
3541 1987 3714 2045 faciat
3744 1989 3854 2046 ali-

2209 2073 2346 2143 quid
2378 2075 2400 2107 ‘
2430 2079 2665 2146 propter
2697 2075 2964 2131 infirmos
2991 2093 3003 2130 :
3040 2094 3113 2133 ne
3143 2077 3201 2131 in
3259 2075 3506 2133 scientia
3535 2089 3645 2135 sua
3673 2079 3854 2136 frater

2206 2168 2421 2234 pereat,
2456 2180 2560 2234 pro
2593 2180 2708 2236 quo
2737 2164 3006 2220 Christus
3037 2170 3126 2221 est
3183 2170 3458 2222 mortuus
3488 2166 3537 2238 (1
3575 2168 3694 2223 Cor.
3728 2183 3850 2240 νηί,

2207 2253 2315 2322 11).
2343 2252 2660 2324 Diligenter
2680 2253 2876 2324 itaque
2897 2256 3150 2325 attende,
3172 2271 3243 2311 an
3269 2271 3338 2311 ex
3355 2257 3852 2328 consequentibus

2203 2357 2414 2396 sensus
2442 2342 2551 2397 iste
2580 2347 2810 2398 texatur
2841 2345 2953 2414 Vos,
2987 2345 3198 2416 inquit,
3255 2347 3478 2417 fratres,
3529 2348 3590 2401 in
3626 2347 3852 2402 liberta-

2201 2433 2308 2485 tem
2367 2434 2541 2487 vocati
2585 2435 2756 2488 estis:
2815 2435 3058 2489 forsitan
3117 2434 3268 2501 ideo,
3329 2435 3469 2507 quia
3499 2453 3612 2492 non
3645 2447 3856 2492 omnes

2199 2521 2561 2576 vocationem
2621 2538 2828 2593 capere
2896 2527 3169 2593 poterant
3234 2523 3542 2582 libertatis.
3612 2525 3852 2597 Propter

2203 2610 2357 2681 quod
2392 2627 2546 2665 nunc
2577 2611 2793 2666 auditis
2821 2629 2832 2666 :
2870 2613 3100 2667 Tantum
3127 2629 3200 2667 ne
3255 2615 3567 2669 libertatem
3597 2615 3658 2669 in
3690 2615 3849 2670 ocea-

2199 2701 2410 2754 sionem
2441 2700 2578 2755 detis
2605 2703 2782 2756 carni.
2839 2701 2946 2756 Per
2999 2701 3367 2758 dilectionem
3425 2704 3580 2758 enim
3623 2708 3856 2777 oportet

2201 2788 2530 2844 minoribus
2560 2791 2775 2845 servire
2831 2793 3123 2860 majores:
3187 2791 3325 2864 quia
3381 2792 3482 2864 qui
3538 2791 3665 2848 vult
3719 2803 3850 2852 esse

2201 2879 2410 2948 major,
2441 2878 2552 2934 erit
2590 2879 2854 2935 omnium
2888 2896 3089 2936 servus
3142 2881 3359 2952 (Matth.
3419 2899 3512 2952 xx,
3545 2871 3652 2946 27;
3680 2881 3844 2940 Marc.

2198 2982 2252 3033 x,
2279 2969 2386 3038 44).
2404 2967 2602 3039 Neque
2622 2986 2757 3040 ergo
2781 2969 3107 3042 spiritualis
3127 2970 3341 3027 laceret
3361 2971 3577 3028 Christi
3601 2979 3808 3029 carnes
3834 2989 3849 3030 :

2200 3071 2386 3126 neque
2417 3058 2782 3112 occasionem
2840 3057 2959 3113 illis
2989 3059 3231 3126 tribuat,
3293 3064 3358 3116 ut
3385 3071 3450 3117 se
3478 3061 3852 3118 remord'eant‘

2198 3151 2613 3216 provocantem
2646 3163 2716 3201 ne
2749 3137 3102 3203 ab'invicem
3133 3154 3580 3220 consumantur.
3611 3150 3850 3222 Oportet

2197 3250 2334 3305 ergo
2361 3235 2571 3306 spiritu
2603 3235 3030 3305 ambulantem,
3064 3242 3121 3293 et
3168 3238 3377 3310 spiritu
3410 3239 3846 3312 Scripturarum

435 3323 520 3380 eis
553 3324 745 3396 magis
776 3340 955 3379 unam
1013 3329 1238 3396 partem
1298 3325 1554 3396 corporis
1612 3327 1870 3398 perdere,
1905 3343 2081 3397 quam
2114 3311 2157 3379 C
2194 3324 2369 3379 verba
2402 3330 2752 3391 sectantem,
2786 3341 2901 3382 non
2935 3328 3210 3398 perficere
3259 3328 3626 3385 desiderium
3650 3329 3848 3386 carnis

435 3429 539 3486 per
595 3414 962 3469 occasionem
1020 3414 1229 3486 integri
1297 3415 1557 3486 corporis
1616 3421 1894 3487 perpetuo
1953 3417 2086 3488 igne

435 3502 726 3558 damnari.
761 3502 862 3557 llic
892 3501 1057 3557 locus
1087 3501 1137 3557 si
1195 3504 1430 3574 quando
1461 3505 1534 3557 ab
1590 3504 1842 3560 ethnicis
1892 3521 2083 3576 repre-

433 3591 737 3662 henditur,
770 3592 1066 3664 quomodo
1095 3592 1180 3647 eis
1213 3592 1551 3664 responderi
1584 3593 1787 3664 possit,
1823 3594 2082 3649 ostendi-

437 3685 590 3738 mus.
625 3681 792 3737 Nunc
850 3697 884 3736 a
915 3681 1082 3736 nobis
1140 3685 1342 3736 contra
1397 3682 1698 3738 hiereticos
1731 3684 2080 3754 proferatur,

428 3769 782 3826 Marcionem
813 3770 1098 3836 videlicet,
1123 3776 1180 3826 et
1200 3770 1572 3826 Valentinum
1599 3774 1613 3806 ¹
1637 3777 1694 3827 et
1724 3789 1928 3828 omnes
1979 3774 2079 3844 qui

425 3865 629 3917 centra
658 3861 840 3917 Vetus
870 3859 1087 3916 latrant
1117 3861 1719 3934 Testamentum,qua
1753 3863 2076 3918 rationeilli

425 3950 524 4022 qui
556 3951 886 4007 Creatorem
906 3949 1374 4024 sanguinarium,
1410 3968 1676 4007 severum
1712 3951 2075 4023 bellatorem,

424 4039 1015 4109 ettantumjudicem
1073 4039 1482 4108 criminantur,
1517 4040 1626 4095 hoc
1690 4042 1745 4096 in
1801 4041 2076 4112 Apostolo

423 4130 522 4183 Dei
547 4129 689 4185 boni:
714 4128 945 4185 valeant
967 4145 1266 4184 excusare.
1301 4130 1368 4183 Et
1399 4134 1553 4184 certe
1586 4130 1808 4185 nullam
1845 4136 1985 4202 puto
2015 4131 2074 4186 in

422 4217 599 4271 veteri
631 4217 754 4290 lege
775 4223 894 4273 tam
945 4223 1189 4285 trucem,
1248 4223 1370 4274 tam
1435 4223 1738 4275 cruentam
1771 4221 1828 4275 in
1880 4220 2075 4292 aliquo

431 4319 561 4363 esse
590 4307 940 4363 sententiam
962 4309 1005 4374 ³,
1029 4323 1227 4380 quam,
1257 4309 1480 4363 utinam
1526 4305 1936 4366 abstindantur
1980 4327 2075 4381 qui

429 4409 524 4452 vos
547 4396 901 4452 conturbant.
939 4400 1055 4452 Nec
1086 4401 1337 4469 possunt
1367 4397 1557 4453 dicere
1587 4415 1784 4454 orasse
1825 4403 2074 4472 Aposto-

428 4485 552 4540 lu‘m
584 4501 690 4558 pro
720 4485 976 4542 inimicis
1005 4485 1243 4556 Christi,
1303 4486 1402 4557 qui
1435 4487 1564 4557 ejus
1620 4487 1906 4544 Ecclesiae
1946 4506 2077 4545 con-

426 4575 772 4632 turbabant.
801 4575 917 4632 Nec
929 4591 997 4632 ex
1013 4574 1322 4631 dilectione
1337 4575 1651 4648 prolatum,
1673 4579 1826 4648 quod
1849 4584 2076 4634 tumore

2194 3429 2418 3467 earum.
2453 3413 2511 3467 Si
2545 3419 2740 3468 autem
2769 3413 2878 3468 hoc
2909 3414 3063 3485 quod
3117 3413 3370 3469 dicitur:
3405 3415 3617 3486 Spiritu
3651 3417 3844 3471 ambu-

2195 3502 2332 3568 late,
2366 3505 2418 3556 et
2447 3502 2782 3558 desiderium
2810 3503 2996 3558 carnis
3035 3518 3146 3558 non
3188 3503 3487 3574 perﬁcietis
3533 3504 3696 3574 (vers.
3728 3505 3841 3576 16),

2195 3590 2546 3662 simpliciter
2602 3590 2988 3662 intelligimus
3019 3592 3107 3661 (ut
3164 3590 3425 3663 plerique
3457 3591 3854 3665 arbitrantur)

2193 3686 2396 3735 contra
2424 3686 2839 3752 argumentum
2869 3685 2928 3736 et
2956 3679 3303 3753 hypothesin
3337 3682 3520 3737 totius
3543 3681 3836 3754 Epistolm,

2191 3768 2250 3824 in
2283 3769 2404 3824 haec
2437 3770 2631 3826 subito
2658 3769 2873 3826 Paulus
2895 3775 3197 3843 erumpet;
3222 3771 3374 3827 495
3398 3770 3598 3827 statim
3623 3771 3842 3844 quippe

2191 3860 2458 3930 sequitur
2484 3878 2496 3916 :
2530 3862 2595 3916 Si
2623 3865 2806 3915 autem
2837 3862 3040 3932 spiritu
3067 3861 3358 3928 ducimini,
3418 3878 3530 3917 non
3581 3863 3715 3918 estis
3740 3862 3840 3918 sub

2187 3951 2324 4020 Lege
2355 3950 2497 4020 (vers
2530 3951 2638 4019 18).
2674 3954 2737 4004 Et
2795 3967 2928 4005 cum
2987 3951 3292 4022 hucusque
3343 3950 3540 4022 aliqua
3569 3967 3638 4006 ex
3675 3957 3840 4023 parte

2187 4037 2299 4092 sibi
2328 4054 2520 4092 sermo
2552 4038 2856 4106 cohzereat,
2892 4053 3126 4094 rursum
3160 4040 3209 4093 si
3261 4039 3590 4109 simplicem
3621 4039 3836 4096 intelli-

2186 4129 2443 4199 gentiam
2477 4137 2816 4198 sequamur,
2848 4128 2918 4181 ad
2940 4127 3524 4200 inordinata-repente
3550 4134 3836 4201 precepts

2187 4233 2291 4272 nos
2324 4213 2602 4272 transfert
2631 4217 2701 4272 de
2734 4231 2908 4272 carne
2937 4221 2993 4270 et
3021 4215 3230 4287 spiritu
3265 4216 3580 4286 disserens,
3615 4217 3671 4271 id
3699 4222 3830 4274 est”:

2185 4307 2474 4376 Manifesta
2503 4311 2683 4362 autem
2715 4314 2842 4361 sunt
2873 4319 3035 4377 apem
3065 4307 3248 4361 carnis
3283 4303 3389 4361 illa
3439 4314 3489 4361 et
3537 4298 3828 4378 illa'(uers'.

2189 4398 2296 4468 19).
2335 4399 2401 4452 Et
2431 4397 2756 4453 eeontrario
2782 4413 2794 4452 :
2826 4397 3056 4451 Fructus
3087 4403 3268 4451 autem
3300 4397 3548 4468 spiritus,
3596 4397 3832 4453 est'eha-

2186 4489 2324 4542 ritas
2346 4487 2502 4558 (Ibid.
2535 4488 2647 4557 22),
2690 4491 2747 4542 et
2776 4484 3021 4558 reliqua.
3068 4486 3178 4542 Sed
3225 4497 3412 4555 neque
3459 4484 3520 4541 in
3569 4485 3664 4542 his
3695 4495 3833 4543 eon-

2186 4578 2551 4648 sequentiam
2583 4578 2892 4648 desperare
2925 4576 3242 4632 debemus:
3275 4576 3410 4648 quia
3440 4585 3616 4648 opera
3640 4578 3833 4634 carnis

421 4669 480 4722 et
509 4665 918 4738 indignatione
977 4664 1238 4737 plenum,
1272 4665 1398 4737 ipso
1456 4666 1766 4723 verborum
1819 4669 2072 4738 pondere
2105 4690 2149 4752 Β
2183 4666 2515 4722 divinorum
2548 4666 2913 4722 voluminum
2947 4666 3195 4722 historia
3211 4667 3507 4729 continet;
3529 4682 3644 4724 non
3664 4665 3844 4724 valde

425 4755 887 4812 demonstratur.
948 4755 1242 4828 Quidquid
1303 4772 1440 4828 ergo
1497 4755 1578 4810 illi
1633 4774 1735 4828 pro
1795 4757 2072 4828 Apostolo

423 4844 820 4902 excusationis
878 4843 1203 4916 attulerint,
1264 4846 1418 4901 494
1475 4845 1585 4902 hoc
1643 4863 1756 4902 non
1817 4864 1919 4918 pro
1949 4847 2074 4920 lege

420 4934 608 4990 veteri
637 4933 1044 4990 defendemus.

493 5021 680 5091 (Vers.
718 5022 832 5093 13.)
867 5046 896 5073 ‹‹
924 5023 1042 5078 Vos
1072 5023 1228 5079 enim
1264 5023 1324 5078 in
1347 5023 1674 5080 libertatem
1698 5024 1883 5081 vocati
1909 5026 2070 5091 estis,

425 5111 670 5168 fratres:
702 5117 936 5169 tantum
970 5129 1041 5169 ne
1073 5113 1400 5168 libertatem
1435 5115 1490 5168 in
1516 5114 1878 5170 occasionem
1913 5115 2072 5169 carni

425 5200 824 5274 (Subauditur)
877 5203 1071 5266 detis;
1122 5225 1150 5253 n
1211 5203 1364 5274 quod
1421 5203 1558 5276 quia
1615 5203 1674 5258 in
1731 5204 1926 5260 Graeco
1957 5222 2072 5261 non

477 5345 903 5430 f‘Interserunt
923 5346 1322 5405 duoenostris
1370 5347 1538 5403 codd.
1595 5346 1689 5402 hic
1719 5364 1918 5404 vocem
1951 5352 2074 5404 Ma-

755 5507 900 5547 mss.
935 5495 992 5547 et
1018 5489 1263 5558 VictOr.,
1296 5507 1365 5546 ex
1395 5494 1580 5563 parte,
1611 5493 1770 5547 nulla
1823 5499 1954 5563 puto
1986 5494 2072 5546 in-

426 5563 610 5619 veniri
656 5563 774 5634 lege
831 5568 946 5618 lam
1000 5565 1207 5620 trucem
1274 5566 1389 5619 tam
1443 5566 1727 5620 cruentam
1785 5564 1844 5619 in
1891 5563 2074 5636 aliquo

425 5650 538 5692 esse
566 5636 913 5692 sententiam.

498 5705 937 5790 8’iiuncipsum
979 5713 1046 5790 et
1098 5705 1157 5760 in
1214 5706 1791 5790 priori'.Prasfa_tione
1840 5705 2070 5762 Hieron.

429 5776 634 5838 laudat
658 5776 950 5838 decimum
968 5776 1304 5836 Stromatum
1332 5779 1600 5853 Origenis
1626 5779 1864 5847 librum,
1898 5794 2073 5850 quem

2184 4767 2283 4812 eas
2306 4757 2523 4828 juvans
2552 4755 2651 4828 qui
2684 4757 2768 4811 sic
2794 4771 2922 4812 eam
2957 4755 3316 4829 intelligunt,
3349 4761 3414 4813 ut
3459 4757 3680 4830 scripta
3722 4764 3830 4814 est.

2184 4845 2326 4909 Quis
2356 4846 2513 4900 enim
2573 4862 2686 4900 non
2719 4845 3025 4901 docebitur
3063 4845 3278 4902 servire
3331 4845 3596 4914 luxuriae,
3629 4850 3687 4904 et
3714 4847 3829 4904 for-

2183 4935 2534 4991 nicationem
2595 4935 2807 4992 habere
2863 4951 2966 5008 pro
3023 4935 3245 4991 nihilo:
3305 4952 3439 4992 cum
3498 4937 3713 4994 Judam
3759 4939 3833 4993 ad

2186 5025 2550 5080 meretricem
2585 5024 2790 5096 legerit
2818 5025 3245 5096 ingredientem
3275 5025 3668 5097 (Gen.xxx-vm,
3700 5026 3826 5093 14):

2184 5119 2243 5168 et
2272 5113 2636 5185 patriarchas
2697 5115 2974 5171 habuisse
3033 5114 3249 5171 multas
3303 5117 3522 5187 pariter
3574 5113 3831 5170 uxores"?

2183 5204 2482 5268 Quomodo
2535 5218 2650 5259 non
2707 5206 2778 5260 ad
2835 5203 3223 5260 idololatriam
3257 5203 3684 5277 provocabitur,
3726 5202 3830 5274 qui

2183 5349 2287 5413 ait,
2320 5348 2638 5403 commatico
2694 5364 2855 5421 super
2908 5349 3353 5421 explanationem
3408 5350 3529 5421 ejus
3548 5342 3735 5421 _l_3auli_
3750 5346 3829 5421 ad

2183 5421 2440 5490 Galatas)
2471 5435 2719 5476 sermone
2756 5415 3130 5492 'comple'tunr
3183 5418 3352 5474 Liber
3389 5415 3633 5492 (jamdiu
3685 5416 3827 5474 olim

2184 5489 2520 5564 intercidit:
2554 5492 2778 5563 hocque
2810 5489 2950 5564 puto
2983 5490 3299 5564 maximum
3349 5489 3485 5564 ejus
3523 5495 3830 5564 superesse

2183 5563 2385 5647 Qpcris
2444 5560 2913 5636 ἀποσπαᾰμάτῖον,
2975 5563 3130 5636 quod
3187 5560 3283 5616 hic
3337 5560 3832 5621 exhibet'Latine

2182 5636 2591 5708 Hieronymus.

2253 5704 2488 5763 l'Pal'at.
2548 5723 2683 5775 ms.,
2743 5704 3142 5777 inﬁrmioribus
3197 5705 3441 5762 serviens
3493 5706 3669 5776 faciat
3716 5705 3828 5762 ali-

2181 5779 2332 5853 quid,
2364 5784 2477 5838 etc.
