4332 6572
440 379 561 443 435

1692 380 1757 440 S.
1803 377 2114 440 EUSEBII
2159 373 2608 438 HIERONYMI

3742 379 3862 444 436

441 514 792 588 sanguinem
821 516 1149 583 taurorum,
1182 514 1238 568 et
1267 516 1505 568 caeteras
1538 513 1774 570 Levitici
1819 512 2082 568 victimas
2119 517 2171 580 Α
2204 526 2333 566 esse
2366 512 2479 568 Lex
2509 527 2611 583 pro
2644 509 2832 567 nobis.
2865 529 2890 562 ιι
2931 510 3246 583 Hucusque
3275 509 3586 585 Origenes.
3637 511 3865 580 Quibus

449 619 563 660 non
595 603 728 675 plus
762 619 937 675 quam
972 601 1126 674 quod
1185 601 1243 655 in
1305 601 1501 656 littera
1560 606 1748 671 sonat,
1810 601 2101 673 putaverit

449 692 713 750 indicare
736 692 763 747 ?
795 692 957 758 Quod
991 697 1186 747 autem
1217 689 1579 757 inimicitias,
1612 693 1671 745 in
1720 696 1917 762 aperto
1949 691 2109 763 posi-

450 786 547 838 tus
579 781 891 854 Scriptura;
926 798 1117 836 sermo
1147 781 1368 848 doceat,
1398 784 1455 834 et
1485 796 1554 835 ex
1582 780 1691 834 hoc
1721 779 1845 834 loco
1895 781 2102 851 proba-

454 877 591 928 tur:
623 871 776 927 Filia
829 870 1128 942 Babylonis
1181 871 1404 935 misera,
1466 869 1652 924 beatus
1711 871 1807 940 qui
1844 870 2108 925 retribuet

449 959 554 1017 tibi
633 961 1052 1016 retributionem
1107 964 1278 1030 tuam,
1334 975 1498 1032 quam
1563 958 1871 1013 retribuisti
1925 960 2100 1014 nobis.

450 1051 649 1107 Beatus
677 1050 774 1122 qui
803 1049 1027 1116 tenebit,
1058 1053 1108 1104 et
1138 1047 1330 1103 allitlet
1351 1048 1611 1120 parvulos
1643 1051 1761 1102 tuos
1791 1045 1860 1101 ad
1888 1054 2104 1118 petram

451 1139 624 1211 (Psal.
657 1155 879 1205 cxxxvx,
911 1141 964 1194 8.
997 1139 1073 1208 9).
1109 1139 1178 1193 Et
1225 1154 1292 1192 ex
1341 1135 1482 1192 illo:
1511 1138 1574 1192 In
1630 1137 1901 1191 matutino
1933 1137 2104 1190 inter-

449 1227 707 1300 ﬁciebam
760 1243 944 1283 omnes
996 1231 1297 1298 peccatores
1359 1234 1518 1280 terrae
1578 1225 1751 1296 (Psai.
1783 1245 1836 1290 c,
1894 1225 1974 1296 8),
2046 1228 2102 1279 et

449 1321 656 1375 cetera
684 1315 776 1373 his
832 1315 1085 1371 similia:
1148 1316 1218 1370 de
1271 1314 1748 1370 contentionibus
1807 1313 2100 1384 videlicet,

453 1405 841 1475 amulatione,
875 1405 981 1473 ira,
1014 1403 1176 1471 rixis,
1209 1403 1702 1460 dissensionibus.
1737 1403 1822 1458 Ad
1861 1420 1989 1474 qum
2030 1403 2100 1474 (si

451 1511 565 1552 non
596 1493 773 1551 altius
795 1493 1018 1568 aliquid
1040 1496 1056 1529 ¹
1107 1494 1462 1563 sentiamus)
1491 1496 1806 1564 provocant
1837 1509 1943 1548 nos
1976 1509 2100 1548 ma-

451 1586 542 1659 gis
571 1584 828 1642 historias
886 1585 1173 1656 exempla,
1229 1600 1406 1656 quam
1466 1581 1796 1654 prohibent.
1843 1583 2102 1637 Haereses

454 1690 686 1748 quoque
717 1673 907 1745 magis
956 1671 1025 1728 de
1072 1671 1291 1728 carnali
1345 1672 1658 1742 Scripturae
1689 1670 2099 1743 intelligentia,

456 1779 632 1836 quam
666 1762 738 1817 de
767 1776 939 1834 opere
969 1761 1162 1817 carnis
1183 1765 1417 1826 nostrae,
1439 1766 1501 1815 ut
1518 1761 1758 1832 plurimi
1783 1761 2097 1832 aestimant,

459 1851 869 1908 substiterunt.
918 1850 1154 1905 Necnon
1208 1849 1490 1949 invidiam
1547 1853 1602 1904 et
1657 1849 1964 1905 ebrietates
1998 1865 2100 1922 per
2132 1885 2178 1950 B

457 1940 626 2014 Legis
656 1939 914 1996 litteram
944 1939 1249 1995 discimus.
1284 1937 1608 1995 Inebriatur
1638 1939 1755 1994 Noe
1786 1943 1918 2010 post
1947 1939 2100 1994 dilu-

455 2030 617 2086 vium
649 2028 802 2102 (Gen.
865 2045 943 2100 IX,
1001 2029 1116 2097 2|),
1174 2031 1230 2084 et
1282 2028 1624 2101 patriarchae
1676 2028 1831 2100 apud
1864 2029 2100 2084 fratrem

455 2119 674 2192 Joseph
706 2119 764 2174 in
809 2118 1051 2191 Egypto
1084 2117 1215 2190 (Gen
1268 2134 1424 2189 xuu,
1457 2117 1566 2189 34).
1627 2117 1736 2172 Sed
1769 2120 1826 2172 et
1878 2133 2100 2174 comes-

456 2210 712 2265 sationes
742 2207 801 2263 in
829 2208 1163 2280 Regnorum
1191 2206 1337 2263 libro
1369 2207 1596 2279 scripta:
1629 2211 1804 2273 sunt,
1851 2207 2103 2262 saltante

455 2298 634 2355 David
665 2302 724 2354 et
753 2301 1140 2369 concrepante
1168 2291 1468 2370 tympanis
1520 2313 1714 2352 coram
1762 2313 1896 2352 arca
1927 2300 2100 2352 testa-

457 2387 640 2445 menti
674 2385 778 2443 Dei
809 2387 859 2458 (ι
918 2388 1045 2456 Reg.
1106 2403 1189 2456 v1,
1251 2387 1316 2441 12
1371 2385 1564 2458 seqq.),
1625 2390 1680 2440 et
1726 2384 1818 2440 his
1865 2385 2103 2441 similia.

459 2476 751 2543 Quaeritur
781 2475 1074 2548 quomodo
1135 2475 1202 2530 ad
1265 2475 1561 2542 veneﬁcia,
1619 2478 1675 2530 et
1703 2475 1774 2530 ad
1809 2474 2106 2530 maleﬁcas

462 2571 638 2637 artes,
671 2564 920 2638 simplex
949 2564 1255 2636 Scriptura
1278 2563 1485 2619 divinas
1507 2581 1700 2619 sermo
1725 2564 1864 2635 quid
1894 2563 2108 2619 dicitur

462 2671 618 2727 caro,
653 2671 761 2712 nos
788 2655 1138 2727 provocet”:
1200 2653 1311 2710 nisi
1372 2654 1442 2708 ad
1501 2653 1763 2723 ejusdem
1795 2653 2105 2724 Scriptum

461 2744 736 2818 spiritum
770 2744 1279 2799 transcendamus.
1315 2747 1461 2798 Puto
1493 2741 1600 2798 hoc
1631 2741 1982 2815 significare,
2015 2742 2108 2798 de-

462 2834 580 2902 cies
609 2831 929 2901 Danielem,
963 2836 1020 2890 et
1047 2837 1165 2888 tres
1199 2849 1434 2904 pueros,
1467 2832 1675 2905 magis,
1728 2831 2108 2887 incantatori-

463 2923 597 2980 bus:
632 2926 689 2978 et
718 2921 1029 2979 Gazarenis
1043 2922 1196 2978 496
1211 2926 1385 2992 atque
1427 2921 1707 2976 Chaldmis
1730 2919 2110 2992 sapientiores

463 3013 726 3084 repertos
756 3011 918 3082 (Dan.
955 3028 995 3078 1,
1028 3011 1142 3082 20),
1176 3014 1232 3064 et
1262 3010 1498 3080 Moysen
1531 3010 1688 3065 omni
1722 3009 2011 3080 sapientia
2059 3015 2114 3064 et

473 3100 742 3158 doctrina
807 3099 1206 3173 [Egyptiorum
1272 3100 1566 3155 eruditum
1624 3101 1763 3168 (Act.
1832 3117 1932 3166 v11,
1998 3100 2111 3169 22).

2214 617 2321 656 nos
2353 616 2671 672 possumus
2703 601 2935 665 addere,
2967 603 3033 655 ut
3063 600 3327 655 dicamus
3358 600 3429 656 de
3469 601 3750 658 servitute
3781 601 3862 658 le-

2213 689 2329 761 gali
2363 690 2434 745 ad
2466 689 2760 762 Evangelii
2786 689 3118 745 libertatem
3145 694 3381 746 vocatos
3408 689 3646 762 (quibus
3688 707 3860 763 supe-

2214 779 2338 834 rius
2370 780 2529 848 (vers.
2563 781 2617 846 1)
2646 779 2899 834 dicitur:
2934 779 3097 846 State,
3159 786 3211 834 et
3258 779 3431 835 nolite
3486 797 3710 836 rursum
3728 782 3864 854 jugo

2212 871 2490 925 servitutis
2546 869 2787 939 haerere)
2844 869 3038 924 etiam'
3077 885 3233 924 nunc
3293 870 3536 938 moneri,
3607 873 3673 925 ut
3739 869 3862 927 leve

2213 957 2425 1013 Christi
2448 959 2661 1030 jugum
2695 962 2751 1011 et
2807 955 3172 1013 delectabilia
3228 957 3524 1030 Evangelii
3575 963 3863 1032 praecepta

2213 1051 2521 1112 sectantes,
2581 1062 2956 1118 nequaquam
2997 1050 3204 1117 putent
3261 1047 3374 1102 sibi
3403 1047 3597 1119 licere,
3657 1052 3720 1103 ut
3749 1047 3860 1104 hac

2212 1135 2341 1207 ipsa
2370 1133 2634 1190 libertate
2664 1134 2913 1202 vivendi,
2942 1135 2998 1189 in
3026 1133 3332 1192 occasione
3361 1137 3553 1192 carnis
3577 1141 3856 1193 utantur:

2213 1223 2433 1279 scilicet
2456 1227 2519 1278 ut
2549 1223 2720 1294 juxta
2751 1239 2987 1279 carnem
3020 1225 3236 1290 vivant,
3277 1225 3448 1296 juxta
3477 1241 3712 1280 carnem
3737 1226 3859 1281 cir-

2212 1313 2622 1370 cumciduntur
2651 1329 2665 1368 :
2699 1314 2798 1368 sed
2832 1313 3043 1385 spiritu
3070 1313 3257 1387 magis
3279 1319 3456 1382 stent,
3482 1314 3693 1387 spiritu
3716 1332 3857 1387 pra-

2211 1403 2444 1475 putium
2478 1401 2672 1457 carnis
2735 1402 3103 1471 abscindant,
3136 1407 3193 1459 et
3248 1404 3316 1459 ad
3352 1403 3595 1476 spiritus
3652 1403 3862 1460 altiora

2210 1493 2534 1559 tendentes,
2569 1491 2963 1547 humilitatem
3024 1491 3228 1548 litterae
3259 1493 3689 1565 derelinquant.
3754 1493 3859 1551 Po-

2211 1586 2324 1638 test
2352 1585 2548 1636 autem
2581 1584 2637 1635 et
2666 1580 2834 1636 aliter
2861 1580 3127 1655 intelligi.
3191 1582 3388 1638 Discat
3428 1581 3766 1654 quispiam:
3800 1582 3861 1638 Si

2211 1671 2453 1740 cessavi,
2486 1687 2517 1724 o
2551 1668 2742 1736 Paule,
2803 1686 2931 1725 esse
2990 1672 3099 1726 sub
3156 1670 3301 1743 lege,
3353 1675 3410 1726 et
3466 1671 3537 1726 de
3580 1670 3863 1728 servitute

2211 1760 2359 1816 497
2391 1759 2462 1815 ad
2491 1759 2817 1814 libertatem
2840 1765 3079 1815 vocatus
3101 1777 3234 1816 sum
3260 1777 3271 1814 :
3298 1776 3434 1832 ergo
3457 1760 3638 1816 debeo
3672 1759 3755 1816 ita
3775 1760 3860 1815 vi-

2211 1865 2342 1905 vere
2374 1853 2439 1904 ut
2467 1849 2738 1904 convenit
2766 1847 3047 1913 libertati,
3083 1866 3186 1905 nec
3217 1849 3516 1921 aliquibus
3555 1849 3860 1923 preceptis

2210 1939 2414 2006 teneri,
2450 1939 2552 1995 sed
2583 1939 2975 2011 quodcunque
3006 1939 3310 2011 placuerit,
3341 1943 3398 1994 et
3421 1936 3694 1995 voluntas
3727 1956 3862 2011 sug-

2212 2027 2478 2102 gesserit,
2547 2027 2657 2083 hoc
2723 2027 2910 2084 facere
2978 2027 3243 2100 implere,
3313 2027 3546 2084 sectari.
3587 2028 3670 2084 Ad
3705 2028 3860 2099 quod

2211 2117 2514 2189 respondit
2568 2115 2920 2188 Apostolus:
2978 2116 3225 2172 Vocatos
3285 2115 3523 2190 quidem
3582 2132 3687 2172 nos
3737 2133 3864 2173 esse

2214 2209 2273 2263 in
2305 2207 2548 2278 spiritus
2604 2205 2968 2262 libertatem:
3031 2206 3131 2262 sed
3190 2207 3290 2275 ita,
3352 2210 3416 2261 ut
3463 2205 3703 2262 libertas
3733 2205 3863 2278 ipsa

2215 2295 2374 2352 carni
2406 2313 2519 2352 non
2552 2295 2784 2352 serviat.
2818 2296 2932 2352 Nec
2964 2299 3237 2369 putemus
3269 2295 3410 2368 quia
3467 2294 3634 2352 nobis
3665 2294 3865 2351 omnia

2214 2385 2410 2456 licent,
2445 2385 2640 2440 omnia
2697 2386 3002 2458 expedire:
3064 2386 3210 2456 quin
3269 2385 3464 2457 potius
3523 2385 3661 2457 quia
3713 2384 3861 2440 servi

2216 2475 2360 2548 legis
2391 2491 2517 2531 esse
2549 2476 2933 2541 cessavimus,
2959 2475 3091 2530 facti
3116 2474 3302 2541 liberi,
3337 2474 3527 2547 magis
3547 2491 3650 2547 per
3677 2473 3863 2530 chari-

2216 2569 2396 2620 tatem
2464 2565 2633 2621 nobis
2705 2564 2950 2620 invicem
3025 2563 3371 2635 serviamus,
3442 2568 3506 2619 ut
3570 2561 3861 2619 laciniosa:

2217 2651 2363 2724 legis
2394 2657 2702 2724 praecepta,
2735 2667 2849 2707 uno
2881 2650 3208 2707 dilectionis
3241 2649 3496 2724 capitulo
3518 2650 3866 2708 concludan-

2218 2745 2335 2796 tur.

2292 2829 2476 2902 (Vers.
2541 2830 2626 2892 14.
2687 2830 2798 2902 15.)
2855 2852 2883 2881 ‹‹
2941 2829 3051 2886 Sed
3110 2845 3214 2902 per
3269 2828 3616 2886 charitatem
3660 2829 3870 2887 servits

2220 2918 2494 2985 invicem,
2519 2918 2714 2975 omnis
2735 2919 2891 2975 enim
2922 2918 3014 2975 lex
3045 2919 3104 2974 in
3137 2936 3253 2976 uno
3280 2935 3549 2976 sermone
3569 2917 3866 2992 impletur,

2224 3007 2439 3080 Diliges
2469 3007 2800 3080 proximum
2832 3013 3000 3064 tuum
3031 3007 3185 3064 sicut
3222 3008 3496 3080 teipsum.
3532 3031 3561 3059 »
3593 3008 3699 3074 Qui
3731 3025 3866 3065 cum

2223 3103 2379 3154 esset
2397 3097 2545 3153 liber
2573 3114 2642 3154 ex
2672 3097 3235 3166 omnibus,omnium
3263 3114 3324 3154 se
3355 3103 3589 3170 propter
3618 3097 3870 3154 charita-

475 3188 793 3246 Multorum
824 3204 960 3260 ergo
1020 3186 1309 3244 malorum
1343 3188 1569 3244 occasio
1628 3193 1734 3258 est,
1768 3189 1817 3244 si
1877 3189 2011 3260 quis
2055 3189 2114 3244 in
2224 3191 2342 3242 tem
2375 3203 2605 3242 servum
2639 3187 2791 3258 fecit,
2825 3192 2888 3242 ut
2920 3187 3116 3260 plures
3157 3187 3522 3243 lucrifaceret
3553 3189 3596 3255 (ι
3629 3189 3752 3244 Cor.
3788 3203 3864 3255 xx,

469 3277 779 3350 Scriptura:
839 3294 1012 3334 carne
1070 3283 1429 3350 permaneat.
1491 3279 1623 3344 Qum
1683 3278 1785 3349 qui
1853 3278 2112 3350 fecerint,
2145 3261 2187 3327 C
2234 3277 2338 3348 19),
2372 3280 2525 3332 recte
2573 3275 2844 3331 hortatur
2871 3282 2927 3330 et
2986 3281 3244 3344 caeteros,
3278 3281 3340 3332 ut
3394 3293 3496 3350 per
3525 3276 3870 3332 cbaritatem

466 3385 714 3442 regnum
748 3368 844 3423 Dei
879 3384 992 3423 non
1026 3372 1474 3439 consequentur.
1519 3368 1907 3433 Quamobrem
1939 3369 2109 3442 spiri-

469 3462 596 3513 tum
632 3455 943 3529 Scripturaa
977 3457 1321 3528 fructusque
1356 3474 1711 3529 quaeramus,
1745 3457 1845 3529 qui
1877 3475 1991 3514 non
2020 3458 2107 3514 di-

461 3551 683 3603 cuntur
739 3563 868 3603 esse
916 3545 1234 3602 manifesti.
1294 3547 1476 3602 Multo
1535 3545 1752 3619 quippe
1810 3546 2008 3604 labore
2057 3552 2113 3604 et

456 3636 693 3702 sudore,
716 3638 773 3690 et
792 3635 968 3707 digno
990 3635 1150 3690 cultu
1179 3634 1239 3689 in
1265 3636 1336 3690 Sc
1358 3635 1594 3706 ripturis
1619 3636 1844 3691 fructus
1866 3635 2109 3708 spiritus

455 3723 774 3780 invenitur.
799 3723 960 3780 Unde
978 3723 1250 3791 arbitror,
1277 3723 1524 3779 Paulum
1544 3723 1852 3796 diligenter
1867 3731 1923 3780 et
1939 3729 2110 3780 caute

457 3813 530 3869 de
561 3811 876 3882 Scripturse
927 3810 1200 3866 sensibus
1257 3811 1478 3867 dixisse
1530 3811 1907 3867 carnalibus:
1943 3813 2111 3867 Mani-

458 3902 602 3972 festa
653 3909 836 3956 autem
890 3909 1018 3955 sunt
1072 3917 1233 3972 opera
1293 3903 1478 3956 car-nis
1535 3900 1736 3972 (Galat.
1802 3918 1853 3970 v,
1890 3903 1994 3972 19).
2027 3902 2108 3957 De

462 3989 872 4063 spiritualibus
928 4006 1060 4046 vero
1093 4007 1207 4046 non
1239 3994 1304 4045 ut
1335 3990 1412 4045 ibi
1444 3991 1732 4062 posuisse,
1782 3993 2107 4062 mani/estus

460 4089 541 4137 est
567 4083 781 4152 fructus
807 4081 1033 4152 spiritus
1052 4096 1072 4141 ,'
1104 4080 1204 4136 sed
1262 4079 1381 4134 ita:
1440 4082 1668 4135 Fructus
1725 4083 1909 4135 autem
1936 4083 2105 4152 spiri-

459 4175 569 4242 tus,
601 4173 678 4225 est
705 4169 983 4237 Charitas,
1001 4170 1288 4241 gaudium,
1309 4186 1444 4241 pax,
1468 4175 1524 4225 et
1541 4168 1766 4241 reliqua
1787 4170 1966 4240 (lbid..
1991 4174 2102 4238 22).

457 4261 620 4326 Quod
679 4260 730 4317 si
793 4259 1012 4316 relictis
1069 4259 1246 4332 typis,
1307 4259 1378 4314 ad
1436 4259 1739 4314 veritatem
1797 4259 2104 4331 Scriptura:

455 4353 830 4405 transeamus
854 4353 911 4404 et
929 4346 1224 4420 spiritum,
1249 4347 1448 4402 statim
1467 4347 1635 4402 nobis
1651 4347 1838 4418 prima
1851 4347 2104 4403 charitas

454 4437 754 4511 panditur,
790 4441 846 4493 et
874 4437 945 4491 ad
975 4436 1260 4509 gaudium
1292 4436 1426 4490 inde
1457 4435 1810 4507 gradientes,
1842 4438 2104 4508 perveni-

457 4543 592 4584 mus
623 4527 695 4582 ad
720 4542 946 4598 pacem,
972 4541 1073 4597 per
1094 4542 1272 4596 quam
1300 4526 1717 4596 consequimur
1740 4526 2101 4598 patientiam.

457 4615 598 4682 Quis
631 4621 824 4670 autem
883 4631 998 4670 non
1059 4615 1128 4669 ad
1189 4614 1623 4670 miserationem
1683 4620 1739 4670 et
1782 4616 2100 4672 bonitatem
2136 4635 2182 4700 Β

459 4704 784 4772 erudiatur,
844 4720 978 4758 cum
1010 4703 1184 4758 etiam
1234 4719 1302 4759 ea
1331 4720 1456 4775 quas
1516 4705 1870 4776 quibusdam
1916 4704 2107 4762 tristia

463 4798 747 4868 putantur
777 4793 837 4848 in
868 4793 994 4866 lege
1027 4793 1315 4865 supplicia
1347 4794 1473 4850 dico
1506 4800 1561 4850 et
1614 4794 1830 4866 praelia,
1865 4799 1922 4851 et
1948 4813 2104 4852 ever-

463 4883 660 4940 siones
685 4882 973 4956 gentium,
1001 4887 1055 4938 et
1112 4884 1596 4940 comminationes
1627 4886 1698 4940 ad
1729 4885 1974 4956 populos
2008 4902 2108 4958 per

459 4973 799 5046 prophetas,
831 4971 1019 5043 magis
1051 4973 1309 5027 remedia
1361 4972 1709 5028 intellexerit
1745 4989 1894 5039 esse,
1927 4990 2104 5044 quam

460 5080 664 5136 poenas
687 5063 714 5116 ?
743 5062 868 5120 Non
899 5061 1054 5117 enim
1086 5061 1142 5116 in
1176 5067 1458 5117 internum
1509 5063 1794 5117 irascetur
1826 5061 2106 5117 Dominus

456 5154 586 5221 (Isa.
621 5169 756 5218 LVII,
793 5152 904 5220 16).
939 5150 1082 5206 Cum
1106 5151 1225 5206 haec
1269 5168 1404 5224 ergo
1437 5152 1605 5207 nobis
1636 5156 1837 5222 aperta
1867 5150 2103 5220 fuerint,

455 5241 956 5298 rationabiliorem
984 5239 1335 5296 habebimus
1368 5242 1564 5305 ﬁdem,
1594 5246 1650 5294 et
1671 5246 1958 5295 correctos
1991 5257 2106 5296 mo-

455 5347 547 5386 res
572 5331 963 5402 temperantia
1023 5328 1418 5395 comitabitur,
1479 5345 1654 5399 quam
1707 5329 2105 5385 continentia3

455 5425 742 5490 sequetur
771 5424 829 5475 et
878 5418 1156 5474 castitas:
1190 5422 1248 5472 et
1306 5422 1434 5489 post
1465 5417 1586 5472 hazc
1643 5417 1839 5476 omnia
1869 5416 2106 5489 incipiet

537 5578 552 5611 ι
585 5574 882 5650 contrario
910 5594 1084 5650 sensu
1120 5575 1573 5650 unus_Palatin.,
1607 5577 1827 5649 absque
1853 5577 2103 5650 negandi

456 5645 766 5721 particula,
800 5649 849 5700 si
878 5648 1046 5702 altius
1076 5648 1310 5721 aliquid.

531 5718 552 5751 ²
583 5717 742 5773 Idem
775 5734 911 5788 ms.,
944 5735 1071 5775 caro
1102 5717 1218 5792 ejus
1247 5736 1345 5777 nos
1371 5723 1637 5792 provocet.
1689 5721 1818 5779 Mox
1848 5737 2099 5794 quoque,

2223 3365 2334 3420 sibi
2358 3365 2616 3421 serviant
2643 3383 2654 3421 :
2680 3381 2806 3436 quas
2831 3383 2942 3420 non
2995 3367 3204 3438 quaerit
3225 3367 3380 3438 quod
3414 3383 3586 3424 suum
3621 3369 3731 3431 est,
3764 3367 3867 3422 sed

2221 3454 2375 3526 quod
2408 3453 2656 3526 proximi
2687 3454 2952 3526 (Philipp.
2986 3471 3048 3526 ιι,
3091 3457 3164 3526 4).
3225 3454 3331 3518 Qui
3365 3454 3521 3511 enim
3581 3453 3703 3510 vult
3745 3453 3868 3510 ﬁeri

2220 3542 2450 3616 primus
2509 3543 2618 3598 erit
2676 3543 2944 3599 omnium
3003 3561 3205 3600 servus
3261 3544 3443 3616 (Marc.
3503 3560 3560 3612 x,
3617 3545 3742 3615 Ui):
3805 3547 3871 3599 ut

2219 3633 2514 3704 quomodo
2545 3631 2811 3688 Salvator
2843 3633 2900 3688 in
2962 3635 3147 3688 forma
3175 3633 3274 3688 Dei
3333 3633 3709 3701 constitutus,
3750 3649 3866 3688 non

2219 3720 2484 3793 rapinam
2551 3721 2870 3777 arbitratus
2901 3727 2987 3779 est
3018 3738 3145 3778 esse
3178 3738 3240 3777 se
3269 3719 3553 3792 aequalem
3596 3721 3728 3792 Deo,
3761 3721 3862 3776 sed

2218 3804 2480 3880 seipsum
2511 3808 2847 3882 exinanivit,
2883 3810 3129 3866 formam
3161 3810 3308 3866 servi
3331 3808 3645 3882 accipiens,
3673 3813 3731 3865 et
3752 3807 3860 3864 ha-

2218 3897 2343 3953 bitu
2376 3898 2653 3954 inventus
2713 3903 2778 3953 ut
2832 3899 3030 3965 homo,
3084 3897 3416 3953 humiliavit
3453 3897 3860 3970 semetipsum,

2219 3987 2406 4044 factus
2436 3988 2716 4045 obediens
2751 4005 2938 4060 usque
2969 3988 3038 4043 ad
3073 3991 3343 4054 mortem,
3379 3992 3627 4043 mortem
3667 3990 3862 4042 autem

2217 4077 2406 4133 crucis
2437 4078 2705 4150 (Philipp.
2741 4095 2805 4148 ιι,
2835 4078 2889 4144 6,
2947 4077 3040 4147 8):
3099 4075 3181 4132 ita
3239 4080 3297 4132 et
3353 4093 3460 4132 nos
3501 4091 3865 4148 quaecunque

2216 4172 2348 4224 ante
2380 4167 2490 4223 sub
2524 4167 2668 4240 legis
2701 4167 3048 4223 necessitate
3079 4167 3267 4222 facere
3296 4166 3663 4234 videbamur,
3708 4181 3865 4221 nunc

2215 4256 2493 4323 sciamus,
2533 4257 2704 4313 nobis
2734 4256 2956 4323 liberis,
2991 4257 3178 4329 magis
3210 4272 3313 4328 per
3357 4256 3707 4312 charitatem
3737 4271 3864 4312 esse

2215 4346 2498 4402 facienda.
2532 4346 2785 4402 Tantum
2847 4351 3042 4402 autem
3077 4346 3297 4401 bonum
3355 4350 3445 4402 est
3483 4345 3767 4410 charitas,
3801 4347 3865 4398 ut

2215 4435 2406 4490 omnis
2437 4433 2527 4490 lex
2555 4433 2614 4490 in
2650 4434 2751 4490 illa
2785 4434 3220 4506 recapituletur.
3254 4435 3572 4490 Enumerat
3592 4432 3728 4487 etin
3750 4429 3864 4486 alio

2215 4525 2338 4578 loco
2368 4523 2681 4595 Apostolus
2714 4523 3015 4579 charitatis
3051 4524 3204 4579 bona
3260 4524 3497 4580 dicens:
3557 4525 3679 4578 Non
3708 4521 3862 4576 zela-

2216 4618 2324 4681 tur,
2359 4629 2466 4668 non
2499 4616 2622 4686 agit
2649 4629 2940 4684 perperam
2968 4614 3014 4682 (I
3045 4612 3165 4668 Cor.
3199 4629 3321 4676 xm,
3356 4613 3430 4680 4).
3466 4609 3861 4680 Multisquein

2219 4701 2409 4757 medio
2459 4701 2777 4774 replicatis,
2830 4701 2888 4756 in
2923 4702 3036 4757 ﬁne
3066 4700 3395 4756 concludit:
3431 4699 3628 4755 Omnia
3655 4704 3860 4769 sperat,

2217 4793 2413 4846 omnia
2443 4794 2668 4847 sustinet
2696 4792 2940 4846 charitas
2967 4807 3261 4863 nunquam
3289 4788 3494 4846 excidit
3524 4787 3669 4861 (Ibid
3697 4787 3754 4853 7,
3784 4786 3861 4858 8).

2217 4881 2286 4935 Et
2316 4880 2578 4937 Salvator
2608 4880 2667 4935 in
2736 4879 3064 4953 Evangelia,
3132 4880 3241 4936 hoc
3307 4880 3542 4952 signum
3610 4877 3724 4944 sui,
3759 4876 3862 4943 ait,

2215 4985 2343 5025 esse
2373 4967 2670 5040 discipuli,
2701 4969 2746 5024 si
2779 4969 2885 5038 (Al.
2920 4976 3008 5038 ut)
3057 4969 3265 5042 diligat
3321 4967 3651 5041 proximum
3681 4965 3859 5035 (Joan.

2215 5059 2506 5130 xm,_85).
2545 5059 2704 5123 Quod
2738 5058 2975 5130 quidem
3017 5063 3158 5130 puto
3227 5075 3341 5114 non
3407 5055 3598 5112 solum
3667 5053 3863 5109 homi-

2215 5147 2411 5215 nibus,
2446 5149 2546 5204 sed
2580 5148 2757 5204 etiam
2820 5147 3044 5220 angelis
3103 5146 3429 5203 convenire.
3488 5143 3631 5200 Aliis
3669 5142 3863 5199 verbis

2214 5238 2472 5310 idipsum
2504 5238 2756 5293 dicitur:
2793 5238 2926 5305 Quae
2955 5236 3101 5291 vobis
3131 5237 3260 5304 ﬁeri
3279 5251 3388 5290 non
3419 5234 3605 5304 vultis,
3631 5233 3766 5289 aliis
3794 5249 3864 5290 ne

2213 5330 2474 5398 feceritis,
2514 5336 2566 5382 et
2595 5342 2722 5399 qu$
2749 5328 2916 5382 vultis
2943 5328 3003 5380 ut
3032 5323 3180 5380 vobis
3208 5325 3420 5396 faciant
3452 5323 3716 5390 homines,
3746 5321 3864 5378 haec

2211 5417 2399 5472 eadem
2426 5425 2475 5472 et
2504 5433 2593 5472 vos
2623 5418 2703 5471 eis
2731 5417 2900 5487 facite
2927 5415 3194 5472 similiter
3224 5415 3428 5486 (Matth.
3459 5429 3560 5484 vn,
3587 5412 3695 5484 12).
3716 5414 3861 5468 Nolo

2211 5597 2313 5655 pro
2344 5579 2540 5655 decies,
2567 5576 2749 5655 habet
2777 5577 2889 5655 dici
2913 5593 3018 5633 eos.
3063 5651 3072 5655 Α
3218 5652 3227 5655 _
3418 5647 3432 5655 _
3602 5649 3612 5655 _
3790 5647 3801 5655 Δ
3845 5644 3856 5655 ⁹

2281 5647 2532 5731 ³Αςιιθα
2567 5648 2871 5731 legebatur
2923 5651 3362 5713 continentiam;
3418 5647 3623 5720 legunt
3675 5647 3858 5703 nostri

2213 5739 2356 5781 mss.
2385 5724 2443 5777 in
2477 5724 2658 5790 recto,-
