4332 6578
415 427 532 489 437
1075 425 1588 491 COMMENTAR.
1639 428 1718 492 IN
1763 401 2011 492 Eeisr.
2062 432 2164 492 AD
2211 429 2490 493 GALA'I‘.
2537 432 2687 493 LIB.
2734 433 2838 506 111,
2885 433 3057 495 CAP.
3103 430 3178 494 v.
3718 431 3837 495 438

417 560 731 618 adulterari
764 577 998 618 uxorem
1030 577 1244 632 meam,
1280 561 1410 618 nolo
1451 563 1844 619 substantiam
1871 563 2066 637 diripi,
2100 567 2152 632 Α
2185 565 2459 619 neratur?
2489 565 2630 630 Quis
2662 566 2855 622 fratris
2887 569 3070 622 morte
3097 565 3449 639 perimitur?
3468 564 3686 626 Omnes
3708 585 3828 627 ma-

417 651 554 708 nolo
613 669 706 709 me
757 651 901 708 falso
945 653 1195 726 opprimi
1247 653 1606 722 testimonio,
1654 659 1710 710 et
1757 659 1822 710 ut
1869 660 2070 711 contra
2179 653 2269 727 gis
2301 659 2590 710 amatores
2641 654 2844 720 nostri,
2878 673 3054 728 quam
3105 661 3394 712 amatores
3442 656 3542 713 Dei
3597 675 3828 716 sumus.

421 741 581 798 brevi
614 758 879 798 sermone
905 742 1669 816 comprehendam,indigne
1690 745 1810 800 fero
1843 744 2066 817 aliquid
2177 743 2320 798 Vide
2349 748 2635 816 quantum
2670 745 2887 800 bonum
2921 745 2998 800 sit
3027 745 3348 801 charitatis.
3385 744 3445 802 Si
3493 745 3576 801 ita
3605 752 3822 821 marty~

415 832 559 887 mihi
583 832 703 887 fieri
730 833 882 903 quod
912 831 1199 904 injustum
1223 833 1469 888 estHaec
1489 834 1691 890 eadem
1716 835 1762 890 si
1787 835 1938 890 498
1964 853 2066 907 per

411 920 756 976 oharitatem
790 921 850 976 in
884 938 976 977 me
1007 926 1371 994 operantem,
1404 921 1494 977 vel
1526 923 1711 979 fecero
1739 923 1924 989 alteri,
1975 923 2061 980 vel

410 1008 664 1077 voluero,
701 1009 793 1067 lex
823 1011 1016 1067 omnis
1063 1011 1308 1084 impleta
1359 1016 1468 1067 est.
1517 1012 1632 1068 Nec
1680 1012 1915 1068 difficile
1972 1017 2063 1069 est

406 1097 608 1153 docere
657 1103 951 1170 quomodo
1002 1099 1276 1155 universa
1325 1104 1628 1172 praecepta,
1679 1116 1790 1155 non
1828 1100 2057 1170 occides,

400 1202 507 1242 non
539 1186 919 1254 adullerabis,
952 1204 1065 1244 non
1094 1189 1398 1260 /uraberis,
1431 1203 1542 1243 non
1571 1189 1772 1259 falsum
1818 1191 2057 1244 testimo-

399 1277 556 1331 nium
586 1277 730 1333 dices
763 1278 958 1350 (Exod.
991 1295 1086 1345 xx,
1120 1279 1208 1343 13,
1246 1278 1352 1349 14),
1395 1281 1451 1333 et
1499 1282 1706 1333 caetera
1752 1277 1844 1333 his
1890 1279 2055 1334 simi-

395 1364 495 1435 lia,
550 1383 671 1422 una
730 1367 1035 1424 charitatis
1091 1366 1498 1423 observatione
1555 1372 1888 1424 teneantur.
1941 1368 2057 1424 Hoc

397 1457 706 1513 ostendere
739 1457 993 1513 arduum
1046 1461 1154 1522 est,
1201 1456 1494 1527 quomodo
1542 1456 1750 1512 hostias
1799 1473 2052 1530 quoque,

401 1560 530 1617 quae
579 1546 638 1600 in
689 1546 937 1602 Levitico
987 1548 1124 1600 sunt
1169 1549 1486 1617 praeceptae,
1541 1537 1598 1600 et
1646 1544 1907 1601 ciborum
1964 1545 2053 1602 vel

394 1634 779 1702 abstinentia,
809 1634 898 1690 vel
929 1634 1264 1706 permissio,
1316 1650 1454 1689 cum
1499 1633 1613 1690 alia
1661 1635 1906 1705 munda,
1940 1634 2055 1691 alia

397 1722 670 1778 dicantur
700 1722 1472 1789 immunda,solemnitatem
1504 1739 1737 1796 quoque
1762 1723 1926 1795 jugis
1952 1739 2054 1796 per

392 1827 578 1868 annos
609 1828 884 1868 recursus
915 1814 1110 1884 (Levii.
1146 1830 1164 1868 1
1196 1821 1249 1869 et
1275 1813 1527 1884 passim),
1560 1811 1620 1867 in
1653 1830 1769 1868 uno
1802 1812 2051 1868 charita-

390 1899 468 1955 tis
499 1905 786 2007 prfecepto
819 1901 1297 1974 recapitulentur.
1333 1901 1456 1958 Nisi
1488 1902 1635 1958 forte
1677 1902 1808 2007 quis
1857 1901 1956 1958 illo
1988 1918 2050 1958 se
2079 1942 2127 2007 Β

389 1990 726 2056 transferat,
786 1994 853 2046 ut
905 1991 1158 2047 affirmet
1215 1992 1425 2063 Legem
1484 1990 1849 2062 spiritualem
1917 2006 2046 2047 esse

389 2077 562 2151 (Rom.
597 2081 832 2151 v11,14),
866 2085 924 2136 et
951 2080 1312 2152 imaginibus
1364 2085 1421 2136 et
1463 2079 1894 2152 exemplaribus
1940 2097 2046 2135 nos

389 2167 718 2224 caelestium
778 2170 1123 2242 deservisse,
1180 2175 1500 2242 antequam
1553 2187 1726 2226 verus
1782 2169 2048 2226 Pontifex

390 2256 692 2313 adveniret
725 2276 737 2316 :
771 2258 871 2330 qui
904 2264 1218 2331 postquam
1252 2259 1430 2315 semel
1485 2259 1747 2331 seipsum
1797 2259 2044 2315 offerens

388 2345 714 2416 victimam,
764 2364 871 2403 suo
911 2349 1202 2421 sanguine
1244 2366 1350 2404 nos
1405 2349 1669 2415 redemit,
1703 2349 1897 2404 omnis
1946 2349 2046 2405 illa

390 2434 594 2508 priscre
626 2435 772 2510 legis
803 2437 1073 2503 varietas,
1105 2443 1162 2494 et
1188 2437 1525 2505 difficultas,
1557 2437 1614 2492 in
1649 2438 1838 2510 ipsius
1869 2454 2045 2510 super

385 2522 663 2580 homines
695 2525 1010 2582 dilectione
1032 2525 1321 2598 completa
1351 2530 1461 2582 est.
1497 2527 1793 2582 Intantum
1828 2527 2044 2597 quippe

387 2612 556 2668 Pater
583 2618 804 2670 amavit
835 2616 1146 2686 mundum,
1181 2620 1246 2670 ut
1274 2615 1487 2671 Filium
1536 2632 1713 2671 suum
1762 2615 2043 2670 charissi-

385 2718 574 2773 mum,
611 2708 669 2758 et
700 2705 1074 2776 unigenitum
1107 2706 1272 2760 daret
1302 2722 1404 2776 pro
1435 2704 1606 2761 nobis
1636 2706 1815 2776 (Joan.
1838 2705 2040 2776 111,16).

391 2791 452 2847 Ei
491 2798 689 2849 autem
739 2794 839 2867 qui
887 2795 1069 2850 semel
1118 2794 1330 2866 spiritu
1374 2795 1592 2861 vivens,
1626 2811 1802 2866 opera
1851 2795 2044 2850 carnis

389 2881 762 2938 mortificavit
793 2885 968 2955 (Rom.
1005 2901 1103 2953 v11,
1139 2884 1247 2954 13),
1280 2889 1336 2940 et
1367 2901 1401 2939 a
1444 2883 1742 2940 Salvatore
1770 2882 2042 2950 dilectus,

387 2987 763 3044 nequaquam
797 2973 1132 3041 servus,sed
1179 2973 1407 3029 amicus
1453 2977 1695 3029 vocatur
1733 2974 1916 3043 (Joan.
1949 2990 2040 3045 xv,

388 3059 498 3131 15),
531 3077 648 3117 non
677 3065 766 3118 est
797 3061 954 3118 ultra
997 3062 1112 3118 Lex
1159 3062 1368 3134 posita,
1420 3079 1546 3134 quae
1593 3061 1792 3133 impiis
1825 3065 1880 3117 et
1912 3078 2042 3132 pec-

389 3149 707 3218 catoribus,
751 3153 808 3207 et
854 3168 971 3206 non
1019 3150 1300 3222 subjectis
1347 3155 1404 3206 et
1453 3149 1693 3205 nefariis
1725 3149 2045 3205 constituta

394 3243 483 3295 est
530 3238 579 3311 (Ι
620 3241 752 3296 Tim.
804 3257 842 3308 1,
894 3241 972 3313 9).
1026 3244 1098 3295 At
1141 3256 1297 3295 nunc
1335 3255 1469 3296 cum
1503 3238 1855 3311 omniaquae
1888 3238 2040 3293 diffi-

393 3327 594 3385 ciliora
638 3334 801 3394 sunt,
851 3329 941 3385 vel
996 3329 1229 3385 modica
1285 3345 1352 3384 ex
1408 3333 1572 3400 parte
1604 3327 1908 3394 faciamus,
1939 3327 2048 3383 hoc
2079 3315 2122 3382 C

394 3418 586 3474 solum
620 3435 736 3473 non
768 3418 1039 3489 facimus,
1072 3419 1228 3489 quod
1277 3421 1335 3473 et
1381 3417 1536 3472 factu
1592 3415 1821 3473 facilius
1852 3421 1959 3484 est,
1993 3421 2052 3472 et

394 3505 620 3578 absque
651 3523 766 3577 quo
797 3523 969 3562 cassa
995 3511 1136 3563 sunt
1167 3507 1440 3562 universa
1470 3523 1596 3578 quae
1648 3507 1916 3562 facimus.
1949 3508 2050 3563 Je-

387 3595 542 3668 junii
575 3612 788 3668 corpus
819 3595 1000 3652 sentit
1028 3596 1308 3667 injuriam
1344 3612 1356 3650 :
1391 3594 1597 3667 vigiliae
1639 3611 1874 3650 carnem
1927 3612 2050 3651 ma-

395 3689 595 3740 cerant
630 3701 642 3740 :
677 3683 1060 3757 eleemosynaa
1092 3684 1288 3740 labore
1320 3688 1700 3756 quaeruntur:
1728 3685 1969 3757 sanguis
1991 3685 2050 3739 in

396 3773 697 3846 martyrio,
733 3773 1002 3845 quamvis
1034 3772 1231 3828 ardeat
1266 3773 1432 3839 fides,
1463 3775 1659 3827 tamen
1693 3771 1820 3828 sine
1857 3771 2053 3827 dolore

395 3866 453 3918 et
480 3862 689 3918 timore
721 3879 840 3918 non
875 3862 1160 3918 funditur.
1217 3862 1347 3917 Haec
1397 3861 1594 3917 omnia
1638 3866 1778 3918 sunt
1823 3861 1924 3933 qui
1975 3863 2052 3916 fa-

395 3951 555 4008 ciant
584 3968 598 4008 :
634 3951 760 4008 sola
792 3951 1050 4008 charitas
1082 3951 1209 4008 sine
1239 3951 1435 4007 labore
1481 3955 1588 4008 est.
1623 3952 1694 4006 Et
1743 3951 1882 4022 quia
1929 3949 2054 4006 sola

396 4057 496 4098 cor
525 4043 815 4098 mundum
849 4041 1088 4108 efficit,a
1118 4040 1347 4096 diabolo
1380 4044 1750 4113 expugnatur
1779 4040 1836 4096 in
1862 4040 2052 4107 nobis,

400 4147 472 4187 ne
503 4131 685 4187 Deum
719 4148 867 4204 pura
897 4134 1088 4187 mente
1119 4129 1441 4186 videamus.
1476 4131 1719 4196 Quando
1768 4130 1922 4186 enim
1963 4146 2052 4185 se-

402 4220 548 4276 dens
579 4220 784 4292 loquor
814 4225 1018 4276 contra
1048 4220 1287 4276 fratrem
1320 4237 1539 4288 meum,
1564 4225 1622 4275 et
1643 4223 1844 4276 contra
1867 4219 2052 4274 filium

402 4308 612 4365 matris
664 4326 805 4366 mea:
860 4312 877 4345 ³
927 4327 1079 4383 pono
1134 4309 1475 4365 scandalum
1521 4311 1692 4380 (Psal.
1739 4327 1890 4381 XLIX,
1939 4310 2052 4380 20),

400 4399 638 4472 quando
659 4398 849 4456 aliena
869 4404 1148 4472 torqueor
1170 4398 1528 4463 felicitate,et
1548 4398 1787 4454 alterius
1809 4399 2051 4468 bonum,

401 4505 600 4545 meum
630 4489 853 4546 malum
887 4489 1055 4556 facio,
1089 4503 1283 4545 nonne
1323 4488 1434 4545 hoc
1478 4489 1633 4560 quod
1674 4489 1962 4559 sequitur,
1993 4489 2054 4544 in

398 4594 493 4635 me
546 4578 813 4652 expletur
854 4566 885 4634 ἐ
949 4579 1009 4635 Si
1058 4580 1293 4636 invicem
1341 4577 1600 4634 mordelis
1651 4585 1702 4633 et
1747 4578 2053 4650 comeditis,

2175 833 2327 889 rium
2361 834 2692 904 fecerimus,
2726 838 2790 889 ut
2821 838 3050 891 nostras
3079 833 3326 891 velimus
3369 835 3442 891 ab
3481 835 3823 892 hominibus

2173 922 2452 995 reliquias
2482 923 2757 978 honorari
2791 940 2802 977 :
2837 923 2886 978 si
2922 923 3255 995 opinionem
3299 923 3458 996 vulgi
3507 928 3819 993 sectantes,

2171 1011 2445 1083 intrepidi
2505 1012 2856 1084 sanguinem
2915 1012 3263 1082 fuderimus,
3314 1016 3371 1067 et
3422 1000 3816 1072 substantiam

2171 1105 2432 1156 nostram
2463 1117 2651 1173 usque
2684 1103 2754 1157 ad
2792 1101 3224 1158 mendicitatem
3257 1103 3556 1176 propriam
3588 1103 3814 1160 dederi-

2170 1205 2324 1260 mus,
2375 1188 2512 1245 huic
2569 1190 2675 1262 [Αἱ.
2735 1188 2894 1260 hinc]
2953 1191 3111 1262 operi
3166 1208 3280 1247 non
3331 1195 3452 1248 tam
3503 1193 3814 1265 praemium

2169 1294 2346 1350 quam
2377 1294 2548 1350 poena
2597 1279 2845 1334 debetur
2877 1295 2889 1333 :
2923 1283 2980 1334 et
3008 1279 3264 1352 perﬁdiae
3303 1279 3494 1356 magis
3523 1285 3819 1338 tormenta

2167 1372 2328 1434 sunt,
2363 1384 2541 1440 quam
2575 1384 2788 1424 corona
2814 1367 3087 1435 victoria.

2235 1456 2420 1528 (Vers.
2457 1459 2566 1526 15).
2601 1481 2628 1509 ‹‹
2657 1457 2816 1521 Quod
2870 1458 2920 1513 si
2967 1457 3216 1514 invicem
3267 1459 3570 1524 mordetis.
3619 1463 3677 1516 et
3721 1476 3816 1517 co-

2165 1545 2426 1615 meditis,
2459 1546 2646 1601 videte
2678 1563 2749 1601 ne
2779 1547 2852 1602 ab
2884 1546 3130 1602 invicem
3162 1548 3613 1605 consumamini.
3651 1570 3679 1598 »
3706 1549 3814 1606 Po-

2162 1637 2278 1690 test
2307 1634 2414 1690 hoc
2445 1638 2502 1689 et
2532 1634 2877 1706 simpliciter
2907 1635 3113 1708 accipi,
3143 1651 3214 1692 ne
3245 1636 3626 1694 detrahamus
3673 1637 3816 1694 invi-

2161 1740 2308 1792 cem,
2343 1740 2416 1779 ne
2447 1723 2756 1780 maledicto
2789 1741 2895 1780 nos
2926 1728 3202 1796 putemus
3234 1723 3458 1795 ulcisci,
3490 1741 3564 1782 ne
3591 1727 3810 1783 contri-

2161 1813 2297 1870 stati
2328 1812 2674 1869 contristare
2703 1813 3033 1885 cupiamus,
3085 1817 3142 1870 et
3190 1812 3413 1874 simlles
3461 1813 3808 1883 bestiarum,

2159 1902 2425 1958 mordere
2456 1901 2671 1973 pariter
2699 1907 2756 1958 et
2785 1902 3127 1974 remorderi,
3160 1905 3225 1958 ut
3253 1907 3388 1976 post
3433 1920 3663 1959 morsus
3713 1921 3808 1962 se-

2157 1994 2378 2064 quatur
2405 1989 2678 2047 interitus
2723 1994 2897 2062 atque
2948 1992 3339 2064 consumptio.
3373 1990 3582 2049 Melius
3611 1997 3807 2051 autem

2156 2085 2265 2146 est,
2300 2097 2372 2136 ne
2401 2085 2604 2137 contra
2634 2081 2920 2138 rationem
2972 2086 3030 2137 et
3083 2085 3264 2138 totius
3293 2081 3562 2153 Epistolas
3608 2099 3808 2140 conse-

2157 2169 2680 2241 quentiam,subito
2708 2169 2768 2225 in
2799 2169 3260 2226 extraordinaria
3275 2171 3806 2243 praeepta,Paulus

2155 2264 2445 2331 erumpat,
2478 2259 2588 2313 hoc
2618 2260 2701 2315 ita
2732 2258 3075 2332 intelligere,
3099 2263 3163 2314 ut
3191 2260 3262 2315 ad
3296 2260 3806 2318 circumcisionem

2155 2347 2736 2420 observationemque
2767 2348 2914 2420 legis
2945 2352 3156 2404 cuncta
3185 2349 3529 2406 referamus.
3573 2350 3634 2405 Si
3680 2367 3804 2418 vos,

2154 2437 2368 2509 inquit,
2403 2437 2756 2492 conturbant
2800 2437 2919 2508 alii,
2963 2454 3065 2493 vos
3114 2441 3311 2494 autem
3342 2439 3803 2496 conturbamini.

2152 2524 2214 2582 Si
2243 2529 2428 2582 totam
2462 2527 2824 2597 Scripturam
2856 2531 3105 2582 veterem
3138 2525 3418 2600 legentes,
3453 2527 3537 2584 sic
3584 2527 3803 2584 intelli-

2152 2615 2291 2688 gitis
2323 2619 2387 2670 ut
2413 2615 2634 2687 scripta
2661 2620 2751 2670 est
2786 2631 2798 2670 :
2839 2615 3068 2671 Oculum
3095 2631 3194 2687 pro
3224 2616 3378 2672 oculo
3415 2635 3431 2671 :
3464 2605 3686 2673 dentem
3702 2633 3803 2689 pro

2150 2703 2312 2760 dente
2360 2705 2539 2776 (Deut.
2586 2721 2702 2769 χιχ,
2732 2705 2846 2776 21),
2897 2709 2956 2760 et
3002 2705 3090 2759 ira
3148 2705 3441 2761 desiderat
3495 2705 3800 2773 ultionem,

2152 2793 2297 2848 ultio
2327 2810 2461 2848 vero
2493 2793 2746 2866 imponit
2775 2792 3033 2849 dolorem
3067 2809 3081 2849 :
3115 2793 3270 2865 quod
3319 2793 3409 2849 lex
3457 2810 3574 2850 non
3607 2794 3802 2852 solum

2153 2899 2264 2938 non
2296 2882 2581 2954 prohibet,
2613 2898 2816 2938 verum
2871 2882 3046 2938 etiam
3096 2882 3694 2954 praecipit,justitiam
3740 2883 3802 2941 in

2153 2971 2376 3026 ratione
2407 2971 2746 3041 restituens,
2780 2971 3065 3042 sequitur,
3100 2974 3166 3026 ut
3192 2975 3250 3027 et
3290 2972 3547 3028 nudatus
3596 2971 3799 3041 nudet,

2152 3064 2208 3116 et
2236 3059 2576 3116 vulneratus
2606 3059 2953 3128 revulneret,
2987 3064 3042 3115 et
3071 3063 3370 3116 comestus
3399 3061 3728 3117 remordeat
3755 3061 3798 3132 ³,

2152 3153 2210 3205 et
2257 3166 2382 3220 quae
2432 3148 2665 3205 videtur
2699 3149 2935 3221 justitia
2974 3165 3122 3219 esse,
3155 3149 3527 3219 consumptio
3559 3149 3656 3218 sit,
3689 3167 3806 3206 non

2153 3255 2338 3294 unum
2369 3239 2695 3308 vindicans,
2729 3239 2830 3294 sed
2862 3242 3182 3311 utrumque
3214 3255 3591 3296 consumens.

2231 3327 2417 3399 (Vers.
2453 3329 2564 3399 16.)
2600 3351 2620 3377 ι
2658 3328 2797 3384 Dico
2828 3331 3024 3383 autem
3074 3345 3087 3384 :
3137 3327 3360 3399 Spiritu
3401 3327 3718 3398 ambulate,
3750 3331 3811 3384 et

2160 3417 2516 3473 desiderium
2566 3416 2759 3472 carnis
2808 3433 2923 3471 non
2973 3417 3304 3488 perficietis.
3339 3438 3367 3468 »
3402 3421 3470 3472 Et
3515 3416 3624 3472 hoc
3654 3417 3810 3474 500

2161 3506 2486 3562 secundum
2519 3505 2823 3578 superiora
2852 3503 3162 3576 dupliciter
3190 3500 3695 3576 accipiendum,ut
3725 3502 3814 3559 di-

2161 3612 2367 3651 camus
2396 3611 2494 3650 eos
2527 3595 2624 3665 qui
2660 3593 2868 3666 spiritu
2901 3609 3078 3665 opera
3106 3592 3298 3648 carnis
3337 3591 3818 3649 mortificaverint

2163 3688 2339 3755 (Rom.
2390 3702 2517 3752 v11],
2570 3684 2678 3756 13),
2731 3688 2788 3738 et
2834 3682 3252 3738 seminaverint
3293 3681 3352 3736 in
3383 3679 3616 3754 spiritu,
3650 3683 3716 3736 ut
3743 3681 3815 3737 de

2163 3774 2371 3848 spiritu
2407 3777 2630 3828 metant
2659 3771 2836 3827 vitam
2867 3775 3143 3827 aeternam
3176 3771 3372 3842 (Galat.
3422 3787 3501 3840 v1,
3546 3772 3623 3840 8),
3663 3786 3813 3842 quo-

2163 3866 2510 3935 tiescunque
2555 3861 2915 3933 voluptatem
2965 3860 3158 3916 carnis
3205 3859 3498 3916 senserint
3551 3853 3812 3928 titillare,

2164 3971 2279 4010 non
2313 3953 2588 4025 perficere
2619 3951 2977 4006 desiderium
3009 3951 3137 4022 ejus
3170 3950 3347 4020 (quod
3380 3948 3617 4020 quidem
3645 3948 3696 4004 si
3725 3966 3816 4005 ex-

2161 4043 2383 4115 pletum
2416 4039 2865 4103 fuerit,blandiri
2896 4038 3126 4093 videtur
3150 4039 3221 4092 ad
3253 4037 3536 4108 tempus),
3568 4037 3670 4093 sed
3694 4037 3814 4110 spi-

2163 4130 2277 4185 ritu
2330 4128 2640 4194 refrenare,
2674 4131 2731 4181 et
2759 4127 3085 4182 secundum
3135 4125 3490 4181 sententiam
3541 4125 3815 4181 Historici

2167 4218 2456 4291 (Sallust.)
2487 4219 2527 4273 ‘.
2562 4214 2756 4272 Animi
2807 4214 3075 4287 imperio,
3126 4212 3384 4287 corporis
3423 4212 3657 4269 servitio
3689 4207 3814 4268 ma-

2163 4309 2254 4382 gis
2283 4308 2491 4364 vivere.
2524 4310 2641 4362 Nec
2670 4321 2787 4361 non
2819 4308 2876 4360 et
2906 4303 3073 4375 illud,
3093 4303 3232 4376 quia
3259 4302 3350 4358 lex
3379 4299 3704 4375 spiritualis
3726 4303 3817 4357 est

2166 4400 2340 4470 (Rom.
2374 4415 2474 4469 v11,
2509 4397 2618 4469 14),
2653 4399 2709 4451 et
2738 4411 2852 4451 non
2883 4395 2903 4428 ⁵
2933 4397 3031 4465 qui
3079 4392 3140 4448 in
3189 4392 3500 4448 manifesto
3548 4390 3812 4459 Judmus,

2167 4489 2268 4545 sed
2300 4487 2398 4560 qui
2432 4488 2488 4541 in
2521 4484 2745 4542 occulto
2776 4486 2952 4556 (Rom.
2987 4501 3048 4554 11,
3081 4483 3170 4550 28,
3203 4483 3320 4551 29),
3352 4486 3407 4537 et
3447 4479 3816 4537 circumcisio

2166 4577 2361 4634 cordis
2395 4577 2452 4631 in
2485 4575 2694 4648 spiritu
2729 4591 2844 4630 non
2876 4573 3070 4629 littera
3111 4571 3272 4644 (Ibid.
3312 4571 3425 4644 29),
3459 4587 3558 4627 eos
3607 4569 3814 4626 ambu-

397 4667 578 4724 videte
646 4685 715 4724 ne
780 4669 848 4724 ab
915 4669 1154 4725 invicem
1231 4669 1675 4725 consumamini?
1739 4667 2054 4723 Charitatis
2085 4687 2132 4753 Β
2165 4666 2286 4722 lare
2318 4665 2548 4739 spiritu,
2583 4669 2641 4720 et
2671 4663 2864 4720 carnis
2894 4662 3251 4719 desiderium
3282 4677 3398 4717 non
3420 4659 3698 4732 perficere
3727 4659 3814 4715 di-

399 4773 531 4813 rara
563 4757 859 4830 possessio
890 4762 977 4814 est
997 4757 1186 4821 '.Quis
1214 4756 1340 4812 vult
1367 4758 1493 4829 ipse
1526 4756 1840 4812 anathema
1869 4773 1998 4812 esse
2020 4775 2054 4813 a
2087 4751 2119 4753 ᾖ
2165 4755 2375 4822 cimus,
2411 4753 2512 4826 qui
2544 4751 2927 4826 spiritualiter
2955 4751 3336 4824 egrediuntur
3383 4753 3718 4823 Egyptum,
3760 4752 3820 4805 et

335 4903 344 4905 _
397 4845 627 4903 Christo
651 4864 755 4919 pro
777 4847 1061 4904 fratribus
1083 4846 1578 4920 suis,Apostolum
1603 4849 2047 4918 sequens(Rom.

398 4952 475 5006 1x,
505 4936 603 5008 3)?
632 4935 772 5003 Quis
804 4937 957 4993 499
986 4954 1118 4994 cum
1143 4937 1484 5010 lugentibus
1504 4935 1734 5009 lugens,
1761 4953 1892 4992 cum
1917 4953 2053 5010 gau-

401 5025 676 5083 dentibus
697 5027 1255 5101 gaudens(Rom.x11,
1289 5027 1398 5098 15),
1419 5026 1642 5082 alienos
1670 5025 1909 5082 vulnere
1931 5025 2053 5082 vul-

474 5202 491 5238 ¹
521 5200 790 5277 Martian,
820 5201 1062 5277 legerat,
1094 5205 1292 5277 fratris
1320 5204 1454 5269 mei,
1489 5219 1613 5274 pro,
1657 5205 2050 5277 matris__mem,

399 5272 1103 5342 dissentientibus'mss.,'
1121 5281 1178 5331 et
1203 5291 1392 5342 sacro,
1419 5272 1594 5347 quem
1627 5273 1835 5330 alludit
1860 5273 2052 5332 Hiero-

398 5362 637 5419 nymus,
669 5350 849 5402 textu.

469 5419 491 5452 ²
520 5418 708 5501 codex
739 5418 1037 5476 Palatinus
1067 5419 1197 5501 sub
1247 5417 1564 5501 asserentis
1612 5421 1767 5500 nota.
1803 5417 2052 5501 Cauritas

395 5491 697 5565 cara_(sec.
734 5507 890 5548 man.
924 5498 1079 5562 rara)
1105 5493 1366 5565 possessio
1404 5495 1481 5548 est
1509 5490 1581 5557 ei,
1631 5491 1728 5562 qui
1774 5490 1891 5545 vult
1939 5491 2052 5562 ipse

398 5562 696 5619 anathema
723 5579 855 5633 esse,
889 5569 998 5618 etc.

468 5635 492 5671 ³
523 5634 758 5691 Rectius
792 5634 970 5691 Palat.
1012 5650 1123 5690 ms.
1173 5641 1224 5690 et
1270 5649 1523 5691 conrosus
1550 5633 1880 5690 remordeat.
1913 5634 2048 5691 Cor-

400 5712 573 5779 rupte
602 5713 799 5764 autem
833 5711 968 5763 ante
997 5710 1368 5779 tres_versus,
1387 5707 1670 5779 juctitiam
1703 5708 1765 5763 in
1793 5707 1894 5763 tali
1922 5721 2048 5763 one-

399 5793 460 5835 re
476 5777 799 5854 instituens,
833 5796 938 5854 pro
970 5779 1031 5835 in
1061 5777 1267 5836 talione
1290 5777 1602 5837 restituens.

2163 4843 2530 4916 spiritualem
2563 4858 2757 4898 escam
2780 4846 3104 4913 potumque
3124 4842 3196 4896 de
3218 4838 3816 4919 spirituali'hauriunt

2164 4938 2328 5006 petra
2359 4934 2403 5004 (I
2434 4936 2555 4990 Cor.
2591 4949 2646 5000 x,
2682 4932 2757 5003 4),
2791 4929 2893 5004 qui
2924 4946 3039 4986 non
3061 4929 3408 5002 judicantur
3437 4929 3496 4984 in
3529 4928 3681 5000 cibo,
3711 4930 3815 4982 aut

2165 5022 2222 5077 in
2260 5028 2422 5095 potu,
2455 5026 2557 5077 aut
2585 5020 2646 5076 in
2677 5023 2842 5093 parte
2893 5019 3006 5075 diei
3059 5019 3212 5086 festi,
3261 5021 3362 5074 aut
3409 5015 3726 5074 neomeniae
3757 5018 3815 5070 et

2232 5203 2253 5236 ‘
2285 5202 2443 5257 Idem
2476 5217 2585 5258 ms.
2619 5217 2752 5256 cum
2786 5198 3039 5271 negandi
3069 5194 3662 5271 particula,_blandire
3703 5209 3816 5271 non

2159 5275 2394 5330 videtur.
2431 5278 2530 5328 Est
2559 5290 2730 5345 porro
2761 5264 3021 5338 Salustii,
3056 5264 3236 5342 quam
3268 5264 3817 5345 laudat,sententia.

2159 5348 2349 5402 Animi
2373 5337 2621 5417 imperio,
2651 5345 2898 5417 corporis
2927 5337 3150 5398 servilia
3181 5343 3358 5417 magis
3382 5337 3670 5417 utendum.

2233 5419 2252 5452 ⁵
2288 5419 2407 5474 Duo
2448 5407 2616 5472 'mssI
2652 5407 2761 5472 non
2809 5417 2942 5487 quia
2991 5417 3052 5470 in
3099 5407 3404 5487 manifesto
3440 5408 3690 5487 Iudaeus,
3715 5407 3818 5487 _sed

2160 5491 2293 5562 quia.
2321 5491 2382 5544 in
2413 5491 2640 5553 occulto,
2671 5495 2723 5546 et
2752 5481 3226 5562 circumcisionem
3253 5481 3430 5562 cordis
3475 5481 3534 5535 in
3570 5482 3810 5562 spiritu,

2159 5553 2267 5618 non
2313 5563 2518 5618 littera.
2569 5565 2670 5617 Eos
2720 5561 2901 5632 itaque
2949 5557 3238 5632 ambulare
3283 5555 3500 5632 spiritu
3526 5561 3580 5632 et
3623 5553 3812 5632 carnis

2159 5633 2498 5690 desiderium
2553 5648 2668 5689 non
2721 5625 2983 5702 perﬁcere
3038 5627 3206 5695 iubet,
3262 5626 3358 5697 qui
3411 5625 3806 5698 spiritualiter,

2161 5710 2268 5761 etc.
