4332 6572
503 441 621 504 439

1750 438 1814 498 S.
1861 435 2172 500 EUSEBII
2219 434 2662 498 HIERONYMI

3795 435 3914 500 “0

505 570 738 631 Sabbati
774 571 999 644 (Coloss.
1032 588 1092 639 ιι,
1128 571 1370 643 16),.βθ‹1
1419 570 1725 644 ambulant
1773 571 1830 625 in
1881 571 2158 626 omnibus
2188 573 2242 637 Α
2273 570 2510 642 ceperit,
2543 585 2752 625 aurum
2787 569 3022 643 quidem
3055 567 3394 636 dicitur,sed
3427 567 3678 626 necdum
3701 569 3915 642 proba-

508 662 914 737 spiritualiter,
949 678 1064 716 non
1101 661 1463 733 perﬁcientes
1515 677 1732 716 carnea:
1785 659 1950 731 legis,
2002 659 2154 714 litte-

510 745 656 824 rasve
687 751 1174 817 desiderium,sed
1205 751 1429 806 fructus
1453 755 1734 806 metentes
1764 747 2156 821 intelligentiae

512 839 1059 916 spiritualis.Tertia
1075 857 1306 913 quoquc
1327 837 1726 912 interpretatio
1749 855 1782 893 a
1803 838 2156 910 quibusdam

519 925 580 989 in
610 930 720 986 hoc
749 929 873 986 loco
904 929 1059 986 dicta
1086 933 1196 994 est,
1228 929 1328 984 sed
1363 946 1488 1000 quae
1520 946 1633 984 non
1667 926 1917 982 multum
1941 927 2156 982 discre-

519 1024 616 1093 pet
645 1037 679 1076 a
710 1019 1063 1092 secunda,ut
1089 1017 1443 1074 desiderium
1467 1017 1658 1072 carnis
1690 1016 1747 1070 in
1781 1015 1873 1070 his
1899 1020 2162 1072 asserant

518 1126 656 1180 esse
679 1108 779 1180 qui
810 1106 1032 1180 parvuli
1063 1107 1121 1161 in
1149 1106 1375 1162 Christo
1407 1111 1547 1162 sunt
1577 1108 1621 1176 (I
1656 1107 1775 1161 Cor.
1800 1123 1884 1171 Ill,
1921 1106 1971 1176 1)
2007 1123 2019 1160 :
2056 1105 2164 1160 iter

519 1197 717 1255 autem
767 1197 1008 1272 spiritus
1058 1196 1116 1250 in
1166 1195 1435 1267 perfectis
1490 1194 1628 1250 viris
1678 1196 1890 1266 (Ephes.
1937 1195 2158 1265 1v,13),

519 1282 732 1346 etesse
764 1301 1004 1342 sensum
1037 1301 1050 1338 :
1085 1288 1150 1338 In
1183 1284 1470 1357 gravitate
1518 1283 1781 1355 spiritus,
1836 1284 1892 1339 id
1944 1288 2050 1352 est,
2101 1283 2161 1338 in

519 1377 728 1452 itinere
756 1375 860 1430 viri
891 1372 1185 1448 ambulate
1219 1373 1479 1445 perfecti,
1513 1378 1569 1429 et
1599 1389 1713 1428 non
1747 1373 1969 1428 facietis
2019 1372 2164 1428 desi-

519 1463 679 1522 deria
708 1461 1103 1535 parvulorum.

594 1551 778 1625 (Vers.
815 1553 926 1623 17.)
981 1575 1000 1602 σι
1055 1551 1199 1608 Caro
1250 1552 1408 1607 enim
1469 1551 1832 1624 concupiscit
1889 1553 2168 1608 adversus

521 1640 817 1724 spiritum,
869 1640 1112 1713 spiritus
1161 1647 1356 1696 autem
1407 1642 1688 1696 adversus
1737 1657 1992 1696 carnem.
2039 1641 2169 1697 Haec

523 1731 680 1789 enim
713 1730 826 1787 sibi
854 1729 1102 1786 invicem
1133 1731 1541 1796 adversantur,
1567 1734 1632 1786 ut
1660 1747 1775 1786 non
1809 1747 2172 1805 quaecunque

526 1818 729 1886 vultis,
761 1817 862 1876 illa
893 1819 1140 1874 faciatis.
1174 1840 1203 1869 »
1235 1819 1380 1875 Caro
1420 1820 1805 1891 przssentibus
1854 1820 2174 1875 delectatur

532 1913 590 1966 et
617 1908 894 1965 brevibus
945 1924 958 1963 ε

526 1990 925 2070 hocjurgium
955 1997 1150 2053 media
1182 1999 1196 2032 ¹
1230 1997 1428 2053 anima
1459 1997 1738 2065 constitit,
1773 1997 1995 2054 habens
2044 1999 2178 2070 qui-

541 2090 674 2145 dem
705 2087 763 2143 in
799 2104 906 2143 sua
952 2091 1235 2159 potestate
1283 2088 1504 2144 bonum
1554 2091 1610 2144 et
1655 2087 1900 2155 malum,
1935 2088 2080 2144 velle
2126 2092 2182 2144 et

538 2169 820 2244 nolle,sed
853 2193 970 2232 non
1001 2176 1223 2233 habens
1254 2177 1363 2233 hoc
1394 2177 1589 2250 ipsum
1622 2176 1764 2232 velle
1787 2194 1851 2233 ac
1883 2177 2035 2232 nolle
2058 2195 2183 2249 per-

536 2258 800 2340 petuum,
833 2267 981 2325 501
1020 2265 1156 2338 quia
1186 2265 1310 2322 fieri
1341 2269 1553 2338 potest,
1584 2270 1650 2322 ut
1679 2283 1813 2322 cum
1841 2266 2001 2322 carni
2039 2283 2181 2334 con,-

537 2347 806 2426 sentserit,
841 2357 897 2410 et
918 2371 1092 2426 opera
1108 2355 1235 2426 ejus
1262 2354 1479 2422 fecerit,
1516 2372 1751 2410 rursum
1776 2372 1877 2427 per
1905 2355 2183 2427 pmniten-

535 2443 681 2514 tiam
713 2459 776 2499 se
806 2437 1410 2518 remordens,spiritui
1444 2442 1831 2515 copuletur,et
1861 2461 2035 2515 opera
2055 2445 2183 2515 ejus

535 2533 768 2589 efficiat.
803 2531 920 2588 Hoc
950 2537 1038 2587 est
1066 2548 1202 2604 ergo
1235 2532 1388 2603 quod
1421 2532 1501 2587 ait
1535 2549 1546 2586 :
1582 2535 1708 2589 Haec
1745 2535 1894 2588 enim
1943 2533 2049 2588 sibi
2095 2536 2180 2587 in-

533 2623 706 2678 vicem
734 2621 1114 2692 adversantur,
1144 2620 1200 2675 id
1232 2625 1339 2691 est,
1373 2638 1503 2676 caro
1553 2627 1609 2677 et
1659 2622 1905 2694 spiritus
1938 2639 1950 2676 :
1984 2627 2044 2677 ut
2073 2639 2185 2678 non

537 2700 878 2784 quaecunque
906 2711 1093 2783 vultis,
1126 2710 1226 2765 illa
1255 2712 1499 2781 faciatis.
1533 2711 1657 2766 Non
1711 2728 1826 2783 quo
1881 2712 2181 2784 proprium

537 2799 708 2858 nobis
738 2798 939 2856 tulerit
972 2789 1303 2868 arbitrium,
1331 2816 1446 2871 quo
1475 2797 1562 2854 vel
1594 2799 1778 2869 carni,
1810 2798 1896 2854 vel
1950 2799 2182 2871 spiritui

537 2888 938 2962 assentiamur
972 2905 984 2943 :
1019 2887 1120 2943 sed
1153 2887 1290 2959 quia
1323 2887 1478 2958 quod
1511 2887 1780 2957 facimus,
1815 2904 1929 2943 non
1960 2893 2050 2944 est
2080 2905 2182 2942 no-

536 2981 725 3033 strum
764 2976 1015 3048 proprie,
1051 2975 1152 3052 sed
1185 2992 1333 3047 opus
1363 2975 1557 3046 ipsum
1589 2975 1675 3031 vel
1709 2976 1892 3042 carni,
1925 2975 2014 3031 vel
2061 2976 2184 3048 spi-

537 3065 676 3121 ritui
707 3059 1022 3142 deputatur
1049 3065 1160 3134 [Al.
1203 3065 1550 3135 deputetur].
1588 3065 1838 3120 Grandis
1867 3064 2086 3121 laboris
2129 3070 2185 3122 et

537 3142 956 3227 disputationis
991 3156 1078 3210 est
1109 3152 1581 3220 nimiae,ostensis
1613 3153 1803 3209 carnis
1835 3154 2107 3226 operibus
2130 3160 2187 3210 et

536 3243 801 3326 spiritus,
835 3242 1028 3298 media
1057 3241 1253 3314 aliqua
1280 3241 1550 3315 reperire,
1603 3260 1730 3315 quae
1782 3260 1886 3298 nec
1936 3244 2007 3299 ad
2059 3261 2181 3299 car-

2268 665 2415 716 tum.
2450 661 2507 716 Si
2542 666 2736 716 autem
2769 677 2870 732 per
2895 661 3087 731 ignem
3119 664 3417 716 excoctum
3454 659 3628 714 fuerit
3673 665 3729 715 et
3777 677 3914 734 pur-

2268 756 2491 822 gatum,
2526 755 2666 806 tunc
2697 751 2821 805 auri
2855 750 3310 820 splendorem,et
3331 754 3574 805 ornatus
3595 748 3919 823 suiaccipit

2269 839 2633 912 dignitatem.
2673 841 2758 895 Ita
2788 846 2842 895 et
2873 840 3069 895 anima
3099 839 3250 894 inter
3288 839 3536 894 humum
3585 844 3642 894 et
3695 838 3913 911 ignem,

2271 929 2378 984 hoc
2439 934 2548 993 est,
2604 929 2754 984 inter
2811 945 3041 984 carnem
3108 927 3500 1001 spiritumque
3567 927 3915 994 consistens,

2271 1018 2507 1088 quando
2539 1035 2599 1073 se
2632 1017 2933 1073 tradiderit
2974 1015 3155 1085 carni,
3201 1033 3334 1072 caro
3386 1016 3643 1072 dicitur:
3682 1017 3917 1089 quando

2273 1107 2528 1179 Spiritui,
2563 1107 2803 1179 spiritus
2835 1105 3178 1178 appellatur.
3211 1105 3373 1169 Quod
3405 1107 3453 1161 si
3486 1106 3717 1178 proprio
3733 1105 3916 1161 credi-

2273 1196 2422 1251 derit
2451 1195 2726 1268 cogitatui
2757 1197 2798 1265 ’,
2833 1201 2889 1251 et
2919 1196 3142 1268 absque
3190 1194 3376 1268 gratia
3423 1195 3678 1266 Spiritus
3733 1195 3919 1250 sancti

2272 1284 2534 1341 invenire
2579 1301 2640 1341 se
2691 1284 3064 1341 aestimaverit
3110 1284 3436 1354 veritatem,
3483 1284 3651 1355 quasi
3711 1300 3918 1340 aurum

2276 1375 2601 1443 sordidum,
2635 1373 2905 1430 animalis
2937 1373 3198 1428 hominis
3229 1371 3618 1445 appellatione
3661 1373 3925 1445 signatur

2255 1464 2382 1534 ’[Αι.
2420 1463 2789 1536 signabitur].
2825 1463 3018 1518 Potest
3047 1461 3208 1517 locu
3242 1461 3351 1518 iste
3381 1461 3466 1517 sic
3498 1460 3710 1518 melius
3742 1461 3928 1534 expla-

2280 1552 2492 1620 nari,et
2521 1552 2691 1624 quasi
2723 1569 2842 1608 una
2872 1552 3052 1608 series
3084 1567 3412 1623 corpusque
3443 1551 3660 1618 ﬁeri,se
3682 1550 3927 1606 invicem

2281 1646 2537 1708 nectens,
2573 1641 2802 1713 sibique
2831 1658 2944 1697 non
2974 1641 3333 1712 discrepans.
3380 1640 3632 1710 Fratres,
3684 1639 3754 1694 de
3802 1655 3932 1694 ser-

2280 1732 2464 1786 vitute
2492 1730 2638 1802 legis
2667 1731 2851 1786 vocati
2883 1729 3023 1785 estis
3055 1729 3113 1784 in
3141 1727 3437 1802 Evangelii
3457 1727 3928 1785 libertatem.Ve-

2283 1837 2414 1875 rum
2447 1821 2685 1876 obsecro
2732 1837 2854 1887 vos,
2902 1835 2972 1875 ne
3016 1818 3283 1874 libertate
3316 1835 3418 1890 pro
3450 1817 3684 1873 licentia
3715 1818 3924 1873 abuta-

1015 1908 1257 1979 spiritus
1300 1909 1596 1981 perpetuis
1649 1913 1705 1964 et
1752 1909 1985 1964 futuris.
2021 1909 2176 1965 Inter
2208 1945 2254 2010 Β
2287 1909 2452 1978 mini,
2487 1914 2544 1964 et
2573 1909 2788 1981 putetis
2819 1909 2982 1964 vobis
3014 1913 3224 1964 cuncta
3253 1905 3520 1979 expedire
3549 1922 3679 2010 que
3701 1905 3882 1962 licent
3912 1921 3926 1961 :

2288 1999 2554 2071 detisque
2599 1998 2962 2054 occasionem
3012 1998 3165 2055 502
3223 1996 3381 2050 carni
3439 2001 3611 2066 atque
3667 1994 3930 2050 luxurias.

2288 2088 2437 2154 Quin
2473 2087 2667 2159 potius
2703 2087 2910 2142 discite
2957 2087 3110 2159 quod
3160 2084 3397 2141 libertas
3449 2083 3571 2140 haec
3619 2085 3809 2156 major
3858 2084 3941 2141 sit

2289 2177 2558 2247 servitus,
2593 2181 2657 2232 ut
2688 2178 2841 2248 quod
2889 2181 3021 2232 ante
3069 2175 3160 2232 lex
3208 2175 3278 2231 ab
3327 2173 3528 2229 invitis
3557 2173 3940 2246 extorquebat

2291 2266 2825 2338 obsequium,nunc
2853 2281 2957 2338 per
2985 2263 3326 2320 charitatem
3357 2261 3523 2319 vobis
3556 2262 3802 2318 invicem
3825 2278 3940 2318 ser-

2289 2355 2794 2427 viatis.Siquidem
2827 2371 2998 2410 omne
3029 2353 3174 2409 illud
3205 2351 3350 2425 legis
3380 2368 3549 2418 onus,
3569 2356 3627 2407 et
3652 2350 3940 2424 multipli-

2291 2445 2380 2499 cia
2410 2447 2714 2516 praccepta,
2751 2461 2864 2498 non
2898 2448 3016 2498 tam
3052 2441 3288 2498 exclusa
3315 2445 3456 2496 sunt
3497 2457 3598 2512 per
3644 2437 3940 2512 Evangelii

2291 2533 2561 2606 gratiam,
2596 2549 2769 2604 quam
2804 2548 2920 2587 uno
2953 2531 3254 2586 charitatis
3285 2545 3552 2586 sermone
3582 2527 3944 2600 breviata,ut_

2291 2621 2610 2694 diligamus
2665 2619 2993 2694 proximum
3062 2619 3217 2675 sicut
3275 2618 3668 2691 nosmetipsos
3734 2618 3939 2689 (Matth.

2291 2727 2431 2776 χχιι,
2460 2711 2572 2780 39).
2608 2709 2716 2774 Qui
2749 2709 2908 2764 enim
2939 2707 3130 2782 diligit
3159 2708 3512 2780 proximum,
3545 2711 3723 2763 totam
3754 2705 3940 2780 legem

2292 2799 2498 2871 implet
2527 2801 2702 2871 (Rom.
2736 2816 2861 2865 xm,
2895 2799 2971 2865 8),
3017 2798 3172 2854 bona
3217 2798 3268 2853 ei
3319 2797 3606 2863 tribuens,
3641 2795 3797 2852 mala
3826 2813 3942 2852 non

2292 2889 2568 2944 inferens.
2605 2887 2763 2951 Quod
2799 2886 2847 2942 si
2879 2891 3066 2942 cesset
3113 2886 3346 2942 dilectio
3377 2886 3418 2957 ³,
3450 2892 3506 2942 et
3535 2901 3650 2941 non
3681 2885 3759 2941 sit
3802 2885 3944 2941 cha-

2293 2977 2457 3047 ritas,
2492 2994 2592 3050 per
2621 2993 2799 3048 quam
2829 2975 2920 3032 lex
2949 2976 3222 3032 universa
3263 2975 3606 3047 completur,
3641 2974 3944 3048 publicum

2293 3066 2588 3138 quoddam
2620 3065 2774 3120 inter
2803 3063 3072 3120 homines
3104 3064 3475 3120 latrocinium
3508 3063 3632 3132 erit,
3651 3069 3715 3119 ut
3744 3068 3946 3120 contra

2294 3172 2355 3211 se
2385 3155 2631 3211 invicem
2665 3155 2998 3210 defurentes
3032 3153 3137 3227 [AL
3173 3153 3542 3226 deterentes],
3576 3169 3755 3228 seque
3790 3169 3944 3209 mor-

2295 3245 2515 3314 dentes,
2559 3248 2986 3299 consumantur
3033 3243 3105 3298 ab
3155 3243 3400 3298 invicem
3452 3243 3622 3315 (Vcrs.
3675 3244 3784 3312 15).
3837 3243 3945 3315 Vos

535 3314 668 3402 nem
699 3332 1007 3398 videantur
1035 3314 1483 3404 pertinere,inec
1523 3333 1593 3387 ad
1623 3314 1940 3404 spiritum.
1972 3336 2184 3388 Carna-
2216 3314 2258 3382 C
2298 3338 2516 3398 autem,
2565 3333 2796 3399 fratres,
2840 3335 3143 3404 propterea
3191 3314 3517 3388 secundum
3576 3314 3944 3405 spiritualem

535 3420 620 3488 les
653 3421 924 3491 dicimur,
943 3421 1176 3494 quando
1206 3425 1358 3477 totos
1390 3439 1495 3477 nos
1520 3420 1919 3494 voluptatibus
1949 3423 2179 3478 damus.

533 3510 1142 3584 Spirituales,quando
1173 3511 1456 3583 Spiritum
1487 3516 1756 3566 sanctum
1791 3511 2066 3583 praevium
2101 3528 2184 3567 se-

533 3589 793 3671 quimur,
825 3600 883 3655 id
916 3605 1022 3668 est,
1055 3617 1190 3656 cum
1222 3599 1348 3671 ipso
1381 3600 1644 3672 sapimus
1677 3600 2024 3666 instruente,
2054 3600 2180 3672 ipso

535 3688 814 3744 docemur
843 3693 1096 3744 auctore.
1129 3687 1426 3744 Animales
1457 3705 1584 3743 reor
1613 3705 1742 3744 esse
1780 3688 2179 3761 philosophos,

535 3777 635 3852 qui
668 3776 937 3852 proprios
967 3777 1257 3849 cogitatus
1287 3781 1496 3848 putant
1533 3793 1661 3833 esse
1705 3778 2076 3849 sapientiam,
2111 3779 2183 3834 de

535 3851 754 3936 quibus
784 3851 962 3921 recte
1015 3864 1227 3920 dicitur
1275 3883 1287 3920 :
1343 3866 1612 3920 Animalis
1653 3875 1835 3921 autem
1881 3867 2036 3922 homo
2076 3885 2183 3923 non

535 3942 730 4025 recipit
757 3953 870 4028 [ΑΙ.
901 3955 1153 4026 percipit]
1178 3971 1246 4010 ea
1293 3971 1417 4028 qua:
1458 3964 1583 4010 sunt
1628 3957 1879 4028 spiritus.
1934 3956 2182 4011 Stultitia

536 4043 744 4116 quippe
796 4047 872 4099 est
901 4045 953 4099 ei
982 4045 1028 4116 (ι
1061 4043 1180 4098 Cor.
1234 4061 1294 4111 II,
1351 4045 1435 4117 14)
1485 4045 1644 4108 Quod
1697 4051 1761 4100 ut
1812 4045 2182 4104 manifestius

532 4119 655 4198 flat,
708 4131 944 4206 aliquod
999 4149 1308 4190 sumamus
1365 4134 1696 4206 exemplum
1733 4153 1745 4190 :
1781 4137 1942 4206 Caro,
2004 4139 2177 4207 terra,

532 4221 750 4302 anima,
785 4239 1016 4290 aurum,
1066 4223 1328 4295 spiritus,
1380 4223 1534 4295 ignis
1579 4228 1875 4279 vocentur.
1911 4225 2179 4288 Quandiu

532 4303 949 4368 aurum'fuerit
981 4311 1040 4366 in
1070 4315 1245 4377 terra,
1277 4309 1470 4383 perdit
1496 4311 1844 4366 vocabulum
1896 4328 2092 4380 suum,
2127 4318 2182 4368 et

534 4385 578 4462 εἰ,
595 4403 751 4455 terra
781 4400 873 4462 cui
907 4401 1283 4456 commistum
1317 4405 1426 4468 est,
1461 4399 1805 4472 appellatur.
1854 4400 1996 4454 Cum
2046 4417 2178 4456 vero

533 4491 869 4568 separatum
901 4489 973 4544 ab
1005 4489 1206 4559 humo,
1241 4488 1367 4544 auri
1399 4492 1456 4544 et
1485 4489 1737 4559 speciem
1763 4493 1819 4544 et
1849 4505 2058 4545 nomen
2091 4506 2183 4545 ac-

606 4631 622 4665 ¹
655 4628 1006 4701 Origeniana
1037 4630 1325 4686 sententia
1376 4629 1497 4685 haec
1538 4635 1644 4697 est,
1695 4631 1892 4688 anima
1923 4632 2175 4690 mediam

533 4716 662 4772 esse
692 4690 1125 4772 quodammodo
1157 4702 1427 4772 spiritum
1451 4703 1601 4758 inter
1629 4690 1686 4758 et
1715 4720 1949 4760 carnem
1978 4709 2176 4762 :«Cum
2208 4690 2255 4756 D

533 4766 766 4845 dicitur,
801 4769 994 4845 inquit
1021 4771 1116 4828 ille
1145 4766 1246 4829 lib.
1282 4792 1296 4828 1
1329 4773 1386 4828 in
1422 4774 1738 4845 Epistolam
1767 4777 1837 4830 ad
1885 4777 2178 4833 Romanos

533 4861 572 4914 r,
607 4843 745 4922 quia
773 4843 903 4922 caro
933 4847 1263 4916 concupiscit
1309 4843 1574 4922 adversus
1619 4849 1896 4922 spiritum,
1946 4851 2176 4919 spiritus

529 4916 713 4991 autem
741 4916 999 4972 adversus
1028 4919 1472 4991 carnenz,media
1504 4916 1704 4991 procul
1734 4919 1911 4974 dubio
1943 4916 2181 4991 ponitur

529 4988 750 5052 anima,
780 5005 927 5061 quae
973 4989 1060 5044 vel
1112 4989 1418 5045 desideriis
1451 4988 1693 5061 spiritus
1733 4988 2066 5060 acquiescat
2091 4993 2176 5048 vel

529 5008 750 5052 anima,
799 5008 927 5061 quae
973 5008 1060 5044 vel
1112 5008 1418 5045 aesroerns
1451 5008 1476 5044 s
1524 5008 1693 5045 inuis
1733 5008 2066 5060 acqmescat
2091 5008 2174 5048 vel

528 5061 599 5142 ad
629 5059 825 5142 carnis
854 5061 1358 5142 concupiscentiae
1388 5008 1751 5142 inclinetur.»
1795 5062 1891 5118 llis
1912 5063 2174 5142 _paria_in

526 5131 822 5259 plerisque
852 5132 980 5203 ejus
1013 5131 1178 5194 libris
1210 5133 1468 5188 invenire
1499 5138 1586 5188 est
1614 5151 1626 5188 :
1662 5150 1765 5188 nec
1797 5131 2052 5205 profecto
2074 5136 2176 5190 du-

555 5201 856 5259 itandum.
886 5204 1026 5259 auia
1079 5205 1149 5259 ab
1201 5204 1322 5259 illo.
1372 5206 1441 5259 ad
1492 5205 1661 5259 cuius
1693 5222 1754 5259 se
1784 5206 2172 5259 imitationem

555 5201 856 5278 litandum,
883 5201 1026 5278 quia
1077 5205 1168 5278 ab,
1201 5204 1322 5271 illo,
1372 5206 1441 5278 ad
1470 5205 1661 5278 cujus
1693 5222 1754 5260 se
1784 5201 2172 5263 imitationem

524 5275 841 5350 contulisse
893 5275 1009 5350 non
1059 5275 1361 5350 difﬁtetur,
1418 5275 1797 5350 Hieronymus
1846 5279 2170 5334 doctrinam

523 5347 674 5421 hanc
719 5347 1005 5406 hauserit.
1057 5349 1130 5403 At
1177 5353 1396 5404 certum
1450 5347 1680 5421 quoque
1713 5355 1820 5415 est,
1857 5349 1914 5404 in
1957 5350 2168 5405 bonam

523 5420 704 5492 accipi
742 5437 909 5492 posse
943 5425 1187 5493 partem.
1223 5425 1280 5475 et
1307 5436 1478 5491 quem
1524 5420 1793 5492 spiritum
1838 5421 2066 5493 dicunt,
2101 5440 2169 5476 ex

451 5488 463 5503 '
522 5488 844 5564 sortitur-net
875 5488 1050 5548 sensu
1083 5488 1388 5548 auctorum
1425 5508 1529 5564 pro
1558 5488 1775 5548 anima:
1827 5491 2163 5564 ᾑγεμονικῶ,

523 5559 662 5637 sive,
711 5565 1033 5634 principali,
1096 5565 1301 5637 debere
1351 5559 1636 5637 intelligi:
1673 5559 1982 5637 pluresque
2023 5559 2166 5637 alios

524 5631 722 5712 Patres
751 5631 1068 5712 occurrere,
1095 5635 1192 5712 qui
1227 5635 1331 5690 hoc
1365 5631 1931 5712 sensuisuperiorcfn
1957 5636 2162 5712 anima:

524 5706 692 5774 quasi
727 5709 948 5784 partem
999 5708 1244 5790 spiritus
1295 5706 1685 5834 appellatione
1730 5709 1966 5790 donent.
2006 5709 2162 5789 Unus

524 5789 626 5834 pro
657 5778 887 5830 cunctis
935 5779 1318 5834 Augustinus.
1393 5780 1470 5834 1b.
1526 5795 1565 5834 ιι
1611 5783 1680 5834 de
1729 5780 1935 5834 Genesr
1967 5780 2039 5834 ad
2074 5780 2159 5834 lit.

522 5789 626 5847 pro
657 5778 887 5830 cunctis
935 5779 1318 5850 Augustinus,
1370 5778 1470 5835 lib.
1526 5795 1565 5837 η
1611 5783 1680 5835 de
1729 5779 1935 5836 Genesi
1967 5780 2039 5835 ad
2074 5780 2159 5837 lit.

2294 3422 2480 3495 legem
2513 3422 2739 3477 debetis
2769 3421 3067 3491 vivere,ne
3097 3421 3386 3476 desideria
3408 3437 3535 3493 qua:
3567 3421 3760 3478 carnis
3779 3425 3941 3490 sunt,

2293 3511 2608 3584 perficiatis
2639 3512 2808 3582 (Vers.
2845 3511 2954 3582 16).
2983 3511 3126 3566 Caro
3173 3510 3328 3566 enim
3381 3510 3567 3582 frigus
3608 3510 3798 3577 timet,
3848 3527 3941 3566 as-

2293 3605 2574 3672 pernatur
2623 3602 2860 3666 famem,
2912 3603 3254 3655 attenuatur
3302 3598 3538 3671 vigiliis,
3596 3598 3946 3656 libidinibus

2292 3689 2638 3757 exardescit,
2666 3689 2868 3745 mollia
2899 3705 3142 3761 quaeque
3174 3693 3228 3744 et
3251 3688 3518 3760 jucunda
3548 3687 3859 3744 desiderat.
3895 3688 3938 3744 E

2292 3783 2492 3834 contra
2523 3777 2788 3850 spiritus,
2841 3794 2909 3833 ea
2953 3795 3079 3850 quae
3127 3777 3286 3832 carni
3332 3775 3626 3832 contraria
3675 3780 3835 3846 sunt,
3882 3780 3942 3832 et

2293 3883 2416 3938 quae
2451 3867 2618 3922 illum
2650 3865 2953 3922 debilitare
2981 3873 3220 3938 queant,
3253 3865 3490 3938 expetit.
3525 3865 3594 3921 Et
3631 3864 3714 3921 ita
3761 3865 3846 3934 fit,
3875 3868 3942 3921 ut

2292 3972 2407 4010 non
2437 3955 2568 4010 ideo
2599 3955 2738 4027 quia
2768 3957 2877 4011 sub
2910 3957 3186 4011 servitute
3216 3954 3360 4028 legis
3391 3971 3519 4011 esse
3550 3953 3939 4027 cessatis,pu-

2292 4045 2426 4100 tctis
2479 4061 2606 4099 esse
2649 4061 2749 4100 vos
2779 4043 2994 4100 liberos
3025 4062 3041 4099 :
3074 4045 3180 4116 sed,
3225 4044 3426 4100 sciatis
3477 4043 3667 4116 magis
3713 4047 3936 4100 natura!

2290 4150 2391 4190 vos
2421 4133 2545 4205 lege
2571 4133 2828 4204 retineri,
2863 4133 3000 4205 quia
3030 4151 3147 4190 non
3181 4134 3380 4190 statim
3431 4133 3480 4188 si
3531 4132 3622 4189 lex
3668 4149 3782 4190 non
3827 4133 3938 4189 im-

2291 4227 2474 4296 perat,
2529 4228 2584 4278 et
2633 4227 2842 4278 natura
2871 4223 3137 4292 cessavit,
3192 4240 3262 4279 ne
3311 4223 3671 4279 voluntatem
3721 4221 3942 4280 scilicet

2289 4317 2562 4379 vestram,
2619 4329 2792 4384 opera
2843 4315 3300 4384 subsequantur,
3343 4313 3444 4368 sed
3493 4312 3827 4385 frequenter
3870 4329 3939 4367 ea

2289 4403 2476 4458 facere
2516 4401 2972 4474 compellamini,
3026 4406 3388 4474 repugnante
3436 4417 3609 4456 carne
3655 4400 3936 4456 adversus

2291 4491 2591 4562 spiritum,
2625 4507 2750 4564 quae
2799 4493 2988 4548 facere
3034 4507 3150 4546 non
3193 4489 3390 4544 vultis.
3424 4489 3502 4543 Ex
3533 4504 3668 4559 quo,
3701 4489 3934 4556 fratres,

2287 4650 2414 4705 cap.
2477 4636 2562 4700 12,
2617 4632 2842 4688 laudari
2899 4629 3103 4704 possit,
3134 4631 3233 4688 ubi
3265 4630 3522 4696 animam
3556 4633 3845 4705 tanquam
3872 4630 3934 4705 in

2288 4701 2478 4778 medio
2522 4706 2791 4778 positam
2845 4701 3270 4778 nonnunquam
3329 4719 3363 4756 a
3397 4718 3591 4778 _ca_rne
3657 4703 3729 4758 ad
3794 4701 3938 4778 vitia

2291 4771 3009 4850 deprimi,nonnunquam
3042 4791 3076 4829 a
3104 4771 3312 4850 Spiritu
3345 4774 3415 4828 ad
3446 4774 3720 4850 virtutem
3765 4774 3931 4850 erigi,

2292 4845 2517 4904 scribit.
2544 4845 2917 4919 'Pluresvero
2950 4845 3154 4919 quam‘
3177 4846 3276 4917 qui
3324 4846 3572 4919 possint
3600 4845 3936 4919 indicari‘in

2287 4922 2417 4991 ejus
2446 4920 2729 4991 Operibus
2762 4918 2870 4974 loci
2903 4918 3062 4985 sunt,
3096 4918 3154 4974 in
3188 4919 3408 4990 quibus
3433 4918 3710 4991 spiritum
3742 4918 3938 4991 carnis

2288 4989 2686 5072 adversarium
2722 5008 2852 5072 pro
2896 4991 3115 5072 animae
3169 4989 3486 5072 principali
3538 4989 3729 5071 plane.
3761 4989 3937 5072 juxta

2287 5064 2590 5136 Origenem
2653 5059 2956 5136 intellexit.
3012 5064 3090 5117 Ex
3136 5059 3252 5134 quo
3302 5059 3932 5136 mirum'magis_est,

2287 5132 2439 5208 quod
2475 5134 2881 5206 Pelagianismi
2913 5133 3062 5189 hanc
3089 5132 3456 5208 isententiam
3507 5137 3740 5188 accuset
3786 5132 3929 5208 Jan-

2284 5206 2503 5274 s’enius,
2539 5209 2892 5278 omniumque
2940 5207 3166 5278 omnino
3205 5206 3676 5278 Ριειιᾳθίαηοναηι,Δ
3698 5206 3929 5278 quorum

2282 5273 2496 5351 scripta!
2518 5278 2700 5334 videre
2723 5273 2923 5351 potuit,
2955 5277 3250 5348 propriam
3283 5273 3455 5351 dicat,
3489 5273 3927 5351 cum_l1i‘culen-

2281 5357 2368 5406 ter
2390 5349 2538 5406 adeo
2574 5352 2788 5423 nedum
2823 5349 3169 5423 Hieronymo
3202 5349 3501 5423 probetur,
3552 5349 3659 5423 sed]
3701 5352 3757 5404 et
3803 5353 3923 5406 Au-

2278 5425 2533 5494 gustino,
2569 5422 2738 5493 cujus
2771 5437 3006 5494 summa
3029 5419 3231 5494 contra
3280 5419 3410 5478 illos
3457 5421 3919 5492 haereticosssn-

2279 5491 2460 5549 tentia
2491 5491 2662 5564 atque
2693 5491 3009 5549 auctoritas
3043 5493 3170 5548 fuit.

2349 5569 2367 5599 ε
2399 5573 2520 5621 Duo
2552 5561 2675 5620 mss
2709 5583 2720 5620 :
2757 5565 2981 5633 Quando
3001 5582 3058 5622 se
3082 5568 3303 5637 proprio
3331 5565 3621 5626 tradiderit
3639 5561 3922 5638 cogitatui,

2275 5643 2385 5693 etc.

2343 5709 2364 5741 ³
2395 5713 2458 5761 In
2493 5707 2757 5763 Palatim.
2789 5723 2931 5780 mss.
2963 5708 3136 5780 Quasi
3161 5711 3212 5764 si
3241 5713 3404 5768 cesset
3434 5707 3683 5770 dilectio;
3716 5721 3921 5778 securi:

2271 5781 2345 5836 da
2374 5796 2552 5837 manu
2587 5797 2600 5835 :
2635 5781 2804 5850 Quasi
2831 5779 2910 5834 sic
2935 5779 3077 5836 esset
3097 5779 3332 5838 dilectio.
