  <div class='ocr_page' id='page_1' title='image "/cluster/home/n/w/nwhite01/storage/ocr_20150623/26/umn.31951002477320a/224.png"; bbox 0 0 4332 6568; ppageno 0'>
   <div class='ocr_carea' id='block_1_1' title="bbox 401 434 516 504">
    <p class='ocr_par' dir='ltr' id='par_1_1' title="bbox 401 434 516 504">
     <span class='ocr_line' id='line_1_1' title="bbox 401 434 516 504; baseline -0.017 -1"><span class='ocrx_word' id='word_1_1' title='bbox 401 434 516 504; x_wconf 70' lang='grc' dir='ltr'>μί</span> 
     </span>
    </p>
   </div>
   <div class='ocr_carea' id='block_1_2' title="bbox 1060 435 3160 515">
    <p class='ocr_par' dir='ltr' id='par_1_2' title="bbox 1060 435 3160 515">
     <span class='ocr_line' id='line_1_2' title="bbox 1060 435 3160 515; baseline 0 -17"><span class='ocrx_word' id='word_1_2' title='bbox 1060 435 1577 502; x_wconf 77' lang='lat' dir='ltr'>COMMENTAR.</span> <span class='ocrx_word' id='word_1_3' title='bbox 1624 439 1703 502; x_wconf 85' lang='lat' dir='ltr'>IN</span> <span class='ocrx_word' id='word_1_4' title='bbox 1744 440 1996 503; x_wconf 73' lang='lat' dir='ltr'>EPI‘ST.</span> <span class='ocrx_word' id='word_1_5' title='bbox 2041 439 2146 502; x_wconf 83' lang='lat' dir='ltr'>AD</span> <span class='ocrx_word' id='word_1_6' title='bbox 2193 438 2473 502; x_wconf 75' lang='lat' dir='ltr'>GALAT.</span> <span class='ocrx_word' id='word_1_7' title='bbox 2522 439 2671 502; x_wconf 87' lang='lat' dir='ltr'>LIB.</span> <span class='ocrx_word' id='word_1_8' title='bbox 2717 437 2822 515; x_wconf 84' lang='lat' dir='ltr'>Ill,</span> <span class='ocrx_word' id='word_1_9' title='bbox 2869 437 3040 500; x_wconf 84' lang='lat' dir='ltr'>CAP.</span> <span class='ocrx_word' id='word_1_10' title='bbox 3084 436 3160 499; x_wconf 75' lang='grc' dir='ltr'><strong>ν.</strong></span> 
     </span>
    </p>
   </div>
   <div class='ocr_carea' id='block_1_3' title="bbox 3693 433 3814 495">
    <p class='ocr_par' dir='ltr' id='par_1_3' title="bbox 3693 433 3814 495">
     <span class='ocr_line' id='line_1_3' title="bbox 3693 433 3814 495; baseline 0 0"><span class='ocrx_word' id='word_1_11' title='bbox 3693 433 3814 495; x_wconf 66' lang='grc' dir='ltr'>ΜΞ</span> 
     </span>
    </p>
   </div>
   <div class='ocr_carea' id='block_1_4' title="bbox 408 567 3822 644">
    <p class='ocr_par' dir='ltr' id='par_1_4' title="bbox 408 567 3822 644">
     <span class='ocr_line' id='line_1_4' title="bbox 408 567 3822 644; baseline -0.001 -16"><span class='ocrx_word' id='word_1_12' title='bbox 408 570 678 637; x_wconf 69' lang='lat' dir='ltr'>obsecro,</span> <span class='ocrx_word' id='word_1_13' title='bbox 707 573 772 628; x_wconf 91' lang='lat' dir='ltr'>ut</span> <span class='ocrx_word' id='word_1_14' title='bbox 800 586 914 628; x_wconf 87' lang='lat' dir='ltr'>non</span> <span class='ocrx_word' id='word_1_15' title='bbox 948 569 1096 628; x_wconf 88' lang='lat' dir='ltr'>detis</span> <span class='ocrx_word' id='word_1_16' title='bbox 1127 570 1451 628; x_wconf 86' lang='lat' dir='ltr'>libertatem</span> <span class='ocrx_word' id='word_1_17' title='bbox 1485 579 1739 630; x_wconf 84' lang='lat' dir='ltr'>vestram</span> <span class='ocrx_word' id='word_1_18' title='bbox 1779 574 1838 630; x_wconf 88' lang='lat' dir='ltr'>in</span> <span class='ocrx_word' id='word_1_19' title='bbox 1888 590 2052 630; x_wconf 88' lang='lat' dir='ltr'>occa-</span> <span class='ocrx_word' id='word_1_20' title='bbox 2085 573 2140 640; x_wconf 77' lang='grc' dir='ltr'>Α</span> <span class='ocrx_word' id='word_1_21' title='bbox 2169 571 2335 637; x_wconf 82' lang='lat' dir='ltr'>dixit,</span> <span class='ocrx_word' id='word_1_22' title='bbox 2379 575 2559 644; x_wconf 82' lang='lat' dir='ltr'>factus</span> <span class='ocrx_word' id='word_1_23' title='bbox 2607 573 2709 628; x_wconf 86' lang='lat' dir='ltr'>sub</span> <span class='ocrx_word' id='word_1_24' title='bbox 2762 573 2900 641; x_wconf 78' lang='lat' dir='ltr'>lege,</span> <span class='ocrx_word' id='word_1_25' title='bbox 2951 572 3073 638; x_wconf 86' lang='lat' dir='ltr'>sed,</span> <span class='ocrx_word' id='word_1_26' title='bbox 3122 571 3299 642; x_wconf 79' lang='lat' dir='ltr'>factus</span> <span class='ocrx_word' id='word_1_27' title='bbox 3349 569 3510 641; x_wconf 83' lang='lat' dir='ltr'>quasi</span> <span class='ocrx_word' id='word_1_28' title='bbox 3553 567 3655 625; x_wconf 85' lang='lat' dir='ltr'>sub</span> <span class='ocrx_word' id='word_1_29' title='bbox 3700 568 3822 640; x_wconf 78' lang='lat' dir='ltr'>lege</span> 
     </span>
    </p>
   </div>
   <div class='ocr_carea' id='block_1_5' title="bbox 413 659 2057 734">
    <p class='ocr_par' dir='ltr' id='par_1_5' title="bbox 413 659 2057 734">
     <span class='ocr_line' id='line_1_5' title="bbox 413 659 2057 734; baseline 0.001 -17"><span class='ocrx_word' id='word_1_30' title='bbox 413 660 640 724; x_wconf 80' lang='lat' dir='ltr'>sionem</span> <span class='ocrx_word' id='word_1_31' title='bbox 673 659 887 723; x_wconf 85' lang='lat' dir='ltr'>carnis,</span> <span class='ocrx_word' id='word_1_32' title='bbox 921 660 1022 716; x_wconf 89' lang='lat' dir='ltr'>sed</span> <span class='ocrx_word' id='word_1_33' title='bbox 1058 661 1246 733; x_wconf 91' lang='lat' dir='ltr'>magis</span> <span class='ocrx_word' id='word_1_34' title='bbox 1277 662 1510 734; x_wconf 83' lang='lat' dir='ltr'>spiritui</span> <span class='ocrx_word' id='word_1_35' title='bbox 1552 663 1840 730; x_wconf 72' lang='lat' dir='ltr'>servietis,</span> <span class='ocrx_word' id='word_1_36' title='bbox 1877 668 1940 718; x_wconf 92' lang='lat' dir='ltr'>ut</span> <span class='ocrx_word' id='word_1_37' title='bbox 1969 663 2057 718; x_wconf 90' lang='lat' dir='ltr'>in-</span> 
     </span>
    </p>
   </div>
   <div class='ocr_carea' id='block_1_6' title="bbox 415 749 2057 827">
    <p class='ocr_par' dir='ltr' id='par_1_6' title="bbox 415 749 2057 827">
     <span class='ocr_line' id='line_1_6' title="bbox 415 749 2057 827; baseline 0.001 -21"><span class='ocrx_word' id='word_1_38' title='bbox 415 749 646 822; x_wconf 87' lang='lat' dir='ltr'>cipiatis</span> <span class='ocrx_word' id='word_1_39' title='bbox 676 766 742 806; x_wconf 90' lang='lat' dir='ltr'>ea</span> <span class='ocrx_word' id='word_1_40' title='bbox 774 750 960 806; x_wconf 83' lang='lat' dir='ltr'>facere</span> <span class='ocrx_word' id='word_1_41' title='bbox 989 766 1116 821; x_wconf 66' lang='lat' dir='ltr'>qua:</span> <span class='ocrx_word' id='word_1_42' title='bbox 1147 751 1346 819; x_wconf 83' lang='lat' dir='ltr'>vultis,</span> <span class='ocrx_word' id='word_1_43' title='bbox 1381 758 1436 807; x_wconf 90' lang='lat' dir='ltr'>et</span> <span class='ocrx_word' id='word_1_44' title='bbox 1467 753 1614 809; x_wconf 87' lang='lat' dir='ltr'>nihil</span> <span class='ocrx_word' id='word_1_45' title='bbox 1661 755 1872 810; x_wconf 81' lang='lat' dir='ltr'>debere</span> <span class='ocrx_word' id='word_1_46' title='bbox 1922 753 2057 827; x_wconf 83' lang='lat' dir='ltr'>legi,</span> 
     </span>
    </p>
   </div>
   <div class='ocr_carea' id='block_1_7' title="bbox 416 838 2061 914">
    <p class='ocr_par' dir='ltr' id='par_1_7' title="bbox 416 838 2061 914">
     <span class='ocr_line' id='line_1_7' title="bbox 416 838 2061 914; baseline 0.002 -20"><span class='ocrx_word' id='word_1_47' title='bbox 416 838 479 900; x_wconf 80' lang='lat' dir='ltr'>id</span> <span class='ocrx_word' id='word_1_48' title='bbox 509 844 619 905; x_wconf 85' lang='lat' dir='ltr'>est,</span> <span class='ocrx_word' id='word_1_49' title='bbox 652 855 766 895; x_wconf 90' lang='lat' dir='ltr'>non</span> <span class='ocrx_word' id='word_1_50' title='bbox 799 855 928 895; x_wconf 88' lang='lat' dir='ltr'>esse</span> <span class='ocrx_word' id='word_1_51' title='bbox 960 839 1070 896; x_wconf 85' lang='lat' dir='ltr'>sub</span> <span class='ocrx_word' id='word_1_52' title='bbox 1116 857 1309 896; x_wconf 88' lang='lat' dir='ltr'>carne.</span> <span class='ocrx_word' id='word_1_53' title='bbox 1344 841 1490 907; x_wconf 83' lang='lat' dir='ltr'>Quia</span> <span class='ocrx_word' id='word_1_54' title='bbox 1537 841 1867 900; x_wconf 86' lang='lat' dir='ltr'>libertatem</span> <span class='ocrx_word' id='word_1_55' title='bbox 1915 843 2061 914; x_wconf 84' lang='lat' dir='ltr'>legis</span> 
     </span>
    </p>
   </div>
   <div class='ocr_carea' id='block_1_8' title="bbox 419 926 2058 1005">
    <p class='ocr_par' dir='ltr' id='par_1_8' title="bbox 419 926 2058 1005">
     <span class='ocr_line' id='line_1_8' title="bbox 419 926 2058 1005; baseline 0.001 -21"><span class='ocrx_word' id='word_1_56' title='bbox 419 926 643 988; x_wconf 69' lang='lat' dir='ltr'>abolitas</span> <span class='ocrx_word' id='word_1_57' title='bbox 678 931 695 968; x_wconf 73' lang='grc' dir='ltr'><strong><em>ι</em></strong></span> <span class='ocrx_word' id='word_1_58' title='bbox 743 932 884 984; x_wconf 88' lang='lat' dir='ltr'>tunc</span> <span class='ocrx_word' id='word_1_59' title='bbox 933 943 1066 985; x_wconf 90' lang='lat' dir='ltr'>vere</span> <span class='ocrx_word' id='word_1_60' title='bbox 1095 929 1154 984; x_wconf 89' lang='lat' dir='ltr'>in</span> <span class='ocrx_word' id='word_1_61' title='bbox 1187 930 1496 1002; x_wconf 84' lang='lat' dir='ltr'>Evangelio</span> <span class='ocrx_word' id='word_1_62' title='bbox 1528 931 1742 988; x_wconf 91' lang='lat' dir='ltr'>habere</span> <span class='ocrx_word' id='word_1_63' title='bbox 1773 932 2058 1005; x_wconf 89' lang='lat' dir='ltr'>poteritis,</span> 
     </span>
    </p>
   </div>
   <div class='ocr_carea' id='block_1_9' title="bbox 417 1020 2062 1093">
    <p class='ocr_par' dir='ltr' id='par_1_9' title="bbox 417 1020 2062 1093">
     <span class='ocr_line' id='line_1_9' title="bbox 417 1020 2062 1093; baseline -0.001 -15"><span class='ocrx_word' id='word_1_64' title='bbox 417 1033 550 1078; x_wconf 75' lang='lat' dir='ltr'>eum</span> <span class='ocrx_word' id='word_1_65' title='bbox 598 1032 700 1073; x_wconf 89' lang='lat' dir='ltr'>vos</span> <span class='ocrx_word' id='word_1_66' title='bbox 750 1034 1127 1090; x_wconf 80' lang='lat' dir='ltr'>nequaquam</span> <span class='ocrx_word' id='word_1_67' title='bbox 1172 1036 1306 1076; x_wconf 89' lang='lat' dir='ltr'>caro</span> <span class='ocrx_word' id='word_1_68' title='bbox 1341 1020 1691 1091; x_wconf 80' lang='lat' dir='ltr'>compulerit</span> <span class='ocrx_word' id='word_1_69' title='bbox 1721 1022 1905 1077; x_wconf 86' lang='lat' dir='ltr'>facere</span> <span class='ocrx_word' id='word_1_70' title='bbox 1935 1038 2062 1093; x_wconf 68' lang='lat' dir='ltr'>quae</span> 
     </span>
    </p>
   </div>
   <div class='ocr_carea' id='block_1_10' title="bbox 415 1104 2065 1180">
    <p class='ocr_par' dir='ltr' id='par_1_10' title="bbox 415 1104 2065 1180">
     <span class='ocr_line' id='line_1_10' title="bbox 415 1104 2065 1180; baseline 0.004 -21"><span class='ocrx_word' id='word_1_71' title='bbox 415 1121 529 1167; x_wconf 78' lang='lat' dir='ltr'>non</span> <span class='ocrx_word' id='word_1_72' title='bbox 559 1104 762 1174; x_wconf 79' lang='lat' dir='ltr'>vultis,</span> <span class='ocrx_word' id='word_1_73' title='bbox 791 1107 894 1162; x_wconf 88' lang='lat' dir='ltr'>sed</span> <span class='ocrx_word' id='word_1_74' title='bbox 942 1108 1174 1180; x_wconf 85' lang='lat' dir='ltr'>spiritui</span> <span class='ocrx_word' id='word_1_75' title='bbox 1222 1109 1561 1180; x_wconf 84' lang='lat' dir='ltr'>servientes,</span> <span class='ocrx_word' id='word_1_76' title='bbox 1595 1111 1914 1166; x_wconf 87' lang='lat' dir='ltr'>docueritis</span> <span class='ocrx_word' id='word_1_77' title='bbox 1962 1127 2065 1166; x_wconf 89' lang='lat' dir='ltr'>vos</span> 
     </span>
    </p>
   </div>
   <div class='ocr_carea' id='block_1_11' title="bbox 413 1196 2066 1273">
    <p class='ocr_par' dir='ltr' id='par_1_11' title="bbox 413 1196 2066 1273">
     <span class='ocr_line' id='line_1_11' title="bbox 413 1196 2066 1273; baseline 0.001 -19"><span class='ocrx_word' id='word_1_78' title='bbox 413 1210 528 1268; x_wconf 69' lang='lat' dir='ltr'>non</span> <span class='ocrx_word' id='word_1_79' title='bbox 558 1210 688 1254; x_wconf 89' lang='lat' dir='ltr'>esse</span> <span class='ocrx_word' id='word_1_80' title='bbox 717 1196 826 1253; x_wconf 88' lang='lat' dir='ltr'>sub</span> <span class='ocrx_word' id='word_1_81' title='bbox 859 1196 1004 1270; x_wconf 90' lang='lat' dir='ltr'>lege.</span> <span class='ocrx_word' id='word_1_82' title='bbox 1042 1199 1108 1252; x_wconf 88' lang='lat' dir='ltr'>Et</span> <span class='ocrx_word' id='word_1_83' title='bbox 1139 1198 1280 1269; x_wconf 91' lang='lat' dir='ltr'>quia</span> <span class='ocrx_word' id='word_1_84' title='bbox 1307 1215 1488 1270; x_wconf 90' lang='lat' dir='ltr'>supra</span> <span class='ocrx_word' id='word_1_85' title='bbox 1516 1201 1844 1255; x_wconf 90' lang='lat' dir='ltr'>secundum</span> <span class='ocrx_word' id='word_1_86' title='bbox 1877 1199 2066 1273; x_wconf 86' lang='lat' dir='ltr'>dupli-</span> 
     </span>
    </p>
   </div>
   <div class='ocr_carea' id='block_1_12' title="bbox 413 1283 2063 1362">
    <p class='ocr_par' dir='ltr' id='par_1_12' title="bbox 413 1283 2063 1362">
     <span class='ocr_line' id='line_1_12' title="bbox 413 1283 2063 1362; baseline 0.004 -22"><span class='ocrx_word' id='word_1_87' title='bbox 413 1298 539 1345; x_wconf 80' lang='lat' dir='ltr'>cem</span> <span class='ocrx_word' id='word_1_88' title='bbox 568 1283 1019 1358; x_wconf 81' lang='lat' dir='ltr'>intelligentiam</span> <span class='ocrx_word' id='word_1_89' title='bbox 1055 1287 1208 1343; x_wconf 86' lang='lat' dir='ltr'>hunc</span> <span class='ocrx_word' id='word_1_90' title='bbox 1246 1287 1438 1344; x_wconf 92' lang='lat' dir='ltr'>locum</span> <span class='ocrx_word' id='word_1_91' title='bbox 1479 1305 1842 1361; x_wconf 62' lang='lat' dir='ltr'>coeperamus</span> <span class='ocrx_word' id='word_1_92' title='bbox 1888 1307 2063 1362; x_wconf 62' lang='lat' dir='ltr'>expc»</span> 
     </span>
    </p>
   </div>
   <div class='ocr_carea' id='block_1_13' title="bbox 417 1374 2064 1449">
    <p class='ocr_par' dir='ltr' id='par_1_13' title="bbox 417 1374 2064 1449">
     <span class='ocr_line' id='line_1_13' title="bbox 417 1374 2064 1449; baseline 0.002 -17"><span class='ocrx_word' id='word_1_93' title='bbox 417 1389 578 1440; x_wconf 77' lang='lat' dir='ltr'>nere,</span> <span class='ocrx_word' id='word_1_94' title='bbox 612 1374 912 1431; x_wconf 90' lang='lat' dir='ltr'>reddenda</span> <span class='ocrx_word' id='word_1_95' title='bbox 962 1381 1105 1432; x_wconf 87' lang='lat' dir='ltr'>sunt</span> <span class='ocrx_word' id='word_1_96' title='bbox 1152 1393 1278 1449; x_wconf 70' lang='lat' dir='ltr'>quae</span> <span class='ocrx_word' id='word_1_97' title='bbox 1325 1378 1659 1434; x_wconf 89' lang='lat' dir='ltr'>omisimus.</span> <span class='ocrx_word' id='word_1_98' title='bbox 1693 1381 1832 1436; x_wconf 83' lang='lat' dir='ltr'>Caro</span> <span class='ocrx_word' id='word_1_99' title='bbox 1867 1396 2064 1436; x_wconf 83' lang='lat' dir='ltr'>concu-</span> 
     </span>
    </p>
   </div>
   <div class='ocr_carea' id='block_1_14' title="bbox 415 1464 2066 1538">
    <p class='ocr_par' dir='ltr' id='par_1_14' title="bbox 415 1464 2066 1538">
     <span class='ocr_line' id='line_1_14' title="bbox 415 1464 2066 1538; baseline 0.001 -18"><span class='ocrx_word' id='word_1_100' title='bbox 415 1465 580 1536; x_wconf 75' lang='lat' dir='ltr'>piscit</span> <span class='ocrx_word' id='word_1_101' title='bbox 626 1464 887 1521; x_wconf 74' lang='lat' dir='ltr'>adversus</span> <span class='ocrx_word' id='word_1_102' title='bbox 937 1467 1220 1538; x_wconf 75' lang='lat' dir='ltr'>spiritum,</span> <span class='ocrx_word' id='word_1_103' title='bbox 1253 1465 1311 1520; x_wconf 88' lang='lat' dir='ltr'>id</span> <span class='ocrx_word' id='word_1_104' title='bbox 1360 1471 1469 1537; x_wconf 90' lang='lat' dir='ltr'>est,</span> <span class='ocrx_word' id='word_1_105' title='bbox 1515 1467 1761 1524; x_wconf 80' lang='lat' dir='ltr'>historia</span> <span class='ocrx_word' id='word_1_106' title='bbox 1807 1473 1864 1524; x_wconf 87' lang='lat' dir='ltr'>et</span> <span class='ocrx_word' id='word_1_107' title='bbox 1913 1467 2066 1524; x_wconf 88' lang='lat' dir='ltr'>Scri-</span> 
     </span>
    </p>
   </div>
   <div class='ocr_carea' id='block_1_15' title="bbox 418 1553 2068 1629">
    <p class='ocr_par' dir='ltr' id='par_1_15' title="bbox 418 1553 2068 1629">
     <span class='ocr_line' id='line_1_15' title="bbox 418 1553 2068 1629; baseline 0.003 -21"><span class='ocrx_word' id='word_1_108' title='bbox 418 1558 604 1627; x_wconf 73' lang='lat' dir='ltr'>ptum</span> <span class='ocrx_word' id='word_1_109' title='bbox 658 1569 908 1610; x_wconf 85' lang='lat' dir='ltr'>carneus</span> <span class='ocrx_word' id='word_1_110' title='bbox 962 1553 1316 1620; x_wconf 90' lang='lat' dir='ltr'>intellectus,</span> <span class='ocrx_word' id='word_1_111' title='bbox 1363 1560 1563 1612; x_wconf 92' lang='lat' dir='ltr'>contra</span> <span class='ocrx_word' id='word_1_112' title='bbox 1613 1556 1950 1629; x_wconf 80' lang='lat' dir='ltr'>allegoriam</span> <span class='ocrx_word' id='word_1_113' title='bbox 2012 1561 2068 1613; x_wconf 89' lang='lat' dir='ltr'>et</span> 
     </span>
    </p>
   </div>
   <div class='ocr_carea' id='block_1_16' title="bbox 418 1640 2068 1718">
    <p class='ocr_par' dir='ltr' id='par_1_16' title="bbox 418 1640 2068 1718">
     <span class='ocr_line' id='line_1_16' title="bbox 418 1640 2068 1718; baseline 0.001 -17"><span class='ocrx_word' id='word_1_114' title='bbox 418 1640 786 1714; x_wconf 83' lang='lat' dir='ltr'>spiritualem</span> <span class='ocrx_word' id='word_1_115' title='bbox 809 1642 1134 1700; x_wconf 86' lang='lat' dir='ltr'>doctrinam</span> <span class='ocrx_word' id='word_1_116' title='bbox 1163 1649 1468 1718; x_wconf 86' lang='lat' dir='ltr'>repugnat.</span> <span class='ocrx_word' id='word_1_117' title='bbox 1492 1645 1733 1718; x_wconf 78' lang='lat' dir='ltr'>Spiritus</span> <span class='ocrx_word' id='word_1_118' title='bbox 1765 1656 1948 1704; x_wconf 85' lang='lat' dir='ltr'>autem</span> <span class='ocrx_word' id='word_1_119' title='bbox 1975 1647 2068 1702; x_wconf 88' lang='lat' dir='ltr'>ad-</span> 
     </span>
    </p>
   </div>
   <div class='ocr_carea' id='block_1_17' title="bbox 416 1731 2069 1807">
    <p class='ocr_par' dir='ltr' id='par_1_17' title="bbox 416 1731 2069 1807">
     <span class='ocr_line' id='line_1_17' title="bbox 416 1731 2069 1807; baseline 0.002 -18"><span class='ocrx_word' id='word_1_120' title='bbox 416 1746 602 1790; x_wconf 78' lang='lat' dir='ltr'>versus</span> <span class='ocrx_word' id='word_1_121' title='bbox 638 1746 884 1797; x_wconf 84' lang='lat' dir='ltr'>carnem,</span> <span class='ocrx_word' id='word_1_122' title='bbox 915 1731 973 1787; x_wconf 89' lang='lat' dir='ltr'>id</span> <span class='ocrx_word' id='word_1_123' title='bbox 1024 1737 1132 1802; x_wconf 87' lang='lat' dir='ltr'>est,</span> <span class='ocrx_word' id='word_1_124' title='bbox 1167 1733 1514 1790; x_wconf 87' lang='lat' dir='ltr'>sublimiora</span> <span class='ocrx_word' id='word_1_125' title='bbox 1560 1735 1821 1807; x_wconf 87' lang='lat' dir='ltr'>dejectis,</span> <span class='ocrx_word' id='word_1_126' title='bbox 1855 1741 2069 1792; x_wconf 61' lang='lat' dir='ltr'>eterna</span> 
     </span>
    </p>
   </div>
   <div class='ocr_carea' id='block_1_18' title="bbox 418 1819 2069 1895">
    <p class='ocr_par' dir='ltr' id='par_1_18' title="bbox 418 1819 2069 1895">
     <span class='ocr_line' id='line_1_18' title="bbox 418 1819 2069 1895; baseline 0.001 -15"><span class='ocrx_word' id='word_1_127' title='bbox 418 1819 718 1884; x_wconf 76' lang='lat' dir='ltr'>brevibus,</span> <span class='ocrx_word' id='word_1_128' title='bbox 751 1819 974 1877; x_wconf 66' lang='lat' dir='ltr'>umbra</span> <span class='ocrx_word' id='word_1_129' title='bbox 1013 1822 1229 1878; x_wconf 85' lang='lat' dir='ltr'>veritas</span> <span class='ocrx_word' id='word_1_130' title='bbox 1275 1823 1620 1895; x_wconf 83' lang='lat' dir='ltr'>refragatur.</span> <span class='ocrx_word' id='word_1_131' title='bbox 1653 1827 1810 1884; x_wconf 73' lang='lat'>508</span> <span class='ocrx_word' id='word_1_132' title='bbox 1840 1827 1908 1882; x_wconf 84' lang='lat' dir='ltr'>Et</span> <span class='ocrx_word' id='word_1_133' title='bbox 1939 1843 2069 1882; x_wconf 88' lang='lat' dir='ltr'>car-</span> 
     </span>
    </p>
   </div>
   <div class='ocr_carea' id='block_1_19' title="bbox 2168 656 3817 733">
    <p class='ocr_par' dir='ltr' id='par_1_19' title="bbox 2168 656 3817 733">
     <span class='ocr_line' id='line_1_19' title="bbox 2168 656 3817 733; baseline -0.002 -16"><span class='ocrx_word' id='word_1_134' title='bbox 2168 662 2334 733; x_wconf 86' lang='lat' dir='ltr'>(lbid.</span> <span class='ocrx_word' id='word_1_135' title='bbox 2367 663 2478 732; x_wconf 97' lang='grc'>21),</span> <span class='ocrx_word' id='word_1_136' title='bbox 2519 666 2585 717; x_wconf 90' lang='lat' dir='ltr'>ut</span> <span class='ocrx_word' id='word_1_137' title='bbox 2636 661 2970 718; x_wconf 86' lang='lat' dir='ltr'>ostenderet</span> <span class='ocrx_word' id='word_1_138' title='bbox 3021 677 3084 716; x_wconf 92' lang='lat' dir='ltr'>se</span> <span class='ocrx_word' id='word_1_139' title='bbox 3133 677 3248 716; x_wconf 90' lang='lat' dir='ltr'>non</span> <span class='ocrx_word' id='word_1_140' title='bbox 3297 658 3598 714; x_wconf 87' lang='lat' dir='ltr'>veritatem</span> <span class='ocrx_word' id='word_1_141' title='bbox 3649 656 3817 730; x_wconf 86' lang='lat' dir='ltr'>legis,</span> 
     </span>
    </p>
   </div>
   <div class='ocr_carea' id='block_1_20' title="bbox 2169 746 3815 808">
    <p class='ocr_par' dir='ltr' id='par_1_20' title="bbox 2169 746 3815 808">
     <span class='ocr_line' id='line_1_20' title="bbox 2169 746 3815 808; baseline -0.004 0"><span class='ocrx_word' id='word_1_142' title='bbox 2169 753 2270 808; x_wconf 87' lang='lat' dir='ltr'>sed</span> <span class='ocrx_word' id='word_1_143' title='bbox 2304 751 2755 807; x_wconf 87' lang='lat' dir='ltr'>similitudinem</span> <span class='ocrx_word' id='word_1_144' title='bbox 2802 749 3150 806; x_wconf 84' lang='lat' dir='ltr'>custodisse.</span> <span class='ocrx_word' id='word_1_145' title='bbox 3183 749 3465 804; x_wconf 87' lang='lat' dir='ltr'>Videmur</span> <span class='ocrx_word' id='word_1_146' title='bbox 3496 746 3662 802; x_wconf 89' lang='lat' dir='ltr'>nobis</span> <span class='ocrx_word' id='word_1_147' title='bbox 3695 747 3815 804; x_wconf 86' lang='lat' dir='ltr'>sol-</span> 
     </span>
    </p>
   </div>
   <div class='ocr_carea' id='block_1_21' title="bbox 2170 837 3820 912">
    <p class='ocr_par' dir='ltr' id='par_1_21' title="bbox 2170 837 3820 912">
     <span class='ocr_line' id='line_1_21' title="bbox 2170 837 3820 912; baseline -0.002 -16"><span class='ocrx_word' id='word_1_148' title='bbox 2170 841 2322 898; x_wconf 89' lang='lat' dir='ltr'>visse</span> <span class='ocrx_word' id='word_1_149' title='bbox 2351 839 2709 912; x_wconf 88' lang='lat' dir='ltr'>propositam</span> <span class='ocrx_word' id='word_1_150' title='bbox 2743 838 3145 912; x_wconf 68' lang='lat' dir='ltr'>quastionem.</span> <span class='ocrx_word' id='word_1_151' title='bbox 3177 839 3283 894; x_wconf 85' lang='lat' dir='ltr'>Sed</span> <span class='ocrx_word' id='word_1_152' title='bbox 3343 837 3483 908; x_wconf 89' lang='lat' dir='ltr'>quid</span> <span class='ocrx_word' id='word_1_153' title='bbox 3537 837 3820 893; x_wconf 83' lang='lat' dir='ltr'>faciemus</span> 
     </span>
    </p>
   </div>
   <div class='ocr_carea' id='block_1_22' title="bbox 2171 927 3823 1001">
    <p class='ocr_par' dir='ltr' id='par_1_22' title="bbox 2171 927 3823 1001">
     <span class='ocr_line' id='line_1_22' title="bbox 2171 927 3823 1001; baseline -0.002 -15"><span class='ocrx_word' id='word_1_154' title='bbox 2171 931 2240 987; x_wconf 89' lang='lat' dir='ltr'>de</span> <span class='ocrx_word' id='word_1_155' title='bbox 2284 929 2384 986; x_wconf 92' lang='lat' dir='ltr'>illo</span> <span class='ocrx_word' id='word_1_156' title='bbox 2432 929 2596 986; x_wconf 84' lang='lat' dir='ltr'>Pauli</span> <span class='ocrx_word' id='word_1_157' title='bbox 2629 929 2882 1001; x_wconf 89' lang='lat' dir='ltr'>capitulo</span> <span class='ocrx_word' id='word_1_158' title='bbox 2913 930 3068 986; x_wconf 71' lang='lat'>504</span> <span class='ocrx_word' id='word_1_159' title='bbox 3099 927 3350 983; x_wconf 87' lang='lat' dir='ltr'>dicentis</span> <span class='ocrx_word' id='word_1_160' title='bbox 3382 944 3395 982; x_wconf 94' lang='lat'>:</span> <span class='ocrx_word' id='word_1_161' title='bbox 3453 927 3590 982; x_wconf 87' lang='lat' dir='ltr'>Cum</span> <span class='ocrx_word' id='word_1_162' title='bbox 3635 931 3823 982; x_wconf 79' lang='lat' dir='ltr'>autem</span> 
     </span>
    </p>
   </div>
   <div class='ocr_carea' id='block_1_23' title="bbox 2170 1016 3820 1091">
    <p class='ocr_par' dir='ltr' id='par_1_23' title="bbox 2170 1016 3820 1091">
     <span class='ocr_line' id='line_1_23' title="bbox 2170 1016 3820 1091; baseline -0.003 -16"><span class='ocrx_word' id='word_1_163' title='bbox 2170 1020 2317 1077; x_wconf 81' lang='lat' dir='ltr'>venit</span> <span class='ocrx_word' id='word_1_164' title='bbox 2347 1017 2638 1090; x_wconf 72' lang='lat' dir='ltr'>plenitudo</span> <span class='ocrx_word' id='word_1_165' title='bbox 2665 1019 3113 1091; x_wconf 81' lang='lat' dir='ltr'>temporis,misit</span> <span class='ocrx_word' id='word_1_166' title='bbox 3143 1018 3282 1073; x_wconf 74' lang='lat' dir='ltr'>Deus</span> <span class='ocrx_word' id='word_1_167' title='bbox 3311 1016 3494 1087; x_wconf 80' lang='lat' dir='ltr'>ﬁlium</span> <span class='ocrx_word' id='word_1_168' title='bbox 3519 1032 3700 1082; x_wconf 89' lang='lat' dir='ltr'>suum,</span> <span class='ocrx_word' id='word_1_169' title='bbox 3732 1017 3820 1088; x_wconf 77' lang='lat' dir='ltr'>fa,-</span> 
     </span>
    </p>
   </div>
   <div class='ocr_carea' id='block_1_24' title="bbox 2172 1105 3824 1179">
    <p class='ocr_par' dir='ltr' id='par_1_24' title="bbox 2172 1105 3824 1179">
     <span class='ocr_line' id='line_1_24' title="bbox 2172 1105 3824 1179; baseline -0.002 -15"><span class='ocrx_word' id='word_1_170' title='bbox 2172 1116 2317 1165; x_wconf 83' lang='lat' dir='ltr'>ctum</span> <span class='ocrx_word' id='word_1_171' title='bbox 2345 1125 2415 1164; x_wconf 77' lang='lat' dir='ltr'>ex</span> <span class='ocrx_word' id='word_1_172' title='bbox 2441 1110 2698 1172; x_wconf 80' lang='lat' dir='ltr'>muliere,</span> <span class='ocrx_word' id='word_1_173' title='bbox 2725 1110 2935 1179; x_wconf 70' lang='lat' dir='ltr'>factum</span> <span class='ocrx_word' id='word_1_174' title='bbox 2963 1109 3062 1164; x_wconf 87' lang='lat' dir='ltr'>sub</span> <span class='ocrx_word' id='word_1_175' title='bbox 3093 1108 3226 1178; x_wconf 84' lang='lat' dir='ltr'>lege,</span> <span class='ocrx_word' id='word_1_176' title='bbox 3250 1117 3309 1162; x_wconf 92' lang='lat' dir='ltr'>ut</span> <span class='ocrx_word' id='word_1_177' title='bbox 3335 1122 3424 1161; x_wconf 83' lang='lat' dir='ltr'>eos</span> <span class='ocrx_word' id='word_1_178' title='bbox 3453 1107 3550 1178; x_wconf 86' lang='lat' dir='ltr'>qui</span> <span class='ocrx_word' id='word_1_179' title='bbox 3575 1105 3674 1161; x_wconf 77' lang='lat' dir='ltr'>sub</span> <span class='ocrx_word' id='word_1_180' title='bbox 3704 1107 3824 1176; x_wconf 79' lang='lat' dir='ltr'>lege</span> 
     </span>
    </p>
   </div>
   <div class='ocr_carea' id='block_1_25' title="bbox 2172 1194 3824 1267">
    <p class='ocr_par' dir='ltr' id='par_1_25' title="bbox 2172 1194 3824 1267">
     <span class='ocr_line' id='line_1_25' title="bbox 2172 1194 3824 1267; baseline -0.002 -13"><span class='ocrx_word' id='word_1_181' title='bbox 2172 1202 2358 1265; x_wconf 78' lang='lat' dir='ltr'>erant,</span> <span class='ocrx_word' id='word_1_182' title='bbox 2406 1197 2694 1252; x_wconf 80' lang='lat' dir='ltr'>redimeret</span> <span class='ocrx_word' id='word_1_183' title='bbox 2728 1195 2866 1264; x_wconf 82' lang='lat' dir='ltr'>(Gal.</span> <span class='ocrx_word' id='word_1_184' title='bbox 2901 1214 2978 1266; x_wconf 82' lang='grc' dir='ltr'>ιν,</span> <span class='ocrx_word' id='word_1_185' title='bbox 3013 1197 3064 1267; x_wconf 86' lang='grc'>4,</span> <span class='ocrx_word' id='word_1_186' title='bbox 3095 1196 3199 1267; x_wconf 71' lang='lat'>5)?</span> <span class='ocrx_word' id='word_1_187' title='bbox 3241 1195 3301 1252; x_wconf 90' lang='lat' dir='ltr'>Si</span> <span class='ocrx_word' id='word_1_188' title='bbox 3349 1195 3504 1250; x_wconf 90' lang='lat' dir='ltr'>enim</span> <span class='ocrx_word' id='word_1_189' title='bbox 3555 1194 3824 1250; x_wconf 88' lang='lat' dir='ltr'>Christus</span> 
     </span>
    </p>
   </div>
   <div class='ocr_carea' id='block_1_26' title="bbox 2175 1284 3822 1357">
    <p class='ocr_par' dir='ltr' id='par_1_26' title="bbox 2175 1284 3822 1357">
     <span class='ocr_line' id='line_1_26' title="bbox 2175 1284 3822 1357; baseline -0.003 -13"><span class='ocrx_word' id='word_1_190' title='bbox 2175 1288 2285 1344; x_wconf 87' lang='lat' dir='ltr'>sub</span> <span class='ocrx_word' id='word_1_191' title='bbox 2317 1287 2441 1357; x_wconf 82' lang='lat' dir='ltr'>lege</span> <span class='ocrx_word' id='word_1_192' title='bbox 2473 1287 2598 1352; x_wconf 90' lang='lat' dir='ltr'>fuit,</span> <span class='ocrx_word' id='word_1_193' title='bbox 2623 1291 2681 1342; x_wconf 92' lang='lat' dir='ltr'>et</span> <span class='ocrx_word' id='word_1_194' title='bbox 2713 1303 2824 1342; x_wconf 90' lang='lat' dir='ltr'>non</span> <span class='ocrx_word' id='word_1_195' title='bbox 2856 1286 3024 1357; x_wconf 88' lang='lat' dir='ltr'>quasi</span> <span class='ocrx_word' id='word_1_196' title='bbox 3057 1285 3167 1342; x_wconf 88' lang='lat' dir='ltr'>sub</span> <span class='ocrx_word' id='word_1_197' title='bbox 3199 1285 3344 1356; x_wconf 90' lang='lat' dir='ltr'>lege,</span> <span class='ocrx_word' id='word_1_198' title='bbox 3371 1288 3495 1341; x_wconf 87' lang='lat' dir='ltr'>tota</span> <span class='ocrx_word' id='word_1_199' title='bbox 3521 1284 3623 1340; x_wconf 88' lang='lat' dir='ltr'>illa</span> <span class='ocrx_word' id='word_1_200' title='bbox 3652 1298 3822 1356; x_wconf 90' lang='lat' dir='ltr'>supe-</span> 
     </span>
    </p>
   </div>
   <div class='ocr_carea' id='block_1_27' title="bbox 2176 1373 3822 1448">
    <p class='ocr_par' dir='ltr' id='par_1_27' title="bbox 2176 1373 3822 1448">
     <span class='ocr_line' id='line_1_27' title="bbox 2176 1373 3822 1448; baseline -0.003 -16"><span class='ocrx_word' id='word_1_201' title='bbox 2176 1378 2293 1433; x_wconf 90' lang='lat' dir='ltr'>rior</span> <span class='ocrx_word' id='word_1_202' title='bbox 2323 1375 2642 1448; x_wconf 85' lang='lat' dir='ltr'>disputatio</span> <span class='ocrx_word' id='word_1_203' title='bbox 2671 1393 2852 1432; x_wconf 85' lang='lat' dir='ltr'>vacua</span> <span class='ocrx_word' id='word_1_204' title='bbox 2883 1376 3000 1431; x_wconf 85' lang='lat' dir='ltr'>fiet.</span> <span class='ocrx_word' id='word_1_205' title='bbox 3034 1373 3250 1430; x_wconf 90' lang='lat' dir='ltr'>Verum</span> <span class='ocrx_word' id='word_1_206' title='bbox 3283 1378 3340 1430; x_wconf 92' lang='lat' dir='ltr'>et</span> <span class='ocrx_word' id='word_1_207' title='bbox 3382 1373 3502 1429; x_wconf 74' lang='lat' dir='ltr'>haec</span> <span class='ocrx_word' id='word_1_208' title='bbox 3531 1373 3822 1446; x_wconf 91' lang='lat' dir='ltr'>cppositio</span> 
     </span>
    </p>
   </div>
   <div class='ocr_carea' id='block_1_28' title="bbox 2176 1462 3823 1535">
    <p class='ocr_par' dir='ltr' id='par_1_28' title="bbox 2176 1462 3823 1535">
     <span class='ocr_line' id='line_1_28' title="bbox 2176 1462 3823 1535; baseline -0.001 -14"><span class='ocrx_word' id='word_1_209' title='bbox 2176 1466 2247 1521; x_wconf 90' lang='lat' dir='ltr'>de</span> <span class='ocrx_word' id='word_1_210' title='bbox 2297 1481 2402 1521; x_wconf 90' lang='lat' dir='ltr'>suo</span> <span class='ocrx_word' id='word_1_211' title='bbox 2451 1465 2708 1521; x_wconf 86' lang='lat' dir='ltr'>solvetur</span> <span class='ocrx_word' id='word_1_212' title='bbox 2754 1463 2898 1520; x_wconf 89' lang='lat' dir='ltr'>loco.</span> <span class='ocrx_word' id='word_1_213' title='bbox 2933 1463 3037 1529; x_wconf 87' lang='lat' dir='ltr'>Qui</span> <span class='ocrx_word' id='word_1_214' title='bbox 3093 1462 3248 1520; x_wconf 90' lang='lat' dir='ltr'>enim</span> <span class='ocrx_word' id='word_1_215' title='bbox 3296 1467 3602 1535; x_wconf 88' lang='lat' dir='ltr'>propterea</span> <span class='ocrx_word' id='word_1_216' title='bbox 3631 1462 3823 1519; x_wconf 87' lang='lat' dir='ltr'>factus</span> 
     </span>
    </p>
   </div>
   <div class='ocr_carea' id='block_1_29' title="bbox 2177 1550 3821 1626">
    <p class='ocr_par' dir='ltr' id='par_1_29' title="bbox 2177 1550 3821 1626">
     <span class='ocr_line' id='line_1_29' title="bbox 2177 1550 3821 1626; baseline -0.003 -16"><span class='ocrx_word' id='word_1_217' title='bbox 2177 1555 2288 1610; x_wconf 88' lang='lat' dir='ltr'>sub</span> <span class='ocrx_word' id='word_1_218' title='bbox 2320 1552 2444 1626; x_wconf 90' lang='lat' dir='ltr'>lege</span> <span class='ocrx_word' id='word_1_219' title='bbox 2475 1557 2583 1623; x_wconf 90' lang='lat' dir='ltr'>est,</span> <span class='ocrx_word' id='word_1_220' title='bbox 2615 1557 2679 1608; x_wconf 88' lang='lat' dir='ltr'>ut</span> <span class='ocrx_word' id='word_1_221' title='bbox 2709 1569 2810 1610; x_wconf 91' lang='lat' dir='ltr'>eos</span> <span class='ocrx_word' id='word_1_222' title='bbox 2842 1554 2941 1626; x_wconf 87' lang='lat' dir='ltr'>qui</span> <span class='ocrx_word' id='word_1_223' title='bbox 2973 1557 3142 1609; x_wconf 87' lang='lat' dir='ltr'>erant</span> <span class='ocrx_word' id='word_1_224' title='bbox 3172 1553 3282 1608; x_wconf 88' lang='lat' dir='ltr'>sub</span> <span class='ocrx_word' id='word_1_225' title='bbox 3312 1552 3457 1625; x_wconf 88' lang='lat' dir='ltr'>lege,</span> <span class='ocrx_word' id='word_1_226' title='bbox 3487 1550 3821 1622; x_wconf 88' lang='lat' dir='ltr'>redimeret,</span> 
     </span>
    </p>
   </div>
   <div class='ocr_carea' id='block_1_30' title="bbox 2178 1641 3822 1715">
    <p class='ocr_par' dir='ltr' id='par_1_30' title="bbox 2178 1641 3822 1715">
     <span class='ocr_line' id='line_1_30' title="bbox 2178 1641 3822 1715; baseline -0.001 -16"><span class='ocrx_word' id='word_1_227' title='bbox 2178 1644 2383 1715; x_wconf 84' lang='lat' dir='ltr'>utique</span> <span class='ocrx_word' id='word_1_228' title='bbox 2414 1659 2545 1698; x_wconf 90' lang='lat' dir='ltr'>cum</span> <span class='ocrx_word' id='word_1_229' title='bbox 2581 1646 2734 1699; x_wconf 81' lang='lat' dir='ltr'>esset</span> <span class='ocrx_word' id='word_1_230' title='bbox 2762 1642 2912 1700; x_wconf 91' lang='lat' dir='ltr'>liber</span> <span class='ocrx_word' id='word_1_231' title='bbox 2941 1660 2974 1698; x_wconf 89' lang='lat' dir='ltr'>a</span> <span class='ocrx_word' id='word_1_232' title='bbox 3000 1642 3145 1714; x_wconf 87' lang='lat' dir='ltr'>lege,</span> <span class='ocrx_word' id='word_1_233' title='bbox 3176 1641 3290 1714; x_wconf 88' lang='lat' dir='ltr'>legi</span> <span class='ocrx_word' id='word_1_234' title='bbox 3341 1657 3404 1697; x_wconf 90' lang='lat' dir='ltr'>se</span> <span class='ocrx_word' id='word_1_235' title='bbox 3433 1641 3696 1696; x_wconf 85' lang='lat' dir='ltr'>subdidit</span> <span class='ocrx_word' id='word_1_236' title='bbox 3725 1656 3822 1698; x_wconf 90' lang='lat' dir='ltr'>vo-</span> 
     </span>
    </p>
   </div>
   <div class='ocr_carea' id='block_1_31' title="bbox 2176 1729 3824 1801">
    <p class='ocr_par' dir='ltr' id='par_1_31' title="bbox 2176 1729 3824 1801">
     <span class='ocr_line' id='line_1_31' title="bbox 2176 1729 3824 1801; baseline -0.001 -13"><span class='ocrx_word' id='word_1_237' title='bbox 2176 1732 2440 1789; x_wconf 81' lang='lat' dir='ltr'>luntate:</span> <span class='ocrx_word' id='word_1_238' title='bbox 2473 1736 2531 1788; x_wconf 89' lang='lat' dir='ltr'>et</span> <span class='ocrx_word' id='word_1_239' title='bbox 2563 1732 2746 1787; x_wconf 90' lang='lat' dir='ltr'>multo</span> <span class='ocrx_word' id='word_1_240' title='bbox 2779 1735 2902 1788; x_wconf 88' lang='lat' dir='ltr'>erat</span> <span class='ocrx_word' id='word_1_241' title='bbox 2932 1730 3110 1787; x_wconf 91' lang='lat' dir='ltr'>Paulo</span> <span class='ocrx_word' id='word_1_242' title='bbox 3143 1729 3399 1796; x_wconf 89' lang='lat' dir='ltr'>liberior,</span> <span class='ocrx_word' id='word_1_243' title='bbox 3435 1729 3536 1801; x_wconf 91' lang='lat' dir='ltr'>qui</span> <span class='ocrx_word' id='word_1_244' title='bbox 3567 1746 3681 1785; x_wconf 90' lang='lat' dir='ltr'>non</span> <span class='ocrx_word' id='word_1_245' title='bbox 3714 1729 3824 1786; x_wconf 90' lang='lat' dir='ltr'>sub</span> 
     </span>
    </p>
   </div>
   <div class='ocr_carea' id='block_1_32' title="bbox 2179 1818 3828 1895">
    <p class='ocr_par' dir='ltr' id='par_1_32' title="bbox 2179 1818 3828 1895">
     <span class='ocr_line' id='line_1_32' title="bbox 2179 1818 3828 1895; baseline -0.002 -17"><span class='ocrx_word' id='word_1_246' title='bbox 2179 1821 2326 1894; x_wconf 83' lang='lat' dir='ltr'>lege,</span> <span class='ocrx_word' id='word_1_247' title='bbox 2359 1823 2460 1878; x_wconf 90' lang='lat' dir='ltr'>sed</span> <span class='ocrx_word' id='word_1_248' title='bbox 2492 1821 2658 1892; x_wconf 90' lang='lat' dir='ltr'>quasi</span> <span class='ocrx_word' id='word_1_249' title='bbox 2689 1822 2797 1878; x_wconf 87' lang='lat' dir='ltr'>sub</span> <span class='ocrx_word' id='word_1_250' title='bbox 2837 1821 2963 1895; x_wconf 90' lang='lat' dir='ltr'>lege</span> <span class='ocrx_word' id='word_1_251' title='bbox 3010 1837 3072 1878; x_wconf 88' lang='lat' dir='ltr'>se</span> <span class='ocrx_word' id='word_1_252' title='bbox 3122 1820 3302 1876; x_wconf 87' lang='lat' dir='ltr'>fuisse</span> <span class='ocrx_word' id='word_1_253' title='bbox 3338 1823 3588 1876; x_wconf 88' lang='lat' dir='ltr'>testatus</span> <span class='ocrx_word' id='word_1_254' title='bbox 3617 1823 3724 1876; x_wconf 91' lang='lat' dir='ltr'>est.</span> <span class='ocrx_word' id='word_1_255' title='bbox 3760 1818 3828 1874; x_wconf 88' lang='lat' dir='ltr'>Et</span> 
     </span>
    </p>
   </div>
   <div class='ocr_carea' id='block_1_33' title="bbox 418 1908 3829 2016">
    <p class='ocr_par' dir='ltr' id='par_1_33' title="bbox 418 1908 3829 2016">
     <span class='ocr_line' id='line_1_33' title="bbox 418 1908 3829 2016; baseline 0 -52"><span class='ocrx_word' id='word_1_256' title='bbox 418 1908 902 2016; x_wconf 39' lang='lat' dir='ltr'>n‘eus‘Scripturce</span> <span class='ocrx_word' id='word_1_257' title='bbox 932 1927 1163 1978; x_wconf 85' lang='lat' dir='ltr'>sensus,</span> <span class='ocrx_word' id='word_1_258' title='bbox 1191 1911 1294 1984; x_wconf 89' lang='lat' dir='ltr'>qui</span> <span class='ocrx_word' id='word_1_259' title='bbox 1325 1912 1630 1985; x_wconf 89' lang='lat' dir='ltr'>adimpleri</span> <span class='ocrx_word' id='word_1_260' title='bbox 1663 1915 1768 1984; x_wconf 75' lang='lat' dir='ltr'>[AL</span> <span class='ocrx_word' id='word_1_261' title='bbox 1797 1916 1936 1987; x_wconf 89' lang='lat' dir='ltr'>quia</span> <span class='ocrx_word' id='word_1_262' title='bbox 1966 1916 2070 1970; x_wconf 91' lang='lat' dir='ltr'>im-</span> <span class='ocrx_word' id='word_1_263' title='bbox 2104 1951 2146 2016; x_wconf 72' lang='grc' dir='ltr'>Β</span> <span class='ocrx_word' id='word_1_264' title='bbox 2180 1911 2473 1984; x_wconf 88' lang='lat' dir='ltr'>quomodo</span> <span class='ocrx_word' id='word_1_265' title='bbox 2521 1912 2581 1967; x_wconf 89' lang='lat' dir='ltr'>in</span> <span class='ocrx_word' id='word_1_266' title='bbox 2630 1928 2857 1968; x_wconf 64' lang='lat' dir='ltr'>eiscum</span> <span class='ocrx_word' id='word_1_267' title='bbox 2897 1915 2954 1967; x_wconf 86' lang='lat' dir='ltr'>et</span> <span class='ocrx_word' id='word_1_268' title='bbox 2983 1910 3328 1966; x_wconf 88' lang='lat' dir='ltr'>barathrum</span> <span class='ocrx_word' id='word_1_269' title='bbox 3359 1909 3566 1966; x_wconf 86' lang='lat' dir='ltr'>mortis</span> <span class='ocrx_word' id='word_1_270' title='bbox 3592 1912 3829 1982; x_wconf 81' lang='lat' dir='ltr'>propter</span> 
     </span>
    </p>
   </div>
   <div class='ocr_carea' id='block_1_34' title="bbox 418 1996 2066 2077">
    <p class='ocr_par' dir='ltr' id='par_1_34' title="bbox 418 1996 2066 2077">
     <span class='ocr_line' id='line_1_34' title="bbox 418 1996 2066 2077; baseline 0.004 -23"><span class='ocrx_word' id='word_1_271' title='bbox 418 1996 586 2071; x_wconf 84' lang='lat' dir='ltr'>pleri]</span> <span class='ocrx_word' id='word_1_272' title='bbox 633 2015 751 2056; x_wconf 90' lang='lat' dir='ltr'>non</span> <span class='ocrx_word' id='word_1_273' title='bbox 806 2003 998 2071; x_wconf 86' lang='lat' dir='ltr'>potest</span> <span class='ocrx_word' id='word_1_274' title='bbox 1045 2000 1174 2071; x_wconf 91' lang='lat' dir='ltr'>(nec</span> <span class='ocrx_word' id='word_1_275' title='bbox 1220 2000 1377 2057; x_wconf 90' lang='lat' dir='ltr'>enim</span> <span class='ocrx_word' id='word_1_276' title='bbox 1416 2001 1681 2060; x_wconf 91' lang='lat' dir='ltr'>valemus</span> <span class='ocrx_word' id='word_1_277' title='bbox 1711 2005 1910 2061; x_wconf 87' lang='lat' dir='ltr'>omnia</span> <span class='ocrx_word' id='word_1_278' title='bbox 1940 2022 2066 2077; x_wconf 81' lang='lat' dir='ltr'>quas</span> 
     </span>
    </p>
   </div>
   <div class='ocr_carea' id='block_1_35' title="bbox 417 2085 2068 2167">
    <p class='ocr_par' dir='ltr' id='par_1_35' title="bbox 417 2085 2068 2167">
     <span class='ocr_line' id='line_1_35' title="bbox 417 2085 2068 2167; baseline 0.003 -21"><span class='ocrx_word' id='word_1_279' title='bbox 417 2085 637 2158; x_wconf 80' lang='lat' dir='ltr'>scripta</span> <span class='ocrx_word' id='word_1_280' title='bbox 665 2091 806 2145; x_wconf 87' lang='lat' dir='ltr'>sunt</span> <span class='ocrx_word' id='word_1_281' title='bbox 834 2087 1044 2161; x_wconf 87' lang='lat' dir='ltr'>facere)</span> <span class='ocrx_word' id='word_1_282' title='bbox 1078 2091 1335 2146; x_wconf 86' lang='lat' dir='ltr'>ostendit</span> <span class='ocrx_word' id='word_1_283' title='bbox 1364 2107 1470 2148; x_wconf 89' lang='lat' dir='ltr'>nos</span> <span class='ocrx_word' id='word_1_284' title='bbox 1502 2109 1616 2148; x_wconf 92' lang='lat' dir='ltr'>non</span> <span class='ocrx_word' id='word_1_285' title='bbox 1650 2092 1710 2148; x_wconf 91' lang='lat' dir='ltr'>in</span> <span class='ocrx_word' id='word_1_286' title='bbox 1742 2098 1943 2150; x_wconf 86' lang='lat' dir='ltr'>nostra</span> <span class='ocrx_word' id='word_1_287' title='bbox 1973 2111 2068 2167; x_wconf 86' lang='lat' dir='ltr'>po-</span> 
     </span>
    </p>
   </div>
   <div class='ocr_carea' id='block_1_36' title="bbox 419 2175 2070 2251">
    <p class='ocr_par' dir='ltr' id='par_1_36' title="bbox 419 2175 2070 2251">
     <span class='ocr_line' id='line_1_36' title="bbox 419 2175 2070 2251; baseline 0.005 -19"><span class='ocrx_word' id='word_1_288' title='bbox 419 2175 567 2233; x_wconf 79' lang='lat' dir='ltr'>Iitos</span> <span class='ocrx_word' id='word_1_289' title='bbox 595 2179 885 2248; x_wconf 85' lang='lat' dir='ltr'>potestate</span> <span class='ocrx_word' id='word_1_290' title='bbox 915 2177 1062 2251; x_wconf 86' lang='lat' dir='ltr'>legis</span> <span class='ocrx_word' id='word_1_291' title='bbox 1093 2178 1409 2251; x_wconf 61' lang='lat' dir='ltr'>explenda,</span> <span class='ocrx_word' id='word_1_292' title='bbox 1442 2197 1577 2237; x_wconf 90' lang='lat' dir='ltr'>cum</span> <span class='ocrx_word' id='word_1_293' title='bbox 1607 2181 1782 2238; x_wconf 90' lang='lat' dir='ltr'>etiam</span> <span class='ocrx_word' id='word_1_294' title='bbox 1831 2183 1879 2239; x_wconf 89' lang='lat' dir='ltr'>si</span> <span class='ocrx_word' id='word_1_295' title='bbox 1930 2184 2070 2241; x_wconf 88' lang='lat' dir='ltr'>veli-</span> 
     </span>
    </p>
   </div>
   <div class='ocr_carea' id='block_1_37' title="bbox 419 2265 2067 2342">
    <p class='ocr_par' dir='ltr' id='par_1_37' title="bbox 419 2265 2067 2342">
     <span class='ocr_line' id='line_1_37' title="bbox 419 2265 2067 2342; baseline 0.004 -20"><span class='ocrx_word' id='word_1_296' title='bbox 419 2281 554 2322; x_wconf 80' lang='lat' dir='ltr'>mus</span> <span class='ocrx_word' id='word_1_297' title='bbox 583 2265 840 2322; x_wconf 83' lang='lat' dir='ltr'>litteram</span> <span class='ocrx_word' id='word_1_298' title='bbox 892 2267 1081 2338; x_wconf 85' lang='lat' dir='ltr'>sequi,</span> <span class='ocrx_word' id='word_1_299' title='bbox 1115 2268 1562 2342; x_wconf 87' lang='lat' dir='ltr'>impossibilitas</span> <span class='ocrx_word' id='word_1_300' title='bbox 1609 2289 1726 2328; x_wconf 90' lang='lat' dir='ltr'>non</span> <span class='ocrx_word' id='word_1_301' title='bbox 1775 2273 2067 2330; x_wconf 83' lang='lat' dir='ltr'>admittat.</span> 
     </span>
    </p>
   </div>
   <div class='ocr_carea' id='block_1_38' title="bbox 489 2354 2072 2430">
    <p class='ocr_par' dir='ltr' id='par_1_38' title="bbox 489 2354 2072 2430">
     <span class='ocr_line' id='line_1_38' title="bbox 489 2354 2072 2430; baseline 0.008 -23"><span class='ocrx_word' id='word_1_302' title='bbox 489 2354 676 2421; x_wconf 88' lang='lat' dir='ltr'>(Vers.</span> <span class='ocrx_word' id='word_1_303' title='bbox 713 2356 828 2427; x_wconf 74' lang='lat'>18.)</span> <span class='ocrx_word' id='word_1_304' title='bbox 869 2379 900 2410; x_wconf 78' lang='grc' dir='ltr'>ιι</span> <span class='ocrx_word' id='word_1_305' title='bbox 932 2358 1098 2424; x_wconf 86' lang='lat' dir='ltr'>Quod</span> <span class='ocrx_word' id='word_1_306' title='bbox 1129 2358 1176 2414; x_wconf 91' lang='lat' dir='ltr'>si</span> <span class='ocrx_word' id='word_1_307' title='bbox 1204 2359 1411 2430; x_wconf 86' lang='lat' dir='ltr'>spiritu</span> <span class='ocrx_word' id='word_1_308' title='bbox 1443 2360 1749 2429; x_wconf 90' lang='lat' dir='ltr'>ducimini,</span> <span class='ocrx_word' id='word_1_309' title='bbox 1784 2379 1899 2418; x_wconf 91' lang='lat' dir='ltr'>non</span> <span class='ocrx_word' id='word_1_310' title='bbox 1930 2364 2072 2421; x_wconf 84' lang='lat' dir='ltr'>estis</span> 
     </span>
    </p>
   </div>
   <div class='ocr_carea' id='block_1_39' title="bbox 419 2443 2074 2525">
    <p class='ocr_par' dir='ltr' id='par_1_39' title="bbox 419 2443 2074 2525">
     <span class='ocr_line' id='line_1_39' title="bbox 419 2443 2074 2525; baseline 0.004 -23"><span class='ocrx_word' id='word_1_311' title='bbox 419 2443 530 2503; x_wconf 85' lang='lat' dir='ltr'>sub</span> <span class='ocrx_word' id='word_1_312' title='bbox 583 2443 730 2517; x_wconf 88' lang='lat' dir='ltr'>lege.</span> <span class='ocrx_word' id='word_1_313' title='bbox 761 2465 791 2496; x_wconf 82' lang='grc'><strong>››</strong></span> <span class='ocrx_word' id='word_1_314' title='bbox 845 2445 1129 2518; x_wconf 89' lang='lat' dir='ltr'>Spiritum</span> <span class='ocrx_word' id='word_1_315' title='bbox 1173 2465 1290 2504; x_wconf 92' lang='lat' dir='ltr'>non</span> <span class='ocrx_word' id='word_1_316' title='bbox 1320 2465 1476 2520; x_wconf 88' lang='lat' dir='ltr'>eum,</span> <span class='ocrx_word' id='word_1_317' title='bbox 1508 2450 1582 2506; x_wconf 89' lang='lat' dir='ltr'>de</span> <span class='ocrx_word' id='word_1_318' title='bbox 1611 2467 1727 2522; x_wconf 92' lang='lat' dir='ltr'>quo</span> <span class='ocrx_word' id='word_1_319' title='bbox 1756 2453 2074 2525; x_wconf 81' lang='lat' dir='ltr'>Apostolus</span> 
     </span>
    </p>
   </div>
   <div class='ocr_carea' id='block_1_40' title="bbox 418 2532 2075 2610">
    <p class='ocr_par' dir='ltr' id='par_1_40' title="bbox 418 2532 2075 2610">
     <span class='ocr_line' id='line_1_40' title="bbox 418 2532 2075 2610; baseline 0.005 -20"><span class='ocrx_word' id='word_1_320' title='bbox 418 2532 478 2590; x_wconf 84' lang='lat' dir='ltr'>in</span> <span class='ocrx_word' id='word_1_321' title='bbox 528 2532 643 2589; x_wconf 87' lang='lat' dir='ltr'>alio</span> <span class='ocrx_word' id='word_1_322' title='bbox 689 2532 818 2590; x_wconf 90' lang='lat' dir='ltr'>loco</span> <span class='ocrx_word' id='word_1_323' title='bbox 866 2534 1171 2606; x_wconf 88' lang='lat' dir='ltr'>loquitur:</span> <span class='ocrx_word' id='word_1_324' title='bbox 1226 2539 1350 2609; x_wconf 79' lang='lat' dir='ltr'>Ipse.</span> <span class='ocrx_word' id='word_1_325' title='bbox 1401 2539 1643 2610; x_wconf 83' lang='lat' dir='ltr'>Spiritus</span> <span class='ocrx_word' id='word_1_326' title='bbox 1700 2544 2075 2599; x_wconf 83' lang='lat' dir='ltr'>testimonium</span> 
     </span>
    </p>
   </div>
   <div class='ocr_carea' id='block_1_41' title="bbox 413 2622 2070 2703">
    <p class='ocr_par' dir='ltr' id='par_1_41' title="bbox 413 2622 2070 2703">
     <span class='ocr_line' id='line_1_41' title="bbox 413 2622 2070 2703; baseline 0.007 -26"><span class='ocrx_word' id='word_1_327' title='bbox 413 2622 669 2697; x_wconf 68' lang='lat' dir='ltr'>perhibet</span> <span class='ocrx_word' id='word_1_328' title='bbox 712 2625 940 2695; x_wconf 73' lang='lat' dir='ltr'>spiritui</span> <span class='ocrx_word' id='word_1_329' title='bbox 987 2634 1190 2696; x_wconf 81' lang='lat' dir='ltr'>nostro,</span> <span class='ocrx_word' id='word_1_330' title='bbox 1226 2627 1369 2698; x_wconf 87' lang='lat' dir='ltr'>quod</span> <span class='ocrx_word' id='word_1_331' title='bbox 1397 2631 1722 2700; x_wconf 79' lang='lat' dir='ltr'>sumusﬂlii</span> <span class='ocrx_word' id='word_1_332' title='bbox 1749 2633 1852 2687; x_wconf 83' lang='lat' dir='ltr'>Dei</span> <span class='ocrx_word' id='word_1_333' title='bbox 1892 2634 2070 2703; x_wconf 81' lang='lat' dir='ltr'>(Rom.</span> 
     </span>
    </p>
   </div>
   <div class='ocr_carea' id='block_1_42' title="bbox 418 2712 2074 2792">
    <p class='ocr_par' dir='ltr' id='par_1_42' title="bbox 418 2712 2074 2792">
     <span class='ocr_line' id='line_1_42' title="bbox 418 2712 2074 2792; baseline 0.007 -25"><span class='ocrx_word' id='word_1_334' title='bbox 418 2727 542 2782; x_wconf 76' lang='lat' dir='ltr'>vni,</span> <span class='ocrx_word' id='word_1_335' title='bbox 561 2712 672 2785; x_wconf 87' lang='lat'>16),</span> <span class='ocrx_word' id='word_1_336' title='bbox 687 2712 750 2769; x_wconf 87' lang='lat' dir='ltr'>id.</span> <span class='ocrx_word' id='word_1_337' title='bbox 769 2718 1008 2780; x_wconf 87' lang='lat' dir='ltr'>est,non</span> <span class='ocrx_word' id='word_1_338' title='bbox 1030 2714 1302 2786; x_wconf 87' lang='lat' dir='ltr'>spiritum</span> <span class='ocrx_word' id='word_1_339' title='bbox 1326 2717 1586 2774; x_wconf 88' lang='lat' dir='ltr'>hominis</span> <span class='ocrx_word' id='word_1_340' title='bbox 1608 2720 1708 2790; x_wconf 91' lang='lat' dir='ltr'>qui</span> <span class='ocrx_word' id='word_1_341' title='bbox 1731 2719 1788 2774; x_wconf 92' lang='lat' dir='ltr'>in</span> <span class='ocrx_word' id='word_1_342' title='bbox 1815 2720 1942 2792; x_wconf 90' lang='lat' dir='ltr'>ipso</span> <span class='ocrx_word' id='word_1_343' title='bbox 1963 2726 2074 2788; x_wconf 87' lang='lat' dir='ltr'>est,</span> 
     </span>
    </p>
   </div>
   <div class='ocr_carea' id='block_1_43' title="bbox 421 2800 2071 2881">
    <p class='ocr_par' dir='ltr' id='par_1_43' title="bbox 421 2800 2071 2881">
     <span class='ocr_line' id='line_1_43' title="bbox 421 2800 2071 2881; baseline 0.004 -22"><span class='ocrx_word' id='word_1_344' title='bbox 421 2801 524 2859; x_wconf 84' lang='lat' dir='ltr'>sed</span> <span class='ocrx_word' id='word_1_345' title='bbox 546 2800 834 2873; x_wconf 84' lang='lat' dir='ltr'>Spiritum</span> <span class='ocrx_word' id='word_1_346' title='bbox 859 2807 1132 2860; x_wconf 87' lang='lat' dir='ltr'>sanctum</span> <span class='ocrx_word' id='word_1_347' title='bbox 1164 2805 1494 2878; x_wconf 84' lang='lat' dir='ltr'>signiﬁcat:</span> <span class='ocrx_word' id='word_1_348' title='bbox 1529 2823 1705 2878; x_wconf 89' lang='lat' dir='ltr'>quem</span> <span class='ocrx_word' id='word_1_349' title='bbox 1737 2816 2071 2881; x_wconf 87' lang='lat' dir='ltr'>sequentes,</span> 
     </span>
    </p>
   </div>
   <div class='ocr_carea' id='block_1_44' title="bbox 420 2889 2072 2968">
    <p class='ocr_par' dir='ltr' id='par_1_44' title="bbox 420 2889 2072 2968">
     <span class='ocr_line' id='line_1_44' title="bbox 420 2889 2072 2968; baseline 0.005 -21"><span class='ocrx_word' id='word_1_350' title='bbox 420 2889 712 2964; x_wconf 77' lang='lat' dir='ltr'>efﬁcimur</span> <span class='ocrx_word' id='word_1_351' title='bbox 739 2891 1102 2964; x_wconf 87' lang='lat' dir='ltr'>spirituales,</span> <span class='ocrx_word' id='word_1_352' title='bbox 1133 2897 1189 2950; x_wconf 91' lang='lat' dir='ltr'>et</span> <span class='ocrx_word' id='word_1_353' title='bbox 1219 2895 1330 2950; x_wconf 86' lang='lat' dir='ltr'>sub</span> <span class='ocrx_word' id='word_1_354' title='bbox 1359 2894 1486 2968; x_wconf 88' lang='lat' dir='ltr'>lege</span> <span class='ocrx_word' id='word_1_355' title='bbox 1517 2912 1680 2952; x_wconf 89' lang='lat' dir='ltr'>essse</span> <span class='ocrx_word' id='word_1_356' title='bbox 1709 2897 2072 2955; x_wconf 90' lang='lat' dir='ltr'>desistimus.</span> 
     </span>
    </p>
   </div>
   <div class='ocr_carea' id='block_1_45' title="bbox 420 2977 2076 3064">
    <p class='ocr_par' dir='ltr' id='par_1_45' title="bbox 420 2977 2076 3064">
     <span class='ocr_line' id='line_1_45' title="bbox 420 2977 2076 3064; baseline 0.004 -28"><span class='ocrx_word' id='word_1_357' title='bbox 420 2977 756 3038; x_wconf 80' lang='lat' dir='ltr'>Notandum</span> <span class='ocrx_word' id='word_1_358' title='bbox 790 2997 926 3052; x_wconf 85' lang='lat' dir='ltr'>ergo</span> <span class='ocrx_word' id='word_1_359' title='bbox 955 2983 1111 3054; x_wconf 90' lang='lat' dir='ltr'>quod</span> <span class='ocrx_word' id='word_1_360' title='bbox 1142 2981 1240 3038; x_wconf 87' lang='lat' dir='ltr'>hic</span> <span class='ocrx_word' id='word_1_361' title='bbox 1270 2983 1516 3055; x_wconf 87' lang='lat' dir='ltr'>spiritus</span> <span class='ocrx_word' id='word_1_362' title='bbox 1547 3001 1662 3040; x_wconf 91' lang='lat' dir='ltr'>non</span> <span class='ocrx_word' id='word_1_363' title='bbox 1705 3003 1838 3041; x_wconf 88' lang='lat' dir='ltr'>cum</span> <span class='ocrx_word' id='word_1_364' title='bbox 1893 2984 2076 3064; x_wconf 73' lang='grc' dir='ltr'>ἄρθρῳ</span> 
     </span>
    </p>
   </div>
   <div class='ocr_carea' id='block_1_46' title="bbox 429 3069 2078 3146">
    <p class='ocr_par' dir='ltr' id='par_1_46' title="bbox 429 3069 2078 3146">
     <span class='ocr_line' id='line_1_46' title="bbox 429 3069 2078 3146; baseline 0.005 -23"><span class='ocrx_word' id='word_1_365' title='bbox 429 3069 732 3141; x_wconf 70' lang='lat' dir='ltr'>(articulo),</span> <span class='ocrx_word' id='word_1_366' title='bbox 765 3073 824 3126; x_wconf 85' lang='lat' dir='ltr'>et</span> <span class='ocrx_word' id='word_1_367' title='bbox 851 3087 990 3127; x_wconf 82' lang='lat' dir='ltr'>cum</span> <span class='ocrx_word' id='word_1_368' title='bbox 1017 3070 1417 3128; x_wconf 82' lang='lat' dir='ltr'>additamenta</span> <span class='ocrx_word' id='word_1_369' title='bbox 1447 3073 1667 3146; x_wconf 85' lang='lat' dir='ltr'>aliquo,</span> <span class='ocrx_word' id='word_1_370' title='bbox 1699 3074 1854 3130; x_wconf 88' lang='lat' dir='ltr'>sicut</span> <span class='ocrx_word' id='word_1_371' title='bbox 1883 3075 1940 3131; x_wconf 90' lang='lat' dir='ltr'>in</span> <span class='ocrx_word' id='word_1_372' title='bbox 1975 3093 2078 3132; x_wconf 76' lang='lat' dir='ltr'>cae-</span> 
     </span>
    </p>
   </div>
   <div class='ocr_carea' id='block_1_47' title="bbox 424 3157 2076 3237">
    <p class='ocr_par' dir='ltr' id='par_1_47' title="bbox 424 3157 2076 3237">
     <span class='ocr_line' id='line_1_47' title="bbox 424 3157 2076 3237; baseline 0.004 -23"><span class='ocrx_word' id='word_1_373' title='bbox 424 3158 568 3215; x_wconf 84' lang='lat' dir='ltr'>teris</span> <span class='ocrx_word' id='word_1_374' title='bbox 598 3157 872 3231; x_wconf 86' lang='lat' dir='ltr'>legimus,</span> <span class='ocrx_word' id='word_1_375' title='bbox 897 3160 1170 3232; x_wconf 81' lang='lat' dir='ltr'>spiritum</span> <span class='ocrx_word' id='word_1_376' title='bbox 1193 3162 1689 3235; x_wconf 81' lang='lat' dir='ltr'>mansuetudinis,</span> <span class='ocrx_word' id='word_1_377' title='bbox 1715 3168 1772 3220; x_wconf 90' lang='lat' dir='ltr'>et</span> <span class='ocrx_word' id='word_1_378' title='bbox 1800 3165 2076 3237; x_wconf 87' lang='lat' dir='ltr'>spiritum</span> 
     </span>
    </p>
   </div>
   <div class='ocr_carea' id='block_1_48' title="bbox 426 3245 2078 3327">
    <p class='ocr_par' dir='ltr' id='par_1_48' title="bbox 426 3245 2078 3327">
     <span class='ocr_line' id='line_1_48' title="bbox 426 3245 2078 3327; baseline 0.002 -20"><span class='ocrx_word' id='word_1_379' title='bbox 426 3245 567 3307; x_wconf 76' lang='lat' dir='ltr'>ﬁdei</span> <span class='ocrx_word' id='word_1_380' title='bbox 603 3265 623 3303; x_wconf 76' lang='grc' dir='ltr'>ι</span> <span class='ocrx_word' id='word_1_381' title='bbox 673 3249 779 3306; x_wconf 80' lang='lat' dir='ltr'>sed</span> <span class='ocrx_word' id='word_1_382' title='bbox 824 3249 1172 3322; x_wconf 82' lang='lat' dir='ltr'>simpliciter</span> <span class='ocrx_word' id='word_1_383' title='bbox 1218 3250 1475 3324; x_wconf 86' lang='lat' dir='ltr'>Spiritus</span> <span class='ocrx_word' id='word_1_384' title='bbox 1523 3252 1899 3325; x_wconf 87' lang='lat' dir='ltr'>appellatur:</span> <span class='ocrx_word' id='word_1_385' title='bbox 1950 3272 2078 3327; x_wconf 69' lang='lat' dir='ltr'>quae</span> 
     </span>
    </p>
   </div>
   <div class='ocr_carea' id='block_1_49' title="bbox 2180 1999 3832 2072">
    <p class='ocr_par' dir='ltr' id='par_1_49' title="bbox 2180 1999 3832 2072">
     <span class='ocr_line' id='line_1_49' title="bbox 2180 1999 3832 2072; baseline -0.002 -14"><span class='ocrx_word' id='word_1_386' title='bbox 2180 2017 2288 2058; x_wconf 85' lang='lat' dir='ltr'>nos</span> <span class='ocrx_word' id='word_1_387' title='bbox 2337 2001 2656 2069; x_wconf 88' lang='lat' dir='ltr'>descendit,</span> <span class='ocrx_word' id='word_1_388' title='bbox 2690 2001 2789 2072; x_wconf 89' lang='lat' dir='ltr'>qui</span> <span class='ocrx_word' id='word_1_389' title='bbox 2841 2001 3158 2057; x_wconf 81' lang='lat' dir='ltr'>orabamus</span> <span class='ocrx_word' id='word_1_390' title='bbox 3203 1999 3512 2056; x_wconf 87' lang='lat' dir='ltr'>dicentes:</span> <span class='ocrx_word' id='word_1_391' title='bbox 3563 2000 3695 2068; x_wconf 84' lang='lat' dir='ltr'>Quis</span> <span class='ocrx_word' id='word_1_392' title='bbox 3740 2013 3832 2055; x_wconf 79' lang='lat' dir='ltr'>me</span> 
     </span>
    </p>
   </div>
   <div class='ocr_carea' id='block_1_50' title="bbox 2182 2087 3830 2162">
    <p class='ocr_par' dir='ltr' id='par_1_50' title="bbox 2182 2087 3830 2162">
     <span class='ocr_line' id='line_1_50' title="bbox 2182 2087 3830 2162; baseline -0.001 -16"><span class='ocrx_word' id='word_1_393' title='bbox 2182 2091 2438 2147; x_wconf 81' lang='lat' dir='ltr'>liberabit</span> <span class='ocrx_word' id='word_1_394' title='bbox 2467 2091 2535 2147; x_wconf 85' lang='lat' dir='ltr'>de</span> <span class='ocrx_word' id='word_1_395' title='bbox 2560 2106 2782 2162; x_wconf 82' lang='lat' dir='ltr'>corpore</span> <span class='ocrx_word' id='word_1_396' title='bbox 2806 2093 3005 2146; x_wconf 80' lang='lat' dir='ltr'>mortis</span> <span class='ocrx_word' id='word_1_397' title='bbox 3033 2090 3197 2161; x_wconf 86' lang='lat' dir='ltr'>hujus</span> <span class='ocrx_word' id='word_1_398' title='bbox 3226 2091 3399 2161; x_wconf 78' lang='lat' dir='ltr'>(Rom.</span> <span class='ocrx_word' id='word_1_399' title='bbox 3432 2105 3532 2156; x_wconf 85' lang='lat' dir='ltr'>vu,</span> <span class='ocrx_word' id='word_1_400' title='bbox 3562 2090 3656 2158; x_wconf 84' lang='grc'>24)</span> <span class='ocrx_word' id='word_1_401' title='bbox 3675 2089 3703 2146; x_wconf 79' lang='lat' dir='ltr'>‘l</span> <span class='ocrx_word' id='word_1_402' title='bbox 3748 2087 3830 2144; x_wconf 88' lang='lat' dir='ltr'>ita</span> 
     </span>
    </p>
   </div>
   <div class='ocr_carea' id='block_1_51' title="bbox 2181 2177 3830 2250">
    <p class='ocr_par' dir='ltr' id='par_1_51' title="bbox 2181 2177 3830 2250">
     <span class='ocr_line' id='line_1_51' title="bbox 2181 2177 3830 2250; baseline -0.002 -14"><span class='ocrx_word' id='word_1_403' title='bbox 2181 2185 2238 2236; x_wconf 85' lang='lat' dir='ltr'>st</span> <span class='ocrx_word' id='word_1_404' title='bbox 2268 2196 2332 2235; x_wconf 77' lang='lat' dir='ltr'>ex</span> <span class='ocrx_word' id='word_1_405' title='bbox 2367 2179 2614 2236; x_wconf 88' lang='lat' dir='ltr'>muliere</span> <span class='ocrx_word' id='word_1_406' title='bbox 2644 2180 2806 2234; x_wconf 90' lang='lat' dir='ltr'>nasci</span> <span class='ocrx_word' id='word_1_407' title='bbox 2838 2178 3040 2245; x_wconf 89' lang='lat' dir='ltr'>voluit,</span> <span class='ocrx_word' id='word_1_408' title='bbox 3074 2183 3130 2233; x_wconf 91' lang='lat' dir='ltr'>et</span> <span class='ocrx_word' id='word_1_409' title='bbox 3158 2195 3286 2234; x_wconf 90' lang='lat' dir='ltr'>esse</span> <span class='ocrx_word' id='word_1_410' title='bbox 3316 2179 3425 2233; x_wconf 90' lang='lat' dir='ltr'>sub</span> <span class='ocrx_word' id='word_1_411' title='bbox 3456 2177 3603 2250; x_wconf 88' lang='lat' dir='ltr'>lege,</span> <span class='ocrx_word' id='word_1_412' title='bbox 3634 2180 3700 2234; x_wconf 90' lang='lat' dir='ltr'>ut</span> <span class='ocrx_word' id='word_1_413' title='bbox 3730 2192 3830 2233; x_wconf 88' lang='lat' dir='ltr'>eos</span> 
     </span>
    </p>
   </div>
   <div class='ocr_carea' id='block_1_52' title="bbox 2183 2265 3834 2342">
    <p class='ocr_par' dir='ltr' id='par_1_52' title="bbox 2183 2265 3834 2342">
     <span class='ocr_line' id='line_1_52' title="bbox 2183 2265 3834 2342; baseline -0.002 -17"><span class='ocrx_word' id='word_1_414' title='bbox 2183 2269 2282 2342; x_wconf 91' lang='lat' dir='ltr'>qui</span> <span class='ocrx_word' id='word_1_415' title='bbox 2316 2269 2436 2325; x_wconf 88' lang='lat' dir='ltr'>nati</span> <span class='ocrx_word' id='word_1_416' title='bbox 2467 2273 2633 2325; x_wconf 88' lang='lat' dir='ltr'>erant</span> <span class='ocrx_word' id='word_1_417' title='bbox 2662 2269 2735 2324; x_wconf 91' lang='lat' dir='ltr'>de</span> <span class='ocrx_word' id='word_1_418' title='bbox 2766 2267 3030 2337; x_wconf 89' lang='lat' dir='ltr'>muliere,</span> <span class='ocrx_word' id='word_1_419' title='bbox 3064 2272 3120 2324; x_wconf 89' lang='lat' dir='ltr'>et</span> <span class='ocrx_word' id='word_1_420' title='bbox 3150 2267 3260 2323; x_wconf 90' lang='lat' dir='ltr'>sub</span> <span class='ocrx_word' id='word_1_421' title='bbox 3289 2267 3436 2339; x_wconf 87' lang='lat' dir='ltr'>lege,</span> <span class='ocrx_word' id='word_1_422' title='bbox 3469 2265 3736 2322; x_wconf 87' lang='lat' dir='ltr'>salvaret.</span> <span class='ocrx_word' id='word_1_423' title='bbox 3762 2266 3834 2322; x_wconf 87' lang='lat' dir='ltr'>Et</span> 
     </span>
    </p>
   </div>
   <div class='ocr_carea' id='block_1_53' title="bbox 2183 2357 3828 2426">
    <p class='ocr_par' dir='ltr' id='par_1_53' title="bbox 2183 2357 3828 2426">
     <span class='ocr_line' id='line_1_53' title="bbox 2183 2357 3828 2426; baseline -0.002 -12"><span class='ocrx_word' id='word_1_424' title='bbox 2183 2363 2338 2414; x_wconf 88' lang='lat' dir='ltr'>certe</span> <span class='ocrx_word' id='word_1_425' title='bbox 2388 2375 2506 2415; x_wconf 91' lang='lat' dir='ltr'>non</span> <span class='ocrx_word' id='word_1_426' title='bbox 2551 2363 2640 2414; x_wconf 91' lang='lat' dir='ltr'>est</span> <span class='ocrx_word' id='word_1_427' title='bbox 2689 2363 2864 2414; x_wconf 88' lang='lat' dir='ltr'>natus</span> <span class='ocrx_word' id='word_1_428' title='bbox 2895 2358 2966 2414; x_wconf 91' lang='lat' dir='ltr'>de</span> <span class='ocrx_word' id='word_1_429' title='bbox 2998 2357 3258 2425; x_wconf 87' lang='lat' dir='ltr'>muliere,</span> <span class='ocrx_word' id='word_1_430' title='bbox 3293 2357 3350 2412; x_wconf 92' lang='lat' dir='ltr'>id</span> <span class='ocrx_word' id='word_1_431' title='bbox 3382 2359 3491 2422; x_wconf 87' lang='lat' dir='ltr'>est,</span> <span class='ocrx_word' id='word_1_432' title='bbox 3523 2357 3596 2413; x_wconf 92' lang='lat' dir='ltr'>de</span> <span class='ocrx_word' id='word_1_433' title='bbox 3625 2359 3828 2426; x_wconf 86' lang='lat' dir='ltr'>nupta,</span> 
     </span>
    </p>
   </div>
   <div class='ocr_carea' id='block_1_54' title="bbox 2183 2444 3833 2521">
    <p class='ocr_par' dir='ltr' id='par_1_54' title="bbox 2183 2444 3833 2521">
     <span class='ocr_line' id='line_1_54' title="bbox 2183 2444 3833 2521; baseline -0.003 -17"><span class='ocrx_word' id='word_1_434' title='bbox 2183 2449 2284 2504; x_wconf 88' lang='lat' dir='ltr'>sed</span> <span class='ocrx_word' id='word_1_435' title='bbox 2316 2449 2386 2504; x_wconf 85' lang='lat' dir='ltr'>de</span> <span class='ocrx_word' id='word_1_436' title='bbox 2409 2449 2656 2521; x_wconf 76' lang='lat' dir='ltr'>virgine.</span> <span class='ocrx_word' id='word_1_437' title='bbox 2691 2447 2909 2503; x_wconf 89' lang='lat' dir='ltr'>Verum</span> <span class='ocrx_word' id='word_1_438' title='bbox 2942 2448 3181 2506; x_wconf 88' lang='lat' dir='ltr'>abusive</span> <span class='ocrx_word' id='word_1_439' title='bbox 3210 2446 3370 2520; x_wconf 90' lang='lat' dir='ltr'>virgo</span> <span class='ocrx_word' id='word_1_440' title='bbox 3400 2445 3613 2502; x_wconf 85' lang='lat' dir='ltr'>mulier</span> <span class='ocrx_word' id='word_1_441' title='bbox 3639 2444 3833 2518; x_wconf 82' lang='lat' dir='ltr'>appel-</span> 
     </span>
    </p>
   </div>
   <div class='ocr_carea' id='block_1_55' title="bbox 2184 2535 3830 2610">
    <p class='ocr_par' dir='ltr' id='par_1_55' title="bbox 2184 2535 3830 2610">
     <span class='ocr_line' id='line_1_55' title="bbox 2184 2535 3830 2610; baseline -0.003 -15"><span class='ocrx_word' id='word_1_442' title='bbox 2184 2537 2302 2595; x_wconf 67' lang='lat' dir='ltr'>leta</span> <span class='ocrx_word' id='word_1_443' title='bbox 2331 2541 2440 2604; x_wconf 88' lang='lat' dir='ltr'>est,</span> <span class='ocrx_word' id='word_1_444' title='bbox 2473 2541 2712 2610; x_wconf 87' lang='lat' dir='ltr'>propter</span> <span class='ocrx_word' id='word_1_445' title='bbox 2742 2553 2840 2593; x_wconf 92' lang='lat' dir='ltr'>eos</span> <span class='ocrx_word' id='word_1_446' title='bbox 2878 2537 2977 2609; x_wconf 90' lang='lat' dir='ltr'>qui</span> <span class='ocrx_word' id='word_1_447' title='bbox 3008 2536 3169 2592; x_wconf 86' lang='lat' dir='ltr'>illam</span> <span class='ocrx_word' id='word_1_448' title='bbox 3205 2535 3386 2592; x_wconf 90' lang='lat' dir='ltr'>fuisse</span> <span class='ocrx_word' id='word_1_449' title='bbox 3413 2535 3700 2608; x_wconf 83' lang='lat' dir='ltr'>virginem</span> <span class='ocrx_word' id='word_1_450' title='bbox 3731 2550 3830 2590; x_wconf 58' lang='lat' dir='ltr'>ne.</span> 
     </span>
    </p>
   </div>
   <div class='ocr_carea' id='block_1_56' title="bbox 2185 2624 3836 2698">
    <p class='ocr_par' dir='ltr' id='par_1_56' title="bbox 2185 2624 3836 2698">
     <span class='ocr_line' id='line_1_56' title="bbox 2185 2624 3836 2698; baseline -0.003 -15"><span class='ocrx_word' id='word_1_451' title='bbox 2185 2628 2468 2683; x_wconf 89' lang='lat' dir='ltr'>sciebant.</span> <span class='ocrx_word' id='word_1_452' title='bbox 2504 2627 2576 2682; x_wconf 91' lang='lat' dir='ltr'>Ut</span> <span class='ocrx_word' id='word_1_453' title='bbox 2608 2628 2806 2698; x_wconf 86' lang='lat' dir='ltr'>itaque</span> <span class='ocrx_word' id='word_1_454' title='bbox 2838 2631 3075 2698; x_wconf 87' lang='lat' dir='ltr'>propter</span> <span class='ocrx_word' id='word_1_455' title='bbox 3101 2625 3254 2690; x_wconf 89' lang='lat' dir='ltr'>illos,</span> <span class='ocrx_word' id='word_1_456' title='bbox 3287 2624 3389 2695; x_wconf 90' lang='lat' dir='ltr'>qui</span> <span class='ocrx_word' id='word_1_457' title='bbox 3427 2627 3690 2680; x_wconf 88' lang='lat' dir='ltr'>sanctam</span> <span class='ocrx_word' id='word_1_458' title='bbox 3721 2627 3836 2679; x_wconf 81' lang='lat' dir='ltr'>Ma-</span> 
     </span>
    </p>
   </div>
   <div class='ocr_carea' id='block_1_57' title="bbox 2186 2712 3836 2785">
    <p class='ocr_par' dir='ltr' id='par_1_57' title="bbox 2186 2712 3836 2785">
     <span class='ocr_line' id='line_1_57' title="bbox 2186 2712 3836 2785; baseline -0.002 -13"><span class='ocrx_word' id='word_1_459' title='bbox 2186 2717 2333 2772; x_wconf 91' lang='lat' dir='ltr'>riam</span> <span class='ocrx_word' id='word_1_460' title='bbox 2386 2716 2825 2772; x_wconf 86' lang='lat' dir='ltr'>arbitrabantur</span> <span class='ocrx_word' id='word_1_461' title='bbox 2855 2715 3134 2770; x_wconf 88' lang='lat' dir='ltr'>maritum</span> <span class='ocrx_word' id='word_1_462' title='bbox 3167 2714 3380 2770; x_wconf 88' lang='lat' dir='ltr'>habere</span> <span class='ocrx_word' id='word_1_463' title='bbox 3409 2716 3450 2782; x_wconf 81' lang='grc'>²,</span> <span class='ocrx_word' id='word_1_464' title='bbox 3486 2712 3702 2769; x_wconf 91' lang='lat' dir='ltr'>mulier</span> <span class='ocrx_word' id='word_1_465' title='bbox 3732 2729 3836 2785; x_wconf 80' lang='lat' dir='ltr'>pro</span> 
     </span>
    </p>
   </div>
   <div class='ocr_carea' id='block_1_58' title="bbox 2184 2803 3838 2878">
    <p class='ocr_par' dir='ltr' id='par_1_58' title="bbox 2184 2803 3838 2878">
     <span class='ocr_line' id='line_1_58' title="bbox 2184 2803 3838 2878; baseline -0.003 -16"><span class='ocrx_word' id='word_1_466' title='bbox 2184 2806 2409 2878; x_wconf 86' lang='lat' dir='ltr'>virgine</span> <span class='ocrx_word' id='word_1_467' title='bbox 2440 2804 2633 2876; x_wconf 87' lang='lat' dir='ltr'>posita</span> <span class='ocrx_word' id='word_1_468' title='bbox 2661 2809 2749 2861; x_wconf 87' lang='lat' dir='ltr'>est</span> <span class='ocrx_word' id='word_1_469' title='bbox 2779 2822 2790 2859; x_wconf 95' lang='lat'>:</span> <span class='ocrx_word' id='word_1_470' title='bbox 2825 2803 2909 2860; x_wconf 91' lang='lat' dir='ltr'>sic</span> <span class='ocrx_word' id='word_1_471' title='bbox 2938 2808 3174 2877; x_wconf 83' lang='lat' dir='ltr'>propter</span> <span class='ocrx_word' id='word_1_472' title='bbox 3203 2819 3302 2860; x_wconf 92' lang='lat' dir='ltr'>eos</span> <span class='ocrx_word' id='word_1_473' title='bbox 3332 2804 3432 2876; x_wconf 89' lang='lat' dir='ltr'>qui</span> <span class='ocrx_word' id='word_1_474' title='bbox 3464 2803 3838 2860; x_wconf 61' lang='lat' dir='ltr'>astimabant</span> 
     </span>
    </p>
   </div>
   <div class='ocr_carea' id='block_1_59' title="bbox 2186 2893 3837 2965">
    <p class='ocr_par' dir='ltr' id='par_1_59' title="bbox 2186 2893 3837 2965">
     <span class='ocr_line' id='line_1_59' title="bbox 2186 2893 3837 2965; baseline -0.002 -14"><span class='ocrx_word' id='word_1_475' title='bbox 2186 2896 2479 2951; x_wconf 87' lang='lat' dir='ltr'>Christum</span> <span class='ocrx_word' id='word_1_476' title='bbox 2531 2911 2659 2950; x_wconf 90' lang='lat' dir='ltr'>esse</span> <span class='ocrx_word' id='word_1_477' title='bbox 2703 2894 2814 2950; x_wconf 91' lang='lat' dir='ltr'>sub</span> <span class='ocrx_word' id='word_1_478' title='bbox 2868 2893 3014 2965; x_wconf 89' lang='lat' dir='ltr'>lege,</span> <span class='ocrx_word' id='word_1_479' title='bbox 3071 2893 3395 2950; x_wconf 86' lang='lat' dir='ltr'>nescientes</span> <span class='ocrx_word' id='word_1_480' title='bbox 3452 2893 3592 2964; x_wconf 90' lang='lat' dir='ltr'>quia</span> <span class='ocrx_word' id='word_1_481' title='bbox 3646 2893 3837 2948; x_wconf 86' lang='lat' dir='ltr'>factus</span> 
     </span>
    </p>
   </div>
   <div class='ocr_carea' id='block_1_60' title="bbox 2187 2980 3834 3055">
    <p class='ocr_par' dir='ltr' id='par_1_60' title="bbox 2187 2980 3834 3055">
     <span class='ocr_line' id='line_1_60' title="bbox 2187 2980 3834 3055; baseline -0.002 -15"><span class='ocrx_word' id='word_1_482' title='bbox 2187 2989 2346 3041; x_wconf 85' lang='lat' dir='ltr'>esset</span> <span class='ocrx_word' id='word_1_483' title='bbox 2375 2984 2468 3039; x_wconf 90' lang='lat' dir='ltr'>his</span> <span class='ocrx_word' id='word_1_484' title='bbox 2500 2983 2600 3054; x_wconf 92' lang='lat' dir='ltr'>qui</span> <span class='ocrx_word' id='word_1_485' title='bbox 2631 2988 2798 3039; x_wconf 91' lang='lat' dir='ltr'>erant</span> <span class='ocrx_word' id='word_1_486' title='bbox 2827 2983 2938 3038; x_wconf 90' lang='lat' dir='ltr'>sub</span> <span class='ocrx_word' id='word_1_487' title='bbox 2970 2983 3114 3055; x_wconf 90' lang='lat' dir='ltr'>lege,</span> <span class='ocrx_word' id='word_1_488' title='bbox 3140 2982 3306 3054; x_wconf 89' lang='lat' dir='ltr'>quasi</span> <span class='ocrx_word' id='word_1_489' title='bbox 3339 2982 3449 3038; x_wconf 89' lang='lat' dir='ltr'>sub</span> <span class='ocrx_word' id='word_1_490' title='bbox 3479 2981 3605 3053; x_wconf 84' lang='lat' dir='ltr'>lege</span> <span class='ocrx_word' id='word_1_491' title='bbox 3633 2983 3686 3052; x_wconf 84' lang='lat'>(1‘</span> <span class='ocrx_word' id='word_1_492' title='bbox 3710 2980 3834 3036; x_wconf 85' lang='lat' dir='ltr'>Cor.</span> 
     </span>
    </p>
   </div>
   <div class='ocr_carea' id='block_1_61' title="bbox 2189 3069 3835 3145">
    <p class='ocr_par' dir='ltr' id='par_1_61' title="bbox 2189 3069 3835 3145">
     <span class='ocr_line' id='line_1_61' title="bbox 2189 3069 3835 3145; baseline -0.003 -15"><span class='ocrx_word' id='word_1_493' title='bbox 2189 3092 2264 3141; x_wconf 83' lang='lat' dir='ltr'>Ix,</span> <span class='ocrx_word' id='word_1_494' title='bbox 2295 3075 2410 3144; x_wconf 84' lang='lat'>21),</span> <span class='ocrx_word' id='word_1_495' title='bbox 2444 3073 2660 3129; x_wconf 89' lang='lat' dir='ltr'>dicitur</span> <span class='ocrx_word' id='word_1_496' title='bbox 2687 3077 2744 3128; x_wconf 91' lang='lat' dir='ltr'>et</span> <span class='ocrx_word' id='word_1_497' title='bbox 2773 3072 2898 3145; x_wconf 91' lang='lat' dir='ltr'>ipse</span> <span class='ocrx_word' id='word_1_498' title='bbox 2930 3073 3119 3128; x_wconf 86' lang='lat' dir='ltr'>tactus</span> <span class='ocrx_word' id='word_1_499' title='bbox 3148 3087 3276 3128; x_wconf 91' lang='lat' dir='ltr'>esse</span> <span class='ocrx_word' id='word_1_500' title='bbox 3306 3072 3417 3128; x_wconf 86' lang='lat' dir='ltr'>sub</span> <span class='ocrx_word' id='word_1_501' title='bbox 3460 3069 3588 3144; x_wconf 90' lang='lat' dir='ltr'>lege</span> <span class='ocrx_word' id='word_1_502' title='bbox 3637 3069 3835 3143; x_wconf 84' lang='lat' dir='ltr'>(Galat.</span> 
     </span>
    </p>
   </div>
   <div class='ocr_carea' id='block_1_62' title="bbox 2188 3164 2372 3231">
    <p class='ocr_par' dir='ltr' id='par_1_62' title="bbox 2188 3164 2372 3231">
     <span class='ocr_line' id='line_1_62' title="bbox 2188 3164 2372 3231; baseline -0.011 -13"><span class='ocrx_word' id='word_1_503' title='bbox 2188 3179 2262 3231; x_wconf 74' lang='grc' dir='ltr'>ιν,</span> <span class='ocrx_word' id='word_1_504' title='bbox 2293 3164 2372 3230; x_wconf 88' lang='grc'>5).</span> 
     </span>
    </p>
   </div>
   <div class='ocr_carea' id='block_1_63' title="bbox 2260 3251 3840 3324">
    <p class='ocr_par' dir='ltr' id='par_1_63' title="bbox 2260 3251 3840 3324">
     <span class='ocr_line' id='line_1_63' title="bbox 2260 3251 3840 3324; baseline 0.001 -20"><span class='ocrx_word' id='word_1_505' title='bbox 2260 3253 2444 3323; x_wconf 77' lang='lat' dir='ltr'>(Vere.</span> <span class='ocrx_word' id='word_1_506' title='bbox 2508 3251 2721 3321; x_wconf 76' lang='grc'>19-21.)</span> <span class='ocrx_word' id='word_1_507' title='bbox 2775 3272 2806 3304; x_wconf 77' lang='grc' dir='ltr'><strong><em>α</em></strong></span> <span class='ocrx_word' id='word_1_508' title='bbox 2848 3251 3158 3308; x_wconf 84' lang='lat' dir='ltr'>Manifesta</span> <span class='ocrx_word' id='word_1_509' title='bbox 3215 3254 3411 3308; x_wconf 90' lang='lat' dir='ltr'>autem</span> <span class='ocrx_word' id='word_1_510' title='bbox 3469 3254 3610 3307; x_wconf 87' lang='lat' dir='ltr'>sunt</span> <span class='ocrx_word' id='word_1_511' title='bbox 3666 3265 3840 3324; x_wconf 91' lang='lat' dir='ltr'>opera</span> 
     </span>
    </p>
   </div>
   <div class='ocr_carea' id='block_1_64' title="bbox 426 3328 3836 3414">
    <p class='ocr_par' dir='ltr' id='par_1_64' title="bbox 426 3328 3836 3414">
     <span class='ocr_line' id='line_1_64' title="bbox 426 3328 3836 3414; baseline 0 -20"><span class='ocrx_word' id='word_1_512' title='bbox 426 3335 665 3408; x_wconf 64' lang='lat' dir='ltr'>quidem</span> <span class='ocrx_word' id='word_1_513' title='bbox 696 3336 956 3394; x_wconf 73' lang='lat' dir='ltr'>minutiae</span> <span class='ocrx_word' id='word_1_514' title='bbox 986 3339 1184 3411; x_wconf 83' lang='lat' dir='ltr'>magis</span> <span class='ocrx_word' id='word_1_515' title='bbox 1205 3339 1269 3394; x_wconf 87' lang='lat' dir='ltr'>in</span> <span class='ocrx_word' id='word_1_516' title='bbox 1296 3344 1513 3409; x_wconf 67' lang='lat' dir='ltr'>Graec,</span> <span class='ocrx_word' id='word_1_517' title='bbox 1547 3358 1724 3412; x_wconf 90' lang='lat' dir='ltr'>quam</span> <span class='ocrx_word' id='word_1_518' title='bbox 1770 3343 1829 3398; x_wconf 89' lang='lat' dir='ltr'>in</span> <span class='ocrx_word' id='word_1_519' title='bbox 1873 3349 2078 3401; x_wconf 87' lang='lat' dir='ltr'>nostra</span> <span class='ocrx_word' id='word_1_520' title='bbox 2108 3328 2152 3396; x_wconf 69' lang='grc' dir='ltr'>Ε</span> <span class='ocrx_word' id='word_1_521' title='bbox 2190 3341 2404 3409; x_wconf 86' lang='lat' dir='ltr'>carnis,</span> <span class='ocrx_word' id='word_1_522' title='bbox 2429 3358 2558 3414; x_wconf 66' lang='lat' dir='ltr'>quis</span> <span class='ocrx_word' id='word_1_523' title='bbox 2587 3345 2746 3407; x_wconf 91' lang='lat' dir='ltr'>sunt,</span> <span class='ocrx_word' id='word_1_524' title='bbox 2771 3341 3096 3408; x_wconf 88' lang='lat' dir='ltr'>fornicatio,</span> <span class='ocrx_word' id='word_1_525' title='bbox 3121 3340 3519 3406; x_wconf 86' lang='lat' dir='ltr'>immunditia,</span> <span class='ocrx_word' id='word_1_526' title='bbox 3544 3340 3774 3396; x_wconf 83' lang='lat' dir='ltr'>luxuria</span> <span class='ocrx_word' id='word_1_527' title='bbox 3792 3341 3836 3405; x_wconf 68' lang='grc' dir='ltr'>θ’,</span> 
     </span>
    </p>
   </div>
   <div class='ocr_carea' id='block_1_65' title="bbox 428 3423 2082 3508">
    <p class='ocr_par' dir='ltr' id='par_1_65' title="bbox 428 3423 2082 3508">
     <span class='ocr_line' id='line_1_65' title="bbox 428 3423 2082 3508; baseline 0.005 -26"><span class='ocrx_word' id='word_1_528' title='bbox 428 3423 635 3498; x_wconf 73' lang='lat' dir='ltr'>lingua</span> <span class='ocrx_word' id='word_1_529' title='bbox 663 3425 979 3483; x_wconf 70' lang='lat' dir='ltr'>observatis</span> <span class='ocrx_word' id='word_1_530' title='bbox 1009 3427 1133 3498; x_wconf 87' lang='lat' dir='ltr'>(qui</span> <span class='ocrx_word' id='word_1_531' title='bbox 1166 3423 1334 3503; x_wconf 78' lang='grc' dir='ltr'>ἄρθρα</span> <span class='ocrx_word' id='word_1_532' title='bbox 1364 3430 1596 3500; x_wconf 87' lang='lat' dir='ltr'>penitus</span> <span class='ocrx_word' id='word_1_533' title='bbox 1626 3448 1740 3487; x_wconf 88' lang='lat' dir='ltr'>non</span> <span class='ocrx_word' id='word_1_534' title='bbox 1773 3432 2082 3508; x_wconf 86' lang='lat' dir='ltr'>habemus)</span> 
     </span>
    </p>
   </div>
   <div class='ocr_carea' id='block_1_66' title="bbox 428 3513 2084 3586">
    <p class='ocr_par' dir='ltr' id='par_1_66' title="bbox 428 3513 2084 3586">
     <span class='ocr_line' id='line_1_66' title="bbox 428 3513 2084 3586; baseline 0.008 -18"><span class='ocrx_word' id='word_1_535' title='bbox 428 3513 664 3570; x_wconf 83' lang='lat' dir='ltr'>videtur</span> <span class='ocrx_word' id='word_1_536' title='bbox 693 3513 920 3586; x_wconf 85' lang='lat' dir='ltr'>aliquid</span> <span class='ocrx_word' id='word_1_537' title='bbox 948 3515 1163 3574; x_wconf 88' lang='lat' dir='ltr'>habere</span> <span class='ocrx_word' id='word_1_538' title='bbox 1195 3519 1499 3575; x_wconf 87' lang='lat' dir='ltr'>momenti.</span> <span class='ocrx_word' id='word_1_539' title='bbox 1532 3519 1818 3584; x_wconf 69' lang='lat' dir='ltr'>Quaeritur</span> <span class='ocrx_word' id='word_1_540' title='bbox 1865 3523 1924 3577; x_wconf 88' lang='lat' dir='ltr'>in</span> <span class='ocrx_word' id='word_1_541' title='bbox 1973 3524 2084 3582; x_wconf 90' lang='lat' dir='ltr'>hoc</span> 
     </span>
    </p>
   </div>
   <div class='ocr_carea' id='block_1_67' title="bbox 430 3602 2080 3686">
    <p class='ocr_par' dir='ltr' id='par_1_67' title="bbox 430 3602 2080 3686">
     <span class='ocr_line' id='line_1_67' title="bbox 430 3602 2080 3686; baseline 0.005 -26"><span class='ocrx_word' id='word_1_542' title='bbox 430 3602 580 3672; x_wconf 78' lang='lat' dir='ltr'>loco,</span> <span class='ocrx_word' id='word_1_543' title='bbox 607 3603 658 3659; x_wconf 89' lang='lat' dir='ltr'>si</span> <span class='ocrx_word' id='word_1_544' title='bbox 679 3603 1017 3676; x_wconf 84' lang='lat' dir='ltr'>quicunque</span> <span class='ocrx_word' id='word_1_545' title='bbox 1038 3605 1247 3677; x_wconf 85' lang='lat' dir='ltr'>spiritu</span> <span class='ocrx_word' id='word_1_546' title='bbox 1272 3607 1528 3674; x_wconf 88' lang='lat' dir='ltr'>ducitur,</span> <span class='ocrx_word' id='word_1_547' title='bbox 1551 3625 1666 3664; x_wconf 89' lang='lat' dir='ltr'>non</span> <span class='ocrx_word' id='word_1_548' title='bbox 1688 3615 1778 3666; x_wconf 90' lang='lat' dir='ltr'>est</span> <span class='ocrx_word' id='word_1_549' title='bbox 1801 3612 1912 3666; x_wconf 91' lang='lat' dir='ltr'>sub</span> <span class='ocrx_word' id='word_1_550' title='bbox 1935 3612 2080 3686; x_wconf 85' lang='lat' dir='ltr'>lege,</span> 
     </span>
    </p>
   </div>
   <div class='ocr_carea' id='block_1_68' title="bbox 430 3693 2080 3772">
    <p class='ocr_par' dir='ltr' id='par_1_68' title="bbox 430 3693 2080 3772">
     <span class='ocr_line' id='line_1_68' title="bbox 430 3693 2080 3772; baseline 0.007 -24"><span class='ocrx_word' id='word_1_551' title='bbox 430 3695 642 3749; x_wconf 85' lang='lat' dir='ltr'>utrum.</span> <span class='ocrx_word' id='word_1_552' title='bbox 655 3693 846 3750; x_wconf 85' lang='lat' dir='ltr'>Moses</span> <span class='ocrx_word' id='word_1_553' title='bbox 868 3699 929 3748; x_wconf 89' lang='lat' dir='ltr'>et</span> <span class='ocrx_word' id='word_1_554' title='bbox 945 3694 1260 3768; x_wconf 69' lang='lat' dir='ltr'>prophetas,</span> <span class='ocrx_word' id='word_1_555' title='bbox 1281 3697 1369 3752; x_wconf 88' lang='lat' dir='ltr'>vel</span> <span class='ocrx_word' id='word_1_556' title='bbox 1396 3697 1610 3770; x_wconf 87' lang='lat' dir='ltr'>spiritu</span> <span class='ocrx_word' id='word_1_557' title='bbox 1629 3699 1741 3755; x_wconf 85' lang='lat' dir='ltr'>acti</span> <span class='ocrx_word' id='word_1_558' title='bbox 1765 3699 1883 3756; x_wconf 85' lang='lat' dir='ltr'>sint</span> <span class='ocrx_word' id='word_1_559' title='bbox 1905 3703 2080 3772; x_wconf 83' lang='lat' dir='ltr'>(Rom.</span> 
     </span>
    </p>
   </div>
   <div class='ocr_carea' id='block_1_69' title="bbox 432 3782 2082 3860">
    <p class='ocr_par' dir='ltr' id='par_1_69' title="bbox 432 3782 2082 3860">
     <span class='ocr_line' id='line_1_69' title="bbox 432 3782 2082 3860; baseline 0.005 -22"><span class='ocrx_word' id='word_1_560' title='bbox 432 3797 556 3848; x_wconf 76' lang='grc' dir='ltr'>νιιι,</span> <span class='ocrx_word' id='word_1_561' title='bbox 590 3783 701 3854; x_wconf 75' lang='grc'>14),</span> <span class='ocrx_word' id='word_1_562' title='bbox 735 3787 792 3838; x_wconf 91' lang='lat' dir='ltr'>et</span> <span class='ocrx_word' id='word_1_563' title='bbox 821 3783 931 3838; x_wconf 85' lang='lat' dir='ltr'>sub</span> <span class='ocrx_word' id='word_1_564' title='bbox 963 3782 1090 3857; x_wconf 86' lang='lat' dir='ltr'>lege</span> <span class='ocrx_word' id='word_1_565' title='bbox 1127 3785 1396 3857; x_wconf 78' lang='lat' dir='ltr'>vixerint,</span> <span class='ocrx_word' id='word_1_566' title='bbox 1430 3788 1586 3859; x_wconf 87' lang='lat' dir='ltr'>quod</span> <span class='ocrx_word' id='word_1_567' title='bbox 1619 3788 1931 3860; x_wconf 80' lang='lat' dir='ltr'>Apostolus</span> <span class='ocrx_word' id='word_1_568' title='bbox 1984 3808 2082 3847; x_wconf 88' lang='lat' dir='ltr'>ne-</span> 
     </span>
    </p>
   </div>
   <div class='ocr_carea' id='block_1_70' title="bbox 430 3871 2082 3952">
    <p class='ocr_par' dir='ltr' id='par_1_70' title="bbox 430 3871 2082 3952">
     <span class='ocr_line' id='line_1_70' title="bbox 430 3871 2082 3952; baseline 0.006 -26"><span class='ocrx_word' id='word_1_569' title='bbox 430 3883 532 3946; x_wconf 87' lang='lat' dir='ltr'>gat</span> <span class='ocrx_word' id='word_1_570' title='bbox 561 3887 575 3927; x_wconf 91' lang='lat'>:</span> <span class='ocrx_word' id='word_1_571' title='bbox 624 3875 727 3927; x_wconf 80' lang='lat' dir='ltr'>aut</span> <span class='ocrx_word' id='word_1_572' title='bbox 755 3871 1040 3929; x_wconf 89' lang='lat' dir='ltr'>habentes</span> <span class='ocrx_word' id='word_1_573' title='bbox 1070 3873 1366 3946; x_wconf 87' lang='lat' dir='ltr'>spiritum,</span> <span class='ocrx_word' id='word_1_574' title='bbox 1401 3877 1512 3933; x_wconf 91' lang='lat' dir='ltr'>sub</span> <span class='ocrx_word' id='word_1_575' title='bbox 1544 3875 1670 3950; x_wconf 87' lang='lat' dir='ltr'>lege</span> <span class='ocrx_word' id='word_1_576' title='bbox 1701 3895 1814 3934; x_wconf 88' lang='lat' dir='ltr'>non</span> <span class='ocrx_word' id='word_1_577' title='bbox 1847 3879 2082 3952; x_wconf 81' lang='lat' dir='ltr'>fuerint,</span> 
     </span>
    </p>
   </div>
   <div class='ocr_carea' id='block_1_71' title="bbox 436 3960 2082 4038">
    <p class='ocr_par' dir='ltr' id='par_1_71' title="bbox 436 3960 2082 4038">
     <span class='ocr_line' id='line_1_71' title="bbox 436 3960 2082 4038; baseline 0.005 -23"><span class='ocrx_word' id='word_1_578' title='bbox 436 3960 590 4032; x_wconf 82' lang='lat' dir='ltr'>quod</span> <span class='ocrx_word' id='word_1_579' title='bbox 612 3960 926 4030; x_wconf 87' lang='lat' dir='ltr'>Apostolus</span> <span class='ocrx_word' id='word_1_580' title='bbox 958 3961 1055 4018; x_wconf 90' lang='lat' dir='ltr'>hic</span> <span class='ocrx_word' id='word_1_581' title='bbox 1077 3963 1370 4019; x_wconf 80' lang='lat' dir='ltr'>afﬁrmat:</span> <span class='ocrx_word' id='word_1_582' title='bbox 1405 3969 1506 4022; x_wconf 89' lang='lat' dir='ltr'>aut</span> <span class='ocrx_word' id='word_1_583' title='bbox 1530 3967 1686 4038; x_wconf 89' lang='lat' dir='ltr'>quod</span> <span class='ocrx_word' id='word_1_584' title='bbox 1710 3972 1800 4022; x_wconf 90' lang='lat' dir='ltr'>est</span> <span class='ocrx_word' id='word_1_585' title='bbox 1822 3969 2082 4038; x_wconf 89' lang='lat' dir='ltr'>tertium,</span> 
     </span>
    </p>
   </div>
   <div class='ocr_carea' id='block_1_72' title="bbox 434 4047 2083 4129">
    <p class='ocr_par' dir='ltr' id='par_1_72' title="bbox 434 4047 2083 4129">
     <span class='ocr_line' id='line_1_72' title="bbox 434 4047 2083 4129; baseline 0.007 -26"><span class='ocrx_word' id='word_1_586' title='bbox 434 4048 546 4104; x_wconf 88' lang='lat' dir='ltr'>sub</span> <span class='ocrx_word' id='word_1_587' title='bbox 575 4047 703 4122; x_wconf 77' lang='lat' dir='ltr'>lege</span> <span class='ocrx_word' id='word_1_588' title='bbox 743 4049 1022 4118; x_wconf 81' lang='lat' dir='ltr'>viventes,</span> <span class='ocrx_word' id='word_1_589' title='bbox 1057 4051 1331 4124; x_wconf 89' lang='lat' dir='ltr'>spiritum</span> <span class='ocrx_word' id='word_1_590' title='bbox 1383 4071 1497 4110; x_wconf 91' lang='lat' dir='ltr'>non</span> <span class='ocrx_word' id='word_1_591' title='bbox 1549 4054 1881 4128; x_wconf 90' lang='lat' dir='ltr'>habuerint,</span> <span class='ocrx_word' id='word_1_592' title='bbox 1927 4060 2083 4129; x_wconf 91' lang='lat' dir='ltr'>quod</span> 
     </span>
    </p>
   </div>
   <div class='ocr_carea' id='block_1_73' title="bbox 433 4136 2084 4216">
    <p class='ocr_par' dir='ltr' id='par_1_73' title="bbox 433 4136 2084 4216">
     <span class='ocr_line' id='line_1_73' title="bbox 433 4136 2084 4216; baseline 0.005 -22"><span class='ocrx_word' id='word_1_593' title='bbox 433 4136 506 4194; x_wconf 85' lang='lat' dir='ltr'>de</span> <span class='ocrx_word' id='word_1_594' title='bbox 534 4137 720 4196; x_wconf 78' lang='lat' dir='ltr'>tantis</span> <span class='ocrx_word' id='word_1_595' title='bbox 744 4138 889 4195; x_wconf 83' lang='lat' dir='ltr'>viris</span> <span class='ocrx_word' id='word_1_596' title='bbox 919 4140 1084 4206; x_wconf 83' lang='lat' dir='ltr'>nefas</span> <span class='ocrx_word' id='word_1_597' title='bbox 1116 4145 1206 4198; x_wconf 83' lang='lat' dir='ltr'>est</span> <span class='ocrx_word' id='word_1_598' title='bbox 1239 4143 1492 4199; x_wconf 90' lang='lat' dir='ltr'>credere.</span> <span class='ocrx_word' id='word_1_599' title='bbox 1515 4145 1600 4200; x_wconf 86' lang='lat' dir='ltr'>Ad</span> <span class='ocrx_word' id='word_1_600' title='bbox 1631 4146 1785 4216; x_wconf 90' lang='lat' dir='ltr'>quod</span> <span class='ocrx_word' id='word_1_601' title='bbox 1820 4163 1928 4202; x_wconf 86' lang='lat' dir='ltr'>nos</span> <span class='ocrx_word' id='word_1_602' title='bbox 1955 4148 2084 4203; x_wconf 86' lang='lat' dir='ltr'>bre-</span> 
     </span>
    </p>
   </div>
   <div class='ocr_carea' id='block_1_74' title="bbox 429 4225 2085 4310">
    <p class='ocr_par' dir='ltr' id='par_1_74' title="bbox 429 4225 2085 4310">
     <span class='ocr_line' id='line_1_74' title="bbox 429 4225 2085 4310; baseline 0.007 -29"><span class='ocrx_word' id='word_1_603' title='bbox 429 4225 578 4284; x_wconf 81' lang='lat' dir='ltr'>viter</span> <span class='ocrx_word' id='word_1_604' title='bbox 633 4229 1167 4300; x_wconf 80' lang='lat' dir='ltr'>respondebimus:</span> <span class='ocrx_word' id='word_1_605' title='bbox 1218 4231 1341 4286; x_wconf 81' lang='lat' dir='ltr'>Non</span> <span class='ocrx_word' id='word_1_606' title='bbox 1397 4231 1553 4288; x_wconf 90' lang='lat' dir='ltr'>idem</span> <span class='ocrx_word' id='word_1_607' title='bbox 1611 4250 1740 4290; x_wconf 89' lang='lat' dir='ltr'>esse</span> <span class='ocrx_word' id='word_1_608' title='bbox 1797 4236 1906 4291; x_wconf 89' lang='lat' dir='ltr'>sub</span> <span class='ocrx_word' id='word_1_609' title='bbox 1959 4235 2085 4310; x_wconf 90' lang='lat' dir='ltr'>lege</span> 
     </span>
    </p>
   </div>
   <div class='ocr_carea' id='block_1_75' title="bbox 429 4317 2084 4397">
    <p class='ocr_par' dir='ltr' id='par_1_75' title="bbox 429 4317 2084 4397">
     <span class='ocr_line' id='line_1_75' title="bbox 429 4317 2084 4397; baseline 0.005 -24"><span class='ocrx_word' id='word_1_610' title='bbox 429 4329 581 4383; x_wconf 85' lang='lat' dir='ltr'>esse,</span> <span class='ocrx_word' id='word_1_611' title='bbox 611 4319 670 4372; x_wconf 79' lang='lat' dir='ltr'>et</span> <span class='ocrx_word' id='word_1_612' title='bbox 714 4333 844 4376; x_wconf 77' lang='lat' dir='ltr'>esse</span> <span class='ocrx_word' id='word_1_613' title='bbox 894 4317 1066 4390; x_wconf 86' lang='lat' dir='ltr'>quasi</span> <span class='ocrx_word' id='word_1_614' title='bbox 1106 4320 1216 4374; x_wconf 91' lang='lat' dir='ltr'>sub</span> <span class='ocrx_word' id='word_1_615' title='bbox 1246 4319 1373 4391; x_wconf 83' lang='lat' dir='ltr'>lege</span> <span class='ocrx_word' id='word_1_616' title='bbox 1402 4321 1450 4391; x_wconf 88' lang='lat'>(1</span> <span class='ocrx_word' id='word_1_617' title='bbox 1478 4322 1598 4378; x_wconf 84' lang='lat' dir='ltr'>Cor.</span> <span class='ocrx_word' id='word_1_618' title='bbox 1634 4340 1708 4391; x_wconf 81' lang='grc' dir='ltr'>ιιι,</span> <span class='ocrx_word' id='word_1_619' title='bbox 1741 4325 1832 4394; x_wconf 86' lang='grc'>21)</span> <span class='ocrx_word' id='word_1_620' title='bbox 1866 4342 1880 4379; x_wconf 94' lang='lat'>:</span> <span class='ocrx_word' id='word_1_621' title='bbox 1934 4341 2084 4397; x_wconf 86' lang='lat' dir='ltr'>quo-</span> 
     </span>
    </p>
   </div>
   <div class='ocr_carea' id='block_1_76' title="bbox 427 4405 2083 4485">
    <p class='ocr_par' dir='ltr' id='par_1_76' title="bbox 427 4405 2083 4485">
     <span class='ocr_line' id='line_1_76' title="bbox 427 4405 2083 4485; baseline 0.004 -22"><span class='ocrx_word' id='word_1_622' title='bbox 427 4405 602 4463; x_wconf 76' lang='lat' dir='ltr'>modo</span> <span class='ocrx_word' id='word_1_623' title='bbox 633 4423 756 4478; x_wconf 39' lang='lat' dir='ltr'>non,</span> <span class='ocrx_word' id='word_1_624' title='bbox 780 4407 1038 4480; x_wconf 85' lang='lat' dir='ltr'>idipsum</span> <span class='ocrx_word' id='word_1_625' title='bbox 1072 4412 1184 4473; x_wconf 90' lang='lat' dir='ltr'>est,</span> <span class='ocrx_word' id='word_1_626' title='bbox 1216 4408 1282 4464; x_wconf 82' lang='lat' dir='ltr'>in</span> <span class='ocrx_word' id='word_1_627' title='bbox 1307 4409 1697 4468; x_wconf 83' lang='lat' dir='ltr'>similitudine</span> <span class='ocrx_word' id='word_1_628' title='bbox 1727 4414 1922 4470; x_wconf 89' lang='lat' dir='ltr'>carnis</span> <span class='ocrx_word' id='word_1_629' title='bbox 1951 4431 2083 4485; x_wconf 85' lang='lat' dir='ltr'>pec-</span> 
     </span>
    </p>
   </div>
   <div class='ocr_carea' id='block_1_77' title="bbox 427 4495 2080 4575">
    <p class='ocr_par' dir='ltr' id='par_1_77' title="bbox 427 4495 2080 4575">
     <span class='ocr_line' id='line_1_77' title="bbox 427 4495 2080 4575; baseline 0.003 -21"><span class='ocrx_word' id='word_1_630' title='bbox 427 4495 554 4554; x_wconf 83' lang='lat' dir='ltr'>cati.</span> <span class='ocrx_word' id='word_1_631' title='bbox 587 4497 766 4568; x_wconf 80' lang='lat' dir='ltr'>(Rom.</span> <span class='ocrx_word' id='word_1_632' title='bbox 798 4515 922 4559; x_wconf 78' lang='lat' dir='ltr'>vui.</span> <span class='ocrx_word' id='word_1_633' title='bbox 955 4499 1034 4570; x_wconf 90' lang='lat'>3),</span> <span class='ocrx_word' id='word_1_634' title='bbox 1067 4503 1124 4554; x_wconf 89' lang='lat' dir='ltr'>et</span> <span class='ocrx_word' id='word_1_635' title='bbox 1155 4498 1218 4554; x_wconf 90' lang='lat' dir='ltr'>in</span> <span class='ocrx_word' id='word_1_636' title='bbox 1261 4515 1438 4556; x_wconf 88' lang='lat' dir='ltr'>carne</span> <span class='ocrx_word' id='word_1_637' title='bbox 1480 4517 1610 4557; x_wconf 88' lang='lat' dir='ltr'>esse</span> <span class='ocrx_word' id='word_1_638' title='bbox 1655 4503 1873 4574; x_wconf 87' lang='lat' dir='ltr'>peccati</span> <span class='ocrx_word' id='word_1_639' title='bbox 1907 4505 2080 4575; x_wconf 81' lang='lat' dir='ltr'>(Rom.</span> 
     </span>
    </p>
   </div>
   <div class='ocr_carea' id='block_1_78' title="bbox 426 4587 2083 4662">
    <p class='ocr_par' dir='ltr' id='par_1_78' title="bbox 426 4587 2083 4662">
     <span class='ocr_line' id='line_1_78' title="bbox 426 4587 2083 4662; baseline 0.005 -22"><span class='ocrx_word' id='word_1_640' title='bbox 426 4602 528 4654; x_wconf 68' lang='grc' dir='ltr'>νιι,</span> <span class='ocrx_word' id='word_1_641' title='bbox 561 4587 675 4655; x_wconf 84' lang='grc'>25).</span> <span class='ocrx_word' id='word_1_642' title='bbox 709 4587 829 4644; x_wconf 80' lang='lat' dir='ltr'>Nec</span> <span class='ocrx_word' id='word_1_643' title='bbox 859 4587 1013 4644; x_wconf 84' lang='lat' dir='ltr'>idem</span> <span class='ocrx_word' id='word_1_644' title='bbox 1043 4593 1216 4644; x_wconf 82' lang='lat' dir='ltr'>sonat</span> <span class='ocrx_word' id='word_1_645' title='bbox 1259 4606 1432 4646; x_wconf 87' lang='lat' dir='ltr'>verus</span> <span class='ocrx_word' id='word_1_646' title='bbox 1461 4606 1723 4662; x_wconf 89' lang='lat' dir='ltr'>serpens,</span> <span class='ocrx_word' id='word_1_647' title='bbox 1757 4597 1815 4648; x_wconf 89' lang='lat' dir='ltr'>et</span> <span class='ocrx_word' id='word_1_648' title='bbox 1842 4594 1972 4649; x_wconf 66' lang='lat' dir='ltr'>aerei</span> <span class='ocrx_word' id='word_1_649' title='bbox 2004 4594 2083 4649; x_wconf 91' lang='lat' dir='ltr'>si-</span> 
     </span>
    </p>
   </div>
   <div class='ocr_carea' id='block_1_79' title="bbox 424 4674 2160 4773">
    <p class='ocr_par' dir='ltr' id='par_1_79' title="bbox 424 4674 2160 4773">
     <span class='ocr_line' id='line_1_79' title="bbox 424 4674 2160 4773; baseline 0.001 -36"><span class='ocrx_word' id='word_1_650' title='bbox 424 4674 699 4773; x_wconf 48' lang='lat' dir='ltr'>militudo</span> <span class='ocrx_word' id='word_1_651' title='bbox 735 4681 1250 4773; x_wconf 42' lang='lat' dir='ltr'>serpentiquuem</span> <span class='ocrx_word' id='word_1_652' title='bbox 1277 4685 1498 4752; x_wconf 79' lang='lat' dir='ltr'>Moyses</span> <span class='ocrx_word' id='word_1_653' title='bbox 1528 4679 1586 4736; x_wconf 90' lang='lat' dir='ltr'>in</span> <span class='ocrx_word' id='word_1_654' title='bbox 1614 4697 1810 4738; x_wconf 90' lang='lat' dir='ltr'>eremo</span> <span class='ocrx_word' id='word_1_655' title='bbox 1841 4699 2084 4755; x_wconf 90' lang='lat' dir='ltr'>suspen-</span> <span class='ocrx_word' id='word_1_656' title='bbox 2112 4706 2160 4773; x_wconf 69' lang='grc' dir='ltr'>Β</span> 
     </span>
    </p>
   </div>
   <div class='ocr_carea' id='block_1_80' title="bbox 423 4764 2076 4845">
    <p class='ocr_par' dir='ltr' id='par_1_80' title="bbox 423 4764 2076 4845">
     <span class='ocr_line' id='line_1_80' title="bbox 423 4764 2076 4845; baseline 0.004 -23"><span class='ocrx_word' id='word_1_657' title='bbox 423 4764 519 4828; x_wconf 73' lang='lat' dir='ltr'>dtit;</span> <span class='ocrx_word' id='word_1_658' title='bbox 538 4766 722 4838; x_wconf 80' lang='lat' dir='ltr'>(Num.</span> <span class='ocrx_word' id='word_1_659' title='bbox 756 4784 875 4838; x_wconf 77' lang='lat' dir='ltr'>xxx,</span> <span class='ocrx_word' id='word_1_660' title='bbox 907 4767 986 4840; x_wconf 82' lang='grc' dir='ltr'>Ω).</span> <span class='ocrx_word' id='word_1_661' title='bbox 1019 4767 1115 4826; x_wconf 89' lang='lat' dir='ltr'>Sic</span> <span class='ocrx_word' id='word_1_662' title='bbox 1162 4769 1346 4842; x_wconf 89' lang='lat' dir='ltr'>igitur</span> <span class='ocrx_word' id='word_1_663' title='bbox 1386 4775 1443 4826; x_wconf 93' lang='lat' dir='ltr'>et</span> <span class='ocrx_word' id='word_1_664' title='bbox 1472 4775 1708 4828; x_wconf 90' lang='lat' dir='ltr'>sanctos</span> <span class='ocrx_word' id='word_1_665' title='bbox 1739 4773 2076 4845; x_wconf 88' lang='lat' dir='ltr'>prophetas,</span> 
     </span>
    </p>
   </div>
   <div class='ocr_carea' id='block_1_81' title="bbox 425 4855 2078 4933">
    <p class='ocr_par' dir='ltr' id='par_1_81' title="bbox 425 4855 2078 4933">
     <span class='ocr_line' id='line_1_81' title="bbox 425 4855 2078 4933; baseline 0.004 -21"><span class='ocrx_word' id='word_1_666' title='bbox 425 4858 484 4912; x_wconf 71' lang='lat' dir='ltr'>et</span> <span class='ocrx_word' id='word_1_667' title='bbox 507 4855 771 4929; x_wconf 80' lang='lat' dir='ltr'>Moysen,</span> <span class='ocrx_word' id='word_1_668' title='bbox 807 4857 1179 4924; x_wconf 80' lang='lat' dir='ltr'>ambulantes</span> <span class='ocrx_word' id='word_1_669' title='bbox 1209 4859 1442 4932; x_wconf 87' lang='lat' dir='ltr'>spiritu,</span> <span class='ocrx_word' id='word_1_670' title='bbox 1472 4863 1529 4915; x_wconf 91' lang='lat' dir='ltr'>et</span> <span class='ocrx_word' id='word_1_671' title='bbox 1558 4861 1770 4933; x_wconf 89' lang='lat' dir='ltr'>spiritu</span> <span class='ocrx_word' id='word_1_672' title='bbox 1799 4861 2078 4933; x_wconf 81' lang='lat' dir='ltr'>viventes,</span> 
     </span>
    </p>
   </div>
   <div class='ocr_carea' id='block_1_82' title="bbox 423 4945 2079 5026">
    <p class='ocr_par' dir='ltr' id='par_1_82' title="bbox 423 4945 2079 5026">
     <span class='ocr_line' id='line_1_82' title="bbox 423 4945 2079 5026; baseline 0.004 -25"><span class='ocrx_word' id='word_1_673' title='bbox 423 4960 547 5001; x_wconf 81' lang='lat' dir='ltr'>non</span> <span class='ocrx_word' id='word_1_674' title='bbox 589 4946 713 5002; x_wconf 25' lang='lat' dir='ltr'>sub.</span> <span class='ocrx_word' id='word_1_675' title='bbox 752 4945 901 5019; x_wconf 85' lang='lat' dir='ltr'>lege,</span> <span class='ocrx_word' id='word_1_676' title='bbox 931 4948 1044 5006; x_wconf 74' lang='lat' dir='ltr'>sed;</span> <span class='ocrx_word' id='word_1_677' title='bbox 1069 4947 1242 5018; x_wconf 74' lang='lat' dir='ltr'>quasi</span> <span class='ocrx_word' id='word_1_678' title='bbox 1270 4949 1380 5005; x_wconf 90' lang='lat' dir='ltr'>sub</span> <span class='ocrx_word' id='word_1_679' title='bbox 1411 4947 1540 5023; x_wconf 87' lang='lat' dir='ltr'>lege</span> <span class='ocrx_word' id='word_1_680' title='bbox 1584 4950 1818 5023; x_wconf 78' lang='lat' dir='ltr'>vixisse,</span> <span class='ocrx_word' id='word_1_681' title='bbox 1852 4957 1918 5008; x_wconf 90' lang='lat' dir='ltr'>ut</span> <span class='ocrx_word' id='word_1_682' title='bbox 1965 4953 2079 5026; x_wconf 88' lang='lat' dir='ltr'>ipsi</span> 
     </span>
    </p>
   </div>
   <div class='ocr_carea' id='block_1_83' title="bbox 421 5035 2080 5114">
    <p class='ocr_par' dir='ltr' id='par_1_83' title="bbox 421 5035 2080 5114">
     <span class='ocr_line' id='line_1_83' title="bbox 421 5035 2080 5114; baseline 0.007 -27"><span class='ocrx_word' id='word_1_683' title='bbox 421 5035 768 5092; x_wconf 78' lang='lat' dir='ltr'>viderentur</span> <span class='ocrx_word' id='word_1_684' title='bbox 799 5037 1035 5108; x_wconf 81' lang='lat' dir='ltr'>quidem</span> <span class='ocrx_word' id='word_1_685' title='bbox 1067 5054 1200 5094; x_wconf 87' lang='lat' dir='ltr'>esse</span> <span class='ocrx_word' id='word_1_686' title='bbox 1229 5039 1340 5095; x_wconf 91' lang='lat' dir='ltr'>sub</span> <span class='ocrx_word' id='word_1_687' title='bbox 1372 5037 1537 5112; x_wconf 89' lang='lat' dir='ltr'>lege;</span> <span class='ocrx_word' id='word_1_688' title='bbox 1570 5042 1669 5097; x_wconf 88' lang='lat' dir='ltr'>sed</span> <span class='ocrx_word' id='word_1_689' title='bbox 1707 5058 1806 5098; x_wconf 90' lang='lat' dir='ltr'>eos</span> <span class='ocrx_word' id='word_1_690' title='bbox 1837 5043 1937 5114; x_wconf 89' lang='lat' dir='ltr'>qui</span> <span class='ocrx_word' id='word_1_691' title='bbox 1970 5044 2080 5099; x_wconf 91' lang='lat' dir='ltr'>sub</span> 
     </span>
    </p>
   </div>
   <div class='ocr_carea' id='block_1_84' title="bbox 427 5120 2078 5202">
    <p class='ocr_par' dir='ltr' id='par_1_84' title="bbox 427 5120 2078 5202">
     <span class='ocr_line' id='line_1_84' title="bbox 427 5120 2078 5202; baseline 0.007 -25"><span class='ocrx_word' id='word_1_692' title='bbox 427 5120 554 5195; x_wconf 81' lang='lat' dir='ltr'>lege</span> <span class='ocrx_word' id='word_1_693' title='bbox 603 5130 777 5181; x_wconf 67' lang='lat' dir='ltr'>erant</span> <span class='ocrx_word' id='word_1_694' title='bbox 824 5125 1249 5199; x_wconf 71' lang='lat' dir='ltr'>lucrifacersnt,</span> <span class='ocrx_word' id='word_1_695' title='bbox 1284 5132 1340 5183; x_wconf 92' lang='lat' dir='ltr'>et</span> <span class='ocrx_word' id='word_1_696' title='bbox 1385 5129 1457 5184; x_wconf 91' lang='lat' dir='ltr'>ab</span> <span class='ocrx_word' id='word_1_697' title='bbox 1489 5128 1824 5186; x_wconf 89' lang='lat' dir='ltr'>humilitate</span> <span class='ocrx_word' id='word_1_698' title='bbox 1854 5132 2078 5202; x_wconf 76' lang='lat' dir='ltr'>litterae,</span> 
     </span>
    </p>
   </div>
   <div class='ocr_carea' id='block_1_85' title="bbox 425 5211 2079 5290">
    <p class='ocr_par' dir='ltr' id='par_1_85' title="bbox 425 5211 2079 5290">
     <span class='ocr_line' id='line_1_85' title="bbox 425 5211 2079 5290; baseline 0.007 -23"><span class='ocrx_word' id='word_1_699' title='bbox 425 5212 506 5281; x_wconf 77' lang='lat' dir='ltr'>ad.</span> <span class='ocrx_word' id='word_1_700' title='bbox 531 5211 904 5273; x_wconf 81' lang='lat' dir='ltr'>altitudinem</span> <span class='ocrx_word' id='word_1_701' title='bbox 940 5217 1186 5290; x_wconf 79' lang='lat' dir='ltr'>spiritus</span> <span class='ocrx_word' id='word_1_702' title='bbox 1226 5224 1626 5290; x_wconf 88' lang='lat' dir='ltr'>provocarent.</span> <span class='ocrx_word' id='word_1_703' title='bbox 1660 5220 1807 5275; x_wconf 91' lang='lat' dir='ltr'>Nam</span> <span class='ocrx_word' id='word_1_704' title='bbox 1841 5225 1898 5277; x_wconf 91' lang='lat' dir='ltr'>et</span> <span class='ocrx_word' id='word_1_705' title='bbox 1927 5225 2079 5278; x_wconf 85' lang='lat' dir='ltr'>Pau-</span> 
     </span>
    </p>
   </div>
   <div class='ocr_carea' id='block_1_86' title="bbox 421 5301 2078 5380">
    <p class='ocr_par' dir='ltr' id='par_1_86' title="bbox 421 5301 2078 5380">
     <span class='ocr_line' id='line_1_86' title="bbox 421 5301 2078 5380; baseline 0.004 -19"><span class='ocrx_word' id='word_1_706' title='bbox 421 5301 518 5361; x_wconf 88' lang='lat' dir='ltr'>lus</span> <span class='ocrx_word' id='word_1_707' title='bbox 545 5303 654 5377; x_wconf 84' lang='lat' dir='ltr'>qui</span> <span class='ocrx_word' id='word_1_708' title='bbox 676 5303 902 5363; x_wconf 71' lang='lat' dir='ltr'>Judaaia</span> <span class='ocrx_word' id='word_1_709' title='bbox 919 5307 1164 5364; x_wconf 70' lang='lat' dir='ltr'>Judazus</span> <span class='ocrx_word' id='word_1_710' title='bbox 1193 5308 1383 5364; x_wconf 80' lang='lat' dir='ltr'>fectus</span> <span class='ocrx_word' id='word_1_711' title='bbox 1414 5313 1526 5380; x_wconf 89' lang='lat' dir='ltr'>ost,</span> <span class='ocrx_word' id='word_1_712' title='bbox 1561 5314 1618 5364; x_wconf 89' lang='lat' dir='ltr'>et</span> <span class='ocrx_word' id='word_1_713' title='bbox 1645 5310 1923 5367; x_wconf 89' lang='lat' dir='ltr'>omnibus</span> <span class='ocrx_word' id='word_1_714' title='bbox 1954 5329 2078 5368; x_wconf 87' lang='lat' dir='ltr'>om-</span> 
     </span>
    </p>
   </div>
   <div class='ocr_carea' id='block_1_87' title="bbox 419 5392 2078 5472">
    <p class='ocr_par' dir='ltr' id='par_1_87' title="bbox 419 5392 2078 5472">
     <span class='ocr_line' id='line_1_87' title="bbox 419 5392 2078 5472; baseline 0.005 -23"><span class='ocrx_word' id='word_1_715' title='bbox 419 5392 539 5463; x_wconf 80' lang='lat' dir='ltr'>nia,</span> <span class='ocrx_word' id='word_1_716' title='bbox 574 5398 642 5450; x_wconf 81' lang='lat' dir='ltr'>ut</span> <span class='ocrx_word' id='word_1_717' title='bbox 667 5411 878 5454; x_wconf 88' lang='lat' dir='ltr'>omnes</span> <span class='ocrx_word' id='word_1_718' title='bbox 905 5396 1280 5455; x_wconf 80' lang='lat' dir='ltr'>lucrifaceret</span> <span class='ocrx_word' id='word_1_719' title='bbox 1308 5399 1355 5470; x_wconf 92' lang='lat' dir='ltr'>(I</span> <span class='ocrx_word' id='word_1_720' title='bbox 1383 5398 1506 5454; x_wconf 76' lang='lat' dir='ltr'>Cor.</span> <span class='ocrx_word' id='word_1_721' title='bbox 1541 5415 1618 5469; x_wconf 78' lang='lat' dir='ltr'>ix,</span> <span class='ocrx_word' id='word_1_722' title='bbox 1656 5399 1738 5467; x_wconf 73' lang='lat'>19,</span> <span class='ocrx_word' id='word_1_723' title='bbox 1769 5401 1862 5472; x_wconf 82' lang='lat'>20)</span> <span class='ocrx_word' id='word_1_724' title='bbox 1895 5418 1909 5456; x_wconf 96' lang='lat'>:</span> <span class='ocrx_word' id='word_1_725' title='bbox 1963 5419 2078 5458; x_wconf 90' lang='lat' dir='ltr'>non</span> 
     </span>
    </p>
   </div>
   <div class='ocr_carea' id='block_1_88' title="bbox 484 5519 1736 5596">
    <p class='ocr_par' dir='ltr' id='par_1_88' title="bbox 484 5519 1736 5596">
     <span class='ocr_line' id='line_1_88' title="bbox 484 5519 1736 5596; baseline -0.002 -14"><span class='ocrx_word' id='word_1_726' title='bbox 484 5520 502 5596; x_wconf 65' lang='grc' dir='ltr'><strong>ξ</strong></span> <span class='ocrx_word' id='word_1_727' title='bbox 529 5519 698 5596; x_wconf 65' lang='lat' dir='ltr'>idem</span> <span class='ocrx_word' id='word_1_728' title='bbox 727 5538 915 5596; x_wconf 29' lang='lat' dir='ltr'>mss.”</span> <span class='ocrx_word' id='word_1_729' title='bbox 933 5523 1247 5596; x_wconf 83' lang='lat' dir='ltr'>libertatem</span> <span class='ocrx_word' id='word_1_730' title='bbox 1276 5525 1464 5581; x_wconf 80' lang='lat' dir='ltr'>carnis</span> <span class='ocrx_word' id='word_1_731' title='bbox 1492 5524 1736 5583; x_wconf 67' lang='lat' dir='ltr'>abolitae.</span> 
     </span>
    </p>
   </div>
   <div class='ocr_carea' id='block_1_89' title="bbox 477 5591 2081 5671">
    <p class='ocr_par' dir='ltr' id='par_1_89' title="bbox 477 5591 2081 5671">
     <span class='ocr_line' id='line_1_89' title="bbox 477 5591 2081 5671; baseline 0.005 -25"><span class='ocrx_word' id='word_1_732' title='bbox 477 5591 790 5671; x_wconf 69' lang='lat' dir='ltr'>‘-Verhum</span> <span class='ocrx_word' id='word_1_733' title='bbox 823 5591 1170 5671; x_wconf 68' lang='lat' dir='ltr'>habereduo</span> <span class='ocrx_word' id='word_1_734' title='bbox 1202 5611 1347 5653; x_wconf 89' lang='lat' dir='ltr'>mss.</span> <span class='ocrx_word' id='word_1_735' title='bbox 1385 5597 1680 5671; x_wconf 86' lang='lat' dir='ltr'>nesciunt,</span> <span class='ocrx_word' id='word_1_736' title='bbox 1713 5603 1770 5654; x_wconf 91' lang='lat' dir='ltr'>et</span> <span class='ocrx_word' id='word_1_737' title='bbox 1817 5616 1920 5671; x_wconf 89' lang='lat' dir='ltr'>pro</span> <span class='ocrx_word' id='word_1_738' title='bbox 1955 5616 2081 5654; x_wconf 59' lang='lat' dir='ltr'>ma-</span> 
     </span>
    </p>
   </div>
   <div class='ocr_carea' id='block_1_90' title="bbox 408 5664 2082 5748">
    <p class='ocr_par' dir='ltr' id='par_1_90' title="bbox 408 5664 2082 5748">
     <span class='ocr_line' id='line_1_90' title="bbox 408 5664 2082 5748; baseline 0.005 -28"><span class='ocrx_word' id='word_1_739' title='bbox 408 5665 600 5736; x_wconf 83' lang='lat' dir='ltr'>ritum,</span> <span class='ocrx_word' id='word_1_740' title='bbox 633 5664 855 5748; x_wconf 79' lang='lat' dir='ltr'>legunt</span> <span class='ocrx_word' id='word_1_741' title='bbox 888 5669 1251 5737; x_wconf 71' lang='lat' dir='ltr'>maritatam;</span> <span class='ocrx_word' id='word_1_742' title='bbox 1285 5669 1632 5726; x_wconf 89' lang='lat' dir='ltr'>concinnius</span> <span class='ocrx_word' id='word_1_743' title='bbox 1671 5664 1948 5728; x_wconf 17' lang='lat' dir='ltr'>’mari&#39;Mm.</span> <span class='ocrx_word' id='word_1_744' title='bbox 1995 5671 2082 5728; x_wconf 88' lang='lat' dir='ltr'>le-</span> 
     </span>
    </p>
   </div>
   <div class='ocr_carea' id='block_1_91' title="bbox 419 5751 2079 5886">
    <p class='ocr_par' dir='ltr' id='par_1_91' title="bbox 419 5751 2079 5886">
     <span class='ocr_line' id='line_1_91' title="bbox 419 5751 2079 5886; baseline 0.005 -23"><span class='ocrx_word' id='word_1_745' title='bbox 419 5751 900 5868; x_wconf 65' lang='lat' dir='ltr'>suasinterserunt</span> <span class='ocrx_word' id='word_1_746' title='bbox 941 5810 1064 5868; x_wconf 89' lang='lat' dir='ltr'>duo</span> <span class='ocrx_word' id='word_1_747' title='bbox 1090 5823 1234 5868; x_wconf 83' lang='lat' dir='ltr'>mss.</span> <span class='ocrx_word' id='word_1_748' title='bbox 1255 5811 1629 5885; x_wconf 82' lang='lat' dir='ltr'>impudicitia,</span> <span class='ocrx_word' id='word_1_749' title='bbox 1655 5831 1832 5886; x_wconf 86' lang='lat' dir='ltr'>quam</span> <span class='ocrx_word' id='word_1_750' title='bbox 1875 5831 2079 5874; x_wconf 79' lang='lat' dir='ltr'>vocem</span> 
     </span>
    </p>
   </div>
   <div class='ocr_carea' id='block_1_92' title="bbox 2193 3427 3840 3497">
    <p class='ocr_par' dir='ltr' id='par_1_92' title="bbox 2193 3427 3840 3497">
     <span class='ocr_line' id='line_1_92' title="bbox 2193 3427 3840 3497; baseline -0.001 -11"><span class='ocrx_word' id='word_1_751' title='bbox 2193 3430 2483 3487; x_wconf 89' lang='lat' dir='ltr'>idolorum</span> <span class='ocrx_word' id='word_1_752' title='bbox 2518 3431 2790 3497; x_wconf 87' lang='lat' dir='ltr'>servitus,</span> <span class='ocrx_word' id='word_1_753' title='bbox 2820 3430 3116 3496; x_wconf 81' lang='lat' dir='ltr'>veneficia,</span> <span class='ocrx_word' id='word_1_754' title='bbox 3152 3427 3492 3496; x_wconf 82' lang='lat' dir='ltr'>inimicitiae,</span> <span class='ocrx_word' id='word_1_755' title='bbox 3516 3429 3840 3484; x_wconf 78' lang='lat' dir='ltr'>contentio-</span> 
     </span>
    </p>
   </div>
   <div class='ocr_carea' id='block_1_93' title="bbox 2195 3517 3837 3590">
    <p class='ocr_par' dir='ltr' id='par_1_93' title="bbox 2195 3517 3837 3590">
     <span class='ocr_line' id='line_1_93' title="bbox 2195 3517 3837 3590; baseline -0.001 -14"><span class='ocrx_word' id='word_1_756' title='bbox 2195 3537 2318 3587; x_wconf 85' lang='lat' dir='ltr'>nes,</span> <span class='ocrx_word' id='word_1_757' title='bbox 2378 3518 2802 3590; x_wconf 70' lang='lat' dir='ltr'>aemulationes,</span> <span class='ocrx_word' id='word_1_758' title='bbox 2858 3519 2978 3589; x_wconf 72' lang='lat' dir='ltr'>iraa,</span> <span class='ocrx_word' id='word_1_759' title='bbox 3043 3519 3196 3583; x_wconf 68' lang='lat' dir='ltr'>rixas,</span> <span class='ocrx_word' id='word_1_760' title='bbox 3252 3517 3671 3585; x_wconf 88' lang='lat' dir='ltr'>dissensiones,</span> <span class='ocrx_word' id='word_1_761' title='bbox 3722 3518 3837 3574; x_wconf 72' lang='lat' dir='ltr'>hea-</span> 
     </span>
    </p>
   </div>
   <div class='ocr_carea' id='block_1_94' title="bbox 2195 3607 3840 3677">
    <p class='ocr_par' dir='ltr' id='par_1_94' title="bbox 2195 3607 3840 3677">
     <span class='ocr_line' id='line_1_94' title="bbox 2195 3607 3840 3677; baseline -0.002 -11"><span class='ocrx_word' id='word_1_762' title='bbox 2195 3626 2374 3677; x_wconf 91' lang='lat' dir='ltr'>reses,</span> <span class='ocrx_word' id='word_1_763' title='bbox 2434 3609 2689 3674; x_wconf 65' lang='lat' dir='ltr'>invidie,</span> <span class='ocrx_word' id='word_1_764' title='bbox 2745 3607 3077 3676; x_wconf 87' lang='lat' dir='ltr'>ebrietates,</span> <span class='ocrx_word' id='word_1_765' title='bbox 3135 3607 3606 3673; x_wconf 88' lang='lat' dir='ltr'>comessationes,</span> <span class='ocrx_word' id='word_1_766' title='bbox 3639 3611 3696 3662; x_wconf 90' lang='lat' dir='ltr'>et</span> <span class='ocrx_word' id='word_1_767' title='bbox 3748 3608 3840 3663; x_wconf 88' lang='lat' dir='ltr'>his</span> 
     </span>
    </p>
   </div>
   <div class='ocr_carea' id='block_1_95' title="bbox 2195 3697 3839 3771">
    <p class='ocr_par' dir='ltr' id='par_1_95' title="bbox 2195 3697 3839 3771">
     <span class='ocr_line' id='line_1_95' title="bbox 2195 3697 3839 3771; baseline 0 -17"><span class='ocrx_word' id='word_1_768' title='bbox 2195 3699 2432 3768; x_wconf 88' lang='lat' dir='ltr'>similia,</span> <span class='ocrx_word' id='word_1_769' title='bbox 2465 3715 2592 3770; x_wconf 65' lang='lat' dir='ltr'>qua:</span> <span class='ocrx_word' id='word_1_770' title='bbox 2626 3697 2873 3771; x_wconf 68' lang='lat' dir='ltr'>praedico</span> <span class='ocrx_word' id='word_1_771' title='bbox 2902 3697 3066 3753; x_wconf 90' lang='lat' dir='ltr'>vobis</span> <span class='ocrx_word' id='word_1_772' title='bbox 3099 3697 3252 3752; x_wconf 89' lang='lat' dir='ltr'>sicut</span> <span class='ocrx_word' id='word_1_773' title='bbox 3279 3702 3336 3752; x_wconf 90' lang='lat' dir='ltr'>et</span> <span class='ocrx_word' id='word_1_774' title='bbox 3367 3697 3602 3769; x_wconf 83' lang='lat' dir='ltr'>praedixi</span> <span class='ocrx_word' id='word_1_775' title='bbox 3640 3713 3652 3752; x_wconf 94' lang='lat'>:</span> <span class='ocrx_word' id='word_1_776' title='bbox 3695 3714 3839 3770; x_wconf 90' lang='lat' dir='ltr'>quo-</span> 
     </span>
    </p>
   </div>
   <div class='ocr_carea' id='block_1_96' title="bbox 2195 3786 3841 3861">
    <p class='ocr_par' dir='ltr' id='par_1_96' title="bbox 2195 3786 3841 3861">
     <span class='ocr_line' id='line_1_96' title="bbox 2195 3786 3841 3861; baseline 0 -17"><span class='ocrx_word' id='word_1_777' title='bbox 2195 3789 2354 3844; x_wconf 87' lang='lat' dir='ltr'>niam</span> <span class='ocrx_word' id='word_1_778' title='bbox 2379 3789 2478 3861; x_wconf 90' lang='lat' dir='ltr'>qui</span> <span class='ocrx_word' id='word_1_779' title='bbox 2499 3788 2620 3843; x_wconf 71' lang='lat' dir='ltr'>hzec</span> <span class='ocrx_word' id='word_1_780' title='bbox 2643 3792 2842 3860; x_wconf 90' lang='lat' dir='ltr'>agunt,</span> <span class='ocrx_word' id='word_1_781' title='bbox 2859 3803 3104 3860; x_wconf 89' lang='lat' dir='ltr'>regnum</span> <span class='ocrx_word' id='word_1_782' title='bbox 3124 3787 3226 3843; x_wconf 86' lang='lat' dir='ltr'>Dei</span> <span class='ocrx_word' id='word_1_783' title='bbox 3250 3803 3364 3842; x_wconf 92' lang='lat' dir='ltr'>non</span> <span class='ocrx_word' id='word_1_784' title='bbox 3388 3786 3789 3859; x_wconf 88' lang='lat' dir='ltr'>possidebunt.</span> <span class='ocrx_word' id='word_1_785' title='bbox 3813 3811 3841 3837; x_wconf 85' lang='lat'><strong>»</strong></span> 
     </span>
    </p>
   </div>
   <div class='ocr_carea' id='block_1_97' title="bbox 2195 3875 3840 3950">
    <p class='ocr_par' dir='ltr' id='par_1_97' title="bbox 2195 3875 3840 3950">
     <span class='ocr_line' id='line_1_97' title="bbox 2195 3875 3840 3950; baseline -0.001 -17"><span class='ocrx_word' id='word_1_786' title='bbox 2195 3875 2476 3948; x_wconf 88' lang='lat' dir='ltr'>Superius</span> <span class='ocrx_word' id='word_1_787' title='bbox 2521 3893 2654 3932; x_wconf 89' lang='lat' dir='ltr'>cum</span> <span class='ocrx_word' id='word_1_788' title='bbox 2706 3892 3130 3948; x_wconf 83' lang='lat' dir='ltr'>exponeremus</span> <span class='ocrx_word' id='word_1_789' title='bbox 3173 3875 3244 3932; x_wconf 92' lang='lat' dir='ltr'>de</span> <span class='ocrx_word' id='word_1_790' title='bbox 3291 3892 3465 3932; x_wconf 88' lang='lat' dir='ltr'>carne</span> <span class='ocrx_word' id='word_1_791' title='bbox 3511 3879 3568 3933; x_wconf 91' lang='lat' dir='ltr'>et</span> <span class='ocrx_word' id='word_1_792' title='bbox 3609 3877 3840 3950; x_wconf 89' lang='lat' dir='ltr'>spiritu,</span> 
     </span>
    </p>
   </div>
   <div class='ocr_carea' id='block_1_98' title="bbox 2194 3965 3845 4038">
    <p class='ocr_par' dir='ltr' id='par_1_98' title="bbox 2194 3965 3845 4038">
     <span class='ocr_line' id='line_1_98' title="bbox 2194 3965 3845 4038; baseline 0.001 -17"><span class='ocrx_word' id='word_1_793' title='bbox 2194 3965 2486 4038; x_wconf 87' lang='lat' dir='ltr'>triplicem</span> <span class='ocrx_word' id='word_1_794' title='bbox 2520 3965 2964 4038; x_wconf 87' lang='lat' dir='ltr'>intelligentiam</span> <span class='ocrx_word' id='word_1_795' title='bbox 2997 3966 3332 4021; x_wconf 85' lang='lat' dir='ltr'>dixeramus</span> <span class='ocrx_word' id='word_1_796' title='bbox 3363 3982 3384 4022; x_wconf 83' lang='lat'>.°</span> <span class='ocrx_word' id='word_1_797' title='bbox 3435 3965 3523 4021; x_wconf 90' lang='lat' dir='ltr'>vel</span> <span class='ocrx_word' id='word_1_798' title='bbox 3574 3983 3672 4022; x_wconf 88' lang='lat' dir='ltr'>eos</span> <span class='ocrx_word' id='word_1_799' title='bbox 3715 3983 3845 4023; x_wconf 90' lang='lat' dir='ltr'>esse</span> 
     </span>
    </p>
   </div>
   <div class='ocr_carea' id='block_1_99' title="bbox 2195 4054 3844 4126">
    <p class='ocr_par' dir='ltr' id='par_1_99' title="bbox 2195 4054 3844 4126">
     <span class='ocr_line' id='line_1_99' title="bbox 2195 4054 3844 4126; baseline 0.001 -16"><span class='ocrx_word' id='word_1_800' title='bbox 2195 4071 2458 4124; x_wconf 88' lang='lat' dir='ltr'>carneos,</span> <span class='ocrx_word' id='word_1_801' title='bbox 2491 4055 2592 4126; x_wconf 90' lang='lat' dir='ltr'>qui</span> <span class='ocrx_word' id='word_1_802' title='bbox 2642 4054 2863 4126; x_wconf 86' lang='lat' dir='ltr'>parvuli</span> <span class='ocrx_word' id='word_1_803' title='bbox 2918 4059 2976 4109; x_wconf 87' lang='lat' dir='ltr'>et</span> <span class='ocrx_word' id='word_1_804' title='bbox 3019 4055 3301 4126; x_wconf 90' lang='lat' dir='ltr'>corporei,</span> <span class='ocrx_word' id='word_1_805' title='bbox 3333 4055 3391 4109; x_wconf 92' lang='lat' dir='ltr'>in</span> <span class='ocrx_word' id='word_1_806' title='bbox 3426 4054 3656 4111; x_wconf 84' lang='lat' dir='ltr'>Christo</span> <span class='ocrx_word' id='word_1_807' title='bbox 3705 4055 3844 4111; x_wconf 82' lang='lat' dir='ltr'>soli-</span> 
     </span>
    </p>
   </div>
   <div class='ocr_carea' id='block_1_100' title="bbox 2195 4142 3846 4216">
    <p class='ocr_par' dir='ltr' id='par_1_100' title="bbox 2195 4142 3846 4216">
     <span class='ocr_line' id='line_1_100' title="bbox 2195 4142 3846 4216; baseline 0.001 -16"><span class='ocrx_word' id='word_1_808' title='bbox 2195 4145 2338 4200; x_wconf 89' lang='lat' dir='ltr'>dum</span> <span class='ocrx_word' id='word_1_809' title='bbox 2393 4145 2612 4211; x_wconf 90' lang='lat' dir='ltr'>cibum,</span> <span class='ocrx_word' id='word_1_810' title='bbox 2647 4148 2704 4198; x_wconf 90' lang='lat' dir='ltr'>et</span> <span class='ocrx_word' id='word_1_811' title='bbox 2759 4143 3023 4214; x_wconf 67' lang='lat' dir='ltr'>perfectae</span> <span class='ocrx_word' id='word_1_812' title='bbox 3071 4142 3256 4198; x_wconf 67' lang='lat' dir='ltr'>etatis</span> <span class='ocrx_word' id='word_1_813' title='bbox 3308 4143 3589 4199; x_wconf 89' lang='lat' dir='ltr'>alimenta</span> <span class='ocrx_word' id='word_1_814' title='bbox 3639 4161 3846 4216; x_wconf 87' lang='lat' dir='ltr'>capere</span> 
     </span>
    </p>
   </div>
   <div class='ocr_carea' id='block_1_101' title="bbox 2195 4231 3843 4305">
    <p class='ocr_par' dir='ltr' id='par_1_101' title="bbox 2195 4231 3843 4305">
     <span class='ocr_line' id='line_1_101' title="bbox 2195 4231 3843 4305; baseline -0.001 -16"><span class='ocrx_word' id='word_1_815' title='bbox 2195 4251 2308 4289; x_wconf 90' lang='lat' dir='ltr'>non</span> <span class='ocrx_word' id='word_1_816' title='bbox 2361 4237 2604 4305; x_wconf 89' lang='lat' dir='ltr'>possent</span> <span class='ocrx_word' id='word_1_817' title='bbox 2652 4234 2705 4303; x_wconf 88' lang='grc' dir='ltr'>(ι</span> <span class='ocrx_word' id='word_1_818' title='bbox 2739 4234 2867 4287; x_wconf 86' lang='lat' dir='ltr'>Cor.</span> <span class='ocrx_word' id='word_1_819' title='bbox 2915 4248 3001 4300; x_wconf 89' lang='grc' dir='ltr'>ιιι,</span> <span class='ocrx_word' id='word_1_820' title='bbox 3036 4233 3086 4298; x_wconf 92' lang='grc'>1,</span> <span class='ocrx_word' id='word_1_821' title='bbox 3121 4232 3222 4301; x_wconf 83' lang='grc'>2);</span> <span class='ocrx_word' id='word_1_822' title='bbox 3277 4231 3366 4287; x_wconf 89' lang='lat' dir='ltr'>vel</span> <span class='ocrx_word' id='word_1_823' title='bbox 3423 4231 3687 4288; x_wconf 88' lang='lat' dir='ltr'>carnales</span> <span class='ocrx_word' id='word_1_824' title='bbox 3744 4249 3843 4289; x_wconf 85' lang='lat' dir='ltr'>eos</span> 
     </span>
    </p>
   </div>
   <div class='ocr_carea' id='block_1_102' title="bbox 2194 4320 3842 4395">
    <p class='ocr_par' dir='ltr' id='par_1_102' title="bbox 2194 4320 3842 4395">
     <span class='ocr_line' id='line_1_102' title="bbox 2194 4320 3842 4395; baseline -0.002 -15"><span class='ocrx_word' id='word_1_825' title='bbox 2194 4340 2344 4389; x_wconf 90' lang='lat' dir='ltr'>esse,</span> <span class='ocrx_word' id='word_1_826' title='bbox 2377 4323 2477 4395; x_wconf 89' lang='lat' dir='ltr'>qui</span> <span class='ocrx_word' id='word_1_827' title='bbox 2508 4339 2670 4377; x_wconf 88' lang='lat' dir='ltr'>more</span> <span class='ocrx_word' id='word_1_828' title='bbox 2707 4321 2950 4377; x_wconf 87' lang='lat' dir='ltr'>Judaico</span> <span class='ocrx_word' id='word_1_829' title='bbox 2995 4320 3302 4376; x_wconf 90' lang='lat' dir='ltr'>historiam</span> <span class='ocrx_word' id='word_1_830' title='bbox 3353 4324 3584 4376; x_wconf 87' lang='lat' dir='ltr'>tantum</span> <span class='ocrx_word' id='word_1_831' title='bbox 3635 4337 3842 4394; x_wconf 84' lang='lat' dir='ltr'>seque-</span> 
     </span>
    </p>
   </div>
   <div class='ocr_carea' id='block_1_103' title="bbox 2196 4411 3840 4484">
    <p class='ocr_par' dir='ltr' id='par_1_103' title="bbox 2196 4411 3840 4484">
     <span class='ocr_line' id='line_1_103' title="bbox 2196 4411 3840 4484; baseline -0.001 -15"><span class='ocrx_word' id='word_1_832' title='bbox 2196 4419 2399 4469; x_wconf 86' lang='lat' dir='ltr'>rentur</span> <span class='ocrx_word' id='word_1_833' title='bbox 2426 4418 2483 4468; x_wconf 91' lang='lat' dir='ltr'>et</span> <span class='ocrx_word' id='word_1_834' title='bbox 2512 4411 2764 4468; x_wconf 86' lang='lat' dir='ltr'>litteram</span> <span class='ocrx_word' id='word_1_835' title='bbox 2793 4429 2807 4468; x_wconf 90' lang='lat'>:</span> <span class='ocrx_word' id='word_1_836' title='bbox 2839 4415 2942 4468; x_wconf 89' lang='lat' dir='ltr'>aut</span> <span class='ocrx_word' id='word_1_837' title='bbox 2961 4415 3134 4476; x_wconf 90' lang='lat' dir='ltr'>certe,</span> <span class='ocrx_word' id='word_1_838' title='bbox 3151 4411 3322 4482; x_wconf 81' lang='lat' dir='ltr'>juxta</span> <span class='ocrx_word' id='word_1_839' title='bbox 3352 4411 3676 4484; x_wconf 90' lang='lat' dir='ltr'>simplicem</span> <span class='ocrx_word' id='word_1_840' title='bbox 3710 4429 3840 4469; x_wconf 86' lang='lat' dir='ltr'>sen-</span> 
     </span>
    </p>
   </div>
   <div class='ocr_carea' id='block_1_104' title="bbox 2195 4500 3844 4575">
    <p class='ocr_par' dir='ltr' id='par_1_104' title="bbox 2195 4500 3844 4575">
     <span class='ocr_line' id='line_1_104' title="bbox 2195 4500 3844 4575; baseline 0 -15"><span class='ocrx_word' id='word_1_841' title='bbox 2195 4521 2352 4570; x_wconf 89' lang='lat' dir='ltr'>sum,</span> <span class='ocrx_word' id='word_1_842' title='bbox 2380 4503 2439 4558; x_wconf 90' lang='lat' dir='ltr'>in</span> <span class='ocrx_word' id='word_1_843' title='bbox 2475 4502 2730 4558; x_wconf 90' lang='lat' dir='ltr'>hominis</span> <span class='ocrx_word' id='word_1_844' title='bbox 2761 4500 2993 4557; x_wconf 81' lang='lat' dir='ltr'>fictione</span> <span class='ocrx_word' id='word_1_845' title='bbox 3018 4517 3249 4556; x_wconf 82' lang='lat' dir='ltr'>carnem</span> <span class='ocrx_word' id='word_1_846' title='bbox 3285 4501 3676 4575; x_wconf 90' lang='lat' dir='ltr'>spiritumque</span> <span class='ocrx_word' id='word_1_847' title='bbox 3707 4503 3844 4560; x_wconf 87' lang='lat' dir='ltr'>sub-</span> 
     </span>
    </p>
   </div>
   <div class='ocr_carea' id='block_1_105' title="bbox 2195 4591 3845 4665">
    <p class='ocr_par' dir='ltr' id='par_1_105' title="bbox 2195 4591 3845 4665">
     <span class='ocr_line' id='line_1_105' title="bbox 2195 4591 3845 4665; baseline 0 -16"><span class='ocrx_word' id='word_1_848' title='bbox 2195 4593 2423 4661; x_wconf 85' lang='lat' dir='ltr'>sistere,</span> <span class='ocrx_word' id='word_1_849' title='bbox 2456 4591 3126 4663; x_wconf 14' lang='lat' dir='ltr'>etjuxta‘diversitatem</span> <span class='ocrx_word' id='word_1_850' title='bbox 3161 4592 3524 4657; x_wconf 65' lang='lat' dir='ltr'>substantia),</span> <span class='ocrx_word' id='word_1_851' title='bbox 3547 4591 3636 4648; x_wconf 90' lang='lat' dir='ltr'>vel</span> <span class='ocrx_word' id='word_1_852' title='bbox 3669 4609 3845 4665; x_wconf 86' lang='lat' dir='ltr'>opera</span> 
     </span>
    </p>
   </div>
   <div class='ocr_carea' id='block_1_106' title="bbox 2193 4679 3846 4753">
    <p class='ocr_par' dir='ltr' id='par_1_106' title="bbox 2193 4679 3846 4753">
     <span class='ocr_line' id='line_1_106' title="bbox 2193 4679 3846 4753; baseline 0.001 -15"><span class='ocrx_word' id='word_1_853' title='bbox 2193 4683 2392 4738; x_wconf 90' lang='lat' dir='ltr'>carnis</span> <span class='ocrx_word' id='word_1_854' title='bbox 2423 4698 2571 4746; x_wconf 91' lang='lat' dir='ltr'>esse,</span> <span class='ocrx_word' id='word_1_855' title='bbox 2597 4679 2680 4736; x_wconf 91' lang='lat' dir='ltr'>vel</span> <span class='ocrx_word' id='word_1_856' title='bbox 2714 4681 2978 4753; x_wconf 88' lang='lat' dir='ltr'>spiritus.</span> <span class='ocrx_word' id='word_1_857' title='bbox 3003 4680 3170 4736; x_wconf 87' lang='lat' dir='ltr'>Nunc</span> <span class='ocrx_word' id='word_1_858' title='bbox 3199 4697 3336 4752; x_wconf 86' lang='lat' dir='ltr'>ergo</span> <span class='ocrx_word' id='word_1_859' title='bbox 3367 4697 3492 4753; x_wconf 84' lang='lat' dir='ltr'>quae</span> <span class='ocrx_word' id='word_1_860' title='bbox 3526 4681 3622 4738; x_wconf 90' lang='lat' dir='ltr'>hic</span> <span class='ocrx_word' id='word_1_861' title='bbox 3651 4683 3846 4739; x_wconf 90' lang='lat' dir='ltr'>carnis</span> 
     </span>
    </p>
   </div>
   <div class='ocr_carea' id='block_1_107' title="bbox 2191 4769 3843 4844">
    <p class='ocr_par' dir='ltr' id='par_1_107' title="bbox 2191 4769 3843 4844">
     <span class='ocr_line' id='line_1_107' title="bbox 2191 4769 3843 4844; baseline 0 -16"><span class='ocrx_word' id='word_1_862' title='bbox 2191 4788 2368 4844; x_wconf 88' lang='lat' dir='ltr'>opera</span> <span class='ocrx_word' id='word_1_863' title='bbox 2415 4770 2823 4840; x_wconf 90' lang='lat' dir='ltr'>nominantur,</span> <span class='ocrx_word' id='word_1_864' title='bbox 2857 4769 3162 4826; x_wconf 86' lang='lat' dir='ltr'>fornicat-io</span> <span class='ocrx_word' id='word_1_865' title='bbox 3204 4769 3489 4838; x_wconf 88' lang='lat' dir='ltr'>videlicet,</span> <span class='ocrx_word' id='word_1_866' title='bbox 3523 4771 3843 4828; x_wconf 90' lang='lat' dir='ltr'>immundi-</span> 
     </span>
    </p>
   </div>
   <div class='ocr_carea' id='block_1_108' title="bbox 2195 4861 3845 4936">
    <p class='ocr_par' dir='ltr' id='par_1_108' title="bbox 2195 4861 3845 4936">
     <span class='ocr_line' id='line_1_108' title="bbox 2195 4861 3845 4936; baseline -0.001 -19"><span class='ocrx_word' id='word_1_867' title='bbox 2195 4861 2298 4928; x_wconf 89' lang='lat' dir='ltr'>tia,</span> <span class='ocrx_word' id='word_1_868' title='bbox 2331 4861 2588 4933; x_wconf 88' lang='lat' dir='ltr'>luxuria,</span> <span class='ocrx_word' id='word_1_869' title='bbox 2621 4865 2678 4915; x_wconf 90' lang='lat' dir='ltr'>et</span> <span class='ocrx_word' id='word_1_870' title='bbox 2707 4865 2911 4916; x_wconf 76' lang='lat' dir='ltr'>caetera</span> <span class='ocrx_word' id='word_1_871' title='bbox 2940 4877 3068 4932; x_wconf 66' lang='lat' dir='ltr'>quae</span> <span class='ocrx_word' id='word_1_872' title='bbox 3099 4865 3449 4932; x_wconf 87' lang='lat' dir='ltr'>sequuntur,</span> <span class='ocrx_word' id='word_1_873' title='bbox 3483 4863 3672 4936; x_wconf 90' lang='lat' dir='ltr'>magis</span> <span class='ocrx_word' id='word_1_874' title='bbox 3701 4861 3845 4918; x_wconf 89' lang='lat' dir='ltr'>mihi</span> 
     </span>
    </p>
   </div>
   <div class='ocr_carea' id='block_1_109' title="bbox 2194 4949 3845 5025">
    <p class='ocr_par' dir='ltr' id='par_1_109' title="bbox 2194 4949 3845 5025">
     <span class='ocr_line' id='line_1_109' title="bbox 2194 4949 3845 5025; baseline 0.001 -20"><span class='ocrx_word' id='word_1_875' title='bbox 2194 4951 2474 5007; x_wconf 88' lang='lat' dir='ltr'>videntur</span> <span class='ocrx_word' id='word_1_876' title='bbox 2503 4951 2573 5006; x_wconf 91' lang='lat' dir='ltr'>ad</span> <span class='ocrx_word' id='word_1_877' title='bbox 2608 4949 2936 5022; x_wconf 89' lang='lat' dir='ltr'>simplicem</span> <span class='ocrx_word' id='word_1_878' title='bbox 2969 4950 3162 5006; x_wconf 85' lang='lat' dir='ltr'>carnis</span> <span class='ocrx_word' id='word_1_879' title='bbox 3192 4951 3345 5007; x_wconf 74' lang='lat'>505</span> <span class='ocrx_word' id='word_1_880' title='bbox 3377 4956 3434 5007; x_wconf 90' lang='lat' dir='ltr'>et</span> <span class='ocrx_word' id='word_1_881' title='bbox 3465 4952 3708 5025; x_wconf 88' lang='lat' dir='ltr'>spiritus</span> <span class='ocrx_word' id='word_1_882' title='bbox 3756 4952 3845 5006; x_wconf 87' lang='lat' dir='ltr'>in-</span> 
     </span>
    </p>
   </div>
   <div class='ocr_carea' id='block_1_110' title="bbox 2195 5039 3843 5114">
    <p class='ocr_par' dir='ltr' id='par_1_110' title="bbox 2195 5039 3843 5114">
     <span class='ocr_line' id='line_1_110' title="bbox 2195 5039 3843 5114; baseline 0.001 -19"><span class='ocrx_word' id='word_1_883' title='bbox 2195 5040 2605 5114; x_wconf 89' lang='lat' dir='ltr'>telligentiam,</span> <span class='ocrx_word' id='word_1_884' title='bbox 2633 5056 2809 5112; x_wconf 88' lang='lat' dir='ltr'>quam</span> <span class='ocrx_word' id='word_1_885' title='bbox 2838 5041 2910 5096; x_wconf 86' lang='lat' dir='ltr'>ad</span> <span class='ocrx_word' id='word_1_886' title='bbox 2938 5057 3184 5096; x_wconf 86' lang='lat' dir='ltr'>carnem</span> <span class='ocrx_word' id='word_1_887' title='bbox 3206 5039 3370 5112; x_wconf 89' lang='lat' dir='ltr'>legis,</span> <span class='ocrx_word' id='word_1_888' title='bbox 3399 5046 3456 5097; x_wconf 91' lang='lat' dir='ltr'>et</span> <span class='ocrx_word' id='word_1_889' title='bbox 3482 5040 3752 5113; x_wconf 83' lang='lat' dir='ltr'>parvulos</span> <span class='ocrx_word' id='word_1_890' title='bbox 3785 5041 3843 5096; x_wconf 86' lang='lat' dir='ltr'>in</span> 
     </span>
    </p>
   </div>
   <div class='ocr_carea' id='block_1_111' title="bbox 2191 5129 3842 5203">
    <p class='ocr_par' dir='ltr' id='par_1_111' title="bbox 2191 5129 3842 5203">
     <span class='ocr_line' id='line_1_111' title="bbox 2191 5129 3842 5203; baseline -0.001 -16"><span class='ocrx_word' id='word_1_891' title='bbox 2191 5131 2423 5187; x_wconf 89' lang='lat' dir='ltr'>Christo</span> <span class='ocrx_word' id='word_1_892' title='bbox 2480 5131 2701 5194; x_wconf 87' lang='lat' dir='ltr'>referri,</span> <span class='ocrx_word' id='word_1_893' title='bbox 2736 5130 2870 5185; x_wconf 85' lang='lat' dir='ltr'>licet</span> <span class='ocrx_word' id='word_1_894' title='bbox 2924 5131 2983 5186; x_wconf 91' lang='lat' dir='ltr'>in</span> <span class='ocrx_word' id='word_1_895' title='bbox 3024 5148 3090 5186; x_wconf 85' lang='lat' dir='ltr'>eo</span> <span class='ocrx_word' id='word_1_896' title='bbox 3122 5129 3268 5199; x_wconf 90' lang='lat' dir='ltr'>loco,</span> <span class='ocrx_word' id='word_1_897' title='bbox 3304 5131 3402 5186; x_wconf 90' lang='lat' dir='ltr'>ubi</span> <span class='ocrx_word' id='word_1_898' title='bbox 3437 5147 3615 5203; x_wconf 89' lang='lat' dir='ltr'>supra</span> <span class='ocrx_word' id='word_1_899' title='bbox 3644 5131 3715 5185; x_wconf 90' lang='lat' dir='ltr'>de</span> <span class='ocrx_word' id='word_1_900' title='bbox 3744 5131 3842 5186; x_wconf 88' lang='lat' dir='ltr'>de-</span> 
     </span>
    </p>
   </div>
   <div class='ocr_carea' id='block_1_112' title="bbox 2194 5218 3842 5294">
    <p class='ocr_par' dir='ltr' id='par_1_112' title="bbox 2194 5218 3842 5294">
     <span class='ocr_line' id='line_1_112' title="bbox 2194 5218 3842 5294; baseline -0.001 -18"><span class='ocrx_word' id='word_1_901' title='bbox 2194 5221 2346 5277; x_wconf 91' lang='lat' dir='ltr'>cimo</span> <span class='ocrx_word' id='word_1_902' title='bbox 2377 5220 2648 5294; x_wconf 87' lang='lat' dir='ltr'>Origenis</span> <span class='ocrx_word' id='word_1_903' title='bbox 2678 5221 2969 5276; x_wconf 82' lang='lat' dir='ltr'>Stromate</span> <span class='ocrx_word' id='word_1_904' title='bbox 3017 5220 3260 5276; x_wconf 90' lang='lat' dir='ltr'>verbum</span> <span class='ocrx_word' id='word_1_905' title='bbox 3307 5218 3722 5275; x_wconf 85' lang='lat' dir='ltr'>transtulimus</span> <span class='ocrx_word' id='word_1_906' title='bbox 3769 5219 3842 5274; x_wconf 92' lang='lat' dir='ltr'>ad</span> 
     </span>
    </p>
   </div>
   <div class='ocr_carea' id='block_1_113' title="bbox 2191 5307 3841 5382">
    <p class='ocr_par' dir='ltr' id='par_1_113' title="bbox 2191 5307 3841 5382">
     <span class='ocr_line' id='line_1_113' title="bbox 2191 5307 3841 5382; baseline -0.001 -16"><span class='ocrx_word' id='word_1_907' title='bbox 2191 5311 2456 5378; x_wconf 89' lang='lat' dir='ltr'>verbum,</span> <span class='ocrx_word' id='word_1_908' title='bbox 2491 5310 2631 5382; x_wconf 89' lang='lat' dir='ltr'>quid</span> <span class='ocrx_word' id='word_1_909' title='bbox 2687 5309 2861 5366; x_wconf 90' lang='lat' dir='ltr'>etiam</span> <span class='ocrx_word' id='word_1_910' title='bbox 2914 5310 2984 5364; x_wconf 85' lang='lat' dir='ltr'>dc</span> <span class='ocrx_word' id='word_1_911' title='bbox 3015 5309 3107 5364; x_wconf 91' lang='lat' dir='ltr'>his</span> <span class='ocrx_word' id='word_1_912' title='bbox 3138 5309 3340 5364; x_wconf 89' lang='lat' dir='ltr'>sentiri</span> <span class='ocrx_word' id='word_1_913' title='bbox 3372 5307 3578 5380; x_wconf 88' lang='lat' dir='ltr'>possit,</span> <span class='ocrx_word' id='word_1_914' title='bbox 3609 5324 3841 5380; x_wconf 85' lang='lat' dir='ltr'>expres-</span> 
     </span>
    </p>
   </div>
   <div class='ocr_carea' id='block_1_114' title="bbox 2194 5399 3845 5468">
    <p class='ocr_par' dir='ltr' id='par_1_114' title="bbox 2194 5399 3845 5468">
     <span class='ocr_line' id='line_1_114' title="bbox 2194 5399 3845 5468; baseline -0.002 -12"><span class='ocrx_word' id='word_1_915' title='bbox 2194 5416 2327 5457; x_wconf 90' lang='lat' dir='ltr'>sum</span> <span class='ocrx_word' id='word_1_916' title='bbox 2378 5399 2456 5455; x_wconf 90' lang='lat' dir='ltr'>sit</span> <span class='ocrx_word' id='word_1_917' title='bbox 2484 5401 2524 5456; x_wconf 73' lang='grc'><strong>⁸.</strong></span> <span class='ocrx_word' id='word_1_918' title='bbox 2576 5399 2739 5464; x_wconf 90' lang='lat' dir='ltr'>Quod</span> <span class='ocrx_word' id='word_1_919' title='bbox 2790 5403 2986 5454; x_wconf 89' lang='lat' dir='ltr'>autem</span> <span class='ocrx_word' id='word_1_920' title='bbox 3037 5399 3138 5453; x_wconf 91' lang='lat' dir='ltr'>ait.</span> <span class='ocrx_word' id='word_1_921' title='bbox 3183 5399 3470 5468; x_wconf 76' lang='lat' dir='ltr'>Manifesta</span> <span class='ocrx_word' id='word_1_922' title='bbox 3510 5404 3691 5453; x_wconf 84' lang='lat' dir='ltr'>autem</span> <span class='ocrx_word' id='word_1_923' title='bbox 3717 5403 3845 5453; x_wconf 79' lang='lat' dir='ltr'>sunt</span> 
     </span>
    </p>
   </div>
   <div class='ocr_carea' id='block_1_115' title="bbox 2192 5521 3844 5598">
    <p class='ocr_par' dir='ltr' id='par_1_115' title="bbox 2192 5521 3844 5598">
     <span class='ocr_line' id='line_1_115' title="bbox 2192 5521 3844 5598; baseline 0.001 -17"><span class='ocrx_word' id='word_1_924' title='bbox 2192 5525 2252 5582; x_wconf 91' lang='lat' dir='ltr'>in</span> <span class='ocrx_word' id='word_1_925' title='bbox 2281 5526 2395 5582; x_wconf 84' lang='lat' dir='ltr'>fine</span> <span class='ocrx_word' id='word_1_926' title='bbox 2423 5526 2694 5582; x_wconf 61' lang='lat' dir='ltr'>subnexaz</span> <span class='ocrx_word' id='word_1_927' title='bbox 2721 5523 3104 5598; x_wconf 76' lang='lat' dir='ltr'>expositionis</span> <span class='ocrx_word' id='word_1_928' title='bbox 3133 5526 3382 5598; x_wconf 75' lang='lat' dir='ltr'>testatur</span> <span class='ocrx_word' id='word_1_929' title='bbox 3400 5521 3695 5598; x_wconf 88' lang='lat' dir='ltr'>ipsement</span> <span class='ocrx_word' id='word_1_930' title='bbox 3720 5525 3844 5583; x_wconf 86' lang='lat' dir='ltr'>Hie-</span> 
     </span>
    </p>
   </div>
   <div class='ocr_carea' id='block_1_116' title="bbox 2193 5593 3843 5671">
    <p class='ocr_par' dir='ltr' id='par_1_116' title="bbox 2193 5593 3843 5671">
     <span class='ocr_line' id='line_1_116' title="bbox 2193 5593 3843 5671; baseline 0.002 -18"><span class='ocrx_word' id='word_1_931' title='bbox 2193 5614 2496 5671; x_wconf 84' lang='lat' dir='ltr'>ronymus,</span> <span class='ocrx_word' id='word_1_932' title='bbox 2529 5600 2589 5654; x_wconf 88' lang='lat' dir='ltr'>in</span> <span class='ocrx_word' id='word_1_933' title='bbox 2619 5593 2832 5654; x_wconf 77' lang='lat' dir='ltr'>Latinis</span> <span class='ocrx_word' id='word_1_934' title='bbox 2861 5595 3139 5652; x_wconf 79' lang='lat' dir='ltr'>codicibus</span> <span class='ocrx_word' id='word_1_935' title='bbox 3170 5594 3229 5648; x_wconf 66' lang='lat' dir='ltr'>in.</span> <span class='ocrx_word' id='word_1_936' title='bbox 3263 5593 3360 5650; x_wconf 86' lang='lat' dir='ltr'>hoc</span> <span class='ocrx_word' id='word_1_937' title='bbox 3395 5593 3638 5669; x_wconf 73' lang='lat' dir='ltr'>catalogo</span> <span class='ocrx_word' id='word_1_938' title='bbox 3679 5600 3843 5656; x_wconf 84' lang='lat' dir='ltr'>vitio-</span> 
     </span>
    </p>
   </div>
   <div class='ocr_carea' id='block_1_117' title="bbox 2191 5671 2862 5742">
    <p class='ocr_par' dir='ltr' id='par_1_117' title="bbox 2191 5671 2862 5742">
     <span class='ocr_line' id='line_1_117' title="bbox 2191 5671 2862 5742; baseline -0.001 -17"><span class='ocrx_word' id='word_1_939' title='bbox 2191 5687 2319 5730; x_wconf 84' lang='lat' dir='ltr'>rum</span> <span class='ocrx_word' id='word_1_940' title='bbox 2345 5673 2608 5742; x_wconf 80' lang='lat' dir='ltr'>scriptam</span> <span class='ocrx_word' id='word_1_941' title='bbox 2636 5671 2862 5742; x_wconf 73' lang='lat' dir='ltr'>referri.</span> 
     </span>
    </p>
   </div>
   <div class='ocr_carea' id='block_1_118' title="bbox 2263 5739 3833 5828">
    <p class='ocr_par' dir='ltr' id='par_1_118' title="bbox 2263 5739 3833 5828">
     <span class='ocr_line' id='line_1_118' title="bbox 2263 5739 3833 5828; baseline 0.001 -32"><span class='ocrx_word' id='word_1_942' title='bbox 2263 5743 2286 5776; x_wconf 67' lang='lat'><strong>‘</strong></span> <span class='ocrx_word' id='word_1_943' title='bbox 2313 5741 2422 5828; x_wconf 76' lang='lat' dir='ltr'>Prp</span> <span class='ocrx_word' id='word_1_944' title='bbox 2453 5739 2666 5808; x_wconf 79' lang='lat' dir='ltr'>verbis,</span> <span class='ocrx_word' id='word_1_945' title='bbox 2703 5739 3046 5828; x_wconf 43' lang='lat' dir='ltr'>expressum,</span> <span class='ocrx_word' id='word_1_946' title='bbox 3075 5739 3167 5820; x_wconf 76' lang='lat' dir='ltr'>sit,</span> <span class='ocrx_word' id='word_1_947' title='bbox 3201 5739 3386 5793; x_wconf 88' lang='lat' dir='ltr'>nostri</span> <span class='ocrx_word' id='word_1_948' title='bbox 3418 5755 3561 5825; x_wconf 76' lang='lat' dir='ltr'>mss.</span> <span class='ocrx_word' id='word_1_949' title='bbox 3594 5739 3833 5810; x_wconf 82' lang='lat' dir='ltr'>habent,</span> 
     </span>
    </p>
   </div>
   <div class='ocr_carea' id='block_1_119' title="bbox 2192 5809 3624 5889">
    <p class='ocr_par' dir='ltr' id='par_1_119' title="bbox 2192 5809 3624 5889">
     <span class='ocr_line' id='line_1_119' title="bbox 2192 5809 3624 5889; baseline -0.001 -16"><span class='ocrx_word' id='word_1_950' title='bbox 2192 5815 2441 5888; x_wconf 77' lang='lat' dir='ltr'>exemplo</span> <span class='ocrx_word' id='word_1_951' title='bbox 2463 5809 2799 5889; x_wconf 65' lang='lat' dir='ltr'>praesumpsi</span> <span class='ocrx_word' id='word_1_952' title='bbox 2827 5830 2842 5871; x_wconf 89' lang='lat'>:</span> <span class='ocrx_word' id='word_1_953' title='bbox 2893 5809 3050 5868; x_wconf 90' lang='lat' dir='ltr'>haud</span> <span class='ocrx_word' id='word_1_954' title='bbox 3082 5809 3201 5868; x_wconf 91' lang='lat' dir='ltr'>scio</span> <span class='ocrx_word' id='word_1_955' title='bbox 3232 5826 3376 5870; x_wconf 86' lang='lat' dir='ltr'>nuru</span> <span class='ocrx_word' id='word_1_956' title='bbox 3407 5811 3624 5871; x_wconf 89' lang='lat' dir='ltr'>verius.</span> 
     </span>
    </p>
   </div>
  </div>
