4332 6566
501 417 620 477 443

1751 413 1817 474 S.
1865 411 2172 475 EUSEBII
2217 409 2661 473 HIERONYMI

3794 403 3909 470 4M

500 565 664 623 opera
686 549 892 616 carnis,
913 546 1003 604 vel
1024 547 1301 604 omnibus
1323 563 1390 603 ea
1421 552 1558 603 nota
1588 563 1716 603 esse
1737 546 2143 601 demonstrat:
2179 547 2232 612 Α
2260 543 2526 600 criminis
2580 542 2862 614 subjectio
2917 540 3175 598 declarat
3206 543 3246 599 ¹.
3297 543 3590 609 Quantum
3641 542 3797 599 enim
3847 544 3908 599 in

502 639 641 711 quia
671 654 775 710 per
821 655 884 693 se
929 641 1164 710 pateant
1196 635 1350 692 mala
1381 654 1508 692 esse
1540 643 1596 691 et
1625 636 1921 707 fugienda,
1956 635 2144 689 intan-

502 732 632 783 tum
665 732 729 782 ut
760 727 932 783 etiam
980 727 1039 782 hi
1084 727 1183 798 qui
1215 743 1282 782 ea
1313 726 1555 790 faciunt,
1589 726 1828 797 cupiant
1859 723 2148 779 occultare

503 818 657 889 quod
692 817 932 872 faciunt.
965 815 1066 871 Vel
1099 820 1250 871 certe
1283 815 1372 870 his
1419 820 1646 870 tantum
1681 814 2010 881 manifesta,
2045 812 2147 883 qui

500 905 561 962 in
592 905 822 962 Christo
855 905 1224 961 crediderint.
1276 905 1515 960 Plurimi
1571 903 1786 975 quippe
1839 901 2146 974 gentilium

501 995 558 1050 in
595 994 718 1050 suis
749 994 1090 1066 ignominiis
1115 993 1459 1066 gloriantur,
1486 997 1540 1047 et
1571 995 1779 1062 putant
1811 990 1860 1047 si
1892 989 2150 1062 expleve-

500 1083 616 1140 rint
645 1083 1021 1155 voluptatem,
1055 1083 1369 1155 quamdam
1403 1098 1464 1136 se
1504 1080 1935 1152 turpitudinum
1974 1079 2145 1134 victo-

499 1172 646 1228 riam
677 1177 1044 1228 consecutos.
1079 1171 1191 1226 Sed
1244 1176 1300 1226 et
1349 1169 1498 1225 illud
1541 1169 1860 1240 eleganter,
1892 1169 2046 1240 quod
2088 1167 2148 1222 in

500 1277 671 1316 carne
721 1277 894 1332 Opera
942 1259 1156 1330 posuit,
1203 1263 1257 1313 et
1308 1259 1533 1314 fructus
1585 1258 1644 1312 in
1695 1257 1954 1329 spiritu:
2011 1256 2151 1328 quia

497 1350 638 1404 vitia
692 1349 749 1404 in
798 1347 1116 1419 semetipsa
1165 1347 1452 1402 ﬁniuntur
1500 1351 1557 1402 et
1605 1351 1871 1418 pereunt,
1904 1345 2149 1400 virtutes

498 1437 766 1510 frugibus
796 1435 1091 1509 pullulant
1119 1441 1175 1491 et
1204 1436 1555 1491 redundant.
1580 1436 1694 1490 Nec
1724 1439 2000 1506 putemus
2029 1435 2152 1490 ani-

495 1543 600 1582 ma
632 1524 861 1582 nullum
898 1541 1026 1582 esse
1057 1542 1225 1597 opus,
1261 1524 1308 1580 si
1341 1525 1484 1579 vitia
1515 1524 1695 1592 carni,
1728 1523 1974 1579 virtutes
2024 1524 2148 1596 spi-

497 1615 633 1670 ritui
658 1615 1029 1686 deputentur.
1061 1613 1206 1678 Quia
1231 1612 1429 1668 anima
1459 1613 1545 1682 (ut
1577 1629 1756 1683 supra
1777 1611 2058 1680 diximus)
2089 1613 2148 1668 in

496 1704 753 1776 quodam
803 1701 1132 1757 meditullio
1183 1701 1397 1772 posita,
1429 1701 1516 1757 vel
1567 1701 1724 1756 carni
1765 1701 2059 1774 jungitur,
2094 1705 2152 1756 et

495 1792 712 1848 dicitur
741 1791 813 1845 de
843 1807 910 1846 ea
945 1809 957 1846 :
1008 1791 1123 1846 Non
1148 1792 1493 1862 permanebit
1521 1792 1749 1860 spiritus
1780 1807 1934 1846 meus
1964 1793 2022 1845 in
2055 1790 2148 1846 ho-

495 1880 737 1936 minibus
766 1881 905 1945 istis,
938 1882 1069 1952 quia
1097 1896 1285 1935 carnes
1311 1888 1438 1935 sunt
1469 1881 1638 1951 (Gen.
1670 1896 1749 1946 vx,
1780 1879 1834 1949 3)
1862 1897 1874 1946 ;
1907 1879 1994 1934 vel
2029 1878 2146 1950 spi-

498 1969 635 2027 ritui
668 1967 992 2040 copulatur,
1025 1974 1081 2023 et
1129 1969 1188 2023 in
1241 1968 1484 2041 spiritus
1527 1967 1872 2024 vocabulum
1907 1970 2140 2023 transit.

504 2060 610 2128 Qui
650 2059 800 2112 enim
847 2057 1092 2114 adhaeret
1130 2059 1376 2123 Domino,
1410 2073 1552 2112 unus
1581 2059 1811 2129 spiritus
1840 2060 1920 2112 est
1948 2059 1994 2123 (I
2023 2056 2142 2112 Cor.

495 2165 573 2214 vx,
611 2149 715 2218 17).
748 2147 1010 2202 Primum
1044 2147 1242 2218 itaque
1274 2147 1467 2202 carnis
1497 2163 1665 2218 opus,
1694 2152 1782 2202 est
1816 2146 2142 2201 fornicatio.

499 2236 807 2292 Manifesta
838 2236 896 2291 in
931 2237 1164 2292 exordio
1196 2236 1411 2308 posuit,
1437 2254 1507 2291 ne
1540 2236 1608 2290 de
1643 2236 1850 2292 mediis
1882 2235 2144 2308 ambiga-

495 2343 649 2382 mus.
686 2326 854 2392 Omne
900 2327 1049 2381 enim
1105 2325 1461 2397 quodcunque
1515 2327 1705 2396 fecerit
1762 2325 1940 2394 homo,
1989 2334 2145 2380 extra

495 2431 693 2487 corpus
723 2419 853 2469 est:
904 2416 999 2485 qui
1041 2419 1225 2469 autem
1270 2415 1596 2486 fornicatur,
1654 2416 1712 2468 in
1761 2430 1954 2485 corpus
1981 2430 2144 2468 suum

490 2511 680 2576 peccat
708 2504 865 2575 (Ibid.
904 2505 1012 2574 18).
1039 2505 1106 2559 Et
1137 2520 1250 2559 non
1286 2520 1494 2559 sumus
1527 2503 1746 2558 nostri:
1782 2502 1963 2574 empti
1987 2502 2141 2557 enim

494 2609 704 2649 sumus
737 2593 941 2664 pretio,
974 2592 1369 2664 gloriﬁcemus
1416 2597 1473 2647 et
1524 2598 1824 2664 portemus
1871 2597 2049 2647 Deum
2083 2591 2142 2646 in

492 2697 731 2754 corpore
774 2686 972 2737 nostro
1018 2681 1179 2753 (Ibid.
1216 2683 1301 2751 19,
1333 2683 1445 2751 20).
1483 2682 1542 2736 ln
1575 2699 1640 2736 eo
1672 2681 1987 2736 fornicator
2019 2697 2142 2735 ma-

482 2771 632 2843 joris
673 2774 764 2827 est
804 2771 1070 2827 criminis
1105 2787 1116 2826 :
1171 2771 1312 2843 quia
1339 2770 1491 2826 tollit
1523 2771 1787 2826 membra
1816 2769 2051 2836 Christi,
2085 2772 2143 2824 et

489 2859 627 2915 facit
674 2875 742 2916 ea
792 2860 1056 2915 membra
1099 2859 1441 2916 meretricis.
1474 2860 1659 2914 Erunt
1689 2859 1903 2930 quippe
1935 2859 2050 2913 duo
2083 2859 2141 2912 in

493 2964 664 3004 carne
697 2965 817 3004 una
846 2949 1008 3019 (Ibid.
1049 2950 1137 3016 15,
1173 2950 1281 3020 16).
1333 2949 1438 3014 Qui
1496 2965 1609 3004 non
1660 2952 1748 3003 est
1795 2947 2002 3013 ﬁdelis,
2039 2963 2142 3002 nec

499 3037 684 3093 credit
710 3037 769 3091 in
790 3037 1036 3104 Christo,
1062 3054 1170 3092 sua
1201 3039 1464 3093 membra
1497 3036 1633 3092 facit
1659 3037 1922 3092 membra
1954 3051 2142 3090 mere-

500 3125 710 3182 tricis:
762 3127 862 3198 qui
913 3125 1099 3180 credit
1146 3130 1202 3182 et
1247 3126 1584 3193 fornicatur,
1617 3125 1828 3181 Christi
1881 3125 2145 3179 membra

501 3214 643 3272 facit
691 3215 956 3270 membra
1007 3215 1348 3271 meretricis.
1395 3215 1730 3271 Econtrario
1779 3213 2034 3270 infidelis
2082 3214 2141 3267 in

2259 634 2428 689 nobis
2459 637 2567 698 est,
2604 632 2824 688 nullius
2854 648 2982 688 esse
3015 633 3297 688 debemus
3341 632 3582 701 inimici,
3617 633 3715 688 sed
3773 649 3906 691 cum

2259 723 2535 778 omnibus
2567 721 2780 776 habere
2813 737 3036 792 pacem.
3069 721 3231 784 Quod
3281 719 3330 775 si
3361 719 3666 792 loquentes
3696 723 3906 778 verita-

2258 815 2398 878 tem,
2432 810 2662 882 aliquos
2695 826 2991 866 meremur
3020 809 3327 865 inimicos:
3363 827 3478 865 non
3512 815 3631 865 tam
3665 828 3770 867 nos
3801 811 3908 867 ini-

2260 900 2394 954 mici
2428 916 2631 955 eorum
2662 915 2891 964 sumus,
2926 915 3104 969 quam
3134 897 3217 952 illi
3249 897 3468 953 inimici
3506 903 3644 954 sunt
3690 900 3902 956 verita-

2257 989 2354 1042 tis.
2389 989 2535 1043 Nam
2567 987 2719 1058 quod
2753 992 2809 1042 et
2840 986 2896 1040 in
2930 987 3138 1042 Genesi
3170 987 3386 1042 dicitur
3434 987 3504 1042 ad
3555 987 3848 1044 Abraham
3883 1006 3898 1044 :

2257 1078 2518 1133 Inimicus
2549 1092 2640 1132 ero
2672 1077 2914 1130 inimicis
2950 1079 3064 1130 tuis
3094 1094 3112 1130 :
3160 1084 3211 1131 et
3259 1075 3584 1132 adversabor
3611 1077 3906 1133 adversan-

2259 1167 2403 1221 tibus
2452 1166 2555 1221 tibi
2607 1165 2758 1235 (Gen.
2793 1183 2894 1229 xu,
2927 1167 3002 1235 3),
3034 1165 3188 1220 sicut
3230 1181 3409 1236 supra
3436 1164 3906 1238 intelligendum,

2260 1273 2374 1311 non
2400 1260 2520 1310 tam
2545 1255 2840 1310 Abraham
2874 1253 2990 1310 illis
3021 1254 3329 1310 inimicum
3351 1254 3554 1325 fuisse,
3577 1271 3752 1326 quam
3776 1255 3908 1312 illos

2258 1344 2501 1401 Abrahae
2531 1345 2846 1400 virtutibus
2877 1349 2934 1398 et
2963 1343 3253 1416 religioni,
3286 1361 3389 1416 per
3437 1360 3637 1414 quam,
3670 1343 3909 1400 calcatis

2259 1433 2452 1504 idolis,
2485 1433 2788 1506 cognitum
2834 1434 3221 1488 venerabatur
3248 1433 3456 1488 Deum.
3490 1431 3640 1488 Illud
3673 1449 3908 1505 quoque

2259 1524 2413 1594 quod
2443 1523 2656 1596 populo
2689 1522 3022 1594 praecipitur
3043 1521 3240 1592 Israel,
3263 1527 3328 1576 ut
3357 1522 3488 1577 odio
3528 1522 3909 1592 sempiterno,

2259 1618 2315 1668 ct
2363 1612 2421 1666 in
2474 1616 2738 1684 posteros
2788 1611 3142 1667 tranmissa
3189 1610 3499 1682 discordia,
3533 1610 3756 1666 inimici
3788 1615 3908 1666 sint

2261 1701 2580 1758 Madianeis
2630 1701 2814 1771 (Num.
2865 1716 3018 1765 xxxx,
3061 1701 3136 1772 3).
3172 1701 3338 1772 quasi
3388 1700 3478 1755 his
3538 1699 3770 1767 dicitur,
3804 1699 3907 1772 qui

2261 1791 2368 1846 sub
2426 1790 2734 1862 padagogo
2786 1795 2972 1855 erant,
3005 1794 3062 1844 et
3108 1789 3166 1843 in
3213 1788 3324 1845 alio
3366 1788 3491 1846 loco
3525 1791 3908 1845 merebantur

2259 1880 2508 1936 audire:
2563 1879 2694 1936 0dio
2744 1878 2962 1935 habebis
3011 1881 3303 1934 inimicum
3354 1883 3513 1934 tuum
3566 1879 3787 1948 (Matth.
3846 1895 3903 1947 v,

2257 1970 2366 2040 43).
2401 1970 2513 2024 Aut
2544 1973 2696 2024 certe
2727 1985 2840 2022 non
2873 1972 2994 2022 tam
3028 1983 3432 2038 personarum,
3461 1983 3640 2038 quam
3674 1983 3907 2022 morum

2257 2062 2344 2114 est
2364 2059 2514 2112 facta
2533 2057 2882 2124 disssensio;
2911 2061 2975 2111 ut
3006 2056 3299 2127 quomodo
3323 2061 3474 2111 Deus
3503 2054 3724 2110 utiliter
3755 2056 3908 2112 inter

2257 2151 2588 2218 serpentem
2620 2150 2676 2201 et
2707 2145 3011 2201 mulierem
3044 2145 3386 2200 inimicitias
3421 2145 3638 2216 posuit,
3662 2160 3731 2199 ne
3760 2143 3906 2200 ami-

2258 2236 2404 2293 citize
2454 2252 2655 2291 eorum
2687 2234 2924 2290 inutiles
2953 2239 3150 2291 essent
3179 2234 3426 2301 homini,
3463 2250 3565 2305 per
3594 2249 3742 2304 quas
3775 2249 3905 2305 pro-

2249 2327 2445 2397 jectus
2475 2329 2564 2380 est
2591 2325 2662 2380 de
2693 2323 2964 2397 paradiso
2995 2325 3146 2394 (Gen.
3180 2341 3264 2393 ιιι,
3302 2324 3387 2390 15,
3420 2323 3512 2391 24)
3545 2339 3557 2376 :
3612 2321 3694 2377 ita
3740 2326 3795 2377 et
3843 2322 3904 2377 in

2257 2414 2559 2479 Israelitis,
2583 2420 2639 2469 et
2669 2414 2991 2469 Madianeis
3019 2413 3138 2468 vita
3160 2412 3348 2481 magis
3369 2410 3697 2478 dissimilis,
3721 2427 3898 2483 quam

2252 2521 2397 2578 gens
2430 2520 2546 2558 una
2575 2503 2856 2558 damnata
2885 2508 2995 2558 est.
3018 2501 3344 2573 Septimum
3374 2500 3566 2556 locum
3598 2501 3749 2554 inter
3777 2515 3900 2555 car-

2254 2593 2345 2650 nis
2375 2609 2569 2664 opera,
2602 2592 2894 2647 contentio
2940 2591 3199 2663 possidet
3231 2607 3244 2644 :
3295 2590 3550 2662 quodam
3598 2588 3764 2660 quasi
3795 2606 3894 2644 sa-

2253 2688 2430 2747 crato,
2463 2687 2520 2737 et
2571 2680 2848 2737 eminenti
2881 2681 3026 2738 501
3066 2681 3218 2735 inter
3246 2680 3385 2734 vitia
3431 2695 3674 2734 numero
3723 2677 3898 2734 collo-

2252 2775 2400 2826 cata.
2436 2771 2664 2825 Servum
2695 2779 2876 2825 autem
2905 2770 3129 2825 Domini
3168 2785 3279 2824 non
3326 2772 3534 2840 oportet
3569 2769 3776 2837 rixari,
3809 2766 3900 2822 sed

2251 2875 2368 2916 esse
2414 2862 2764 2915 mansuetum
2810 2858 2880 2913 ad
2927 2875 3129 2924 omnes,
3179 2858 3475 2923 doctorem,
3510 2857 3898 2928 longanimem,

2251 2966 2376 3005 cum
2407 2948 2832 3003 mansuetudine
2859 2948 3222 3016 erudientem,
3255 2949 3420 3003 etiam
3449 2962 3539 3002 eos
3570 2949 3668 3018 qui
3697 2961 3727 3001 e
3763 2961 3906 3002 con-

2252 3042 2340 3094 tra
2385 3037 2668 3109 disputant
2717 3039 2787 3108 (II
2829 3040 2975 3094 Tim.
3021 3054 3083 3105 ιι,
3116 3037 3206 3102 24,
3243 3037 3355 3108 25).
3404 3035 3538 3092 Post
3583 3034 3906 3091 contentio-

2253 3143 2409 3194 nem,
2443 3132 2647 3182 octava
2695 3127 2956 3182 succedit
2999 3125 3320 3194 aemulatio,
3360 3141 3487 3197 quas
3536 3124 3731 3181 Greco
3780 3140 3902 3179 ser-

2259 3233 2429 3272 mone
2475 3211 2645 3283 ζῆλος
2700 3215 3133 3289 signiﬁcantius
3191 3219 3249 3270 et
3304 3214 3500 3270 notius
3557 3211 3902 3286 appellatur.

498 3303 881 3361 fornicatione
913 3321 1020 3360 sua
1047 3308 1244 3359 utrum
1279 3303 1470 3372 violet,
1499 3321 1569 3359 an
1603 3304 1834 3360 ediﬁcet
1857 3303 2142 3375 templum
2176 3288 2219 3355 Ο
2259 3308 2381 3372 Quo
2413 3304 2648 3376 quidem
2685 3288 2860 3370 malo,
2887 3304 3081 3360 nescio
3110 3304 3242 3376 quis
3273 3307 3541 3359 nostrum
3572 3306 3782 3358 careat.
3810 3302 3905 3357 Ze-

496 3391 672 3463 idolo,
712 3393 928 3449 nescio.
964 3394 1067 3449 Per
1096 3392 1237 3448 vitia
1267 3393 1484 3465 quippe
1528 3392 1614 3448 vel
1648 3392 1898 3452 maxime
1927 3393 2145 3446 daemo-

497 3497 600 3539 nes
631 3481 920 3538 coluntur.
950 3481 1066 3538 Hoc
1097 3499 1280 3538 unum
1314 3484 1473 3538 scio:
1511 3483 1664 3554 quod
1690 3483 1785 3552 qui
1823 3487 1953 3553 post
1974 3482 2145 3536 ﬁdem

498 3571 713 3629 Christi
758 3572 1100 3642 fornicatur,
1132 3571 1310 3627 violat
1340 3571 1623 3643 templum
1664 3572 1779 3626 Dei.
1814 3571 2148 3626 Secundum

503 3677 651 3733 opus
680 3660 894 3724 carnis,
927 3660 1306 3716 immunditia
1345 3664 1739 3730 nuncupatur,
1775 3663 1830 3714 et
1877 3676 2005 3714 eam
2054 3676 2149 3713 co-

505 3763 632 3804 mes
657 3747 889 3803 luxuria
911 3749 1196 3819 sequitur.
1221 3749 1520 3806 Ouomodo
1543 3747 1698 3801 enim
1729 3747 1787 3801 in
1819 3747 1994 3802 veteri
2026 3746 2152 3816 lege

503 3839 574 3894 de
607 3837 876 3912 nefandis
907 3837 1277 3902 criminibus,
1309 3853 1434 3907 quae
1465 3836 1524 3890 in
1556 3835 1782 3891 occulto
1804 3836 1958 3892 506
1985 3835 2151 3901 ﬁunt,

500 3931 558 3982 et
589 3942 659 3981 ea
690 3924 996 3980 nominare
1028 3924 1436 3997 turpissimum
1469 3930 1558 3980 est
1601 3927 1694 3995 (ne
1725 3929 1781 3979 et
1811 3923 2060 3980 dicentis
2090 3940 2154 3979 os

506 4019 565 4072 et
589 4031 764 4070 aures
785 4015 1151 4070 audientium
1175 4013 1598 4088 polluerentur)
1629 4013 1979 4086 generaliter
2005 4013 2157 4069 Scri-

499 4109 679 4178 ptura
709 4103 1013 4176 complexa
1059 4108 1167 4170 est,
1201 4103 1403 4160 dicens
1435 4121 1448 4159 :
1500 4103 1860 4169 Verec-undos,
1890 4103 1979 4160 vel
2012 4119 2158 4159 reve-

505 4197 686 4251 rentes
717 4195 880 4265 facite
908 4193 1060 4266 ﬁlios
1088 4193 1265 4250 Israel
1298 4195 1365 4249 ab
1395 4196 1548 4250 omni
1577 4193 1933 4249 immunditia
1963 4194 2158 4262 (Levii.

510 4300 602 4355 xv,
633 4284 774 4356 31):
823 4284 906 4339 sic
956 4283 1012 4338 in
1063 4283 1172 4339 hoc
1223 4282 1347 4339 loco
1397 4287 1634 4338 caeteras
1673 4281 2161 4338 extraordinarius

511 4374 858 4446 voluptates,
893 4375 1155 4446 ipsarum
1212 4388 1444 4445 quoque
1493 4387 1670 4442 opera
1718 4369 2080 4442 nuptiarum,
2112 4369 2161 4424 si

514 4480 629 4520 non
662 4463 1007 4528 verecunde,
1031 4467 1089 4517 et
1117 4478 1250 4517 cum
1283 4461 1605 4525 honestate,
1631 4459 1800 4532 quasi
1833 4459 1942 4515 sub
1975 4457 2162 4514 oculis

517 4551 620 4606 Dei
644 4550 810 4616 ﬁant,
834 4554 899 4604 ut
919 4555 1144 4605 tantum
1169 4549 1371 4605 liberis
1393 4549 1700 4618 serviatur,
1724 4548 2161 4605 immunditiam

2257 3394 2357 3450 lati
2390 3398 2530 3449 sunt
2561 3394 2739 3461 enim,
2765 3397 2822 3448 et
2855 3393 3196 3466 patriarchas
3221 3391 3436 3465 Joseph
3461 3392 3696 3447 fratrem
3729 3407 3904 3447 suum

2257 3483 2411 3556 (Gen.
2445 3501 2659 3550 xxxvu,
2708 3484 2844 3554 11):
2893 3486 2949 3538 et
2996 3482 3196 3548 Maria,
3243 3486 3300 3537 et
3349 3487 3542 3537 Aaron
3593 3479 3906 3553 prophetes

2264 3573 2360 3630 Dei
2392 3577 2450 3628 et
2481 3573 2774 3638 sacerdos,
2809 3576 3008 3627 contra
3039 3572 3274 3644 Moysen
3306 3569 3406 3626 tali
3438 3570 3711 3643 passione
3742 3570 3908 3624 dece-

2265 3663 2344 3734 pti
2381 3668 2519 3717 sunt
2561 3661 2744 3728 (Nam.
2778 3678 2875 3727 xu,
2908 3662 3011 3731 2):
3061 3660 3355 3715 intantum
3407 3664 3471 3714 ut
3521 3657 3621 3713 illa
3673 3658 3743 3713 de
3793 3674 3912 3729 qua

2265 3751 2568 3822 Scriptura
2598 3754 2952 3817 narraverat,
2986 3751 3187 3805 dicens
3223 3766 3235 3805 :
3277 3749 3492 3805 Totiens
3519 3751 3707 3803 autem
3736 3747 3913 3802 Maria

2261 3840 2568 3914 praphetas
2624 3843 2947 3911 tympanum
2997 3839 3188 3911 (Exod.
3232 3855 3327 3905 xv,
3368 3839 3482 3904 20),
3531 3840 3588 3892 et
3632 3841 3838 3891 caetera
3868 3837 3911 3905 ³,

2270 3934 2471 4001 postea
2501 3933 2662 3983 extra
2692 3934 2883 3983 castra
2916 3929 3193 4000 projecta,
3225 3927 3396 3998 lepra;
3425 3925 3564 3981 vitio
3614 3923 3916 3981 sordidata

2268 4018 2363 4087 sit,
2397 4021 2454 4072 et
2485 4017 2885 4088 pmnitentiam
2916 4016 3238 4088 longiorem
3271 4019 3491 4088 septem
3537 4013 3764 4070 dierum
3818 4028 3913 4068 se-

2268 4107 2570 4180 paratione
2602 4107 2918 4178 signaverit
2947 4106 3132 4176 (Num.
3155 4122 3252 4173 xu,
3283 4105 3391 4176 15).
3423 4105 3514 4162 Ira
3541 4101 3752 4159 deinde
3781 4117 3912 4157 suc-

2271 4195 2444 4266 cedit,
2479 4212 2603 4267 quae
2627 4193 2898 4265 justitam
2951 4195 3047 4251 Dei
3079 4212 3193 4250 non
3226 4196 3499 4266 operatur
3548 4193 3688 4266 (Jac.
3722 4191 3909 4264 1,20),

2270 4289 2323 4342 et
2356 4284 2580 4358 species
2613 4288 2700 4339 est
2731 4284 2962 4341 furoris.
2998 4285 3154 4340 Inter
3197 4283 3564 4340 iracundiam
3617 4287 3812 4339 autem
3861 4285 3919 4336 et

2270 4373 2440 4440 iram,
2466 4373 2576 4428 hoc
2611 4373 2849 4429 interest
2874 4392 2886 4429 :
2921 4375 3074 4445 quod
3105 4373 3424 4429 iracundus
3453 4386 3687 4444 semper
3716 4367 3916 4424 irasci-

2271 4467 2403 4519 tur:
2443 4462 2629 4518 iratus
2661 4479 2765 4534 pro
2796 4467 3056 4534 tempore
3086 4461 3430 4517 concitatur.
3457 4461 3528 4516 Et
3559 4459 3754 4516 nescio
3784 4457 3920 4530 quis

2276 4553 2462 4625 possit
2490 4569 2734 4625 regnum
2765 4553 2859 4608 Dei
2891 4551 3185 4624 possidere
3212 4567 3224 4606 :
3253 4567 3385 4606 cum
3417 4549 3468 4605 is
3491 4549 3591 4621 qui
3622 4548 3921 4610 irascitur.

512 4644 571 4696 et
602 4639 896 4694 luxuriam
932 4639 1272 4727 nominavit.
1309 4641 1618 4706 Quartum,
1653 4639 1710 4694 in
1744 4638 2005 4710 catalogo
2036 4656 2165 4712 ope-
2196 4663 2242 4727 D
2277 4647 2580 4715 separetur
2639 4659 2672 4696 a
2729 4657 2906 4713 regno
2964 4639 3168 4709 (Matth.
3216 4655 3270 4706 v,
3317 4639 3432 4727 22).
3466 4636 3641 4727 ΔΙὶίκειθ
3688 4651 3923 4708 quoque

512 4744 644 4783 rum
679 4728 890 4799 carnis,
924 4726 1253 4783 idololatria
1285 4727 1477 4783 locum
1511 4732 1691 4784 tenet.
1725 4729 1829 4794 Qui
1863 4729 2013 4783 enim
2067 4745 2161 4783 se-

513 4817 626 4873 mel
658 4833 720 4872 se
751 4816 993 4872 luxurize
1023 4816 1423 4890 voluptatique
1456 4818 1805 4891 permiserit,
1833 4836 1945 4874 non
1979 4818 2160 4891 respi-

514 4905 594 4962 cit
613 4907 969 4963 Creatorem.
991 4906 1149 4963 Alias
1180 4912 1375 4963 autem
1399 4908 1591 4963 omnis
1625 4907 1972 4975 idololatria,
1999 4907 2162 4963 festi-

517 4997 716 5064 vitate,
742 4994 899 5068 gula,
923 5001 1145 5062 ventre,
1168 5002 1225 5052 et
1254 4996 1345 5052 his
1369 5014 1496 5068 quae
1528 4995 1681 5052 infra
1710 5002 1969 5052 ventrem
2002 5001 2163 5062 sunt,

516 5085 857 5140 delectatur.
905 5085 973 5139 Et
1022 5101 1093 5140 ne
1139 5085 1383 5140 forsitan
1431 5085 1728 5154 veneﬁcia,
1779 5091 1838 5140 et
1890 5084 2164 5140 maleficae

517 5179 674 5230 artes
732 5191 848 5229 non
908 5174 1242 5230 viderentur
1298 5175 1356 5230 in
1417 5175 1572 5229 Novo
1630 5173 1935 5247 prohibita:
1965 5175 2162 5230 Testa-

517 5268 737 5332 mento,
770 5263 908 5336 ipsas
940 5280 1170 5336 quoque
1203 5264 1352 5318 inter
1392 5265 1584 5319 carnis
1634 5279 1810 5334 opera
1856 5263 2164 5318 nominan-

517 5357 633 5408 tur.
666 5353 815 5418 Quiu
846 5369 998 5424 saepe
1028 5353 1271 5426 magicis
1306 5352 1550 5418 artibus,
1587 5357 1644 5406 et
1690 5367 1886 5406 amare
1935 5349 2169 5404 miseris

517 5443 707 5496 evenit
757 5447 816 5497 et
864 5443 1070 5498 amari.
1109 5442 1420 5498 lnimicitia
1454 5456 1707 5512 quoque,
1740 5456 1868 5510 quas
1913 5443 2046 5511 post
2075 5455 2167 5495 ve-

527 5529 733 5584 neﬁcia
783 5532 1038 5603 ponitur,
1093 5548 1269 5603 quem
1318 5530 1528 5586 habeat
1573 5534 1822 5596 reatum,
1873 5527 2168 5586 manifesti

530 5741 563 5797 ά
604 5670 835 5795 ¹ΙΡθιιθε
891 5672 1233 5744 Victorium,
1291 5673 1586 5743 mani/esto
1641 5671 1868 5724 crimini
1929 5669 2170 5741 subjecta

565 5757 624 5797 ec
650 5751 792 5796 arat.

565 5751 792 5798 θείω-ατ.

2275 4749 2423 4806 quas
2453 4731 2609 4787 aliud
2643 4731 2821 4787 Graeci
2857 4728 3276 4802 signiﬁcantes,
3312 4723 3539 4800 ἐριθείας
3581 4729 3788 4782 vocant
3821 4724 3923 4794 (si-

2271 4821 2504 4891 quidem
2539 4821 2662 4876 rixa
2697 4819 2849 4892 μάχη
2887 4817 3119 4889 dicitur)
3168 4834 3201 4872 a
3249 4832 3427 4890 regno
3462 4815 3558 4872 Dei
3591 4813 3922 4889 prohibent.

2275 4909 2378 4965 Est
2409 4913 2604 4964 autem
2637 4904 2856 4982 ἐριθεία,
2891 4922 3024 4961 cum
3058 4904 3192 4976 quis
3233 4920 3468 4976 semper
3513 4903 3584 4959 ad
3629 4899 3924 4958 contradi-

2275 4998 2526 5053 cendum
2559 5001 2822 5069 paratus,
2857 4993 3161 5050 stomacho
3213 4993 3536 5051 delectatur
3583 4989 3769 5046 alieno
3805 5005 3818 5044 :
3870 4991 3928 5044 et

2277 5085 2546 5143 muliebri
2570 5086 2768 5158 jurgio
2800 5083 3122 5152 contendit,
3155 5087 3212 5140 et
3255 5085 3529 5155 provocat
3570 5078 3925 5136 contenden-

2276 5180 2414 5232 tem.
2453 5177 2578 5231 llazc
2610 5175 2724 5230 alio
2757 5174 2994 5230 nomine
3028 5173 3183 5245 apud
3214 5172 3442 5228 Graecos
3473 5165 3780 5246 φιλονεικία
3827 5185 3927 5240 ap-

2276 5266 2542 5337 pellatur.
2571 5265 2804 5321 Necnon
2831 5269 2888 5320 et
2907 5262 3312 5318 dissensiones
3332 5277 3510 5334 opera
3529 5259 3725 5317 carnis
3755 5260 3926 5315 sunt:

2277 5372 2411 5411 cum
2461 5355 2594 5426 quis
2642 5368 3018 5425 nequaquam
3052 5353 3369 5424 perfectus,
3401 5352 3607 5407 eodem
3639 5363 3838 5415 sensu,
3870 5349 3930 5401 et

2279 5446 2484 5501 eadem
2543 5443 2837 5499 sententia
2895 5441 3084 5496 dicit:
3139 5445 3250 5513 Ego
3299 5456 3423 5496 sum
3477 5439 3667 5511 Pauli,
3725 5443 3780 5494 et
3836 5450 3929 5508 ego

2278 5535 2488 5608 Apollo,
2518 5538 2572 5589 et
2619 5550 2714 5605 ego
2771 5532 2986 5606 Cephz,
3020 5534 3070 5588 et
3125 5547 3219 5601 ego
3269 5531 3478 5589 Christi
3505 5531 3554 5602 (I
3581 5531 3710 5587 Cor.
3743 5543 3784 5596 ι,
3818 5525 3926 5595 12).

2347 5677 2371 5712 ²
2402 5674 2565 5731 Unus
2596 5673 2868 5740 Palatin.,
2899 5682 2950 5730 et
2979 5675 3277 5740 citharam,
3310 5690 3414 5746 pro
3456 5675 3512 5731 et
3545 5678 3767 5730 caetera.
3797 5667 3929 5727 Mox

2281 5763 2516 5821 quoque
2542 5762 2740 5807 vocem
2769 5747 3121 5822 separatione
3148 5747 3401 5821 ignorat.
