4332 6594
335 438 456 502 “5

989 436 1504 501 COMMENTAR.
1552 437 1632 500 IN
1676 435 1927 504 EPIST.
1973 442 2077 504 AD
2123 441 2403 504 GALAT.
2449 439 2599 502 LIB.
2643 438 2747 513 lII,
2797 438 2969 501 CAP.
3015 434 3094 501 ν.

3631 431 3750 496 446

339 573 455 631 Sed
486 577 546 630 et
575 571 883 631 domorum
915 570 1069 628 inter
1098 589 1162 629 se
1190 569 1310 628 haec
1339 573 1543 629 eadem
1574 573 1864 632 dissensio
1895 592 1990 632 re—
2021 579 2075 644 Α
2105 581 2162 633 et
2191 574 2494 633 Timotheo
2523 575 2725 630 vinum
2752 576 2818 629 ut
2846 571 3088 640 biberet,
3121 570 3475 643 imperatum
3534 568 3580 641 (ι
3612 569 3746 625 Tim.

346 662 615 735 peritur:
647 660 841 718 mariti
871 659 1138 716 videlicet
1170 661 1239 716 ad
1273 677 1534 733 uxorem,
1566 664 1748 736 patris
1805 666 1876 720 ad
1923 665 1989 721 fi-

342 752 517 819 lium,
550 753 752 808 fratris
782 752 850 806 ad
885 751 1145 818 fratrem,
1177 751 1440 808 conservi
1488 753 1557 808 ad
1617 770 1988 825 conservum,

345 842 550 900 militis
582 842 654 897 ad
674 840 1173 906 contubernalem,
1197 841 1441 898 artiﬁcis
1465 844 1535 898 ad
1563 843 1827 913 ejusdem
1853 861 1988 916 ope-

347 930 429 986 ris
459 929 758 985 artificem.
794 928 1227 1000 Nonnunquam
1258 930 1469 1002 eyenit,
1505 934 1571 986 ut
1599 936 1656 986 et
1701 931 1759 986 in
1812 949 1988 1004 expo-

346 1016 656 1075 sitionibus
688 1017 1123 1090 Scripturarum
1181 1019 1404 1074 oriatur
1448 1020 1776 1076 dissensio:
1810 1037 1840 1076 e
1863 1020 1989 1092 qui-

341 1107 451 1162 bus
472 1106 725 1162 hmreses
755 1123 989 1180 quoque
1021 1124 1147 1179 quas
1171 1123 1327 1162 nunc
1358 1107 1418 1162 in
1443 1107 1638 1163 carnis
1669 1125 1841 1180 opere
1889 1127 1990 1182 po-

337 1200 584 1260 nuntur,
616 1195 932 1252 ebulliunt.
965 1196 1025 1252 Si
1049 1196 1205 1252 enim
1226 1197 1515 1269 sapientia
1536 1197 1730 1253 carnis
1752 1197 1993 1254 inimica

336 1287 428 1340 est
455 1287 570 1340 Deo
597 1285 780 1351 (Rom.
814 1301 937 1351 VIII,
966 1286 1024 1354 7)
1055 1285 1320 1354 (inimica
1357 1289 1556 1342 autem
1608 1290 1746 1342 sunt
1793 1288 1993 1343 omnia

333 1373 616 1446 dogmata
648 1372 933 1431 falsitatis
967 1375 1078 1432 Deo
1109 1375 1520 1448 repugnantia)
1570 1380 1994 1448 consequenter

331 1465 390 1518 et
418 1461 674 1519 haereses
710 1462 963 1519 inimicis
994 1469 1128 1534 Deo,
1160 1465 1232 1520 ad
1261 1464 1453 1520 carnis
1505 1481 1679 1535 opera
1737 1464 1992 1521 referun-

333 1553 452 1607 tur.
487 1546 709 1622 Αἵρεσις
744 1555 942 1608 autem
975 1552 1188 1620 Graece,
1248 1554 1319 1608 ab
1363 1552 1644 1610 electione
1700 1554 1854 1613 508
1902 1554 1990 1609 di-

334 1640 526 1697 citur:
565 1641 723 1712 quod
757 1640 988 1698 scilicet
1017 1658 1146 1698 eam
1198 1640 1310 1698 sibi
1359 1643 1773 1716 unusquisque
1818 1643 1994 1715 eligat

336 1728 736 1802 disciplinam,
778 1746 954 1802 quam
987 1735 1155 1803 putat
1185 1747 1314 1790 esse
1362 1731 1686 1789 meliorem.
1731 1733 1990 1798 Quicun-

338 1833 452 1890 que
479 1816 660 1891 igitur
679 1817 852 1875 aliter
875 1820 1238 1892 Scripturam
1258 1821 1554 1895 intelligit,
1579 1839 1757 1896 quam
1780 1839 1991 1880 sensus

334 1906 588 2014 Spiritus
635 1909 827 2008 sancti
855 1909 1100 1982 ﬂagitat,
1131 1927 1245 2010 quo
1285 1913 1616 1985 conscripta
1661 1917 1751 1969 est
1784 1930 1796 1968 :
1856 1912 1994 1969 licet
2023 1949 2072 2014 B

336 1997 409 2052 de
437 1995 690 2054 Ecclesia
719 2015 836 2054 non
869 1999 1193 2071 recesserit,
1224 2004 1420 2057 tamen
1453 2001 1760 2058 haereticus
1792 2001 1990 2075 appel-

334 2083 443 2140 lari
475 2088 688 2157 potest,
720 2090 779 2141 et
799 2085 869 2142 de
901 2086 1098 2142 carnis
1129 2087 1405 2159 operibus
1448 2093 1559 2157 est,
1592 2087 1816 2162 eligens
1863 2105 1992 2161 quas

331 2174 533 2246 pejora
564 2178 724 2230 sunt.
757 2175 1020 2232 Haereses
1052 2176 1319 2247 sequitur
1348 2176 1590 2246 invidia,
1645 2195 1822 2252 quam
1875 2195 1992 2234 non

333 2267 614 2336 putemus
647 2263 802 2320 idem
833 2280 961 2321 esse
990 2266 1146 2338 quod
1177 2265 1391 2323 zelum.
1431 2268 1578 2332 Quia
1622 2267 1780 2324 zelus
1829 2271 1888 2324 et
1935 2270 1992 2323 in

333 2350 552 2408 bonam
586 2356 811 2423 partem
847 2353 1032 2425 accipi
1062 2359 1273 2426 potest,
1314 2372 1447 2411 cum
1481 2357 1616 2427 quis
1673 2357 1885 2412 nititur
1928 2372 1997 2412 ea

339 2457 469 2513 quaa
502 2440 746 2497 meliora
778 2446 938 2508 sunt,
987 2442 1274 2500 aemulari.
1341 2444 1565 2501 Invidia
1625 2461 1757 2500 vero
1807 2445 1997 2502 aliena

341 2528 619 2586 felicitate
650 2533 980 2603 torquetur.
1018 2536 1073 2588 et
1104 2532 1161 2587 in
1193 2531 1485 2604 duplicem
1535 2534 1826 2590 scinditur
1862 2551 1995 2606 pas-

347 2619 612 2676 sionem:
646 2636 790 2696 cum
814 2625 917 2676 aut
949 2621 1078 2694 ipse
1111 2625 1200 2678 est
1243 2620 1462 2694 aliquid
1514 2623 1570 2678 in
1620 2639 1706 2686 eo.
1759 2623 1817 2679 in
1882 2641 1997 2696 quo

345 2708 528 2764 alium
561 2725 692 2765 esse
717 2725 834 2765 non
864 2709 1030 2766 vult:
1064 2715 1166 2766 aut
1197 2711 1378 2767 alium
1411 2727 1539 2767 esse
1568 2710 1770 2768 videns
1801 2711 2000 2769 melio-

345 2812 492 2868 rem,
546 2796 704 2854 dolet
749 2814 812 2854 se
858 2798 909 2854 ei
961 2814 1076 2854 non
1127 2815 1255 2856 esse
1304 2799 1694 2857 consimilem.
1754 2800 1999 2858 Pulchre

345 2885 588 2959 quidam
620 2888 690 2943 de
716 2887 1062 2954 neotericis,
1085 2889 1348 2945 Graecum
1361 2905 1594 2946 versum
1617 2891 1998 2959 transferens,

346 2973 604 3048 elegiaco
628 2980 819 3032 metro
852 2977 924 3032 de
953 2977 1174 3034 invidia
1200 2977 1366 3046 lusit,
1398 2979 1601 3035 dic-ins
1626 2996 1638 3034 :

468 3081 678 3149 lustius
707 3082 914 3134 invidia
941 3083 1074 3149 nihil
1103 3088 1215 3135 est:
1247 3098 1367 3148 quso
1400 3085 1647 3149 protinus
1699 3087 1874 3147 ipsum

597 3144 889 3196 Auctorem
919 3147 1076 3207 rodit,
1109 3144 1480 3213 excruciatq'ue
1511 3144 1750 3199 animum

344 3242 593 3316 Scripsit
642 3247 698 3298 et
752 3243 960 3301 beatus
1003 3245 1326 3318 Cyprianus
1377 3246 1594 3302 librum
1645 3248 1717 3303 de
1762 3247 1888 3304 Zelo
1945 3252 2002 3304 et

343 3333 540 3389 Livore
569 3331 738 3388 valde
769 3334 1097 3405 optimum:
1133 3351 1310 3406 quem
1342 3335 1443 3407 qui
1480 3335 1704 3409 legerit,
1739 3353 1856 3392 non
1887 3338 1995 3392 du-
2027 3324 2070 3390 C

340 3421 552 3478 bitabit
583 3437 977 3477 annumerare
1005 3423 1281 3494 operibus
1303 3424 1496 3480 carnis
1517 3424 1819 3481 invidiam.
1844 3427 1998 3482 Inter

339 3508 605 3566 invidum
643 3514 843 3565 autem
876 3513 934 3566 et
960 3509 1315 3567 invidiosum
1347 3512 1458 3568 hoc
1505 3512 1788 3570 interest:
1840 3516 1995 3586 quod

337 3598 576 3654 inwdus
600 3597 842 3654 feliciori
873 3598 1096 3655 invidet
1117 3601 1156 3655 ¹.
1192 3600 1519 3658 Invidiosus
1549 3607 1743 3660 autem
1776 3603 1828 3659 is
1886 3609 1993 3673 est,

337 3687 438 3761 qui
464 3688 537 3744 ab
570 3687 682 3744 alio
716 3687 940 3760 patitur
998 3688 1303 3746 invidiam.
1360 3691 1645 3755 Quartum
1695 3691 1992 3749 decimum

337 3775 536 3833 locum
586 3776 743 3832 inter
771 3776 965 3832 carnis
1011 3793 1188 3851 opera
1245 3779 1496 3835 ebrietas
1537 3785 1714 3837 tenet.
1772 3781 1995 3838 Ebriosi

339 3865 557 3939 quippe
589 3881 838 3939 regnum
871 3865 973 3922 Dei
1008 3883 1122 3922 non
1155 3868 1562 3940 possidebunt.
1595 3870 1664 3925 Et
1716 3871 1997 3927 Dominus

339 3954 413 4010 ad
444 3953 768 4027 discipulos
795 3971 808 4010 :
845 3954 1060 4025 Cavete,
1079 3956 1195 4030 ait,
1226 3974 1295 4014 ne
1322 3960 1460 4029 forte
1487 3963 1790 4028 graventur
1834 3960 1998 4017 corda

338 4043 507 4100 corda
538 4047 716 4101 vestra
747 4046 806 4100 in
837 4047 965 4102 vino
994 4054 1048 4102 et
1076 4048 1305 4119 crapula
1335 4049 1487 4118 (Luc.
1539 4066 1654 4118 κει,
1686 4051 1796 4122 34).
1847 4051 1995 4108 Vino

344 4131 572 4189 homini
603 4150 816 4190 sensus
844 4133 1184 4196 evertitur:
1224 4137 1402 4208 pedes
1455 4144 1775 4196 corruunt:
1828 4157 1994 4196 mens

345 4219 612 4277 vacillat:
707 4222 893 4278 libido
967 4225 1380 4282 succenditur:
1451 4227 1615 4284 Unde
1679 4229 1996 4300 Apostolus

338 4306 640 4365 clamitat:
675 4311 742 4364 Et
774 4312 964 4367 vinum
1009 4314 1071 4368 in
1127 4328 1230 4383 quo
1276 4316 1355 4369 est
1402 4315 1634 4372 luxuria
1681 4317 1904 4388 (Ephes.
1938 4337 1993 4386 v,

340 4397 460 4470 18).
508 4398 690 4454 Habet
722 4400 1136 4474 unusquisque
1157 4419 1275 4458 suae
1297 4404 1600 4460 sententias
1623 4411 1991 4477 potestatem.

338 4487 460 4561 Ego
491 4487 916 4561 Apostolorum
947 4505 1198 4562 sequor:
1232 4491 1290 4547 in
1323 4492 1457 4549 vino
1495 4509 1624 4550 esse
1678 4494 1992 4565 luxuriam,

333 4574 397 4632 in
427 4576 561 4633 vino
594 4577 961 4635 ebrietatem.
998 4580 1346 4637 Ebrietalem
1378 4587 1574 4638 autem
1607 4587 1664 4639 et
1699 4584 1993 4642 luxuriam

2100 683 2153 736 v,
2175 666 2288 737 23).
2321 665 2584 721 Ebrietas
2617 667 2812 719 autem
2845 667 2963 718 tam
2996 677 3064 717 ex
3095 660 3228 716 vino
3258 675 3439 731 quam
3470 675 3538 714 ex
3580 662 3748 714 caste-

2099 755 2180 812 ris
2211 755 2450 812 bibendi
2480 754 2816 826 generibus,
2850 769 2978 824 quae
3006 750 3164 807 vario
3215 749 3387 806 modo
3429 747 3748 804 conficiun-

2098 849 2214 911 tur,
2248 849 2438 917 potest
2469 842 2768 910 accidere;
2801 858 2868 898 ex
2898 857 3012 913 quo
3042 844 3098 896 et
3127 841 3199 896 de
3242 844 3443 896 sancto
3492 837 3744 894 dicitur:

2101 935 2300 991 Vinum
2352 939 2406 990 et
2450 934 2684 989 siceram
2727 947 2838 988 non
2892 931 3031 986 bibet
3079 931 3232 1001 (Luc.
3296 947 3335 997 ι,
3385 929 3496 997 15).
3550 927 3749 984 Sicera

2099 1025 2519 1096 interpretatur
2546 1022 2799 1079 ebrietas.
2831 1021 2901 1076 Et
2930 1037 3002 1076 ne
3061 1019 3192 1091 quis
3235 1018 3437 1074 vinum
3488 1033 3607 1074 non
3660 1016 3748 1073 bi-

2102 1115 2268 1181 bens,
2294 1112 2452 1168 aliud
2488 1110 2600 1168 sibi
2633 1115 2865 1184 putaret
2894 1109 3236 1175 bibendum,
3272 1106 3511 1164 exclusa
3541 1123 3746 1163 causa-

2099 1204 2180 1258 tio
2240 1206 2328 1257 est
2355 1202 2376 1236 ³
2403 1219 2416 1269 ;
2449 1201 2590 1256 dum
2623 1216 2794 1255 omne
2824 1199 2978 1270 quod
3010 1197 3300 1254 inebriare
3351 1199 3562 1267 potest,
3614 1211 3748 1252 cum

2099 1292 2232 1347 vino
2255 1290 2475 1362 pariter
2495 1285 3244 1354 aufertur.Quintadecima,
3268 1301 3393 1357 quae
3414 1288 3472 1342 et
3491 1289 3751 1341 extrema

2102 1382 2255 1436 inter
2310 1380 2504 1436 carnis
2563 1394 2761 1450 opera,
2818 1373 3167 1433 comessatio
3226 1379 3332 1430 est.
3395 1373 3751 1430 Mandueavit

2099 1471 2299 1542 quippe
2326 1469 2559 1540 populus
2586 1475 2640 1523 et
2667 1467 2825 1536 bibit,
2847 1474 2900 1522 et
2926 1465 3288 1521 surrexerunt
3317 1462 3504 1519 ludere
3549 1461 3746 1528 (Exod.

2099 1575 2276 1624 xxxu,
2330 1556 2406 1629 6).
2467 1557 2710 1627 Semper
2761 1553 3028 1611 ebrietati
3069 1553 3281 1624 juncta
3328 1550 3563 1607 luxuria
3636 1552 3745 1606 est.

2101 1647 2351 1703 Pulchre
2382 1644 2622 1717 quidam
2655 1659 2771 1700 non
2803 1641 3080 1716 ignobilis
3111 1645 3324 1707 orator,
3352 1657 3486 1696 cum
3518 1639 3749 1695 ebrium

2102 1738 2173 1792 de
2194 1752 2402 1791 somno
2433 1733 2794 1790 describeret
2841 1731 3182 1799 excitatum,
3229 1729 3346 1785 ait:
3405 1728 3563 1784 «Nec
3611 1726 3749 1783 dor-

2103 1826 2250 1882 mire
2281 1824 2590 1889 excitatus,
2623 1838 2728 1877 nec
2757 1819 2997 1894 vigilare
3027 1819 3224 1875 ebrius
3273 1821 3521 1890 poterat.
3550 1837 3579 1866 »
3629 1815 3756 1881 Qua

2104 1913 2396 1973 sententia
2441 1912 2744 1985 expressit,
2797 1909 3232 1982 quodammodo
3302 1922 3407 1964 nec
3454 1909 3754 1962 mortuum

2103 2021 2236 2062 eum
2295 2004 2478 2059 fuisse
2535 2018 2642 2058 nec
2695 2000 2915 2056 vivum.
2979 1999 3245 2070 Longum
3303 1999 3431 2053 erat
3482 1994 3756 2050 universa

2103 2094 2296 2151 carnis
2327 2108 2503 2165 Opera
2532 2090 2834 2163 replicare,
2882 2093 2940 2145 et
2968 2086 3302 2158 catalogum
3353 2086 3538 2141 facere
3584 2083 3753 2140 vitio-

2103 2200 2257 2241 rum.
2293 2182 2419 2239 Uno
2451 2181 2631 2254 igitur
2659 2179 2857 2236 omnia
2886 2193 3156 2234 sermone
3185 2173 3473 2231 conclusit
3529 2173 3751 2241 dicens,

2102 2281 2153 2329 et
2183 2273 2268 2328 his
2296 2272 2527 2327 similia.
2562 2270 2696 2334 Quos
2727 2267 2953 2324 utinam
3001 2270 3124 2321 tam
3173 2262 3340 2320 facile
3385 2263 3568 2319 vitare
3616 2277 3751 2334 pos-

2103 2378 2324 2426 semus,
2357 2376 2535 2432 quam
2568 2357 2736 2415 facile
2768 2354 3176 2428 intelligimus.
3229 2352 3492 2422 Praedico,
3536 2349 3753 2423 inquit,

2103 2451 2257 2507 vobis
2311 2452 2448 2506 sicut
2501 2448 2790 2520 prazdimi:
2847 2445 3110 2518 quoniam
3167 2444 3263 2515 qui
3325 2439 3472 2497 talia
3549 2443 3754 2512 agunt,

2104 2555 2334 2611 regnum
2363 2539 2462 2594 Dei
2480 2554 2591 2594 non
2619 2543 3033 2608 consequentur.
3067 2533 3173 2589 Ubi
3192 2536 3325 2588 ante
3368 2528 3750 2602 praedixerat:

2104 2633 2229 2686 Non
2259 2631 2465 2699 regnet,
2497 2625 2709 2696 inquit,
2741 2631 3025 2696 peceatum
3071 2623 3130 2676 in
3159 2619 3389 2677 mortali
3413 2620 3585 2674 vestro
3631 2632 3752 2674 cor-

2104 2734 2258 2792 pore,
2285 2716 2357 2773 ad
2383 2715 2735 2773 obediendum
2783 2712 3076 2769 desideriis
3123 2711 3239 2782 ejus
3286 2710 3460 2778 (Rom.
3509 2723 3588 2767 Vl.
3637 2705 3750 2774 12).

2109 2807 2421 2862 Peccatum
2469 2819 2673 2860 omnes
2719 2802 2864 2858 istas
2907 2800 3131 2873 species
3178 2798 3374 2864 habet,
3424 2795 3484 2852 in
3534 2793 3752 2866 quibus

2107 2912 2264 2952 nunc
2293 2892 2770 2950 discriminandis
2799 2891 2932 2964 plus
2964 2889 3207 2946 forsitan
3237 2903 3414 2959 quam
3472 2884 3750 2957 oportuit,

2107 2983 2406 3040 immorati
2441 2999 2669 3038 sumus.
2700 2982 2849 3052 Ergo
2871 2980 2929 3034 in
2962 2978 3180 3044 anima,
3212 2977 3271 3032 in
3304 2992 3423 3049 qua
3450 2977 3754 3047 peccatum

2109 3071 2455 3146 regnaverit,
2499 3088 2614 3127 non
2647 3073 2839 3140 potest
2865 3067 2970 3124 Dei
3000 3082 3243 3139 regnare
3290 3079 3564 3137 regnum.
3624 3061 3759 3131 Quae

2108 3145 2252 3219 enim
2269 3162 2626 3235 participatio
2663 3159 2907 3233 justitiw
2952 3145 3004 3213 et
3051 3153 3387 3228 iniquitati?
3431 3166 3556 3226 quae
3610 3167 3780 3208 com-~

2107 3253 2408 3308 municatio
2440 3251 2550 3307 luci
2599 3249 2674 3305 ad
2717 3246 3010 3305 tenebras?
3045 3247 3141 3317 qui
3194 3259 3482 3301 consensus
3541 3240 3757 3297 Christo

2106 3351 2157 3398 et
2207 3341 2385 3396 Belial
2445 3341 2519 3412 (II
2570 3339 2779 3412 Cor._v1,
2834 3338 2924 3403 14,
2980 3333 3116 3403 15)?
3173 3337 3240 3388 Et
3294 3336 3573 3404 putamus
3647 3344 3756 3384 nos

2106 3447 2352 3502 regnum
2374 3409 2476 3485 Dei
2503 3409 2803 3498 consequi,
2838 3425 2887 3481 si
2910 3441 2944 3479 a
2973 3421 3374 3485 fornicatione,
3398 3416 3752 3482 idololatria,

2106 3524 2162 3574 et
2190 3517 2486 3574 veneficiis
2515 3517 2816 3572 immunes
2849 3513 3058 3569 simus.
3091 3511 3235 3566 Ecce
3254 3505 3600 3572 inimicitias,
3621 3521 3751 3561 con-

2104 3608 2310 3676 tentio,
2364 3606 2472 3675 ira,
2523 3605 2670 3670 rixa,
2721 3601 3034 3666 dissensio,
3087 3597 3339 3655 ebrietas
3391 3610 3646 3668 quoque,
3697 3597 3776 3649 et

2106 3702 2312 3753 caetera
2369 3712 2495 3767 quae
2555 3709 2732 3765 parva
2784 3690 3171 3753 arbitramur,
3222 3684 3541 3742 excludunt
3586 3698 3759 3739 nosa

2105 3802 2283 3858 regno
2315 3785 2436 3841 Dei.
2474 3782 2586 3839 Nec
2617 3782 2794 3836 refert
2823 3796 2938 3834 uno
2971 3778 3106 3849 quis
3133 3777 3156 3813 ⁸
3186 3792 3220 3831 a
3248 3772 3611 3831 beatitudine
3659 3787 3757 3827 ex-

2104 3875 2401 3940 cludatur,
2432 3890 2505 3929 an
2538 3871 2826 3944 pluribus,
2859 3884 2994 3925 cum
3025 3865 3226 3923 omnia
3250 3861 3522 3921 similiter
3566 3859 3757 3925 exclu-

2103 3965 2265 4020 dant.
2301 3966 2364 4019 In
2397 3961 2618 4018 Latinis
2649 3959 2974 4029 codicibus,
3010 3954 3366 4012 adulterium
3413 3965 3669 4024 quoque,
3699 3953 3757 4005 et

2105 4051 2496 4124 impudicitia,
2528 4055 2587 4104 et
2616 4047 2933 4104 homicidia
2971 4047 3012 4111 ‘,
3059 4043 3214 4101 510
3243 4042 3302 4097 in
3340 4041 3450 4096 hoc
3490 4037 3753 4110 catalogo

2103 4145 2381 4197 vitiorum
2437 4139 2656 4210 scripta
2703 4135 3055 4192 referuntur.
3111 4131 3220 4186 Sed
3271 4127 3576 4184 sciendum
3635 4143 3752 4182 non

2104 4230 2239 4304 plus
2273 4245 2449 4302 quam
2483 4225 2819 4300 quindecim
2859 4220 3057 4280 carnis
3087 4235 3262 4290 opera
3309 4216 3630 4285 nominata,
3681 4215 3752 4268 de

2105 4321 2323 4394 quibus
2353 4324 2408 4375 et
2433 4317 2844 4373 disseruimus.

2175 4411 2363 4482 (Vere.
2395 4408 2561 4478 22.)«
2587 4407 2834 4463 Fructus
2877 4405 3075 4458 autem
3115 4397 3380 4472 spiritus,
3419 4399 3509 4452 est
3555 4393 3750 4451 chari—

2105 4505 2217 4568 tas,
2251 4498 2559 4571 gaudium,
2607 4513 2739 4567 pax,
2769 4489 3209 4565 longanimitas,
3254 4485 3610 4559 benignitas,
3645 4484 3747 4540 bo-

2104 4590 2279 4656 nitas,
2341 4588 2509 4653 tides,
2568 4583 2984 4648 mansuetudo,
3038 4576 3416 4642 continentia,
3468 4575 3749 4631 adversus

339 4665 494 4764 inter
513 4667 718 4764 carnis
752 4685 934 4764 opera
966 4671 1291 4764 numerari,
1320 4688 1426 4727 nec
1452 4671 1762 4764 illepotest
1783 4691 1996 4749 negare
2026 4699 2073 4764 D
2106 4678 2450 4750 hujusmodi
2476 4692 2590 4732 non
2613 4678 2704 4730 est
2723 4673 2832 4728 lex.
2856 4693 2884 4722 »
2913 4671 2982 4726 Et
3019 4685 3146 4742 quas
3193 4667 3307 4723 aila
3347 4665 3500 4721 inter
3531 4665 3754 4720 fructus

339 4755 441 4827 qui
475 4755 702 4812 eisdem
734 4758 1113 4829 passionibus
1142 4760 1416 4816 vincitur.
1451 4762 1518 4817 Et
1549 4761 1685 4819 licet
1729 4780 1822 4819 me
1858 4765 1994 4836 qui-

337 4845 473 4901 dam
521 4845 582 4902 in
645 4862 711 4902 eo
763 4846 934 4915 libro,
985 4866 1160 4922 quem
1210 4851 1282 4907 de
1325 4853 1614 4909 servanda
1660 4854 1996 4927 virginitate

336 4935 568 5007 scripsi,
620 4935 1172 5008 reprehendendum
1236 4943 1482 5012 putent:
1544 4943 1700 5014 quod
1749 4944 1996 5002 dixerim

337 5023 812 5082 adulescentulas
844 5027 926 5082 tia
956 5027 1156 5085 vinum
1215 5029 1425 5086 debere
1469 5030 1668 5104 fugere
1716 5038 1782 5090 ut
1828 5050 1997 5090 vene-

340 5127 526 5169 num:
565 5129 681 5170 non
708 5130 803 5171 me
832 5116 1133 5173 sententia
1188 5118 1514 5190 pmnitebit.
1568 5118 1728 5192 Opus
1777 5123 1996 5196 quippe

337 5199 423 5257 ibi
454 5201 648 5275 magis
676 5203 818 5272 vini,
855 5222 1032 5278 quam
1060 5205 1155 5262 Dei
1187 5224 1222 5262 a
1243 5207 1412 5264 nobis
1433 5214 1699 5266 creatura
1719 5211 1998 5269 damnata

338 5293 467 5346 est:
522 5295 581 5346 et
637 5289 931 5352 licentiam
988 5295 1236 5352 tulimus
1280 5297 1434 5356 509
1493 5298 1707 5372 virgini
1763 5302 1994 5373 proprio

337 5379 527 5437 atatis
561 5379 759 5438 calore
816 5384 1084 5454 ferventi,
1135 5401 1209 5442 ne
1265 5387 1376 5444 sub
1433 5388 1737 5446 occasione
1784 5407 1993 5463 parum

336 5467 603 5541 bibendi,
654 5471 790 5544 plus
845 5475 1075 5533 biberet
1132 5480 1190 5532 et
1235 5477 1468 5550 periret.
1519 5477 1794 5552 Alioquin
1848 5481 1994 5540 scie-

336 5575 496 5633 mus,
523 5565 582 5618 et
613 5561 677 5620 in
701 5563 921 5622 Christi
978 5565 1330 5639 sanguinem
1381 5569 1574 5625 vinum
1627 5573 1991 5629 consecrari:

409 5704 427 5785 ξ
459 5703 620 5785 [ἀρφ
650 5723 789 5778 ms.,
818 5709 1079 5785 feliciora
1100 5709 1330 5785 invidet,
1353 5727 1458 5784 pro
1487 5713 1748 5785 feliciori.

405 5775 427 5810 ²
459 5775 621 5836 Palat
649 5775 790 5852 ms.,
818 5775 1050 5840 exclusa
1067 5784 1250 5840 cautio
1279 5775 1383 5842 est.

2109 4768 2353 4842 spiritus
2409 4764 2610 4822 debuit
2665 4769 2860 4819 tenere
2921 4759 3264 4831 primatum,
3314 4754 3426 4812 nisi
3475 4753 3752 4820 charitas,

2109 4858 2233 4914 sine
2287 4873 2405 4928 qua
2454 4853 2701 4909 virtutes
2757 4854 2975 4906 cetera:
3037 4863 3152 4903 non
3214 4848 3562 4916 reputantur
3626 4859 3755 4899 esse

2107 4947 2372 5009 virtutes,
2396 4949 2454 5001 et
2473 4959 2542 4998 ex
2590 4959 2706 5014 qua
2739 4943 3067 4996 nascuntur
3113 4936 3386 4992 universa
3428 4951 3556 5006 quas
3605 4933 3759 4990 bona

2107 5035 2294 5092 sunt?
2322 5033 2626 5106 Siquidem
2659 5035 2716 5087 et
2746 5029 2805 5085 in
2842 5033 3007 5101 Lege,
3040 5030 3098 5083 et
3155 5026 3214 5081 in
3270 5023 3581 5096 Evangelio
3632 5022 3760 5092 ipsa

2106 5126 2332 5184 obtinet
2361 5123 2759 5197 principatum
2787 5135 2800 5176 :
2832 5118 3035 5187 Diliges
3066 5116 3360 5172 Dominum
3391 5118 3563 5170 Deum
3601 5120 3759 5165 tuum

2105 5233 2174 5274 ex
2205 5218 2313 5272 toto
2346 5212 2516 5271 corde
2549 5216 2662 5280 tuo,
2707 5222 2760 5266 et
2787 5225 2857 5265 ea:
2887 5211 2996 5263 tota
3027 5207 3218 5261 anima
3274 5207 3387 5273 tua,
3438 5206 3489 5258 et
3534 5215 3604 5256 ea:
3644 5206 3756 5254 tota

2105 5308 2307 5365 virtute
2327 5308 2462 5359 tua:
2494 5309 2546 5358 et
2572 5299 2769 5371 diliges
2789 5299 3110 5370 proximum
3137 5303 3293 5350 tuum
3335 5294 3475 5348 sicut
3522 5291 3756 5360 teipsum

2107 5396 2283 5468 (Deut.
2341 5409 2421 5464 v1,
2476 5391 2554 5458 5;
2617 5390 2785 5445 Levit.
2842 5402 2958 5442 xxx.
3031 5384 3139 5445 18;
3208 5380 3392 5437 Matth.
3464 5395 3564 5446 xn,
3637 5377 3751 5468 37).

2104 5466 2350 5552 Quantis
2381 5479 2553 5538 bonis
2585 5479 2797 5535 referta
2827 5476 2904 5532 sit
2923 5474 3202 5540 Charitas,
3223 5474 3279 5527 et
3304 5484 3481 5541 supra
3504 5466 3756 5524 breviter

2103 5571 2580 5647 perstrinximus,
2611 5573 2670 5625 et
2698 5582 2856 5624 nunc
2883 5563 2970 5620 vel
3004 5577 3209 5635 parum
3237 5557 3452 5616 dixisse
3477 5557 3753 5616 sufficiat:

2177 5716 2199 5749 ³
2232 5714 2562 5782 Ιάθιῐι·ωε.,
2595 5727 2691 5768 nec
2721 5709 2896 5784 refert
2921 5707 2972 5762 si
3002 5720 3146 5784 unus
3172 5705 3316 5776 quis.

2181 5789 2204 5822 ‘
2231 5786 2358 5845 Duo
2390 5775 2763 5848 mssItacent
2784 5775 2841 5839 'et
2870 5775 3182 5837 homicidia.
