  <div class='ocr_page' id='page_1' title='image "/cluster/home/n/w/nwhite01/storage/ocr_20150623/26/umn.31951002477320a/227.png"; bbox 0 0 4332 6588; ppageno 0'>
   <div class='ocr_carea' id='block_1_1' title="bbox 539 419 659 480">
    <p class='ocr_par' dir='ltr' id='par_1_1' title="bbox 539 419 659 480">
     <span class='ocr_line' id='line_1_1' title="bbox 539 419 659 480; baseline 0 0"><span class='ocrx_word' id='word_1_1' title='bbox 539 419 659 480; x_wconf 66' lang='lat' dir='ltr'><strong>M7</strong></span> 
     </span>
    </p>
   </div>
   <div class='ocr_carea' id='block_1_2' title="bbox 1783 422 2699 489">
    <p class='ocr_par' dir='ltr' id='par_1_2' title="bbox 1783 422 2699 489">
     <span class='ocr_line' id='line_1_2' title="bbox 1783 422 2699 489; baseline 0 -3"><span class='ocrx_word' id='word_1_2' title='bbox 1783 425 1848 486; x_wconf 88' lang='lat' dir='ltr'><strong>S.</strong></span> <span class='ocrx_word' id='word_1_3' title='bbox 1895 422 2206 486; x_wconf 79' lang='lat' dir='ltr'><strong>EUSEBII</strong></span> <span class='ocrx_word' id='word_1_4' title='bbox 2249 423 2699 489; x_wconf 74' lang='lat' dir='ltr'><strong>HlERONYMI</strong></span> 
     </span>
    </p>
   </div>
   <div class='ocr_carea' id='block_1_3' title="bbox 3829 423 3949 486">
    <p class='ocr_par' dir='ltr' id='par_1_3' title="bbox 3829 423 3949 486">
     <span class='ocr_line' id='line_1_3' title="bbox 3829 423 3949 486; baseline 0 0"><span class='ocrx_word' id='word_1_5' title='bbox 3829 423 3949 486; x_wconf 72' lang='grc'><strong>448</strong></span> 
     </span>
    </p>
   </div>
   <div class='ocr_carea' id='block_1_4' title="bbox 543 551 3946 630">
    <p class='ocr_par' dir='ltr' id='par_1_4' title="bbox 543 551 3946 630">
     <span class='ocr_line' id='line_1_4' title="bbox 543 551 3946 630; baseline 0.002 -22"><span class='ocrx_word' id='word_1_6' title='bbox 543 554 699 625; x_wconf 87' lang='lat' dir='ltr'><strong>quod</strong></span> <span class='ocrx_word' id='word_1_7' title='bbox 731 551 964 610; x_wconf 82' lang='lat' dir='ltr'><strong>dilectio</strong></span> <span class='ocrx_word' id='word_1_8' title='bbox 995 571 1111 611; x_wconf 88' lang='lat' dir='ltr'><strong>non</strong></span> <span class='ocrx_word' id='word_1_9' title='bbox 1142 554 1350 627; x_wconf 66' lang='lat' dir='ltr'><strong>qumrit</strong></span> <span class='ocrx_word' id='word_1_10' title='bbox 1380 573 1506 628; x_wconf 66' lang='lat' dir='ltr'><strong>qua:</strong></span> <span class='ocrx_word' id='word_1_11' title='bbox 1537 574 1646 614; x_wconf 84' lang='lat' dir='ltr'><strong>sua</strong></span> <span class='ocrx_word' id='word_1_12' title='bbox 1689 563 1846 628; x_wconf 90' lang='lat' dir='ltr'><strong>sunt,</strong></span> <span class='ocrx_word' id='word_1_13' title='bbox 1898 559 1997 614; x_wconf 90' lang='lat' dir='ltr'><strong>sed</strong></span> <span class='ocrx_word' id='word_1_14' title='bbox 2057 575 2182 630; x_wconf 63' lang='lat' dir='ltr'><strong>qua</strong></span> <span class='ocrx_word' id='word_1_15' title='bbox 2213 559 2267 626; x_wconf 81' lang='grc' dir='ltr'><strong>Α</strong></span> <span class='ocrx_word' id='word_1_16' title='bbox 2297 557 2730 615; x_wconf 86' lang='lat' dir='ltr'><strong>benedictiones</strong></span> <span class='ocrx_word' id='word_1_17' title='bbox 2758 560 2782 594; x_wconf 79' lang='grc'>⁸</span> <span class='ocrx_word' id='word_1_18' title='bbox 2817 557 3128 614; x_wconf 80' lang='lat' dir='ltr'><strong>scribitur:</strong></span> <span class='ocrx_word' id='word_1_19' title='bbox 3175 558 3326 614; x_wconf 76' lang='lat' dir='ltr'><strong>Beati</strong></span> <span class='ocrx_word' id='word_1_20' title='bbox 3359 556 3626 630; x_wconf 71' lang='lat' dir='ltr'><strong>paciﬁci:</strong></span> <span class='ocrx_word' id='word_1_21' title='bbox 3679 559 3946 630; x_wconf 69' lang='lat' dir='ltr'><strong>quoniam</strong></span> 
     </span>
    </p>
   </div>
   <div class='ocr_carea' id='block_1_5' title="bbox 543 641 2186 719">
    <p class='ocr_par' dir='ltr' id='par_1_5' title="bbox 543 641 2186 719">
     <span class='ocr_line' id='line_1_5' title="bbox 543 641 2186 719; baseline 0.003 -21"><span class='ocrx_word' id='word_1_22' title='bbox 543 641 736 698; x_wconf 87' lang='lat' dir='ltr'><strong>aliena</strong></span> <span class='ocrx_word' id='word_1_23' title='bbox 763 645 809 714; x_wconf 87' lang='lat' dir='ltr'><strong>(I</strong></span> <span class='ocrx_word' id='word_1_24' title='bbox 835 647 958 700; x_wconf 82' lang='lat' dir='ltr'><strong>Cor.</strong></span> <span class='ocrx_word' id='word_1_25' title='bbox 989 662 1114 709; x_wconf 83' lang='lat' dir='ltr'><strong>xm,</strong></span> <span class='ocrx_word' id='word_1_26' title='bbox 1145 646 1220 716; x_wconf 88' lang='lat'><strong>5).</strong></span> <span class='ocrx_word' id='word_1_27' title='bbox 1277 650 1344 700; x_wconf 88' lang='lat' dir='ltr'><strong>Et</strong></span> <span class='ocrx_word' id='word_1_28' title='bbox 1394 647 1662 717; x_wconf 81' lang='lat' dir='ltr'><strong>quamvis</strong></span> <span class='ocrx_word' id='word_1_29' title='bbox 1711 665 1819 703; x_wconf 90' lang='lat' dir='ltr'><strong>suo</strong></span> <span class='ocrx_word' id='word_1_30' title='bbox 1867 648 2001 719; x_wconf 91' lang='lat' dir='ltr'><strong>quis</strong></span> <span class='ocrx_word' id='word_1_31' title='bbox 2048 649 2186 703; x_wconf 90' lang='lat' dir='ltr'><strong>vitio</strong></span> 
     </span>
    </p>
   </div>
   <div class='ocr_carea' id='block_1_6' title="bbox 541 730 2182 808">
    <p class='ocr_par' dir='ltr' id='par_1_6' title="bbox 541 730 2182 808">
     <span class='ocr_line' id='line_1_6' title="bbox 541 730 2182 808; baseline 0.004 -22"><span class='ocrx_word' id='word_1_32' title='bbox 541 730 822 788; x_wconf 84' lang='lat' dir='ltr'><strong>inimicus</strong></span> <span class='ocrx_word' id='word_1_33' title='bbox 853 734 928 789; x_wconf 90' lang='lat' dir='ltr'><strong>sit</strong></span> <span class='ocrx_word' id='word_1_34' title='bbox 974 734 1262 806; x_wconf 85' lang='lat' dir='ltr'><strong>diligenti,</strong></span> <span class='ocrx_word' id='word_1_35' title='bbox 1307 739 1365 791; x_wconf 91' lang='lat' dir='ltr'><strong>et</strong></span> <span class='ocrx_word' id='word_1_36' title='bbox 1419 736 1887 808; x_wconf 88' lang='lat' dir='ltr'><strong>tranquilitatem</strong></span> <span class='ocrx_word' id='word_1_37' title='bbox 1932 739 2061 807; x_wconf 82' lang='lat' dir='ltr'><strong>ejus</strong></span> <span class='ocrx_word' id='word_1_38' title='bbox 2111 738 2182 792; x_wconf 88' lang='lat' dir='ltr'><strong>ad</strong></span> 
     </span>
    </p>
   </div>
   <div class='ocr_carea' id='block_1_7' title="bbox 543 821 2187 882">
    <p class='ocr_par' dir='ltr' id='par_1_7' title="bbox 543 821 2187 882">
     <span class='ocr_line' id='line_1_7' title="bbox 543 821 2187 882; baseline 0.002 -5"><span class='ocrx_word' id='word_1_39' title='bbox 543 821 812 877; x_wconf 80' lang='lat' dir='ltr'><strong>odiorum</strong></span> <span class='ocrx_word' id='word_1_40' title='bbox 872 823 1086 878; x_wconf 87' lang='lat' dir='ltr'><strong>ﬂuctus</strong></span> <span class='ocrx_word' id='word_1_41' title='bbox 1133 823 1423 879; x_wconf 90' lang='lat' dir='ltr'><strong>concitare</strong></span> <span class='ocrx_word' id='word_1_42' title='bbox 1477 825 1734 882; x_wconf 80' lang='lat' dir='ltr'><strong>nitatur:</strong></span> <span class='ocrx_word' id='word_1_43' title='bbox 1783 831 1980 881; x_wconf 88' lang='lat' dir='ltr'><strong>tamen</strong></span> <span class='ocrx_word' id='word_1_44' title='bbox 2029 843 2187 881; x_wconf 89' lang='lat' dir='ltr'><strong>nun-</strong></span> 
     </span>
    </p>
   </div>
   <div class='ocr_carea' id='block_1_8' title="bbox 545 909 2185 985">
    <p class='ocr_par' dir='ltr' id='par_1_8' title="bbox 545 909 2185 985">
     <span class='ocr_line' id='line_1_8' title="bbox 545 909 2185 985; baseline 0.005 -22"><span class='ocrx_word' id='word_1_45' title='bbox 545 926 724 981; x_wconf 84' lang='lat' dir='ltr'><strong>quam</strong></span> <span class='ocrx_word' id='word_1_46' title='bbox 763 909 860 966; x_wconf 89' lang='lat' dir='ltr'><strong>ille</strong></span> <span class='ocrx_word' id='word_1_47' title='bbox 890 913 1195 969; x_wconf 80' lang='lat' dir='ltr'><strong>turbatur:</strong></span> <span class='ocrx_word' id='word_1_48' title='bbox 1231 930 1531 985; x_wconf 85' lang='lat' dir='ltr'><strong>nunquam</strong></span> <span class='ocrx_word' id='word_1_49' title='bbox 1564 920 1888 970; x_wconf 82' lang='lat' dir='ltr'><strong>creaturam</strong></span> <span class='ocrx_word' id='word_1_50' title='bbox 1922 915 2019 972; x_wconf 89' lang='lat' dir='ltr'><strong>Dei</strong></span> <span class='ocrx_word' id='word_1_51' title='bbox 2055 915 2185 971; x_wconf 89' lang='lat' dir='ltr'><strong>odio</strong></span> 
     </span>
    </p>
   </div>
   <div class='ocr_carea' id='block_1_9' title="bbox 547 997 2184 1076">
    <p class='ocr_par' dir='ltr' id='par_1_9' title="bbox 547 997 2184 1076">
     <span class='ocr_line' id='line_1_9' title="bbox 547 997 2184 1076; baseline 0.004 -24"><span class='ocrx_word' id='word_1_52' title='bbox 547 997 786 1071; x_wconf 87' lang='lat' dir='ltr'><strong>dignam</strong></span> <span class='ocrx_word' id='word_1_53' title='bbox 818 1001 1086 1057; x_wconf 79' lang='lat' dir='ltr'><strong>aestimat.</strong></span> <span class='ocrx_word' id='word_1_54' title='bbox 1122 1003 1383 1058; x_wconf 83' lang='lat' dir='ltr'><strong>Charitas</strong></span> <span class='ocrx_word' id='word_1_55' title='bbox 1413 1004 1567 1058; x_wconf 88' lang='lat' dir='ltr'><strong>enim</strong></span> <span class='ocrx_word' id='word_1_56' title='bbox 1623 1005 1810 1076; x_wconf 89' lang='lat' dir='ltr'><strong>operit</strong></span> <span class='ocrx_word' id='word_1_57' title='bbox 1857 1003 2184 1060; x_wconf 87' lang='lat' dir='ltr'><strong>multitudi-</strong></span> 
     </span>
    </p>
   </div>
   <div class='ocr_carea' id='block_1_10' title="bbox 549 1087 2183 1165">
    <p class='ocr_par' dir='ltr' id='par_1_10' title="bbox 549 1087 2183 1165">
     <span class='ocr_line' id='line_1_10' title="bbox 549 1087 2183 1165; baseline 0.002 -23"><span class='ocrx_word' id='word_1_58' title='bbox 549 1087 684 1142; x_wconf 78' lang='lat' dir='ltr'><strong>dem</strong></span> <span class='ocrx_word' id='word_1_59' title='bbox 720 1095 1085 1159; x_wconf 81' lang='lat' dir='ltr'><strong>peccatorum</strong></span> <span class='ocrx_word' id='word_1_60' title='bbox 1120 1091 1165 1161; x_wconf 89' lang='lat' dir='ltr'><strong>(l</strong></span> <span class='ocrx_word' id='word_1_61' title='bbox 1192 1094 1336 1147; x_wconf 78' lang='lat' dir='ltr'><strong>Patr.</strong></span> <span class='ocrx_word' id='word_1_62' title='bbox 1373 1107 1446 1157; x_wconf 79' lang='lat' dir='ltr'><strong>xv,</strong></span> <span class='ocrx_word' id='word_1_63' title='bbox 1479 1094 1554 1162; x_wconf 91' lang='lat'><strong>8).</strong></span> <span class='ocrx_word' id='word_1_64' title='bbox 1597 1092 1742 1148; x_wconf 88' lang='lat' dir='ltr'><strong>Illud</strong></span> <span class='ocrx_word' id='word_1_65' title='bbox 1779 1109 2009 1164; x_wconf 89' lang='lat' dir='ltr'><strong>quoque</strong></span> <span class='ocrx_word' id='word_1_66' title='bbox 2027 1093 2183 1165; x_wconf 89' lang='lat' dir='ltr'><strong>quod</strong></span> 
     </span>
    </p>
   </div>
   <div class='ocr_carea' id='block_1_11' title="bbox 546 1177 2186 1254">
    <p class='ocr_par' dir='ltr' id='par_1_11' title="bbox 546 1177 2186 1254">
     <span class='ocr_line' id='line_1_11' title="bbox 546 1177 2186 1254; baseline 0.002 -23"><span class='ocrx_word' id='word_1_67' title='bbox 546 1177 905 1234; x_wconf 83' lang='lat' dir='ltr'><strong>aSalvatore</strong></span> <span class='ocrx_word' id='word_1_68' title='bbox 925 1179 1172 1236; x_wconf 90' lang='lat' dir='ltr'><strong>dicitur:</strong></span> <span class='ocrx_word' id='word_1_69' title='bbox 1205 1182 1322 1236; x_wconf 76' lang='lat' dir='ltr'><strong>Non</strong></span> <span class='ocrx_word' id='word_1_70' title='bbox 1348 1186 1521 1252; x_wconf 86' lang='lat' dir='ltr'><strong>potest</strong></span> <span class='ocrx_word' id='word_1_71' title='bbox 1567 1184 1730 1237; x_wconf 77' lang='lat' dir='ltr'><strong>arbor</strong></span> <span class='ocrx_word' id='word_1_72' title='bbox 1778 1183 1916 1237; x_wconf 84' lang='lat' dir='ltr'><strong>bona</strong></span> <span class='ocrx_word' id='word_1_73' title='bbox 1965 1182 2186 1254; x_wconf 84' lang='lat' dir='ltr'><strong>fructus</strong></span> 
     </span>
    </p>
   </div>
   <div class='ocr_carea' id='block_1_12' title="bbox 545 1267 2182 1342">
    <p class='ocr_par' dir='ltr' id='par_1_12' title="bbox 545 1267 2182 1342">
     <span class='ocr_line' id='line_1_12' title="bbox 545 1267 2182 1342; baseline 0.002 -21"><span class='ocrx_word' id='word_1_74' title='bbox 545 1267 753 1337; x_wconf 64' lang='lat' dir='ltr'><strong>afferre</strong></span> <span class='ocrx_word' id='word_1_75' title='bbox 776 1268 985 1322; x_wconf 80' lang='lat' dir='ltr'><strong>malos:</strong></span> <span class='ocrx_word' id='word_1_76' title='bbox 1020 1285 1192 1339; x_wconf 82' lang='lat' dir='ltr'><strong>neque</strong></span> <span class='ocrx_word' id='word_1_77' title='bbox 1219 1270 1384 1325; x_wconf 80' lang='lat' dir='ltr'><strong>arbor</strong></span> <span class='ocrx_word' id='word_1_78' title='bbox 1410 1272 1579 1339; x_wconf 69' lang='lat' dir='ltr'><strong>mata,</strong></span> <span class='ocrx_word' id='word_1_79' title='bbox 1610 1277 1821 1341; x_wconf 78' lang='lat' dir='ltr'><strong>[ructus</strong></span> <span class='ocrx_word' id='word_1_80' title='bbox 1851 1274 2047 1342; x_wconf 79' lang='lat' dir='ltr'><strong>afferre</strong></span> <span class='ocrx_word' id='word_1_81' title='bbox 2093 1276 2182 1327; x_wconf 82' lang='lat' dir='ltr'><strong>bo-</strong></span> 
     </span>
    </p>
   </div>
   <div class='ocr_carea' id='block_1_13' title="bbox 543 1357 2184 1433">
    <p class='ocr_par' dir='ltr' id='par_1_13' title="bbox 543 1357 2184 1433">
     <span class='ocr_line' id='line_1_13' title="bbox 543 1357 2184 1433; baseline 0.004 -23"><span class='ocrx_word' id='word_1_82' title='bbox 543 1371 642 1410; x_wconf 81' lang='lat' dir='ltr'><strong>nos</strong></span> <span class='ocrx_word' id='word_1_83' title='bbox 671 1357 874 1422; x_wconf 75' lang='lat' dir='ltr'><strong>(Matth.</strong></span> <span class='ocrx_word' id='word_1_84' title='bbox 906 1374 1008 1422; x_wconf 86' lang='lat' dir='ltr'><strong>vn,</strong></span> <span class='ocrx_word' id='word_1_85' title='bbox 1042 1359 1152 1426; x_wconf 85' lang='grc'>18),</span> <span class='ocrx_word' id='word_1_86' title='bbox 1186 1375 1301 1414; x_wconf 93' lang='lat' dir='ltr'><strong>non</strong></span> <span class='ocrx_word' id='word_1_87' title='bbox 1331 1363 1451 1414; x_wconf 87' lang='lat' dir='ltr'><strong>tam</strong></span> <span class='ocrx_word' id='word_1_88' title='bbox 1484 1360 1554 1416; x_wconf 88' lang='lat' dir='ltr'><strong>de</strong></span> <span class='ocrx_word' id='word_1_89' title='bbox 1587 1360 1950 1427; x_wconf 89' lang='lat' dir='ltr'><strong>hominibus,</strong></span> <span class='ocrx_word' id='word_1_90' title='bbox 2005 1377 2184 1433; x_wconf 89' lang='lat' dir='ltr'><strong>quam</strong></span> 
     </span>
    </p>
   </div>
   <div class='ocr_carea' id='block_1_14' title="bbox 540 1443 2182 1522">
    <p class='ocr_par' dir='ltr' id='par_1_14' title="bbox 540 1443 2182 1522">
     <span class='ocr_line' id='line_1_14' title="bbox 540 1443 2182 1522; baseline 0.005 -25"><span class='ocrx_word' id='word_1_91' title='bbox 540 1443 613 1498; x_wconf 86' lang='lat' dir='ltr'><strong>de</strong></span> <span class='ocrx_word' id='word_1_92' title='bbox 636 1443 924 1500; x_wconf 83' lang='lat' dir='ltr'><strong>fructibus</strong></span> <span class='ocrx_word' id='word_1_93' title='bbox 955 1446 1152 1501; x_wconf 87' lang='lat' dir='ltr'><strong>carnis</strong></span> <span class='ocrx_word' id='word_1_94' title='bbox 1181 1452 1238 1502; x_wconf 90' lang='lat' dir='ltr'><strong>et</strong></span> <span class='ocrx_word' id='word_1_95' title='bbox 1264 1447 1508 1518; x_wconf 79' lang='lat' dir='ltr'><strong>spiritus</strong></span> <span class='ocrx_word' id='word_1_96' title='bbox 1544 1449 1792 1505; x_wconf 87' lang='lat' dir='ltr'><strong>arbitror</strong></span> <span class='ocrx_word' id='word_1_97' title='bbox 1843 1451 2182 1522; x_wconf 87' lang='lat' dir='ltr'><strong>pronuntia-</strong></span> 
     </span>
    </p>
   </div>
   <div class='ocr_carea' id='block_1_15' title="bbox 541 1534 2180 1610">
    <p class='ocr_par' dir='ltr' id='par_1_15' title="bbox 541 1534 2180 1610">
     <span class='ocr_line' id='line_1_15' title="bbox 541 1534 2180 1610; baseline 0.005 -24"><span class='ocrx_word' id='word_1_98' title='bbox 541 1536 706 1587; x_wconf 88' lang='lat' dir='ltr'><strong>tum:</strong></span> <span class='ocrx_word' id='word_1_99' title='bbox 741 1534 880 1606; x_wconf 83' lang='lat' dir='ltr'><strong>quia</strong></span> <span class='ocrx_word' id='word_1_100' title='bbox 911 1551 1015 1591; x_wconf 89' lang='lat' dir='ltr'><strong>nec</strong></span> <span class='ocrx_word' id='word_1_101' title='bbox 1073 1536 1316 1607; x_wconf 82' lang='lat' dir='ltr'><strong>spiritus</strong></span> <span class='ocrx_word' id='word_1_102' title='bbox 1363 1554 1624 1608; x_wconf 83' lang='lat' dir='ltr'><strong>unquam</strong></span> <span class='ocrx_word' id='word_1_103' title='bbox 1674 1543 1861 1610; x_wconf 88' lang='lat' dir='ltr'><strong>potest</strong></span> <span class='ocrx_word' id='word_1_104' title='bbox 1906 1555 1974 1595; x_wconf 90' lang='lat' dir='ltr'><strong>ea</strong></span> <span class='ocrx_word' id='word_1_105' title='bbox 2018 1539 2180 1606; x_wconf 90' lang='lat' dir='ltr'><strong>vitia,</strong></span> 
     </span>
    </p>
   </div>
   <div class='ocr_carea' id='block_1_16' title="bbox 543 1621 2179 1696">
    <p class='ocr_par' dir='ltr' id='par_1_16' title="bbox 543 1621 2179 1696">
     <span class='ocr_line' id='line_1_16' title="bbox 543 1621 2179 1696; baseline 0.005 -20"><span class='ocrx_word' id='word_1_106' title='bbox 543 1637 670 1692; x_wconf 75' lang='lat' dir='ltr'><strong>qua:</strong></span> <span class='ocrx_word' id='word_1_107' title='bbox 689 1621 750 1677; x_wconf 90' lang='lat' dir='ltr'><strong>in</strong></span> <span class='ocrx_word' id='word_1_108' title='bbox 809 1624 1010 1680; x_wconf 87' lang='lat' dir='ltr'><strong>carnis</strong></span> <span class='ocrx_word' id='word_1_109' title='bbox 1060 1625 1338 1696; x_wconf 84' lang='lat' dir='ltr'><strong>operibus</strong></span> <span class='ocrx_word' id='word_1_110' title='bbox 1394 1630 1700 1682; x_wconf 87' lang='lat' dir='ltr'><strong>numerata</strong></span> <span class='ocrx_word' id='word_1_111' title='bbox 1747 1633 1905 1695; x_wconf 90' lang='lat' dir='ltr'><strong>sunt,</strong></span> <span class='ocrx_word' id='word_1_112' title='bbox 1957 1629 2179 1696; x_wconf 79' lang='lat' dir='ltr'><strong>facere;</strong></span> 
     </span>
    </p>
   </div>
   <div class='ocr_carea' id='block_1_17' title="bbox 542 1712 2183 1789">
    <p class='ocr_par' dir='ltr' id='par_1_17' title="bbox 542 1712 2183 1789">
     <span class='ocr_line' id='line_1_17' title="bbox 542 1712 2183 1789; baseline 0.005 -24"><span class='ocrx_word' id='word_1_113' title='bbox 542 1726 649 1766; x_wconf 85' lang='lat' dir='ltr'><strong>nec</strong></span> <span class='ocrx_word' id='word_1_114' title='bbox 677 1727 811 1767; x_wconf 86' lang='lat' dir='ltr'><strong>caro</strong></span> <span class='ocrx_word' id='word_1_115' title='bbox 840 1712 934 1768; x_wconf 90' lang='lat' dir='ltr'><strong>bis</strong></span> <span class='ocrx_word' id='word_1_116' title='bbox 966 1713 1256 1770; x_wconf 79' lang='lat' dir='ltr'><strong>fructibus</strong></span> <span class='ocrx_word' id='word_1_117' title='bbox 1286 1715 1388 1787; x_wconf 89' lang='lat' dir='ltr'><strong>qui</strong></span> <span class='ocrx_word' id='word_1_118' title='bbox 1419 1715 1688 1772; x_wconf 90' lang='lat' dir='ltr'><strong>oriuntur</strong></span> <span class='ocrx_word' id='word_1_119' title='bbox 1729 1733 1798 1772; x_wconf 84' lang='lat' dir='ltr'><strong>ex</strong></span> <span class='ocrx_word' id='word_1_120' title='bbox 1828 1718 2037 1789; x_wconf 85' lang='lat' dir='ltr'><strong>spiritu</strong></span> <span class='ocrx_word' id='word_1_121' title='bbox 2090 1735 2183 1773; x_wconf 69' lang='lat' dir='ltr'><strong>re~</strong></span> 
     </span>
    </p>
   </div>
   <div class='ocr_carea' id='block_1_18' title="bbox 544 1800 2182 1880">
    <p class='ocr_par' dir='ltr' id='par_1_18' title="bbox 544 1800 2182 1880">
     <span class='ocr_line' id='line_1_18' title="bbox 544 1800 2182 1880; baseline 0.005 -26"><span class='ocrx_word' id='word_1_122' title='bbox 544 1800 828 1856; x_wconf 79' lang='lat' dir='ltr'><strong>dundare.</strong></span> <span class='ocrx_word' id='word_1_123' title='bbox 852 1801 1051 1858; x_wconf 84' lang='lat' dir='ltr'><strong>Potest</strong></span> <span class='ocrx_word' id='word_1_124' title='bbox 1073 1809 1270 1860; x_wconf 87' lang='lat' dir='ltr'><strong>autem</strong></span> <span class='ocrx_word' id='word_1_125' title='bbox 1307 1805 1429 1860; x_wconf 83' lang='lat' dir='ltr'><strong>ﬁeri</strong></span> <span class='ocrx_word' id='word_1_126' title='bbox 1461 1822 1563 1877; x_wconf 86' lang='lat' dir='ltr'><strong>per</strong></span> <span class='ocrx_word' id='word_1_127' title='bbox 1592 1806 2005 1880; x_wconf 83' lang='lat' dir='ltr'><strong>negligentiam</strong></span> <span class='ocrx_word' id='word_1_128' title='bbox 2050 1825 2182 1880; x_wconf 84' lang='lat' dir='ltr'><strong>pos-</strong></span> 
     </span>
    </p>
   </div>
   <div class='ocr_carea' id='block_1_19' title="bbox 2295 646 3943 719">
    <p class='ocr_par' dir='ltr' id='par_1_19' title="bbox 2295 646 3943 719">
     <span class='ocr_line' id='line_1_19' title="bbox 2295 646 3943 719; baseline 0.001 -17"><span class='ocrx_word' id='word_1_129' title='bbox 2295 647 2410 718; x_wconf 82' lang='lat' dir='ltr'><strong>ﬁlii</strong></span> <span class='ocrx_word' id='word_1_130' title='bbox 2437 649 2536 704; x_wconf 86' lang='lat' dir='ltr'><strong>Dei</strong></span> <span class='ocrx_word' id='word_1_131' title='bbox 2556 649 2893 704; x_wconf 70' lang='lat' dir='ltr'><strong>vocabuntur</strong></span> <span class='ocrx_word' id='word_1_132' title='bbox 2925 647 3131 719; x_wconf 79' lang='lat' dir='ltr'><strong>(Matth.</strong></span> <span class='ocrx_word' id='word_1_133' title='bbox 3164 663 3217 718; x_wconf 86' lang='grc' dir='ltr'><strong>ν,</strong></span> <span class='ocrx_word' id='word_1_134' title='bbox 3267 647 3344 717; x_wconf 89' lang='grc'><strong>9).</strong></span> <span class='ocrx_word' id='word_1_135' title='bbox 3404 647 3466 702; x_wconf 85' lang='lat' dir='ltr'><strong>In</strong></span> <span class='ocrx_word' id='word_1_136' title='bbox 3525 646 3720 718; x_wconf 85' lang='lat' dir='ltr'><strong>primo</strong></span> <span class='ocrx_word' id='word_1_137' title='bbox 3767 647 3943 704; x_wconf 84' lang='lat' dir='ltr'><strong>etiam</strong></span> 
     </span>
    </p>
   </div>
   <div class='ocr_carea' id='block_1_20' title="bbox 2295 735 3943 809">
    <p class='ocr_par' dir='ltr' id='par_1_20' title="bbox 2295 735 3943 809">
     <span class='ocr_line' id='line_1_20' title="bbox 2295 735 3943 809; baseline 0 -17"><span class='ocrx_word' id='word_1_138' title='bbox 2295 737 2585 808; x_wconf 82' lang='lat' dir='ltr'><strong>graduum</strong></span> <span class='ocrx_word' id='word_1_139' title='bbox 2620 738 2843 809; x_wconf 89' lang='lat' dir='ltr'><strong>psalmo</strong></span> <span class='ocrx_word' id='word_1_140' title='bbox 2901 740 3197 792; x_wconf 75' lang='lat' dir='ltr'><strong>cantatur:</strong></span> <span class='ocrx_word' id='word_1_141' title='bbox 3251 736 3386 791; x_wconf 86' lang='lat' dir='ltr'><strong>Cum</strong></span> <span class='ocrx_word' id='word_1_142' title='bbox 3432 737 3519 791; x_wconf 85' lang='lat' dir='ltr'><strong>his</strong></span> <span class='ocrx_word' id='word_1_143' title='bbox 3565 738 3665 808; x_wconf 80' lang='lat' dir='ltr'><strong>qui</strong></span> <span class='ocrx_word' id='word_1_144' title='bbox 3712 735 3943 793; x_wconf 57' lang='lat' dir='ltr'><strong>oderunt</strong></span> 
     </span>
    </p>
   </div>
   <div class='ocr_carea' id='block_1_21' title="bbox 2289 825 3947 898">
    <p class='ocr_par' dir='ltr' id='par_1_21' title="bbox 2289 825 3947 898">
     <span class='ocr_line' id='line_1_21' title="bbox 2289 825 3947 898; baseline 0 -17"><span class='ocrx_word' id='word_1_145' title='bbox 2289 843 2500 898; x_wconf 81' lang='lat' dir='ltr'><strong>pacem,</strong></span> <span class='ocrx_word' id='word_1_146' title='bbox 2530 844 2684 882; x_wconf 84' lang='lat' dir='ltr'><strong>eram</strong></span> <span class='ocrx_word' id='word_1_147' title='bbox 2730 827 2990 898; x_wconf 79' lang='lat' dir='ltr'><strong>paciﬁcus</strong></span> <span class='ocrx_word' id='word_1_148' title='bbox 3046 827 3221 896; x_wconf 80' lang='lat' dir='ltr'><strong>(Psat.</strong></span> <span class='ocrx_word' id='word_1_149' title='bbox 3273 842 3421 892; x_wconf 66' lang='grc' dir='ltr'>οισι,</span> <span class='ocrx_word' id='word_1_150' title='bbox 3475 828 3552 896; x_wconf 89' lang='grc'><strong>7).</strong></span> <span class='ocrx_word' id='word_1_151' title='bbox 3605 825 3720 881; x_wconf 85' lang='lat' dir='ltr'><strong>Nec</strong></span> <span class='ocrx_word' id='word_1_152' title='bbox 3777 831 3947 898; x_wconf 88' lang='lat' dir='ltr'><strong>pute-</strong></span> 
     </span>
    </p>
   </div>
   <div class='ocr_carea' id='block_1_22' title="bbox 2296 915 3938 987">
    <p class='ocr_par' dir='ltr' id='par_1_22' title="bbox 2296 915 3938 987">
     <span class='ocr_line' id='line_1_22' title="bbox 2296 915 3938 987; baseline 0.001 -17"><span class='ocrx_word' id='word_1_153' title='bbox 2296 931 2431 971; x_wconf 89' lang='lat' dir='ltr'><strong>mus</strong></span> <span class='ocrx_word' id='word_1_154' title='bbox 2460 933 2660 987; x_wconf 87' lang='lat' dir='ltr'><strong>pacem</strong></span> <span class='ocrx_word' id='word_1_155' title='bbox 2690 921 2921 970; x_wconf 88' lang='lat' dir='ltr'><strong>tantum</strong></span> <span class='ocrx_word' id='word_1_156' title='bbox 2955 916 3015 970; x_wconf 92' lang='lat' dir='ltr'><strong>in</strong></span> <span class='ocrx_word' id='word_1_157' title='bbox 3033 931 3100 970; x_wconf 91' lang='lat' dir='ltr'><strong>eo</strong></span> <span class='ocrx_word' id='word_1_158' title='bbox 3130 929 3258 970; x_wconf 88' lang='lat' dir='ltr'><strong>ssse</strong></span> <span class='ocrx_word' id='word_1_159' title='bbox 3287 916 3685 986; x_wconf 70' lang='lat' dir='ltr'><strong>quarendam,</strong></span> <span class='ocrx_word' id='word_1_160' title='bbox 3719 915 3770 971; x_wconf 89' lang='lat' dir='ltr'><strong>si</strong></span> <span class='ocrx_word' id='word_1_161' title='bbox 3801 931 3938 972; x_wconf 84' lang='lat' dir='ltr'><strong>cum</strong></span> 
     </span>
    </p>
   </div>
   <div class='ocr_carea' id='block_1_23' title="bbox 2294 1003 3942 1077">
    <p class='ocr_par' dir='ltr' id='par_1_23' title="bbox 2294 1003 3942 1077">
     <span class='ocr_line' id='line_1_23' title="bbox 2294 1003 3942 1077; baseline 0 -19"><span class='ocrx_word' id='word_1_162' title='bbox 2294 1003 2410 1059; x_wconf 88' lang='lat' dir='ltr'><strong>alio</strong></span> <span class='ocrx_word' id='word_1_163' title='bbox 2441 1007 2910 1077; x_wconf 86' lang='lat' dir='ltr'><strong>nonjurgemur:</strong></span> <span class='ocrx_word' id='word_1_164' title='bbox 2944 1005 3042 1060; x_wconf 89' lang='lat' dir='ltr'><strong>sed</strong></span> <span class='ocrx_word' id='word_1_165' title='bbox 3071 1009 3213 1060; x_wconf 89' lang='lat' dir='ltr'><strong>tunc</strong></span> <span class='ocrx_word' id='word_1_166' title='bbox 3245 1019 3354 1076; x_wconf 80' lang='lat' dir='ltr'><strong>pax</strong></span> <span class='ocrx_word' id='word_1_167' title='bbox 3383 1003 3620 1073; x_wconf 84' lang='lat' dir='ltr'><strong>Christi,</strong></span> <span class='ocrx_word' id='word_1_168' title='bbox 3677 1003 3786 1059; x_wconf 87' lang='lat' dir='ltr'><strong>hoc</strong></span> <span class='ocrx_word' id='word_1_169' title='bbox 3833 1008 3942 1072; x_wconf 86' lang='lat' dir='ltr'><strong>est,</strong></span> 
     </span>
    </p>
   </div>
   <div class='ocr_carea' id='block_1_24' title="bbox 2294 1091 3946 1163">
    <p class='ocr_par' dir='ltr' id='par_1_24' title="bbox 2294 1091 3946 1163">
     <span class='ocr_line' id='line_1_24' title="bbox 2294 1091 3946 1163; baseline 0.001 -16"><span class='ocrx_word' id='word_1_170' title='bbox 2294 1091 2599 1148; x_wconf 62' lang='lat' dir='ltr'><strong>hereditas</strong></span> <span class='ocrx_word' id='word_1_171' title='bbox 2629 1098 2830 1149; x_wconf 88' lang='lat' dir='ltr'><strong>nostra</strong></span> <span class='ocrx_word' id='word_1_172' title='bbox 2851 1093 3156 1150; x_wconf 90' lang='lat' dir='ltr'><strong>nobiscum</strong></span> <span class='ocrx_word' id='word_1_173' title='bbox 3199 1098 3309 1158; x_wconf 87' lang='lat' dir='ltr'><strong>est,</strong></span> <span class='ocrx_word' id='word_1_174' title='bbox 3343 1093 3390 1148; x_wconf 85' lang='lat' dir='ltr'><strong>si</strong></span> <span class='ocrx_word' id='word_1_175' title='bbox 3424 1091 3745 1163; x_wconf 86' lang='lat' dir='ltr'><strong>tranquilla</strong></span> <span class='ocrx_word' id='word_1_176' title='bbox 3776 1108 3946 1148; x_wconf 80' lang='lat' dir='ltr'><strong>mens</strong></span> 
     </span>
    </p>
   </div>
   <div class='ocr_carea' id='block_1_25' title="bbox 2294 1181 3946 1253">
    <p class='ocr_par' dir='ltr' id='par_1_25' title="bbox 2294 1181 3946 1253">
     <span class='ocr_line' id='line_1_25' title="bbox 2294 1181 3946 1253; baseline 0 -17"><span class='ocrx_word' id='word_1_177' title='bbox 2294 1181 2472 1237; x_wconf 90' lang='lat' dir='ltr'><strong>nullis</strong></span> <span class='ocrx_word' id='word_1_178' title='bbox 2494 1182 2870 1253; x_wconf 88' lang='lat' dir='ltr'><strong>passionibus</strong></span> <span class='ocrx_word' id='word_1_179' title='bbox 2893 1182 3436 1253; x_wconf 89' lang='lat' dir='ltr'><strong>perturbetur.Post</strong></span> <span class='ocrx_word' id='word_1_180' title='bbox 3452 1195 3654 1253; x_wconf 84' lang='lat' dir='ltr'><strong>pacem</strong></span> <span class='ocrx_word' id='word_1_181' title='bbox 3676 1181 3946 1252; x_wconf 82' lang='lat' dir='ltr'><strong>sequitur</strong></span> 
     </span>
    </p>
   </div>
   <div class='ocr_carea' id='block_1_26' title="bbox 2293 1267 3940 1342">
    <p class='ocr_par' dir='ltr' id='par_1_26' title="bbox 2293 1267 3940 1342">
     <span class='ocr_line' id='line_1_26' title="bbox 2293 1267 3940 1342; baseline 0.001 -19"><span class='ocrx_word' id='word_1_182' title='bbox 2293 1267 2733 1341; x_wconf 80' lang='lat' dir='ltr'><strong>longanimitas,</strong></span> <span class='ocrx_word' id='word_1_183' title='bbox 2768 1272 2888 1327; x_wconf 86' lang='lat' dir='ltr'><strong>sive</strong></span> <span class='ocrx_word' id='word_1_184' title='bbox 2919 1272 3206 1341; x_wconf 84' lang='lat' dir='ltr'><strong>sapientia</strong></span> <span class='ocrx_word' id='word_1_185' title='bbox 3227 1290 3245 1326; x_wconf 90' lang='lat'><strong>:</strong></span> <span class='ocrx_word' id='word_1_186' title='bbox 3277 1271 3417 1342; x_wconf 83' lang='lat' dir='ltr'><strong>quia</strong></span> <span class='ocrx_word' id='word_1_187' title='bbox 3467 1274 3716 1340; x_wconf 85' lang='lat' dir='ltr'><strong>utroque</strong></span> <span class='ocrx_word' id='word_1_188' title='bbox 3765 1269 3940 1325; x_wconf 88' lang='lat' dir='ltr'><strong>modo</strong></span> 
     </span>
    </p>
   </div>
   <div class='ocr_carea' id='block_1_27' title="bbox 2298 1357 3944 1432">
    <p class='ocr_par' dir='ltr' id='par_1_27' title="bbox 2298 1357 3944 1432">
     <span class='ocr_line' id='line_1_27' title="bbox 2298 1357 3944 1432; baseline 0.001 -20"><span class='ocrx_word' id='word_1_189' title='bbox 2298 1360 2671 1431; x_wconf 69' lang='grc' dir='ltr'><strong>μακροθυμὶαν</strong></span> <span class='ocrx_word' id='word_1_190' title='bbox 2702 1377 3021 1432; x_wconf 88' lang='lat' dir='ltr'><strong>possumus</strong></span> <span class='ocrx_word' id='word_1_191' title='bbox 3051 1360 3445 1431; x_wconf 87' lang='lat' dir='ltr'><strong>interpretari.</strong></span> <span class='ocrx_word' id='word_1_192' title='bbox 3479 1357 3623 1413; x_wconf 87' lang='lat' dir='ltr'><strong>Huic</strong></span> <span class='ocrx_word' id='word_1_193' title='bbox 3653 1359 3944 1414; x_wconf 87' lang='lat' dir='ltr'><strong>contraria</strong></span> 
     </span>
    </p>
   </div>
   <div class='ocr_carea' id='block_1_28' title="bbox 2293 1447 3945 1520">
    <p class='ocr_par' dir='ltr' id='par_1_28' title="bbox 2293 1447 3945 1520">
     <span class='ocr_line' id='line_1_28' title="bbox 2293 1447 3945 1520; baseline 0 -18"><span class='ocrx_word' id='word_1_194' title='bbox 2293 1452 2383 1503; x_wconf 89' lang='lat' dir='ltr'><strong>est</strong></span> <span class='ocrx_word' id='word_1_195' title='bbox 2438 1447 2914 1520; x_wconf 88' lang='lat' dir='ltr'><strong>pusillanimitas,</strong></span> <span class='ocrx_word' id='word_1_196' title='bbox 2971 1449 3042 1504; x_wconf 88' lang='lat' dir='ltr'><strong>de</strong></span> <span class='ocrx_word' id='word_1_197' title='bbox 3091 1466 3207 1520; x_wconf 89' lang='lat' dir='ltr'><strong>qua</strong></span> <span class='ocrx_word' id='word_1_198' title='bbox 3259 1447 3578 1504; x_wconf 89' lang='lat' dir='ltr'><strong>scribitur:</strong></span> <span class='ocrx_word' id='word_1_199' title='bbox 3643 1447 3945 1503; x_wconf 83' lang='lat' dir='ltr'><strong>Pusiltani-</strong></span> 
     </span>
    </p>
   </div>
   <div class='ocr_carea' id='block_1_29' title="bbox 2291 1538 3948 1609">
    <p class='ocr_par' dir='ltr' id='par_1_29' title="bbox 2291 1538 3948 1609">
     <span class='ocr_line' id='line_1_29' title="bbox 2291 1538 3948 1609; baseline 0 -18"><span class='ocrx_word' id='word_1_200' title='bbox 2291 1539 2397 1592; x_wconf 87' lang='lat' dir='ltr'><strong>mis</strong></span> <span class='ocrx_word' id='word_1_201' title='bbox 2426 1538 2769 1594; x_wconf 72' lang='lat' dir='ltr'><strong>vehementer</strong></span> <span class='ocrx_word' id='word_1_202' title='bbox 2795 1540 3066 1609; x_wconf 79' lang='lat' dir='ltr'><strong>insipiens</strong></span> <span class='ocrx_word' id='word_1_203' title='bbox 3092 1539 3114 1572; x_wconf 82' lang='grc'>⁸</span> <span class='ocrx_word' id='word_1_204' title='bbox 3137 1557 3158 1594; x_wconf 93' lang='grc'><strong>.·</strong></span> <span class='ocrx_word' id='word_1_205' title='bbox 3187 1540 3286 1609; x_wconf 88' lang='lat' dir='ltr'><strong>qui</strong></span> <span class='ocrx_word' id='word_1_206' title='bbox 3334 1553 3462 1592; x_wconf 86' lang='lat' dir='ltr'><strong>vero</strong></span> <span class='ocrx_word' id='word_1_207' title='bbox 3485 1538 3703 1608; x_wconf 71' lang='lat' dir='ltr'><strong>patiens</strong></span> <span class='ocrx_word' id='word_1_208' title='bbox 3753 1539 3848 1602; x_wconf 75' lang='lat' dir='ltr'><strong>est,</strong></span> <span class='ocrx_word' id='word_1_209' title='bbox 3894 1539 3948 1591; x_wconf 72' lang='lat' dir='ltr'><strong>et</strong></span> 
     </span>
    </p>
   </div>
   <div class='ocr_carea' id='block_1_30' title="bbox 2292 1625 3948 1698">
    <p class='ocr_par' dir='ltr' id='par_1_30' title="bbox 2292 1625 3948 1698">
     <span class='ocr_line' id='line_1_30' title="bbox 2292 1625 3948 1698; baseline -0.001 -18"><span class='ocrx_word' id='word_1_210' title='bbox 2292 1628 2553 1681; x_wconf 81' lang='lat' dir='ltr'><strong>universa</strong></span> <span class='ocrx_word' id='word_1_211' title='bbox 2592 1630 2889 1693; x_wconf 73' lang='lat' dir='ltr'><strong>sustentat,</strong></span> <span class='ocrx_word' id='word_1_212' title='bbox 2933 1629 3020 1682; x_wconf 79' lang='lat' dir='ltr'><strong>vir</strong></span> <span class='ocrx_word' id='word_1_213' title='bbox 3073 1629 3295 1698; x_wconf 80' lang='lat' dir='ltr'><strong>sapiens</strong></span> <span class='ocrx_word' id='word_1_214' title='bbox 3341 1626 3528 1697; x_wconf 82' lang='lat' dir='ltr'><strong>(Eceti.</strong></span> <span class='ocrx_word' id='word_1_215' title='bbox 3578 1639 3680 1682; x_wconf 80' lang='lat' dir='ltr'><strong>vn.</strong></span> <span class='ocrx_word' id='word_1_216' title='bbox 3729 1625 3806 1695; x_wconf 84' lang='lat'><strong>9).</strong></span> <span class='ocrx_word' id='word_1_217' title='bbox 3878 1625 3948 1680; x_wconf 84' lang='lat' dir='ltr'><strong>Et</strong></span> 
     </span>
    </p>
   </div>
   <div class='ocr_carea' id='block_1_31' title="bbox 2291 1713 3944 1788">
    <p class='ocr_par' dir='ltr' id='par_1_31' title="bbox 2291 1713 3944 1788">
     <span class='ocr_line' id='line_1_31' title="bbox 2291 1713 3944 1788; baseline -0.001 -17"><span class='ocrx_word' id='word_1_218' title='bbox 2291 1732 2419 1771; x_wconf 83' lang='lat' dir='ltr'><strong>cum</strong></span> <span class='ocrx_word' id='word_1_219' title='bbox 2468 1715 2706 1770; x_wconf 76' lang='grc' dir='ltr'><strong>ἐπιτάσει</strong></span> <span class='ocrx_word' id='word_1_220' title='bbox 2763 1717 3004 1772; x_wconf 80' lang='lat' dir='ltr'><strong>multum</strong></span> <span class='ocrx_word' id='word_1_221' title='bbox 3055 1718 3272 1788; x_wconf 82' lang='lat' dir='ltr'><strong>sapiens</strong></span> <span class='ocrx_word' id='word_1_222' title='bbox 3317 1713 3670 1788; x_wconf 83' lang='lat' dir='ltr'><strong>appellatur,</strong></span> <span class='ocrx_word' id='word_1_223' title='bbox 3744 1720 3808 1768; x_wconf 88' lang='lat' dir='ltr'><strong>ut</strong></span> <span class='ocrx_word' id='word_1_224' title='bbox 3884 1714 3944 1770; x_wconf 88' lang='lat' dir='ltr'><strong>in</strong></span> 
     </span>
    </p>
   </div>
   <div class='ocr_carea' id='block_1_32' title="bbox 2294 1804 3941 1878">
    <p class='ocr_par' dir='ltr' id='par_1_32' title="bbox 2294 1804 3941 1878">
     <span class='ocr_line' id='line_1_32' title="bbox 2294 1804 3941 1878; baseline -0.002 -17"><span class='ocrx_word' id='word_1_225' title='bbox 2294 1804 2616 1862; x_wconf 85' lang='lat' dir='ltr'><strong>Proverbiis</strong></span> <span class='ocrx_word' id='word_1_226' title='bbox 2648 1819 2883 1877; x_wconf 87' lang='lat' dir='ltr'><strong>quoque</strong></span> <span class='ocrx_word' id='word_1_227' title='bbox 2929 1805 3219 1878; x_wconf 88' lang='lat' dir='ltr'><strong>scriptum</strong></span> <span class='ocrx_word' id='word_1_228' title='bbox 3272 1810 3362 1860; x_wconf 84' lang='lat' dir='ltr'><strong>est</strong></span> <span class='ocrx_word' id='word_1_229' title='bbox 3417 1805 3788 1874; x_wconf 78' lang='lat' dir='ltr'><strong>Lon-ganimus</strong></span> <span class='ocrx_word' id='word_1_230' title='bbox 3832 1805 3941 1868; x_wconf 71' lang='grc' dir='ltr'><strong>τίν,</strong></span> 
     </span>
    </p>
   </div>
   <div class='ocr_carea' id='block_1_33' title="bbox 543 1888 3943 1998">
    <p class='ocr_par' dir='ltr' id='par_1_33' title="bbox 543 1888 3943 1998">
     <span class='ocr_line' id='line_1_33' title="bbox 543 1888 3943 1998; baseline 0.001 -53"><span class='ocrx_word' id='word_1_231' title='bbox 543 1888 809 1960; x_wconf 84' lang='lat' dir='ltr'><strong>sidentis,</strong></span> <span class='ocrx_word' id='word_1_232' title='bbox 835 1893 898 1945; x_wconf 93' lang='lat' dir='ltr'><strong>ut</strong></span> <span class='ocrx_word' id='word_1_233' title='bbox 919 1891 1161 1963; x_wconf 89' lang='lat' dir='ltr'><strong>spiritus</strong></span> <span class='ocrx_word' id='word_1_234' title='bbox 1184 1894 1284 1964; x_wconf 90' lang='lat' dir='ltr'><strong>qui</strong></span> <span class='ocrx_word' id='word_1_235' title='bbox 1305 1899 1568 1950; x_wconf 85' lang='lat' dir='ltr'><strong>versatur</strong></span> <span class='ocrx_word' id='word_1_236' title='bbox 1589 1895 1645 1950; x_wconf 91' lang='lat' dir='ltr'><strong>in</strong></span> <span class='ocrx_word' id='word_1_237' title='bbox 1671 1896 1926 1963; x_wconf 89' lang='lat' dir='ltr'><strong>homine,</strong></span> <span class='ocrx_word' id='word_1_238' title='bbox 1956 1898 2184 1952; x_wconf 84' lang='lat' dir='ltr'><strong>fructus</strong></span> <span class='ocrx_word' id='word_1_239' title='bbox 2215 1932 2263 1998; x_wconf 78' lang='grc' dir='ltr'>Β</span> <span class='ocrx_word' id='word_1_240' title='bbox 2294 1896 2499 1950; x_wconf 79' lang='lat' dir='ltr'><strong>multus</strong></span> <span class='ocrx_word' id='word_1_241' title='bbox 2557 1898 2614 1950; x_wconf 83' lang='lat' dir='ltr'><strong>in</strong></span> <span class='ocrx_word' id='word_1_242' title='bbox 2666 1895 2966 1967; x_wconf 75' lang='lat' dir='ltr'><strong>prudentia</strong></span> <span class='ocrx_word' id='word_1_243' title='bbox 3024 1896 3208 1965; x_wconf 80' lang='lat' dir='ltr'><strong>(Prov.</strong></span> <span class='ocrx_word' id='word_1_244' title='bbox 3263 1909 3376 1961; x_wconf 68' lang='lat' dir='ltr'><strong>xxv,</strong></span> <span class='ocrx_word' id='word_1_245' title='bbox 3435 1893 3551 1963; x_wconf 82' lang='lat'><strong>29).</strong></span> <span class='ocrx_word' id='word_1_246' title='bbox 3605 1890 3943 1998; x_wconf 73' lang='lat' dir='ltr'><strong>Benignitas</strong></span> 
     </span>
    </p>
   </div>
   <div class='ocr_carea' id='block_1_34' title="bbox 544 1978 2183 2057">
    <p class='ocr_par' dir='ltr' id='par_1_34' title="bbox 544 1978 2183 2057">
     <span class='ocr_line' id='line_1_34' title="bbox 544 1978 2183 2057; baseline 0.004 -24"><span class='ocrx_word' id='word_1_247' title='bbox 544 1995 663 2034; x_wconf 84' lang='lat' dir='ltr'><strong>non</strong></span> <span class='ocrx_word' id='word_1_248' title='bbox 692 1978 905 2053; x_wconf 83' lang='lat' dir='ltr'><strong>habeat</strong></span> <span class='ocrx_word' id='word_1_249' title='bbox 934 1998 1074 2037; x_wconf 86' lang='lat' dir='ltr'><strong>suos</strong></span> <span class='ocrx_word' id='word_1_250' title='bbox 1099 2000 1112 2037; x_wconf 94' lang='lat'><strong>:</strong></span> <span class='ocrx_word' id='word_1_251' title='bbox 1143 1989 1198 2038; x_wconf 89' lang='lat' dir='ltr'><strong>et</strong></span> <span class='ocrx_word' id='word_1_252' title='bbox 1227 1985 1552 2041; x_wconf 89' lang='lat' dir='ltr'><strong>econtrario</strong></span> <span class='ocrx_word' id='word_1_253' title='bbox 1576 2001 1708 2040; x_wconf 87' lang='lat' dir='ltr'><strong>caro</strong></span> <span class='ocrx_word' id='word_1_254' title='bbox 1736 1986 2011 2057; x_wconf 87' lang='lat' dir='ltr'><strong>operibus</strong></span> <span class='ocrx_word' id='word_1_255' title='bbox 2060 1985 2183 2041; x_wconf 90' lang='lat' dir='ltr'><strong>suis</strong></span> 
     </span>
    </p>
   </div>
   <div class='ocr_carea' id='block_1_35' title="bbox 545 2069 2184 2146">
    <p class='ocr_par' dir='ltr' id='par_1_35' title="bbox 545 2069 2184 2146">
     <span class='ocr_line' id='line_1_35' title="bbox 545 2069 2184 2146; baseline 0.005 -25"><span class='ocrx_word' id='word_1_256' title='bbox 545 2069 934 2138; x_wconf 81' lang='lat' dir='ltr'><strong>mortiﬁcatis,</strong></span> <span class='ocrx_word' id='word_1_257' title='bbox 968 2087 1204 2142; x_wconf 87' lang='lat' dir='ltr'><strong>peccare</strong></span> <span class='ocrx_word' id='word_1_258' title='bbox 1227 2072 1488 2128; x_wconf 85' lang='lat' dir='ltr'><strong>desistat.</strong></span> <span class='ocrx_word' id='word_1_259' title='bbox 1510 2074 1634 2128; x_wconf 92' lang='lat' dir='ltr'><strong>Non</strong></span> <span class='ocrx_word' id='word_1_260' title='bbox 1655 2078 1849 2129; x_wconf 82' lang='lat' dir='ltr'><strong>tamen</strong></span> <span class='ocrx_word' id='word_1_261' title='bbox 1873 2074 1972 2132; x_wconf 90' lang='lat' dir='ltr'><strong>illo</strong></span> <span class='ocrx_word' id='word_1_262' title='bbox 1998 2092 2184 2146; x_wconf 89' lang='lat' dir='ltr'><strong>usque</strong></span> 
     </span>
    </p>
   </div>
   <div class='ocr_carea' id='block_1_36' title="bbox 543 2158 2185 2236">
    <p class='ocr_par' dir='ltr' id='par_1_36' title="bbox 543 2158 2185 2236">
     <span class='ocr_line' id='line_1_36' title="bbox 543 2158 2185 2236; baseline 0.006 -26"><span class='ocrx_word' id='word_1_263' title='bbox 543 2158 888 2228; x_wconf 72' lang='lat' dir='ltr'><strong>procedunt,</strong></span> <span class='ocrx_word' id='word_1_264' title='bbox 939 2163 1004 2215; x_wconf 90' lang='lat' dir='ltr'><strong>ut</strong></span> <span class='ocrx_word' id='word_1_265' title='bbox 1048 2165 1106 2215; x_wconf 87' lang='lat' dir='ltr'><strong>et</strong></span> <span class='ocrx_word' id='word_1_266' title='bbox 1157 2161 1418 2233; x_wconf 80' lang='lat' dir='ltr'><strong>neglecta</strong></span> <span class='ocrx_word' id='word_1_267' title='bbox 1471 2163 1644 2218; x_wconf 85' lang='lat' dir='ltr'><strong>arbor</strong></span> <span class='ocrx_word' id='word_1_268' title='bbox 1693 2163 1955 2235; x_wconf 88' lang='lat' dir='ltr'><strong>spiritus,</strong></span> <span class='ocrx_word' id='word_1_269' title='bbox 2013 2180 2185 2236; x_wconf 86' lang='lat' dir='ltr'><strong>Opera</strong></span> 
     </span>
    </p>
   </div>
   <div class='ocr_carea' id='block_1_37' title="bbox 545 2245 2183 2326">
    <p class='ocr_par' dir='ltr' id='par_1_37' title="bbox 545 2245 2183 2326">
     <span class='ocr_line' id='line_1_37' title="bbox 545 2245 2183 2326; baseline 0.005 -26"><span class='ocrx_word' id='word_1_270' title='bbox 545 2245 738 2302; x_wconf 86' lang='lat' dir='ltr'><strong>carnis</strong></span> <span class='ocrx_word' id='word_1_271' title='bbox 769 2247 994 2319; x_wconf 76' lang='lat' dir='ltr'><strong>afferat,</strong></span> <span class='ocrx_word' id='word_1_272' title='bbox 1015 2253 1070 2305; x_wconf 80' lang='lat' dir='ltr'><strong>et</strong></span> <span class='ocrx_word' id='word_1_273' title='bbox 1091 2251 1264 2306; x_wconf 89' lang='lat' dir='ltr'><strong>arbor</strong></span> <span class='ocrx_word' id='word_1_274' title='bbox 1293 2252 1486 2308; x_wconf 88' lang='lat' dir='ltr'><strong>carnis</strong></span> <span class='ocrx_word' id='word_1_275' title='bbox 1519 2252 1766 2322; x_wconf 80' lang='lat' dir='ltr'><strong>exculta,</strong></span> <span class='ocrx_word' id='word_1_276' title='bbox 1799 2255 2025 2309; x_wconf 82' lang='lat' dir='ltr'><strong>fructus</strong></span> <span class='ocrx_word' id='word_1_277' title='bbox 2055 2270 2183 2326; x_wconf 88' lang='lat' dir='ltr'><strong>ger-</strong></span> 
     </span>
    </p>
   </div>
   <div class='ocr_carea' id='block_1_38' title="bbox 543 2333 2182 2414">
    <p class='ocr_par' dir='ltr' id='par_1_38' title="bbox 543 2333 2182 2414">
     <span class='ocr_line' id='line_1_38' title="bbox 543 2333 2182 2414; baseline 0.004 -24"><span class='ocrx_word' id='word_1_278' title='bbox 543 2333 730 2390; x_wconf 86' lang='lat' dir='ltr'><strong>minet</strong></span> <span class='ocrx_word' id='word_1_279' title='bbox 780 2335 1133 2408; x_wconf 83' lang='lat' dir='ltr'><strong>spirituales.</strong></span> <span class='ocrx_word' id='word_1_280' title='bbox 1191 2340 1256 2395; x_wconf 86' lang='lat' dir='ltr'><strong>In</strong></span> <span class='ocrx_word' id='word_1_281' title='bbox 1300 2341 1556 2396; x_wconf 89' lang='lat' dir='ltr'><strong>secundo</strong></span> <span class='ocrx_word' id='word_1_282' title='bbox 1609 2341 2004 2414; x_wconf 90' lang='lat' dir='ltr'><strong>spiritualium</strong></span> <span class='ocrx_word' id='word_1_283' title='bbox 2063 2343 2182 2397; x_wconf 88' lang='lat' dir='ltr'><strong>fru-</strong></span> 
     </span>
    </p>
   </div>
   <div class='ocr_carea' id='block_1_39' title="bbox 542 2425 2182 2502">
    <p class='ocr_par' dir='ltr' id='par_1_39' title="bbox 542 2425 2182 2502">
     <span class='ocr_line' id='line_1_39' title="bbox 542 2425 2182 2502; baseline 0.006 -26"><span class='ocrx_word' id='word_1_284' title='bbox 542 2425 743 2478; x_wconf 84' lang='lat' dir='ltr'><strong>ctuum</strong></span> <span class='ocrx_word' id='word_1_285' title='bbox 767 2425 890 2481; x_wconf 93' lang='lat' dir='ltr'><strong>loco</strong></span> <span class='ocrx_word' id='word_1_286' title='bbox 921 2427 1201 2498; x_wconf 76' lang='lat' dir='ltr'><strong>gaudium</strong></span> <span class='ocrx_word' id='word_1_287' title='bbox 1235 2431 1489 2501; x_wconf 87' lang='lat' dir='ltr'><strong>positum</strong></span> <span class='ocrx_word' id='word_1_288' title='bbox 1513 2436 1634 2486; x_wconf 88' lang='lat' dir='ltr'><strong>est:</strong></span> <span class='ocrx_word' id='word_1_289' title='bbox 1659 2432 1812 2502; x_wconf 90' lang='lat' dir='ltr'><strong>quod</strong></span> <span class='ocrx_word' id='word_1_290' title='bbox 1837 2432 2013 2487; x_wconf 89' lang='lat' dir='ltr'><strong>Stoici</strong></span> <span class='ocrx_word' id='word_1_291' title='bbox 2040 2449 2182 2502; x_wconf 88' lang='lat' dir='ltr'><strong>quo-</strong></span> 
     </span>
    </p>
   </div>
   <div class='ocr_carea' id='block_1_40' title="bbox 547 2514 2183 2589">
    <p class='ocr_par' dir='ltr' id='par_1_40' title="bbox 547 2514 2183 2589">
     <span class='ocr_line' id='line_1_40' title="bbox 547 2514 2183 2589; baseline 0.006 -23"><span class='ocrx_word' id='word_1_292' title='bbox 547 2527 660 2583; x_wconf 83' lang='lat' dir='ltr'><strong>que</strong></span> <span class='ocrx_word' id='word_1_293' title='bbox 708 2514 804 2585; x_wconf 92' lang='lat' dir='ltr'><strong>qui</strong></span> <span class='ocrx_word' id='word_1_294' title='bbox 839 2515 1213 2589; x_wconf 86' lang='lat' dir='ltr'><strong>distinguunt</strong></span> <span class='ocrx_word' id='word_1_295' title='bbox 1270 2519 1422 2574; x_wconf 90' lang='lat' dir='ltr'><strong>inter</strong></span> <span class='ocrx_word' id='word_1_296' title='bbox 1475 2521 1649 2576; x_wconf 85' lang='lat' dir='ltr'><strong>verba</strong></span> <span class='ocrx_word' id='word_1_297' title='bbox 1689 2521 1987 2587; x_wconf 89' lang='lat' dir='ltr'><strong>subtilius,</strong></span> <span class='ocrx_word' id='word_1_298' title='bbox 2022 2521 2183 2576; x_wconf 87' lang='lat' dir='ltr'><strong>aliud</strong></span> 
     </span>
    </p>
   </div>
   <div class='ocr_carea' id='block_1_41' title="bbox 541 2601 2181 2679">
    <p class='ocr_par' dir='ltr' id='par_1_41' title="bbox 541 2601 2181 2679">
     <span class='ocr_line' id='line_1_41' title="bbox 541 2601 2181 2679; baseline 0.005 -23"><span class='ocrx_word' id='word_1_299' title='bbox 541 2601 688 2672; x_wconf 80' lang='lat' dir='ltr'><strong>quid.</strong></span> <span class='ocrx_word' id='word_1_300' title='bbox 739 2619 873 2659; x_wconf 85' lang='lat' dir='ltr'><strong>esse</strong></span> <span class='ocrx_word' id='word_1_301' title='bbox 925 2606 1222 2662; x_wconf 63' lang='lat' dir='ltr'><strong>estimant</strong></span> <span class='ocrx_word' id='word_1_302' title='bbox 1275 2625 1452 2679; x_wconf 87' lang='lat' dir='ltr'><strong>quam</strong></span> <span class='ocrx_word' id='word_1_303' title='bbox 1507 2609 1768 2664; x_wconf 69' lang='lat' dir='ltr'><strong>Iustitiam</strong></span> <span class='ocrx_word' id='word_1_304' title='bbox 1803 2612 1838 2664; x_wconf 78' lang='grc' dir='ltr'><strong>ί.</strong></span> <span class='ocrx_word' id='word_1_305' title='bbox 1891 2610 2181 2665; x_wconf 85' lang='lat' dir='ltr'><strong>Gaudium</strong></span> 
     </span>
    </p>
   </div>
   <div class='ocr_carea' id='block_1_42' title="bbox 541 2691 2178 2773">
    <p class='ocr_par' dir='ltr' id='par_1_42' title="bbox 541 2691 2178 2773">
     <span class='ocr_line' id='line_1_42' title="bbox 541 2691 2178 2773; baseline 0.006 -28"><span class='ocrx_word' id='word_1_306' title='bbox 541 2691 775 2764; x_wconf 85' lang='lat' dir='ltr'><strong>quippe,</strong></span> <span class='ocrx_word' id='word_1_307' title='bbox 807 2709 937 2750; x_wconf 86' lang='lat' dir='ltr'><strong>esse</strong></span> <span class='ocrx_word' id='word_1_308' title='bbox 968 2695 1136 2750; x_wconf 82' lang='lat' dir='ltr'><strong>aiunt</strong></span> <span class='ocrx_word' id='word_1_309' title='bbox 1163 2695 1470 2752; x_wconf 80' lang='lat' dir='ltr'><strong>elationem</strong></span> <span class='ocrx_word' id='word_1_310' title='bbox 1503 2699 1686 2754; x_wconf 88' lang='lat' dir='ltr'><strong>animi</strong></span> <span class='ocrx_word' id='word_1_311' title='bbox 1713 2717 1890 2772; x_wconf 85' lang='lat' dir='ltr'><strong>super</strong></span> <span class='ocrx_word' id='word_1_312' title='bbox 1919 2700 2012 2755; x_wconf 89' lang='lat' dir='ltr'><strong>his</strong></span> <span class='ocrx_word' id='word_1_313' title='bbox 2051 2717 2178 2773; x_wconf 65' lang='lat' dir='ltr'><strong>quae</strong></span> 
     </span>
    </p>
   </div>
   <div class='ocr_carea' id='block_1_43' title="bbox 540 2779 2173 2852">
    <p class='ocr_par' dir='ltr' id='par_1_43' title="bbox 540 2779 2173 2852">
     <span class='ocr_line' id='line_1_43' title="bbox 540 2779 2173 2852; baseline 0.007 -18"><span class='ocrx_word' id='word_1_314' title='bbox 540 2779 720 2852; x_wconf 73' lang='lat' dir='ltr'><strong>digna</strong></span> <span class='ocrx_word' id='word_1_315' title='bbox 747 2788 888 2838; x_wconf 86' lang='lat' dir='ltr'><strong>sunt</strong></span> <span class='ocrx_word' id='word_1_316' title='bbox 929 2784 1280 2842; x_wconf 84' lang='lat' dir='ltr'><strong>exultantis:</strong></span> <span class='ocrx_word' id='word_1_317' title='bbox 1343 2786 1604 2844; x_wconf 59' lang='lat' dir='ltr'><strong>laetitiam</strong></span> <span class='ocrx_word' id='word_1_318' title='bbox 1656 2805 1788 2844; x_wconf 89' lang='lat' dir='ltr'><strong>vero</strong></span> <span class='ocrx_word' id='word_1_319' title='bbox 1837 2789 2173 2844; x_wconf 78' lang='lat' dir='ltr'><strong>ell‘renatam</strong></span> 
     </span>
    </p>
   </div>
   <div class='ocr_carea' id='block_1_44' title="bbox 539 2868 2174 2948">
    <p class='ocr_par' dir='ltr' id='par_1_44' title="bbox 539 2868 2174 2948">
     <span class='ocr_line' id='line_1_44' title="bbox 539 2868 2174 2948; baseline 0.004 -22"><span class='ocrx_word' id='word_1_320' title='bbox 539 2868 728 2926; x_wconf 80' lang='lat' dir='ltr'><strong>animi.</strong></span> <span class='ocrx_word' id='word_1_321' title='bbox 751 2871 1084 2943; x_wconf 83' lang='lat' dir='ltr'><strong>elationem,</strong></span> <span class='ocrx_word' id='word_1_322' title='bbox 1107 2877 1254 2932; x_wconf 73' lang='lat' dir='ltr'><strong>Ml</strong></span> <span class='ocrx_word' id='word_1_323' title='bbox 1294 2894 1420 2948; x_wconf 65' lang='lat' dir='ltr'><strong>qua</strong></span> <span class='ocrx_word' id='word_1_324' title='bbox 1452 2878 1695 2933; x_wconf 89' lang='lat' dir='ltr'><strong>modum</strong></span> <span class='ocrx_word' id='word_1_325' title='bbox 1728 2879 1970 2946; x_wconf 88' lang='lat' dir='ltr'><strong>nesciat,</strong></span> <span class='ocrx_word' id='word_1_326' title='bbox 2014 2884 2070 2934; x_wconf 91' lang='lat' dir='ltr'><strong>et</strong></span> <span class='ocrx_word' id='word_1_327' title='bbox 2116 2879 2174 2933; x_wconf 91' lang='lat' dir='ltr'><strong>in</strong></span> 
     </span>
    </p>
   </div>
   <div class='ocr_carea' id='block_1_45' title="bbox 539 2956 2178 3034">
    <p class='ocr_par' dir='ltr' id='par_1_45' title="bbox 539 2956 2178 3034">
     <span class='ocr_line' id='line_1_45' title="bbox 539 2956 2178 3034; baseline 0.006 -21"><span class='ocrx_word' id='word_1_328' title='bbox 539 2956 634 3013; x_wconf 87' lang='lat' dir='ltr'><strong>bis</strong></span> <span class='ocrx_word' id='word_1_329' title='bbox 663 2975 896 3032; x_wconf 82' lang='lat' dir='ltr'><strong>queque</strong></span> <span class='ocrx_word' id='word_1_330' title='bbox 927 2979 1054 3034; x_wconf 72' lang='lat' dir='ltr'><strong>quin</strong></span> <span class='ocrx_word' id='word_1_331' title='bbox 1084 2964 1224 3019; x_wconf 89' lang='lat' dir='ltr'><strong>vitio</strong></span> <span class='ocrx_word' id='word_1_332' title='bbox 1277 2965 1396 3020; x_wconf 92' lang='lat' dir='ltr'><strong>sint</strong></span> <span class='ocrx_word' id='word_1_333' title='bbox 1451 2967 1648 3030; x_wconf 87' lang='lat' dir='ltr'><strong>mista,</strong></span> <span class='ocrx_word' id='word_1_334' title='bbox 1709 2967 1954 3022; x_wconf 81' lang='lat' dir='ltr'><strong>laetatur.</strong></span> <span class='ocrx_word' id='word_1_335' title='bbox 2005 2967 2116 3023; x_wconf 88' lang='lat' dir='ltr'><strong>Alii</strong></span> <span class='ocrx_word' id='word_1_336' title='bbox 2147 2985 2178 3023; x_wconf 91' lang='lat' dir='ltr'><strong>e</strong></span> 
     </span>
    </p>
   </div>
   <div class='ocr_carea' id='block_1_46' title="bbox 540 3047 2176 3128">
    <p class='ocr_par' dir='ltr' id='par_1_46' title="bbox 540 3047 2176 3128">
     <span class='ocr_line' id='line_1_46' title="bbox 540 3047 2176 3128; baseline 0.006 -26"><span class='ocrx_word' id='word_1_337' title='bbox 540 3047 775 3119; x_wconf 80' lang='lat' dir='ltr'><strong>regione</strong></span> <span class='ocrx_word' id='word_1_338' title='bbox 803 3051 1000 3122; x_wconf 87' lang='lat' dir='ltr'><strong>gaudii</strong></span> <span class='ocrx_word' id='word_1_339' title='bbox 1031 3051 1392 3124; x_wconf 84' lang='lat' dir='ltr'><strong>voluptatem</strong></span> <span class='ocrx_word' id='word_1_340' title='bbox 1423 3060 1683 3125; x_wconf 90' lang='lat' dir='ltr'><strong>ponunt:</strong></span> <span class='ocrx_word' id='word_1_341' title='bbox 1719 3073 1834 3111; x_wconf 89' lang='lat' dir='ltr'><strong>non</strong></span> <span class='ocrx_word' id='word_1_342' title='bbox 1866 3056 2018 3111; x_wconf 89' lang='lat' dir='ltr'><strong>hanc</strong></span> <span class='ocrx_word' id='word_1_343' title='bbox 2049 3073 2176 3128; x_wconf 73' lang='lat' dir='ltr'><strong>quae</strong></span> 
     </span>
    </p>
   </div>
   <div class='ocr_carea' id='block_1_47' title="bbox 540 3139 2179 3215">
    <p class='ocr_par' dir='ltr' id='par_1_47' title="bbox 540 3139 2179 3215">
     <span class='ocr_line' id='line_1_47' title="bbox 540 3139 2179 3215; baseline 0.006 -24"><span class='ocrx_word' id='word_1_344' title='bbox 540 3152 755 3208; x_wconf 88' lang='lat' dir='ltr'><strong>corpus</strong></span> <span class='ocrx_word' id='word_1_345' title='bbox 787 3139 857 3193; x_wconf 87' lang='lat' dir='ltr'><strong>ad</strong></span> <span class='ocrx_word' id='word_1_346' title='bbox 886 3139 1194 3198; x_wconf 89' lang='lat' dir='ltr'><strong>libidinem</strong></span> <span class='ocrx_word' id='word_1_347' title='bbox 1225 3143 1496 3215; x_wconf 85' lang='lat' dir='ltr'><strong>concitat,</strong></span> <span class='ocrx_word' id='word_1_348' title='bbox 1531 3144 1729 3199; x_wconf 87' lang='lat' dir='ltr'><strong>titillat</strong></span> <span class='ocrx_word' id='word_1_349' title='bbox 1759 3162 1992 3212; x_wconf 87' lang='lat' dir='ltr'><strong>sensus,</strong></span> <span class='ocrx_word' id='word_1_350' title='bbox 2027 3145 2179 3201; x_wconf 90' lang='lat' dir='ltr'><strong>dulci</strong></span> 
     </span>
    </p>
   </div>
   <div class='ocr_carea' id='block_1_48' title="bbox 541 3224 2183 3307">
    <p class='ocr_par' dir='ltr' id='par_1_48' title="bbox 541 3224 2183 3307">
     <span class='ocr_line' id='line_1_48' title="bbox 541 3224 2183 3307; baseline 0.007 -28"><span class='ocrx_word' id='word_1_351' title='bbox 541 3224 842 3282; x_wconf 84' lang='lat' dir='ltr'><strong>blanditur</strong></span> <span class='ocrx_word' id='word_1_352' title='bbox 870 3229 1076 3284; x_wconf 74' lang='lat' dir='ltr'><strong>affectu</strong></span> <span class='ocrx_word' id='word_1_353' title='bbox 1103 3249 1116 3299; x_wconf 90' lang='lat'><strong>;</strong></span> <span class='ocrx_word' id='word_1_354' title='bbox 1153 3231 1252 3286; x_wconf 87' lang='lat' dir='ltr'><strong>sed</strong></span> <span class='ocrx_word' id='word_1_355' title='bbox 1285 3231 1466 3288; x_wconf 90' lang='lat' dir='ltr'><strong>alium</strong></span> <span class='ocrx_word' id='word_1_356' title='bbox 1499 3232 1636 3288; x_wconf 83' lang='lat' dir='ltr'><strong>huic</strong></span> <span class='ocrx_word' id='word_1_357' title='bbox 1686 3233 2006 3305; x_wconf 77' lang='grc' dir='ltr'><strong>ὁμώνυμον,</strong></span> <span class='ocrx_word' id='word_1_358' title='bbox 2055 3252 2183 3307; x_wconf 83' lang='lat' dir='ltr'><strong>quas</strong></span> 
     </span>
    </p>
   </div>
   <div class='ocr_carea' id='block_1_49' title="bbox 2292 1979 3942 2055">
    <p class='ocr_par' dir='ltr' id='par_1_49' title="bbox 2292 1979 3942 2055">
     <span class='ocr_line' id='line_1_49' title="bbox 2292 1979 3942 2055; baseline 0.001 -16"><span class='ocrx_word' id='word_1_359' title='bbox 2292 1985 2469 2039; x_wconf 84' lang='lat' dir='ltr'><strong>etiam</strong></span> <span class='ocrx_word' id='word_1_360' title='bbox 2506 1985 2627 2040; x_wconf 88' lang='lat' dir='ltr'><strong>sive</strong></span> <span class='ocrx_word' id='word_1_361' title='bbox 2657 1985 2934 2050; x_wconf 87' lang='lat' dir='ltr'><strong>suavitas,</strong></span> <span class='ocrx_word' id='word_1_362' title='bbox 2980 1985 3119 2054; x_wconf 87' lang='lat' dir='ltr'><strong>quia</strong></span> <span class='ocrx_word' id='word_1_363' title='bbox 3161 1983 3317 2055; x_wconf 88' lang='lat' dir='ltr'><strong>apud</strong></span> <span class='ocrx_word' id='word_1_364' title='bbox 3365 1982 3594 2038; x_wconf 58' lang='lat' dir='ltr'><strong>Graecos</strong></span> <span class='ocrx_word' id='word_1_365' title='bbox 3631 1979 3942 2054; x_wconf 72' lang='grc' dir='ltr'><strong>χρηστότης</strong></span> 
     </span>
    </p>
   </div>
   <div class='ocr_carea' id='block_1_50' title="bbox 2296 2069 3942 2144">
    <p class='ocr_par' dir='ltr' id='par_1_50' title="bbox 2296 2069 3942 2144">
     <span class='ocr_line' id='line_1_50' title="bbox 2296 2069 3942 2144; baseline -0.003 -16"><span class='ocrx_word' id='word_1_366' title='bbox 2296 2078 2609 2144; x_wconf 88' lang='lat' dir='ltr'><strong>utrumque</strong></span> <span class='ocrx_word' id='word_1_367' title='bbox 2641 2079 2830 2140; x_wconf 91' lang='lat' dir='ltr'><strong>sonat,</strong></span> <span class='ocrx_word' id='word_1_368' title='bbox 2865 2075 3051 2128; x_wconf 88' lang='lat' dir='ltr'><strong>virtus</strong></span> <span class='ocrx_word' id='word_1_369' title='bbox 3081 2076 3170 2128; x_wconf 88' lang='lat' dir='ltr'><strong>est</strong></span> <span class='ocrx_word' id='word_1_370' title='bbox 3199 2070 3370 2137; x_wconf 88' lang='lat' dir='ltr'><strong>lenis,</strong></span> <span class='ocrx_word' id='word_1_371' title='bbox 3393 2069 3628 2138; x_wconf 79' lang='lat' dir='ltr'><strong>blanda,</strong></span> <span class='ocrx_word' id='word_1_372' title='bbox 3658 2069 3942 2140; x_wconf 84' lang='lat' dir='ltr'><strong>tranquil-</strong></span> 
     </span>
    </p>
   </div>
   <div class='ocr_carea' id='block_1_51' title="bbox 2293 2158 3942 2233">
    <p class='ocr_par' dir='ltr' id='par_1_51' title="bbox 2293 2158 3942 2233">
     <span class='ocr_line' id='line_1_51' title="bbox 2293 2158 3942 2233; baseline -0.002 -15"><span class='ocrx_word' id='word_1_373' title='bbox 2293 2163 2368 2229; x_wconf 90' lang='lat' dir='ltr'><strong>la,</strong></span> <span class='ocrx_word' id='word_1_374' title='bbox 2403 2168 2457 2218; x_wconf 89' lang='lat' dir='ltr'><strong>et</strong></span> <span class='ocrx_word' id='word_1_375' title='bbox 2488 2163 2753 2217; x_wconf 90' lang='lat' dir='ltr'><strong>omnium</strong></span> <span class='ocrx_word' id='word_1_376' title='bbox 2807 2163 3093 2217; x_wconf 88' lang='lat' dir='ltr'><strong>bonorum</strong></span> <span class='ocrx_word' id='word_1_377' title='bbox 3143 2166 3280 2233; x_wconf 86' lang='lat' dir='ltr'><strong>apta</strong></span> <span class='ocrx_word' id='word_1_378' title='bbox 3321 2159 3636 2226; x_wconf 80' lang='lat' dir='ltr'><strong>consortio,</strong></span> <span class='ocrx_word' id='word_1_379' title='bbox 3687 2158 3942 2214; x_wconf 86' lang='lat' dir='ltr'><strong>invitans</strong></span> 
     </span>
    </p>
   </div>
   <div class='ocr_carea' id='block_1_52' title="bbox 2292 2247 3943 2320">
    <p class='ocr_par' dir='ltr' id='par_1_52' title="bbox 2292 2247 3943 2320">
     <span class='ocr_line' id='line_1_52' title="bbox 2292 2247 3943 2320; baseline -0.004 -12"><span class='ocrx_word' id='word_1_380' title='bbox 2292 2253 2362 2308; x_wconf 92' lang='lat' dir='ltr'><strong>ad</strong></span> <span class='ocrx_word' id='word_1_381' title='bbox 2423 2252 2883 2307; x_wconf 78' lang='lat' dir='ltr'><strong>familiaritatem</strong></span> <span class='ocrx_word' id='word_1_382' title='bbox 2937 2251 3053 2318; x_wconf 92' lang='lat' dir='ltr'><strong>sui,</strong></span> <span class='ocrx_word' id='word_1_383' title='bbox 3105 2249 3294 2305; x_wconf 87' lang='lat' dir='ltr'><strong>dulcis</strong></span> <span class='ocrx_word' id='word_1_384' title='bbox 3345 2248 3625 2320; x_wconf 86' lang='lat' dir='ltr'><strong>alloquio,</strong></span> <span class='ocrx_word' id='word_1_385' title='bbox 3679 2247 3943 2302; x_wconf 76' lang='lat' dir='ltr'><strong>moribus</strong></span> 
     </span>
    </p>
   </div>
   <div class='ocr_carea' id='block_1_53' title="bbox 2292 2327 3939 2412">
    <p class='ocr_par' dir='ltr' id='par_1_53' title="bbox 2292 2327 3939 2412">
     <span class='ocr_line' id='line_1_53' title="bbox 2292 2327 3939 2412; baseline -0.003 -16"><span class='ocrx_word' id='word_1_386' title='bbox 2292 2346 2633 2412; x_wconf 82' lang='lat' dir='ltr'><strong>temperata.</strong></span> <span class='ocrx_word' id='word_1_387' title='bbox 2666 2327 3012 2412; x_wconf 70' lang='lat' dir='ltr'><strong>Denique&#39;et</strong></span> <span class='ocrx_word' id='word_1_388' title='bbox 3061 2339 3212 2394; x_wconf 86' lang='lat' dir='ltr'><strong>hanc</strong></span> <span class='ocrx_word' id='word_1_389' title='bbox 3259 2338 3435 2394; x_wconf 88' lang='lat' dir='ltr'><strong>Stoici</strong></span> <span class='ocrx_word' id='word_1_390' title='bbox 3487 2337 3568 2393; x_wconf 85' lang='lat' dir='ltr'><strong>ita</strong></span> <span class='ocrx_word' id='word_1_391' title='bbox 3617 2336 3939 2391; x_wconf 81' lang='lat' dir='ltr'><strong>deﬁniunt:</strong></span> 
     </span>
    </p>
   </div>
   <div class='ocr_carea' id='block_1_54' title="bbox 2293 2425 3933 2500">
    <p class='ocr_par' dir='ltr' id='par_1_54' title="bbox 2293 2425 3933 2500">
     <span class='ocr_line' id='line_1_54' title="bbox 2293 2425 3933 2500; baseline -0.004 -14"><span class='ocrx_word' id='word_1_392' title='bbox 2293 2431 2634 2499; x_wconf 82' lang='lat' dir='ltr'><strong>Benignitas</strong></span> <span class='ocrx_word' id='word_1_393' title='bbox 2673 2436 2766 2486; x_wconf 88' lang='lat' dir='ltr'><strong>est</strong></span> <span class='ocrx_word' id='word_1_394' title='bbox 2797 2431 2977 2485; x_wconf 85' lang='lat' dir='ltr'><strong>virtus</strong></span> <span class='ocrx_word' id='word_1_395' title='bbox 3029 2434 3234 2500; x_wconf 85' lang='lat' dir='ltr'><strong>sponte</strong></span> <span class='ocrx_word' id='word_1_396' title='bbox 3293 2429 3362 2482; x_wconf 92' lang='lat' dir='ltr'><strong>ad</strong></span> <span class='ocrx_word' id='word_1_397' title='bbox 3405 2428 3552 2482; x_wconf 83' lang='lat' dir='ltr'><strong>bene</strong></span> <span class='ocrx_word' id='word_1_398' title='bbox 3600 2425 3933 2481; x_wconf 79' lang='lat' dir='ltr'><strong>faciendum</strong></span> 
     </span>
    </p>
   </div>
   <div class='ocr_carea' id='block_1_55' title="bbox 2292 2515 3944 2592">
    <p class='ocr_par' dir='ltr' id='par_1_55' title="bbox 2292 2515 3944 2592">
     <span class='ocr_line' id='line_1_55' title="bbox 2292 2515 3944 2592; baseline -0.006 -14"><span class='ocrx_word' id='word_1_399' title='bbox 2292 2521 2452 2578; x_wconf 70' lang='lat'><strong>512</strong></span> <span class='ocrx_word' id='word_1_400' title='bbox 2479 2521 2760 2592; x_wconf 81' lang='lat' dir='ltr'><strong>exposita.</strong></span> <span class='ocrx_word' id='word_1_401' title='bbox 2796 2520 2920 2575; x_wconf 82' lang='lat' dir='ltr'><strong>Non</strong></span> <span class='ocrx_word' id='word_1_402' title='bbox 2954 2518 3209 2574; x_wconf 82' lang='lat' dir='ltr'><strong>multum</strong></span> <span class='ocrx_word' id='word_1_403' title='bbox 3256 2516 3487 2572; x_wconf 85' lang='lat' dir='ltr'><strong>bonitas</strong></span> <span class='ocrx_word' id='word_1_404' title='bbox 3518 2533 3552 2571; x_wconf 88' lang='lat' dir='ltr'><strong>a</strong></span> <span class='ocrx_word' id='word_1_405' title='bbox 3580 2515 3944 2587; x_wconf 80' lang='lat' dir='ltr'><strong>benignitate</strong></span> 
     </span>
    </p>
   </div>
   <div class='ocr_carea' id='block_1_56' title="bbox 2293 2604 3937 2681">
    <p class='ocr_par' dir='ltr' id='par_1_56' title="bbox 2293 2604 3937 2681">
     <span class='ocr_line' id='line_1_56' title="bbox 2293 2604 3937 2681; baseline -0.004 -17"><span class='ocrx_word' id='word_1_406' title='bbox 2293 2610 2520 2664; x_wconf 82' lang='lat' dir='ltr'><strong>diversa</strong></span> <span class='ocrx_word' id='word_1_407' title='bbox 2558 2614 2687 2665; x_wconf 87' lang='lat' dir='ltr'><strong>est:</strong></span> <span class='ocrx_word' id='word_1_408' title='bbox 2751 2609 2890 2681; x_wconf 90' lang='lat' dir='ltr'><strong>quia</strong></span> <span class='ocrx_word' id='word_1_409' title='bbox 2947 2614 3004 2664; x_wconf 88' lang='lat' dir='ltr'><strong>et</strong></span> <span class='ocrx_word' id='word_1_410' title='bbox 3065 2607 3194 2679; x_wconf 88' lang='lat' dir='ltr'><strong>ipsa</strong></span> <span class='ocrx_word' id='word_1_411' title='bbox 3254 2608 3327 2662; x_wconf 88' lang='lat' dir='ltr'><strong>ad</strong></span> <span class='ocrx_word' id='word_1_412' title='bbox 3387 2605 3720 2661; x_wconf 80' lang='lat' dir='ltr'><strong>faciendum</strong></span> <span class='ocrx_word' id='word_1_413' title='bbox 3779 2604 3937 2658; x_wconf 85' lang='lat' dir='ltr'><strong>vide-</strong></span> 
     </span>
    </p>
   </div>
   <div class='ocr_carea' id='block_1_57' title="bbox 2291 2694 3937 2769">
    <p class='ocr_par' dir='ltr' id='par_1_57' title="bbox 2291 2694 3937 2769">
     <span class='ocr_line' id='line_1_57' title="bbox 2291 2694 3937 2769; baseline -0.003 -16"><span class='ocrx_word' id='word_1_414' title='bbox 2291 2703 2390 2754; x_wconf 82' lang='lat' dir='ltr'><strong>tur</strong></span> <span class='ocrx_word' id='word_1_415' title='bbox 2417 2700 2696 2769; x_wconf 86' lang='lat' dir='ltr'><strong>exposita.</strong></span> <span class='ocrx_word' id='word_1_416' title='bbox 2732 2700 2841 2754; x_wconf 90' lang='lat' dir='ltr'><strong>Sed</strong></span> <span class='ocrx_word' id='word_1_417' title='bbox 2875 2697 2934 2753; x_wconf 90' lang='lat' dir='ltr'><strong>in</strong></span> <span class='ocrx_word' id='word_1_418' title='bbox 2966 2713 3034 2754; x_wconf 92' lang='lat' dir='ltr'><strong>eo</strong></span> <span class='ocrx_word' id='word_1_419' title='bbox 3073 2695 3458 2768; x_wconf 85' lang='lat' dir='ltr'><strong>dill&#39;ert,.quia</strong></span> <span class='ocrx_word' id='word_1_420' title='bbox 3481 2699 3674 2767; x_wconf 86' lang='lat' dir='ltr'><strong>potest</strong></span> <span class='ocrx_word' id='word_1_421' title='bbox 3703 2694 3937 2749; x_wconf 85' lang='lat' dir='ltr'><strong>bonitas</strong></span> 
     </span>
    </p>
   </div>
   <div class='ocr_carea' id='block_1_58' title="bbox 2291 2783 3936 2855">
    <p class='ocr_par' dir='ltr' id='par_1_58' title="bbox 2291 2783 3936 2855">
     <span class='ocr_line' id='line_1_58' title="bbox 2291 2783 3936 2855; baseline -0.004 -12"><span class='ocrx_word' id='word_1_422' title='bbox 2291 2805 2420 2844; x_wconf 88' lang='lat' dir='ltr'><strong>esse</strong></span> <span class='ocrx_word' id='word_1_423' title='bbox 2450 2789 2692 2855; x_wconf 88' lang='lat' dir='ltr'><strong>tristior,</strong></span> <span class='ocrx_word' id='word_1_424' title='bbox 2729 2793 2784 2842; x_wconf 91' lang='lat' dir='ltr'><strong>ct</strong></span> <span class='ocrx_word' id='word_1_425' title='bbox 2842 2787 3028 2843; x_wconf 84' lang='lat' dir='ltr'><strong>fronte</strong></span> <span class='ocrx_word' id='word_1_426' title='bbox 3077 2785 3296 2842; x_wconf 88' lang='lat' dir='ltr'><strong>severis</strong></span> <span class='ocrx_word' id='word_1_427' title='bbox 3339 2785 3604 2841; x_wconf 87' lang='lat' dir='ltr'><strong>moribus</strong></span> <span class='ocrx_word' id='word_1_428' title='bbox 3652 2783 3936 2854; x_wconf 81' lang='lat' dir='ltr'><strong>irrugata,</strong></span> 
     </span>
    </p>
   </div>
   <div class='ocr_carea' id='block_1_59' title="bbox 2292 2870 3934 2948">
    <p class='ocr_par' dir='ltr' id='par_1_59' title="bbox 2292 2870 3934 2948">
     <span class='ocr_line' id='line_1_59' title="bbox 2292 2870 3934 2948; baseline -0.004 -16"><span class='ocrx_word' id='word_1_429' title='bbox 2292 2878 2441 2933; x_wconf 88' lang='lat' dir='ltr'><strong>bene</strong></span> <span class='ocrx_word' id='word_1_430' title='bbox 2469 2877 2707 2948; x_wconf 86' lang='lat' dir='ltr'><strong>quidem</strong></span> <span class='ocrx_word' id='word_1_431' title='bbox 2743 2880 2929 2932; x_wconf 75' lang='lat' dir='ltr'><strong>facere</strong></span> <span class='ocrx_word' id='word_1_432' title='bbox 2984 2881 3043 2932; x_wconf 89' lang='lat' dir='ltr'><strong>et</strong></span> <span class='ocrx_word' id='word_1_433' title='bbox 3099 2879 3373 2948; x_wconf 61' lang='lat' dir='ltr'><strong>prestera</strong></span> <span class='ocrx_word' id='word_1_434' title='bbox 3429 2874 3585 2946; x_wconf 89' lang='lat' dir='ltr'><strong>quod</strong></span> <span class='ocrx_word' id='word_1_435' title='bbox 3636 2870 3934 2944; x_wconf 83' lang='lat' dir='ltr'><strong>poscitur:</strong></span> 
     </span>
    </p>
   </div>
   <div class='ocr_carea' id='block_1_60' title="bbox 2292 2964 3942 3033">
    <p class='ocr_par' dir='ltr' id='par_1_60' title="bbox 2292 2964 3942 3033">
     <span class='ocr_line' id='line_1_60' title="bbox 2292 2964 3942 3033; baseline -0.004 -12"><span class='ocrx_word' id='word_1_436' title='bbox 2292 2983 2407 3021; x_wconf 92' lang='lat' dir='ltr'><strong>non</strong></span> <span class='ocrx_word' id='word_1_437' title='bbox 2440 2972 2636 3022; x_wconf 91' lang='lat' dir='ltr'><strong>tamen</strong></span> <span class='ocrx_word' id='word_1_438' title='bbox 2670 2965 2863 3022; x_wconf 79' lang='lat' dir='ltr'><strong>suavis</strong></span> <span class='ocrx_word' id='word_1_439' title='bbox 2892 2982 3021 3021; x_wconf 85' lang='lat' dir='ltr'><strong>esse</strong></span> <span class='ocrx_word' id='word_1_440' title='bbox 3062 2964 3376 3033; x_wconf 89' lang='lat' dir='ltr'><strong>consortio,</strong></span> <span class='ocrx_word' id='word_1_441' title='bbox 3427 2968 3486 3018; x_wconf 84' lang='lat' dir='ltr'><strong>et</strong></span> <span class='ocrx_word' id='word_1_442' title='bbox 3536 2978 3646 3018; x_wconf 87' lang='lat' dir='ltr'><strong>sua</strong></span> <span class='ocrx_word' id='word_1_443' title='bbox 3694 2965 3942 3016; x_wconf 84' lang='lat' dir='ltr'><strong>cunctos</strong></span> 
     </span>
    </p>
   </div>
   <div class='ocr_carea' id='block_1_61' title="bbox 2290 3051 3939 3125">
    <p class='ocr_par' dir='ltr' id='par_1_61' title="bbox 2290 3051 3939 3125">
     <span class='ocr_line' id='line_1_61' title="bbox 2290 3051 3939 3125; baseline -0.004 -13"><span class='ocrx_word' id='word_1_444' title='bbox 2290 3056 2534 3112; x_wconf 87' lang='lat' dir='ltr'><strong>invitare</strong></span> <span class='ocrx_word' id='word_1_445' title='bbox 2565 3055 2892 3111; x_wconf 90' lang='lat' dir='ltr'><strong>dulcedine.</strong></span> <span class='ocrx_word' id='word_1_446' title='bbox 2952 3056 3112 3110; x_wconf 89' lang='lat' dir='ltr'><strong>Hanc</strong></span> <span class='ocrx_word' id='word_1_447' title='bbox 3155 3069 3387 3125; x_wconf 87' lang='lat' dir='ltr'><strong>quoque</strong></span> <span class='ocrx_word' id='word_1_448' title='bbox 3445 3055 3794 3108; x_wconf 89' lang='lat' dir='ltr'><strong>sectatores</strong></span> <span class='ocrx_word' id='word_1_449' title='bbox 3844 3051 3939 3106; x_wconf 89' lang='lat' dir='ltr'><strong>Ze-</strong></span> 
     </span>
    </p>
   </div>
   <div class='ocr_carea' id='block_1_62' title="bbox 2292 3141 3942 3211">
    <p class='ocr_par' dir='ltr' id='par_1_62' title="bbox 2292 3141 3942 3211">
     <span class='ocr_line' id='line_1_62' title="bbox 2292 3141 3942 3211; baseline -0.004 -11"><span class='ocrx_word' id='word_1_450' title='bbox 2292 3143 2460 3200; x_wconf 87' lang='lat' dir='ltr'><strong>nonis</strong></span> <span class='ocrx_word' id='word_1_451' title='bbox 2496 3145 2574 3200; x_wconf 88' lang='lat' dir='ltr'><strong>ita</strong></span> <span class='ocrx_word' id='word_1_452' title='bbox 2602 3145 2929 3200; x_wconf 79' lang='lat' dir='ltr'><strong>definiunt:</strong></span> <span class='ocrx_word' id='word_1_453' title='bbox 2966 3143 3203 3199; x_wconf 88' lang='lat' dir='ltr'><strong>Bonitas</strong></span> <span class='ocrx_word' id='word_1_454' title='bbox 3258 3148 3347 3198; x_wconf 87' lang='lat' dir='ltr'><strong>est</strong></span> <span class='ocrx_word' id='word_1_455' title='bbox 3392 3141 3578 3198; x_wconf 88' lang='lat' dir='ltr'><strong>virtus</strong></span> <span class='ocrx_word' id='word_1_456' title='bbox 3639 3155 3767 3211; x_wconf 69' lang='lat' dir='ltr'><strong>quae</strong></span> <span class='ocrx_word' id='word_1_457' title='bbox 3812 3155 3942 3211; x_wconf 91' lang='lat' dir='ltr'><strong>pro-</strong></span> 
     </span>
    </p>
   </div>
   <div class='ocr_carea' id='block_1_63' title="bbox 2291 3229 3936 3305">
    <p class='ocr_par' dir='ltr' id='par_1_63' title="bbox 2291 3229 3936 3305">
     <span class='ocr_line' id='line_1_63' title="bbox 2291 3229 3936 3305; baseline -0.004 -16"><span class='ocrx_word' id='word_1_458' title='bbox 2291 3235 2464 3289; x_wconf 75' lang='lat' dir='ltr'><strong>dest:</strong></span> <span class='ocrx_word' id='word_1_459' title='bbox 2526 3234 2664 3303; x_wconf 84' lang='lat' dir='ltr'><strong>sive,</strong></span> <span class='ocrx_word' id='word_1_460' title='bbox 2726 3234 2912 3288; x_wconf 90' lang='lat' dir='ltr'><strong>virtus</strong></span> <span class='ocrx_word' id='word_1_461' title='bbox 2970 3249 3038 3288; x_wconf 84' lang='lat' dir='ltr'><strong>ex</strong></span> <span class='ocrx_word' id='word_1_462' title='bbox 3079 3249 3196 3305; x_wconf 90' lang='lat' dir='ltr'><strong>qua</strong></span> <span class='ocrx_word' id='word_1_463' title='bbox 3251 3231 3440 3288; x_wconf 90' lang='lat' dir='ltr'><strong>oritur</strong></span> <span class='ocrx_word' id='word_1_464' title='bbox 3502 3229 3766 3286; x_wconf 84' lang='lat' dir='ltr'><strong>utilitas:</strong></span> <span class='ocrx_word' id='word_1_465' title='bbox 3815 3232 3936 3298; x_wconf 87' lang='lat' dir='ltr'><strong>aut,</strong></span> 
     </span>
    </p>
   </div>
   <div class='ocr_carea' id='block_1_64' title="bbox 543 3311 3944 3395">
    <p class='ocr_par' dir='ltr' id='par_1_64' title="bbox 543 3311 3944 3395">
     <span class='ocr_line' id='line_1_64' title="bbox 543 3311 3944 3395; baseline 0.001 -25"><span class='ocrx_word' id='word_1_466' title='bbox 543 3314 673 3371; x_wconf 84' lang='lat' dir='ltr'><strong>sine</strong></span> <span class='ocrx_word' id='word_1_467' title='bbox 726 3318 1141 3383; x_wconf 86' lang='lat' dir='ltr'><strong>moderatione,</strong></span> <span class='ocrx_word' id='word_1_468' title='bbox 1216 3325 1272 3376; x_wconf 91' lang='lat' dir='ltr'><strong>et</strong></span> <span class='ocrx_word' id='word_1_469' title='bbox 1328 3321 1446 3377; x_wconf 89' lang='lat' dir='ltr'><strong>ullo</strong></span> <span class='ocrx_word' id='word_1_470' title='bbox 1532 3323 1734 3379; x_wconf 87' lang='lat' dir='ltr'><strong>decore</strong></span> <span class='ocrx_word' id='word_1_471' title='bbox 1814 3324 2044 3395; x_wconf 66' lang='lat' dir='ltr'><strong>laetitiae,</strong></span> <span class='ocrx_word' id='word_1_472' title='bbox 2120 3325 2180 3380; x_wconf 91' lang='lat' dir='ltr'><strong>in</strong></span> <span class='ocrx_word' id='word_1_473' title='bbox 2213 3311 2262 3377; x_wconf 62' lang='grc' dir='ltr'><strong>(Ι</strong></span> <span class='ocrx_word' id='word_1_474' title='bbox 2292 3322 2477 3378; x_wconf 87' lang='lat' dir='ltr'><strong>virtus</strong></span> <span class='ocrx_word' id='word_1_475' title='bbox 2510 3328 2746 3395; x_wconf 88' lang='lat' dir='ltr'><strong>propter</strong></span> <span class='ocrx_word' id='word_1_476' title='bbox 2777 3322 3191 3394; x_wconf 85' lang='lat' dir='ltr'><strong>semetipsam:</strong></span> <span class='ocrx_word' id='word_1_477' title='bbox 3228 3326 3332 3378; x_wconf 89' lang='lat' dir='ltr'><strong>aut</strong></span> <span class='ocrx_word' id='word_1_478' title='bbox 3383 3320 3628 3377; x_wconf 70' lang='lat' dir='ltr'><strong>affectus</strong></span> <span class='ocrx_word' id='word_1_479' title='bbox 3659 3318 3760 3391; x_wconf 89' lang='lat' dir='ltr'><strong>qui</strong></span> <span class='ocrx_word' id='word_1_480' title='bbox 3810 3319 3944 3375; x_wconf 81' lang='lat' dir='ltr'><strong>ioue</strong></span> 
     </span>
    </p>
   </div>
   <div class='ocr_carea' id='block_1_65' title="bbox 544 3404 2185 3481">
    <p class='ocr_par' dir='ltr' id='par_1_65' title="bbox 544 3404 2185 3481">
     <span class='ocr_line' id='line_1_65' title="bbox 544 3404 2185 3481; baseline 0.005 -22"><span class='ocrx_word' id='word_1_481' title='bbox 544 3404 666 3460; x_wconf 86' lang='lat' dir='ltr'><strong>risu</strong></span> <span class='ocrx_word' id='word_1_482' title='bbox 699 3405 910 3463; x_wconf 78' lang='lat' dir='ltr'><strong>exaltat</strong></span> <span class='ocrx_word' id='word_1_483' title='bbox 940 3424 1136 3464; x_wconf 84' lang='lat' dir='ltr'><strong>vocem</strong></span> <span class='ocrx_word' id='word_1_484' title='bbox 1168 3427 1360 3466; x_wconf 90' lang='lat' dir='ltr'><strong>suam.</strong></span> <span class='ocrx_word' id='word_1_485' title='bbox 1393 3411 1556 3474; x_wconf 84' lang='lat' dir='ltr'><strong>Quod</strong></span> <span class='ocrx_word' id='word_1_486' title='bbox 1612 3413 1659 3467; x_wconf 91' lang='lat' dir='ltr'><strong>si</strong></span> <span class='ocrx_word' id='word_1_487' title='bbox 1709 3430 1910 3468; x_wconf 88' lang='lat' dir='ltr'><strong>verum</strong></span> <span class='ocrx_word' id='word_1_488' title='bbox 1963 3420 2071 3481; x_wconf 84' lang='lat' dir='ltr'><strong>est,</strong></span> <span class='ocrx_word' id='word_1_489' title='bbox 2129 3418 2185 3469; x_wconf 87' lang='lat' dir='ltr'><strong>et</strong></span> 
     </span>
    </p>
   </div>
   <div class='ocr_carea' id='block_1_66' title="bbox 541 3496 2181 3571">
    <p class='ocr_par' dir='ltr' id='par_1_66' title="bbox 541 3496 2181 3571">
     <span class='ocr_line' id='line_1_66' title="bbox 541 3496 2181 3571; baseline 0.005 -21"><span class='ocrx_word' id='word_1_490' title='bbox 541 3509 740 3551; x_wconf 89' lang='lat' dir='ltr'><strong>eorum</strong></span> <span class='ocrx_word' id='word_1_491' title='bbox 772 3496 924 3552; x_wconf 87' lang='lat' dir='ltr'><strong>inter</strong></span> <span class='ocrx_word' id='word_1_492' title='bbox 950 3499 1127 3555; x_wconf 88' lang='lat' dir='ltr'><strong>verba</strong></span> <span class='ocrx_word' id='word_1_493' title='bbox 1151 3499 1449 3555; x_wconf 88' lang='lat' dir='ltr'><strong>distinctio</strong></span> <span class='ocrx_word' id='word_1_494' title='bbox 1476 3518 1589 3558; x_wconf 91' lang='lat' dir='ltr'><strong>non</strong></span> <span class='ocrx_word' id='word_1_495' title='bbox 1639 3502 1787 3557; x_wconf 89' lang='lat' dir='ltr'><strong>fallit</strong></span> <span class='ocrx_word' id='word_1_496' title='bbox 1837 3507 1893 3558; x_wconf 90' lang='lat' dir='ltr'><strong>et</strong></span> <span class='ocrx_word' id='word_1_497' title='bbox 1942 3503 2181 3571; x_wconf 85' lang='lat' dir='ltr'><strong>fallitur,</strong></span> 
     </span>
    </p>
   </div>
   <div class='ocr_carea' id='block_1_67' title="bbox 542 3585 2185 3650">
    <p class='ocr_par' dir='ltr' id='par_1_67' title="bbox 542 3585 2185 3650">
     <span class='ocr_line' id='line_1_67' title="bbox 542 3585 2185 3650; baseline 0.005 -12"><span class='ocrx_word' id='word_1_498' title='bbox 542 3585 990 3643; x_wconf 86' lang='lat' dir='ltr'><strong>consideremus</strong></span> <span class='ocrx_word' id='word_1_499' title='bbox 1019 3605 1090 3644; x_wconf 91' lang='lat' dir='ltr'><strong>ne</strong></span> <span class='ocrx_word' id='word_1_500' title='bbox 1119 3589 1360 3644; x_wconf 74' lang='lat' dir='ltr'><strong>forsitan</strong></span> <span class='ocrx_word' id='word_1_501' title='bbox 1394 3591 1608 3646; x_wconf 89' lang='lat' dir='ltr'><strong>idcirco</strong></span> <span class='ocrx_word' id='word_1_502' title='bbox 1641 3592 1720 3646; x_wconf 90' lang='lat' dir='ltr'><strong>sit</strong></span> <span class='ocrx_word' id='word_1_503' title='bbox 1749 3593 1970 3648; x_wconf 87' lang='lat' dir='ltr'><strong>dictum</strong></span> <span class='ocrx_word' id='word_1_504' title='bbox 1999 3611 2014 3650; x_wconf 92' lang='lat'><strong>:</strong></span> <span class='ocrx_word' id='word_1_505' title='bbox 2068 3593 2185 3648; x_wconf 86' lang='lat' dir='ltr'><strong>Non</strong></span> 
     </span>
    </p>
   </div>
   <div class='ocr_carea' id='block_1_68' title="bbox 539 3675 2180 3752">
    <p class='ocr_par' dir='ltr' id='par_1_68' title="bbox 539 3675 2180 3752">
     <span class='ocr_line' id='line_1_68' title="bbox 539 3675 2180 3752; baseline 0.004 -23"><span class='ocrx_word' id='word_1_506' title='bbox 539 3681 620 3730; x_wconf 78' lang='lat' dir='ltr'><strong>est</strong></span> <span class='ocrx_word' id='word_1_507' title='bbox 668 3675 905 3745; x_wconf 77' lang='lat' dir='ltr'><strong>gaudere</strong></span> <span class='ocrx_word' id='word_1_508' title='bbox 935 3679 1142 3747; x_wconf 78' lang='lat' dir='ltr'><strong>impiis,</strong></span> <span class='ocrx_word' id='word_1_509' title='bbox 1197 3679 1336 3735; x_wconf 76' lang='lat' dir='ltr'><strong>dicit</strong></span> <span class='ocrx_word' id='word_1_510' title='bbox 1379 3681 1646 3735; x_wconf 79' lang='lat' dir='ltr'><strong>Dominus</strong></span> <span class='ocrx_word' id='word_1_511' title='bbox 1699 3683 1824 3749; x_wconf 86' lang='lat' dir='ltr'><strong>(Isa.</strong></span> <span class='ocrx_word' id='word_1_512' title='bbox 1878 3699 2008 3746; x_wconf 85' lang='lat' dir='ltr'><strong>LVII,</strong></span> <span class='ocrx_word' id='word_1_513' title='bbox 2067 3683 2180 3752; x_wconf 84' lang='grc'><strong>21).</strong></span> 
     </span>
    </p>
   </div>
   <div class='ocr_carea' id='block_1_69' title="bbox 539 3761 2184 3841">
    <p class='ocr_par' dir='ltr' id='par_1_69' title="bbox 539 3761 2184 3841">
     <span class='ocr_line' id='line_1_69' title="bbox 539 3761 2184 3841; baseline 0.004 -23"><span class='ocrx_word' id='word_1_514' title='bbox 539 3761 722 3818; x_wconf 83' lang='lat' dir='ltr'><strong>Simul</strong></span> <span class='ocrx_word' id='word_1_515' title='bbox 754 3769 947 3819; x_wconf 88' lang='lat' dir='ltr'><strong>autem</strong></span> <span class='ocrx_word' id='word_1_516' title='bbox 979 3770 1037 3820; x_wconf 87' lang='lat' dir='ltr'><strong>et</strong></span> <span class='ocrx_word' id='word_1_517' title='bbox 1090 3766 1235 3821; x_wconf 89' lang='lat' dir='ltr'><strong>illud</strong></span> <span class='ocrx_word' id='word_1_518' title='bbox 1267 3769 1610 3835; x_wconf 88' lang='lat' dir='ltr'><strong>notandum,</strong></span> <span class='ocrx_word' id='word_1_519' title='bbox 1645 3771 1799 3840; x_wconf 91' lang='lat' dir='ltr'><strong>quod</strong></span> <span class='ocrx_word' id='word_1_520' title='bbox 1834 3777 1965 3841; x_wconf 87' lang='lat' dir='ltr'><strong>post</strong></span> <span class='ocrx_word' id='word_1_521' title='bbox 2012 3769 2184 3825; x_wconf 88' lang='lat' dir='ltr'><strong>dilec-</strong></span> 
     </span>
    </p>
   </div>
   <div class='ocr_carea' id='block_1_70' title="bbox 539 3853 2182 3930">
    <p class='ocr_par' dir='ltr' id='par_1_70' title="bbox 539 3853 2182 3930">
     <span class='ocr_line' id='line_1_70' title="bbox 539 3853 2182 3930; baseline 0.005 -24"><span class='ocrx_word' id='word_1_522' title='bbox 539 3855 782 3919; x_wconf 81' lang='lat' dir='ltr'><strong>tionem,</strong></span> <span class='ocrx_word' id='word_1_523' title='bbox 813 3853 1094 3924; x_wconf 88' lang='lat' dir='ltr'><strong>gaudiu-m</strong></span> <span class='ocrx_word' id='word_1_524' title='bbox 1127 3856 1412 3926; x_wconf 78' lang='lat' dir='ltr'><strong>sequitur.</strong></span> <span class='ocrx_word' id='word_1_525' title='bbox 1455 3857 1561 3922; x_wconf 89' lang='lat' dir='ltr'><strong>Qui</strong></span> <span class='ocrx_word' id='word_1_526' title='bbox 1585 3856 1741 3913; x_wconf 90' lang='lat' dir='ltr'><strong>enim</strong></span> <span class='ocrx_word' id='word_1_527' title='bbox 1759 3857 1952 3930; x_wconf 88' lang='lat' dir='ltr'><strong>diligit</strong></span> <span class='ocrx_word' id='word_1_528' title='bbox 1979 3875 2182 3930; x_wconf 89' lang='lat' dir='ltr'><strong>quem-</strong></span> 
     </span>
    </p>
   </div>
   <div class='ocr_carea' id='block_1_71' title="bbox 544 3941 2184 4016">
    <p class='ocr_par' dir='ltr' id='par_1_71' title="bbox 544 3941 2184 4016">
     <span class='ocr_line' id='line_1_71' title="bbox 544 3941 2184 4016; baseline 0.005 -21"><span class='ocrx_word' id='word_1_529' title='bbox 544 3941 722 4013; x_wconf 85' lang='lat' dir='ltr'><strong>piam,</strong></span> <span class='ocrx_word' id='word_1_530' title='bbox 756 3957 990 4014; x_wconf 87' lang='lat' dir='ltr'><strong>semper</strong></span> <span class='ocrx_word' id='word_1_531' title='bbox 1016 3943 1072 3998; x_wconf 92' lang='lat' dir='ltr'><strong>in</strong></span> <span class='ocrx_word' id='word_1_532' title='bbox 1105 3945 1232 4016; x_wconf 84' lang='lat' dir='ltr'><strong>ejus</strong></span> <span class='ocrx_word' id='word_1_533' title='bbox 1262 3944 1534 4002; x_wconf 80' lang='lat' dir='ltr'><strong>felicitate</strong></span> <span class='ocrx_word' id='word_1_534' title='bbox 1563 3945 1809 4002; x_wconf 62' lang='lat' dir='ltr'><strong>letatur.</strong></span> <span class='ocrx_word' id='word_1_535' title='bbox 1873 3947 1940 4003; x_wconf 88' lang='lat' dir='ltr'><strong>Et</strong></span> <span class='ocrx_word' id='word_1_536' title='bbox 1967 3949 2014 4004; x_wconf 91' lang='lat' dir='ltr'><strong>si</strong></span> <span class='ocrx_word' id='word_1_537' title='bbox 2049 3965 2184 4004; x_wconf 90' lang='lat' dir='ltr'><strong>eum</strong></span> 
     </span>
    </p>
   </div>
   <div class='ocr_carea' id='block_1_72' title="bbox 538 4029 2185 4109">
    <p class='ocr_par' dir='ltr' id='par_1_72' title="bbox 538 4029 2185 4109">
     <span class='ocr_line' id='line_1_72' title="bbox 538 4029 2185 4109; baseline 0.006 -25"><span class='ocrx_word' id='word_1_538' title='bbox 538 4029 747 4086; x_wconf 84' lang='lat' dir='ltr'><strong>viderit</strong></span> <span class='ocrx_word' id='word_1_539' title='bbox 777 4031 974 4104; x_wconf 86' lang='lat' dir='ltr'><strong>aliquo</strong></span> <span class='ocrx_word' id='word_1_540' title='bbox 1002 4049 1194 4089; x_wconf 89' lang='lat' dir='ltr'><strong>errore</strong></span> <span class='ocrx_word' id='word_1_541' title='bbox 1225 4035 1554 4106; x_wconf 85' lang='lat' dir='ltr'><strong>deceptum,</strong></span> <span class='ocrx_word' id='word_1_542' title='bbox 1585 4041 1642 4092; x_wconf 91' lang='lat' dir='ltr'><strong>et</strong></span> <span class='ocrx_word' id='word_1_543' title='bbox 1672 4041 2039 4109; x_wconf 88' lang='lat' dir='ltr'><strong>peccatorum</strong></span> <span class='ocrx_word' id='word_1_544' title='bbox 2091 4038 2185 4093; x_wconf 89' lang='lat' dir='ltr'><strong>lu-</strong></span> 
     </span>
    </p>
   </div>
   <div class='ocr_carea' id='block_1_73' title="bbox 539 4119 2186 4197">
    <p class='ocr_par' dir='ltr' id='par_1_73' title="bbox 539 4119 2186 4197">
     <span class='ocr_line' id='line_1_73' title="bbox 539 4119 2186 4197; baseline 0.005 -23"><span class='ocrx_word' id='word_1_545' title='bbox 539 4119 704 4176; x_wconf 85' lang='lat' dir='ltr'><strong>brioo</strong></span> <span class='ocrx_word' id='word_1_546' title='bbox 735 4121 1080 4190; x_wconf 86' lang='lat' dir='ltr'><strong>concidisse,</strong></span> <span class='ocrx_word' id='word_1_547' title='bbox 1112 4121 1331 4180; x_wconf 86' lang='lat' dir='ltr'><strong>dolebit</strong></span> <span class='ocrx_word' id='word_1_548' title='bbox 1363 4126 1620 4197; x_wconf 89' lang='lat' dir='ltr'><strong>quidem,</strong></span> <span class='ocrx_word' id='word_1_549' title='bbox 1663 4132 1719 4181; x_wconf 91' lang='lat' dir='ltr'><strong>et</strong></span> <span class='ocrx_word' id='word_1_550' title='bbox 1766 4144 1966 4183; x_wconf 90' lang='lat' dir='ltr'><strong>eruere</strong></span> <span class='ocrx_word' id='word_1_551' title='bbox 2020 4128 2186 4183; x_wconf 84' lang='lat' dir='ltr'><strong>festi-</strong></span> 
     </span>
    </p>
   </div>
   <div class='ocr_carea' id='block_1_74' title="bbox 543 4209 2185 4286">
    <p class='ocr_par' dir='ltr' id='par_1_74' title="bbox 543 4209 2185 4286">
     <span class='ocr_line' id='line_1_74' title="bbox 543 4209 2185 4286; baseline 0.004 -22"><span class='ocrx_word' id='word_1_552' title='bbox 543 4209 743 4266; x_wconf 86' lang='lat' dir='ltr'><strong>nabit:</strong></span> <span class='ocrx_word' id='word_1_553' title='bbox 778 4211 879 4266; x_wconf 89' lang='lat' dir='ltr'><strong>sed</strong></span> <span class='ocrx_word' id='word_1_554' title='bbox 921 4229 1035 4268; x_wconf 90' lang='lat' dir='ltr'><strong>non</strong></span> <span class='ocrx_word' id='word_1_555' title='bbox 1069 4215 1284 4285; x_wconf 88' lang='lat' dir='ltr'><strong>poterit</strong></span> <span class='ocrx_word' id='word_1_556' title='bbox 1338 4215 1619 4286; x_wconf 87' lang='lat' dir='ltr'><strong>gaudium</strong></span> <span class='ocrx_word' id='word_1_557' title='bbox 1655 4221 1883 4271; x_wconf 86' lang='lat' dir='ltr'><strong>mutare</strong></span> <span class='ocrx_word' id='word_1_558' title='bbox 1925 4217 2185 4283; x_wconf 83' lang='lat' dir='ltr'><strong>tristitia,</strong></span> 
     </span>
    </p>
   </div>
   <div class='ocr_carea' id='block_1_75' title="bbox 542 4300 2185 4378">
    <p class='ocr_par' dir='ltr' id='par_1_75' title="bbox 542 4300 2185 4378">
     <span class='ocr_line' id='line_1_75' title="bbox 542 4300 2185 4378; baseline 0.004 -22"><span class='ocrx_word' id='word_1_559' title='bbox 542 4300 735 4356; x_wconf 89' lang='lat' dir='ltr'><strong>sciens</strong></span> <span class='ocrx_word' id='word_1_560' title='bbox 789 4301 1011 4357; x_wconf 91' lang='lat' dir='ltr'><strong>nullam</strong></span> <span class='ocrx_word' id='word_1_561' title='bbox 1073 4303 1509 4359; x_wconf 88' lang='lat' dir='ltr'><strong>rationabilium</strong></span> <span class='ocrx_word' id='word_1_562' title='bbox 1561 4311 1962 4361; x_wconf 89' lang='lat' dir='ltr'><strong>creaturarum</strong></span> <span class='ocrx_word' id='word_1_563' title='bbox 2030 4308 2185 4378; x_wconf 87' lang='lat' dir='ltr'><strong>apud</strong></span> 
     </span>
    </p>
   </div>
   <div class='ocr_carea' id='block_1_76' title="bbox 546 4390 2186 4467">
    <p class='ocr_par' dir='ltr' id='par_1_76' title="bbox 546 4390 2186 4467">
     <span class='ocr_line' id='line_1_76' title="bbox 546 4390 2186 4467; baseline 0.005 -24"><span class='ocrx_word' id='word_1_564' title='bbox 546 4393 728 4444; x_wconf 87' lang='lat' dir='ltr'><strong>Deum</strong></span> <span class='ocrx_word' id='word_1_565' title='bbox 774 4390 962 4461; x_wconf 87' lang='lat' dir='ltr'><strong>perire</strong></span> <span class='ocrx_word' id='word_1_566' title='bbox 1021 4396 1318 4464; x_wconf 88' lang='lat' dir='ltr'><strong>perpetuo.</strong></span> <span class='ocrx_word' id='word_1_567' title='bbox 1367 4393 1602 4450; x_wconf 89' lang='lat' dir='ltr'><strong>Tertius</strong></span> <span class='ocrx_word' id='word_1_568' title='bbox 1650 4395 1874 4450; x_wconf 87' lang='lat' dir='ltr'><strong>fructus</strong></span> <span class='ocrx_word' id='word_1_569' title='bbox 1923 4396 2186 4467; x_wconf 88' lang='lat' dir='ltr'><strong>spiritus,</strong></span> 
     </span>
    </p>
   </div>
   <div class='ocr_carea' id='block_1_77' title="bbox 544 4480 2187 4557">
    <p class='ocr_par' dir='ltr' id='par_1_77' title="bbox 544 4480 2187 4557">
     <span class='ocr_line' id='line_1_77' title="bbox 544 4480 2187 4557; baseline 0.005 -25"><span class='ocrx_word' id='word_1_570' title='bbox 544 4480 856 4549; x_wconf 40' lang='lat' dir='ltr'><strong>est&#39;pax-La</strong></span> <span class='ocrx_word' id='word_1_571' title='bbox 885 4496 1002 4551; x_wconf 87' lang='lat' dir='ltr'><strong>qua</strong></span> <span class='ocrx_word' id='word_1_572' title='bbox 1032 4480 1306 4536; x_wconf 87' lang='lat' dir='ltr'><strong>Salomon</strong></span> <span class='ocrx_word' id='word_1_573' title='bbox 1337 4498 1571 4554; x_wconf 90' lang='lat' dir='ltr'><strong>quoque</strong></span> <span class='ocrx_word' id='word_1_574' title='bbox 1602 4483 1700 4554; x_wconf 90' lang='lat' dir='ltr'><strong>qui</strong></span> <span class='ocrx_word' id='word_1_575' title='bbox 1736 4483 1792 4538; x_wconf 91' lang='lat' dir='ltr'><strong>in</strong></span> <span class='ocrx_word' id='word_1_576' title='bbox 1844 4490 1980 4557; x_wconf 87' lang='lat' dir='ltr'><strong>typo</strong></span> <span class='ocrx_word' id='word_1_577' title='bbox 2026 4485 2187 4541; x_wconf 88' lang='lat' dir='ltr'><strong>Chri-</strong></span> 
     </span>
    </p>
   </div>
   <div class='ocr_carea' id='block_1_78' title="bbox 547 4567 2191 4646">
    <p class='ocr_par' dir='ltr' id='par_1_78' title="bbox 547 4567 2191 4646">
     <span class='ocr_line' id='line_1_78' title="bbox 547 4567 2191 4646; baseline 0.006 -25"><span class='ocrx_word' id='word_1_578' title='bbox 547 4567 619 4621; x_wconf 89' lang='lat' dir='ltr'><strong>sti</strong></span> <span class='ocrx_word' id='word_1_579' title='bbox 655 4569 971 4638; x_wconf 66' lang='lat' dir='ltr'><strong>pracessit,</strong></span> <span class='ocrx_word' id='word_1_580' title='bbox 1008 4585 1219 4625; x_wconf 89' lang='lat' dir='ltr'><strong>nomen</strong></span> <span class='ocrx_word' id='word_1_581' title='bbox 1251 4572 1475 4642; x_wconf 86' lang='lat' dir='ltr'><strong>accepit</strong></span> <span class='ocrx_word' id='word_1_582' title='bbox 1504 4574 1576 4644; x_wconf 92' lang='lat' dir='ltr'><strong>(II</strong></span> <span class='ocrx_word' id='word_1_583' title='bbox 1627 4575 1747 4645; x_wconf 84' lang='lat' dir='ltr'><strong>Reg.</strong></span> <span class='ocrx_word' id='word_1_584' title='bbox 1804 4592 1902 4641; x_wconf 84' lang='lat' dir='ltr'><strong>xu,</strong></span> <span class='ocrx_word' id='word_1_585' title='bbox 1953 4577 2064 4646; x_wconf 79' lang='grc'><strong>24).</strong></span> <span class='ocrx_word' id='word_1_586' title='bbox 2119 4577 2191 4631; x_wconf 86' lang='lat' dir='ltr'><strong>Et</strong></span> 
     </span>
    </p>
   </div>
   <div class='ocr_carea' id='block_1_79' title="bbox 547 4655 2265 4752">
    <p class='ocr_par' dir='ltr' id='par_1_79' title="bbox 547 4655 2265 4752">
     <span class='ocr_line' id='line_1_79' title="bbox 547 4655 2265 4752; baseline 0.007 -43"><span class='ocrx_word' id='word_1_587' title='bbox 547 4655 620 4752; x_wconf 81' lang='lat' dir='ltr'><strong>de</strong></span> <span class='ocrx_word' id='word_1_588' title='bbox 654 4655 931 4752; x_wconf 51' lang='lat' dir='ltr'><strong>Ecclesia</strong></span> <span class='ocrx_word' id='word_1_589' title='bbox 967 4657 1288 4752; x_wconf 76' lang='lat' dir='ltr'><strong>Psalmista</strong></span> <span class='ocrx_word' id='word_1_590' title='bbox 1321 4663 1521 4752; x_wconf 82' lang='lat' dir='ltr'><strong>canit:</strong></span> <span class='ocrx_word' id='word_1_591' title='bbox 1573 4665 1765 4718; x_wconf 81' lang='lat' dir='ltr'><strong>Factus</strong></span> <span class='ocrx_word' id='word_1_592' title='bbox 1819 4673 1896 4720; x_wconf 77' lang='lat' dir='ltr'><strong>est</strong></span> <span class='ocrx_word' id='word_1_593' title='bbox 1945 4668 2002 4720; x_wconf 87' lang='lat' dir='ltr'><strong>in</strong></span> <span class='ocrx_word' id='word_1_594' title='bbox 2058 4682 2190 4737; x_wconf 85' lang='lat' dir='ltr'><strong>pace</strong></span> <span class='ocrx_word' id='word_1_595' title='bbox 2221 4687 2265 4752; x_wconf 69' lang='grc' dir='ltr'>Β</span> 
     </span>
    </p>
   </div>
   <div class='ocr_carea' id='block_1_80' title="bbox 549 4745 2184 4828">
    <p class='ocr_par' dir='ltr' id='par_1_80' title="bbox 549 4745 2184 4828">
     <span class='ocr_line' id='line_1_80' title="bbox 549 4745 2184 4828; baseline 0.006 -29"><span class='ocrx_word' id='word_1_596' title='bbox 549 4745 700 4800; x_wconf 83' lang='lat' dir='ltr'><strong>locus</strong></span> <span class='ocrx_word' id='word_1_597' title='bbox 727 4746 848 4816; x_wconf 81' lang='lat' dir='ltr'><strong>ejus</strong></span> <span class='ocrx_word' id='word_1_598' title='bbox 875 4746 1039 4816; x_wconf 79' lang='lat' dir='ltr'><strong>(Psat.</strong></span> <span class='ocrx_word' id='word_1_599' title='bbox 1074 4764 1234 4820; x_wconf 81' lang='lat' dir='ltr'><strong>Lxxv,</strong></span> <span class='ocrx_word' id='word_1_600' title='bbox 1267 4751 1344 4819; x_wconf 91' lang='lat'><strong>3).</strong></span> <span class='ocrx_word' id='word_1_601' title='bbox 1396 4751 1462 4806; x_wconf 89' lang='lat' dir='ltr'><strong>Et</strong></span> <span class='ocrx_word' id='word_1_602' title='bbox 1509 4751 1660 4808; x_wconf 85' lang='lat' dir='ltr'><strong>inter</strong></span> <span class='ocrx_word' id='word_1_603' title='bbox 1715 4759 1844 4810; x_wconf 86' lang='lat' dir='ltr'><strong>octo</strong></span> <span class='ocrx_word' id='word_1_604' title='bbox 1891 4755 2184 4828; x_wconf 86' lang='lat' dir='ltr'><strong>Evangelii</strong></span> 
     </span>
    </p>
   </div>
   <div class='ocr_carea' id='block_1_81' title="bbox 620 4907 2186 4983">
    <p class='ocr_par' dir='ltr' id='par_1_81' title="bbox 620 4907 2186 4983">
     <span class='ocr_line' id='line_1_81' title="bbox 620 4907 2186 4983; baseline 0.007 -22"><span class='ocrx_word' id='word_1_605' title='bbox 620 4910 642 4983; x_wconf 49' lang='lat' dir='ltr'><strong>t</strong></span> <span class='ocrx_word' id='word_1_606' title='bbox 670 4907 1068 4983; x_wconf 70' lang='lat' dir='ltr'><strong>Conferendus</strong></span> <span class='ocrx_word' id='word_1_607' title='bbox 1097 4909 1316 4978; x_wconf 88' lang='lat' dir='ltr'><strong>Cicero,</strong></span> <span class='ocrx_word' id='word_1_608' title='bbox 1349 4913 1450 4983; x_wconf 86' lang='lat' dir='ltr'><strong>qui</strong></span> <span class='ocrx_word' id='word_1_609' title='bbox 1502 4930 1533 4968; x_wconf 88' lang='lat' dir='ltr'><strong>e</strong></span> <span class='ocrx_word' id='word_1_610' title='bbox 1580 4913 1906 4970; x_wconf 89' lang='lat' dir='ltr'><strong>Stoicorum</strong></span> <span class='ocrx_word' id='word_1_611' title='bbox 1959 4932 2058 4972; x_wconf 91' lang='lat' dir='ltr'><strong>ore</strong></span> <span class='ocrx_word' id='word_1_612' title='bbox 2103 4915 2186 4972; x_wconf 88' lang='lat' dir='ltr'><strong>lo-</strong></span> 
     </span>
    </p>
   </div>
   <div class='ocr_carea' id='block_1_82' title="bbox 545 4978 2190 5058">
    <p class='ocr_par' dir='ltr' id='par_1_82' title="bbox 545 4978 2190 5058">
     <span class='ocr_line' id='line_1_82' title="bbox 545 4978 2190 5058; baseline 0.005 -25"><span class='ocrx_word' id='word_1_613' title='bbox 545 4979 749 5058; x_wconf 75' lang='lat' dir='ltr'><strong>quitur</strong></span> <span class='ocrx_word' id='word_1_614' title='bbox 805 4978 908 5035; x_wconf 89' lang='lat' dir='ltr'><strong>lib.</strong></span> <span class='ocrx_word' id='word_1_615' title='bbox 960 4998 1013 5058; x_wconf 82' lang='lat' dir='ltr'><strong>1_v</strong></span> <span class='ocrx_word' id='word_1_616' title='bbox 1059 4978 1602 5058; x_wconf 18' lang='lat' dir='ltr'><strong>Quzrstalusculan.</strong></span> <span class='ocrx_word' id='word_1_617' title='bbox 1687 4986 1961 5058; x_wconf 86' lang='lat' dir='ltr'><strong>idemque</strong></span> <span class='ocrx_word' id='word_1_618' title='bbox 2039 4988 2190 5043; x_wconf 88' lang='lat' dir='ltr'><strong>inter</strong></span> 
     </span>
    </p>
   </div>
   <div class='ocr_carea' id='block_1_83' title="bbox 542 5053 2187 5129">
    <p class='ocr_par' dir='ltr' id='par_1_83' title="bbox 542 5053 2187 5129">
     <span class='ocr_line' id='line_1_83' title="bbox 542 5053 2187 5129; baseline 0.005 -23"><span class='ocrx_word' id='word_1_619' title='bbox 542 5053 863 5129; x_wconf 62' lang='lat' dir='ltr'><strong>gaudium,</strong></span> <span class='ocrx_word' id='word_1_620' title='bbox 881 5068 944 5108; x_wconf 89' lang='lat' dir='ltr'><strong>ac</strong></span> <span class='ocrx_word' id='word_1_621' title='bbox 976 5053 1235 5129; x_wconf 69' lang='lat' dir='ltr'><strong>laetitiam</strong></span> <span class='ocrx_word' id='word_1_622' title='bbox 1264 5055 1576 5112; x_wconf 90' lang='lat' dir='ltr'><strong>discrimen</strong></span> <span class='ocrx_word' id='word_1_623' title='bbox 1620 5058 1801 5129; x_wconf 90' lang='lat' dir='ltr'><strong>ponit.</strong></span> <span class='ocrx_word' id='word_1_624' title='bbox 1849 5053 2187 5116; x_wconf 79' lang='lat' dir='ltr'><strong>Lactantius</strong></span> 
     </span>
    </p>
   </div>
   <div class='ocr_carea' id='block_1_84' title="bbox 543 5124 2185 5202">
    <p class='ocr_par' dir='ltr' id='par_1_84' title="bbox 543 5124 2185 5202">
     <span class='ocr_line' id='line_1_84' title="bbox 543 5124 2185 5202; baseline 0.004 -23"><span class='ocrx_word' id='word_1_625' title='bbox 543 5140 776 5202; x_wconf 82' lang='lat' dir='ltr'><strong>quoque</strong></span> <span class='ocrx_word' id='word_1_626' title='bbox 804 5124 994 5202; x_wconf 66' lang='lat' dir='ltr'><strong>lib._v1</strong></span> <span class='ocrx_word' id='word_1_627' title='bbox 1031 5128 1214 5180; x_wconf 80' lang='lat' dir='ltr'><strong>Divin.</strong></span> <span class='ocrx_word' id='word_1_628' title='bbox 1249 5129 1495 5202; x_wconf 51' lang='lat' dir='ltr'><strong>Institut;</strong></span> <span class='ocrx_word' id='word_1_629' title='bbox 1546 5124 1671 5202; x_wconf 79' lang='lat' dir='ltr'><strong>cap.</strong></span> <span class='ocrx_word' id='word_1_630' title='bbox 1725 5132 1824 5202; x_wconf 16' lang='lat'><strong>11,:</strong></span> <span class='ocrx_word' id='word_1_631' title='bbox 1885 5153 1906 5181; x_wconf 77' lang='grc' dir='ltr'><strong>ι</strong></span> <span class='ocrx_word' id='word_1_632' title='bbox 1943 5131 2185 5197; x_wconf 76' lang='lat' dir='ltr'><strong>Laetitia,</strong></span> 
     </span>
    </p>
   </div>
   <div class='ocr_carea' id='block_1_85' title="bbox 541 5195 2188 5344">
    <p class='ocr_par' dir='ltr' id='par_1_85' title="bbox 541 5195 2188 5344">
     <span class='ocr_line' id='line_1_85' title="bbox 541 5195 2188 5322; baseline 0.003 -70"><span class='ocrx_word' id='word_1_633' title='bbox 541 5197 752 5322; x_wconf 74' lang='lat' dir='ltr'><strong>inquit,</strong></span> <span class='ocrx_word' id='word_1_634' title='bbox 789 5195 933 5252; x_wconf 83' lang='lat' dir='ltr'><strong>nihil</strong></span> <span class='ocrx_word' id='word_1_635' title='bbox 965 5203 1054 5278; x_wconf 75' lang='lat' dir='ltr'><strong>est</strong></span> <span class='ocrx_word' id='word_1_636' title='bbox 1084 5215 1258 5268; x_wconf 80' lang='lat' dir='ltr'><strong>quam</strong></span> <span class='ocrx_word' id='word_1_637' title='bbox 1294 5201 1599 5281; x_wconf 76' lang='lat' dir='ltr'><strong>profusum</strong></span> <span class='ocrx_word' id='word_1_638' title='bbox 1618 5195 1937 5282; x_wconf 66' lang='lat' dir='ltr'><strong>gaudium.</strong></span> <span class='ocrx_word' id='word_1_639' title='bbox 1965 5225 1992 5252; x_wconf 85' lang='grc'><strong>››</strong></span> <span class='ocrx_word' id='word_1_640' title='bbox 2045 5195 2188 5257; x_wconf 82' lang='lat' dir='ltr'><strong>Vide</strong></span> 
     </span>
     <span class='ocr_line' id='line_1_86' title="bbox 541 5269 2185 5344; baseline 0.004 -22"><span class='ocrx_word' id='word_1_641' title='bbox 541 5285 597 5344; x_wconf 65' lang='lat' dir='ltr'><strong>si</strong></span> <span class='ocrx_word' id='word_1_642' title='bbox 643 5269 1142 5344; x_wconf 15' lang='lat' dir='ltr'><strong>ibet,get_Ca3hum</strong></span> <span class='ocrx_word' id='word_1_643' title='bbox 1202 5270 1595 5342; x_wconf 78' lang='lat' dir='ltr'><strong>Rhodiginum</strong></span> <span class='ocrx_word' id='word_1_644' title='bbox 1658 5273 1758 5328; x_wconf 77' lang='lat' dir='ltr'><strong>lib.</strong></span> <span class='ocrx_word' id='word_1_645' title='bbox 1812 5289 1870 5342; x_wconf 89' lang='lat' dir='ltr'><strong>v,</strong></span> <span class='ocrx_word' id='word_1_646' title='bbox 1918 5291 2043 5344; x_wconf 87' lang='lat' dir='ltr'><strong>cap.</strong></span> <span class='ocrx_word' id='word_1_647' title='bbox 2095 5277 2185 5328; x_wconf 83' lang='lat'><strong>33.</strong></span> 
     </span>
    </p>
   </div>
   <div class='ocr_carea' id='block_1_86' title="bbox 751 5307 2185 5342">
    <p class='ocr_par' dir='ltr' id='par_1_86' title="bbox 751 5307 2185 5342">
     <span class='ocr_line' id='line_1_87' title="bbox 751 5307 2185 5342; baseline 0.004 -21"><span class='ocrx_word' id='word_1_648' title='bbox 751 5308 780 5334; x_wconf 65' lang='grc' dir='ltr'>ι,</span> <span class='ocrx_word' id='word_1_649' title='bbox 815 5307 871 5323; x_wconf 75' lang='grc' dir='ltr'><strong>υυ</strong></span> <span class='ocrx_word' id='word_1_650' title='bbox 901 5307 1142 5325; x_wconf 75' lang='grc' dir='ltr'><strong>υυυιιυμι</strong></span> <span class='ocrx_word' id='word_1_651' title='bbox 1202 5307 1595 5342; x_wconf 64' lang='grc' dir='ltr'>ιδυυυιδιμυιυ</span> <span class='ocrx_word' id='word_1_652' title='bbox 1658 5307 1758 5328; x_wconf 59' lang='lat' dir='ltr'><strong>nus</strong></span> <span class='ocrx_word' id='word_1_653' title='bbox 1820 5307 1870 5342; x_wconf 60' lang='grc' dir='ltr'><strong>τ’</strong></span> <span class='ocrx_word' id='word_1_654' title='bbox 1918 5307 2043 5342; x_wconf 67' lang='grc' dir='ltr'><strong>ναν.</strong></span> <span class='ocrx_word' id='word_1_655' title='bbox 2095 5307 2185 5328; x_wconf 72' lang='grc' dir='ltr'><strong>υυο</strong></span> 
     </span>
    </p>
   </div>
   <div class='ocr_carea' id='block_1_87' title="bbox 539 5340 2189 5412">
    <p class='ocr_par' dir='ltr' id='par_1_87' title="bbox 539 5340 2189 5412">
     <span class='ocr_line' id='line_1_88' title="bbox 539 5340 2189 5412; baseline 0.004 -19"><span class='ocrx_word' id='word_1_656' title='bbox 539 5340 835 5412; x_wconf 72' lang='lat' dir='ltr'><strong>Ciceronis</strong></span> <span class='ocrx_word' id='word_1_657' title='bbox 883 5340 1067 5408; x_wconf 88' lang='lat' dir='ltr'><strong>locus,</strong></span> <span class='ocrx_word' id='word_1_658' title='bbox 1104 5364 1132 5391; x_wconf 86' lang='lat'><strong>«</strong></span> <span class='ocrx_word' id='word_1_659' title='bbox 1168 5359 1303 5397; x_wconf 89' lang='lat' dir='ltr'><strong>cum</strong></span> <span class='ocrx_word' id='word_1_660' title='bbox 1354 5340 1576 5400; x_wconf 82' lang='lat' dir='ltr'><strong>ratione</strong></span> <span class='ocrx_word' id='word_1_661' title='bbox 1626 5340 1861 5399; x_wconf 84' lang='lat' dir='ltr'><strong>animus</strong></span> <span class='ocrx_word' id='word_1_662' title='bbox 1924 5340 2189 5400; x_wconf 81' lang='lat' dir='ltr'><strong>movetur</strong></span> 
     </span>
    </p>
   </div>
   <div class='ocr_carea' id='block_1_88' title="bbox 541 5411 2187 5484">
    <p class='ocr_par' dir='ltr' id='par_1_88' title="bbox 541 5411 2187 5484">
     <span class='ocr_line' id='line_1_89' title="bbox 541 5411 2187 5484; baseline 0.002 -18"><span class='ocrx_word' id='word_1_663' title='bbox 541 5411 784 5484; x_wconf 78' lang='lat' dir='ltr'><strong>placide,</strong></span> <span class='ocrx_word' id='word_1_664' title='bbox 819 5417 993 5484; x_wconf 88' lang='lat' dir='ltr'><strong>atque</strong></span> <span class='ocrx_word' id='word_1_665' title='bbox 1023 5418 1375 5484; x_wconf 84' lang='lat' dir='ltr'><strong>constanter,</strong></span> <span class='ocrx_word' id='word_1_666' title='bbox 1407 5420 1532 5470; x_wconf 90' lang='lat' dir='ltr'><strong>tum</strong></span> <span class='ocrx_word' id='word_1_667' title='bbox 1568 5414 1710 5470; x_wconf 90' lang='lat' dir='ltr'><strong>illud</strong></span> <span class='ocrx_word' id='word_1_668' title='bbox 1762 5415 2044 5484; x_wconf 82' lang='lat' dir='ltr'><strong>gaudium</strong></span> <span class='ocrx_word' id='word_1_669' title='bbox 2105 5417 2187 5471; x_wconf 53' lang='lat' dir='ltr'><strong>di-</strong></span> 
     </span>
    </p>
   </div>
   <div class='ocr_carea' id='block_1_89' title="bbox 540 5481 2194 5551">
    <p class='ocr_par' dir='ltr' id='par_1_89' title="bbox 540 5481 2194 5551">
     <span class='ocr_line' id='line_1_90' title="bbox 540 5481 2194 5551; baseline 0.006 -18"><span class='ocrx_word' id='word_1_670' title='bbox 540 5481 728 5551; x_wconf 87' lang='lat' dir='ltr'><strong>citur;</strong></span> <span class='ocrx_word' id='word_1_671' title='bbox 762 5481 915 5539; x_wconf 50' lang='lat' dir='ltr'><strong>cum&#39;</strong></span> <span class='ocrx_word' id='word_1_672' title='bbox 950 5491 1145 5542; x_wconf 89' lang='lat' dir='ltr'><strong>autem</strong></span> <span class='ocrx_word' id='word_1_673' title='bbox 1193 5491 1248 5541; x_wconf 89' lang='lat' dir='ltr'><strong>et</strong></span> <span class='ocrx_word' id='word_1_674' title='bbox 1303 5481 1552 5542; x_wconf 78' lang='lat' dir='ltr'><strong>inaniter</strong></span> <span class='ocrx_word' id='word_1_675' title='bbox 1597 5492 1654 5540; x_wconf 91' lang='lat' dir='ltr'><strong>et</strong></span> <span class='ocrx_word' id='word_1_676' title='bbox 1709 5481 1892 5541; x_wconf 65' lang='lat' dir='ltr'><strong>effuse</strong></span> <span class='ocrx_word' id='word_1_677' title='bbox 1953 5487 2194 5544; x_wconf 88' lang='lat' dir='ltr'><strong>animus-</strong></span> 
     </span>
    </p>
   </div>
   <div class='ocr_carea' id='block_1_90' title="bbox 543 5553 2187 5678">
    <p class='ocr_par' dir='ltr' id='par_1_90' title="bbox 543 5553 2187 5678">
     <span class='ocr_line' id='line_1_91' title="bbox 543 5553 2187 5678; baseline 0.007 -73"><span class='ocrx_word' id='word_1_678' title='bbox 543 5553 780 5678; x_wconf 53' lang='lat' dir='ltr'><strong>emtiltzzt,</strong></span> <span class='ocrx_word' id='word_1_679' title='bbox 815 5563 936 5611; x_wconf 87' lang='lat' dir='ltr'><strong>tum</strong></span> <span class='ocrx_word' id='word_1_680' title='bbox 978 5559 1080 5613; x_wconf 87' lang='lat' dir='ltr'><strong>illa</strong></span> <span class='ocrx_word' id='word_1_681' title='bbox 1128 5557 1348 5620; x_wconf 67' lang='lat' dir='ltr'><strong>laetitia,</strong></span> <span class='ocrx_word' id='word_1_682' title='bbox 1408 5558 1666 5629; x_wconf 81' lang='lat' dir='ltr'><strong>gestiens</strong></span> <span class='ocrx_word' id='word_1_683' title='bbox 1704 5558 1792 5614; x_wconf 89' lang='lat' dir='ltr'><strong>vel</strong></span> <span class='ocrx_word' id='word_1_684' title='bbox 1843 5558 2026 5614; x_wconf 86' lang='lat' dir='ltr'><strong>nimia</strong></span> <span class='ocrx_word' id='word_1_685' title='bbox 2072 5560 2187 5616; x_wconf 87' lang='lat' dir='ltr'><strong>dici</strong></span> 
     </span>
     <span class='ocr_line' id='line_1_92' title="bbox 545 5639 809 5678; baseline 0 0"><span class='ocrx_word' id='word_1_686' title='bbox 545 5639 616 5678; x_wconf 88' lang='lat' dir='ltr'><strong>D0</strong></span> <span class='ocrx_word' id='word_1_687' title='bbox 645 5639 707 5677; x_wconf 91' lang='lat' dir='ltr'><strong>es</strong></span> <span class='ocrx_word' id='word_1_688' title='bbox 741 5666 754 5678; x_wconf 90' lang='lat'><strong>.</strong></span> <span class='ocrx_word' id='word_1_689' title='bbox 781 5645 809 5672; x_wconf 82' lang='lat'>»</span> 
     </span>
    </p>
   </div>
   <div class='ocr_carea' id='block_1_91' title="bbox 585 5639 809 5678">
    <p class='ocr_par' dir='ltr' id='par_1_91' title="bbox 585 5639 809 5678">
     <span class='ocr_line' id='line_1_93' title="bbox 585 5639 809 5678; baseline 0.004 -1"><span class='ocrx_word' id='word_1_690' title='bbox 585 5639 754 5678; x_wconf 78' lang='lat' dir='ltr'><strong>etest.</strong></span> <span class='ocrx_word' id='word_1_691' title='bbox 781 5645 809 5672; x_wconf 82' lang='lat'>»</span> 
     </span>
    </p>
   </div>
   <div class='ocr_carea' id='block_1_92' title="bbox 544 5639 2183 5768">
    <p class='ocr_par' dir='ltr' id='par_1_92' title="bbox 544 5639 2183 5768">
     <span class='ocr_line' id='line_1_94' title="bbox 585 5639 809 5678; baseline 0.004 -1"><span class='ocrx_word' id='word_1_692' title='bbox 585 5639 809 5678; x_wconf 79' lang='lat' dir='ltr'><strong>etest.»</strong></span> 
     </span>
     <span class='ocr_line' id='line_1_95' title="bbox 544 5639 2183 5768; baseline 0.007 -21"><span class='ocrx_word' id='word_1_693' title='bbox 544 5639 755 5768; x_wconf 73' lang='lat' dir='ltr'><strong>p_’Ita</strong></span> <span class='ocrx_word' id='word_1_694' title='bbox 810 5699 991 5752; x_wconf 89' lang='lat' dir='ltr'><strong>nostri</strong></span> <span class='ocrx_word' id='word_1_695' title='bbox 1050 5716 1194 5756; x_wconf 74' lang='lat' dir='ltr'><strong>mss.</strong></span> <span class='ocrx_word' id='word_1_696' title='bbox 1273 5717 1497 5768; x_wconf 89' lang='lat' dir='ltr'><strong>omnes,</strong></span> <span class='ocrx_word' id='word_1_697' title='bbox 1569 5704 1625 5755; x_wconf 88' lang='lat' dir='ltr'><strong>et</strong></span> <span class='ocrx_word' id='word_1_698' title='bbox 1705 5700 1928 5756; x_wconf 81' lang='lat' dir='ltr'><strong>Rabani</strong></span> <span class='ocrx_word' id='word_1_699' title='bbox 1993 5717 2183 5758; x_wconf 80' lang='lat' dir='ltr'><strong>exem-</strong></span> 
     </span>
    </p>
   </div>
   <div class='ocr_carea' id='block_1_93' title="bbox 543 5762 2182 5847">
    <p class='ocr_par' dir='ltr' id='par_1_93' title="bbox 543 5762 2182 5847">
     <span class='ocr_line' id='line_1_96' title="bbox 543 5762 2182 5847; baseline 0.008 -28"><span class='ocrx_word' id='word_1_700' title='bbox 543 5762 689 5836; x_wconf 87' lang='lat' dir='ltr'><strong>plar,</strong></span> <span class='ocrx_word' id='word_1_701' title='bbox 724 5769 783 5822; x_wconf 90' lang='lat' dir='ltr'><strong>et</strong></span> <span class='ocrx_word' id='word_1_702' title='bbox 812 5771 1034 5826; x_wconf 84' lang='lat' dir='ltr'><strong>veteres</strong></span> <span class='ocrx_word' id='word_1_703' title='bbox 1062 5771 1283 5843; x_wconf 80' lang='lat' dir='ltr'><strong>vulgati</strong></span> <span class='ocrx_word' id='word_1_704' title='bbox 1315 5771 1452 5829; x_wconf 80' lang='lat' dir='ltr'><strong>libri</strong></span> <span class='ocrx_word' id='word_1_705' title='bbox 1475 5762 1812 5846; x_wconf 45' lang='lat' dir='ltr'><strong>prbferuntt</strong></span> <span class='ocrx_word' id='word_1_706' title='bbox 1868 5771 2182 5847; x_wconf 84' lang='lat' dir='ltr'><strong>Victorius,</strong></span> 
     </span>
    </p>
   </div>
   <div class='ocr_carea' id='block_1_94' title="bbox 2293 3412 2750 3468">
    <p class='ocr_par' dir='ltr' id='par_1_94' title="bbox 2293 3412 2750 3468">
     <span class='ocr_line' id='line_1_97' title="bbox 2293 3412 2750 3468; baseline -0.004 0"><span class='ocrx_word' id='word_1_707' title='bbox 2293 3413 2372 3468; x_wconf 88' lang='lat' dir='ltr'><strong>sit</strong></span> <span class='ocrx_word' id='word_1_708' title='bbox 2401 3412 2750 3467; x_wconf 88' lang='lat' dir='ltr'><strong>utilitatum.</strong></span> 
     </span>
    </p>
   </div>
   <div class='ocr_carea' id='block_1_95' title="bbox 2367 3500 4014 3572">
    <p class='ocr_par' dir='ltr' id='par_1_95' title="bbox 2367 3500 4014 3572">
     <span class='ocr_line' id='line_1_98' title="bbox 2367 3500 4014 3572; baseline -0.002 -16"><span class='ocrx_word' id='word_1_709' title='bbox 2367 3503 2521 3557; x_wconf 84' lang='lat' dir='ltr'><strong>Inter</strong></span> <span class='ocrx_word' id='word_1_710' title='bbox 2553 3503 2776 3557; x_wconf 81' lang='lat' dir='ltr'><strong>fructus</strong></span> <span class='ocrx_word' id='word_1_711' title='bbox 2807 3500 3072 3572; x_wconf 83' lang='lat' dir='ltr'><strong>spiritus,</strong></span> <span class='ocrx_word' id='word_1_712' title='bbox 3101 3500 3418 3571; x_wconf 86' lang='lat' dir='ltr'><strong>septimum</strong></span> <span class='ocrx_word' id='word_1_713' title='bbox 3449 3503 3509 3556; x_wconf 84' lang='lat' dir='ltr'><strong>et</strong></span> <span class='ocrx_word' id='word_1_714' title='bbox 3560 3501 3935 3555; x_wconf 80' lang='lat' dir='ltr'><strong>sacratiorem</strong></span> <span class='ocrx_word' id='word_1_715' title='bbox 4009 3559 4014 3566; x_wconf 85' lang='grc' dir='ltr'><strong> </strong></span> 
     </span>
    </p>
   </div>
   <div class='ocr_carea' id='block_1_96' title="bbox 2289 3587 3935 3662">
    <p class='ocr_par' dir='ltr' id='par_1_96' title="bbox 2289 3587 3935 3662">
     <span class='ocr_line' id='line_1_99' title="bbox 2289 3587 3935 3662; baseline -0.002 -16"><span class='ocrx_word' id='word_1_716' title='bbox 2289 3589 2480 3647; x_wconf 88' lang='lat' dir='ltr'><strong>locum</strong></span> <span class='ocrx_word' id='word_1_717' title='bbox 2513 3593 2657 3647; x_wconf 81' lang='lat' dir='ltr'><strong>fides</strong></span> <span class='ocrx_word' id='word_1_718' title='bbox 2689 3591 2967 3662; x_wconf 83' lang='lat' dir='ltr'><strong>possidet,</strong></span> <span class='ocrx_word' id='word_1_719' title='bbox 3020 3606 3146 3662; x_wconf 69' lang='lat' dir='ltr'><strong>quas</strong></span> <span class='ocrx_word' id='word_1_720' title='bbox 3200 3589 3375 3645; x_wconf 87' lang='lat' dir='ltr'><strong>etiam</strong></span> <span class='ocrx_word' id='word_1_721' title='bbox 3425 3587 3567 3644; x_wconf 81' lang='lat' dir='ltr'><strong>alibi</strong></span> <span class='ocrx_word' id='word_1_722' title='bbox 3615 3588 3769 3644; x_wconf 83' lang='lat' dir='ltr'><strong>inter</strong></span> <span class='ocrx_word' id='word_1_723' title='bbox 3818 3593 3935 3642; x_wconf 81' lang='lat' dir='ltr'><strong>tres</strong></span> 
     </span>
    </p>
   </div>
   <div class='ocr_carea' id='block_1_97' title="bbox 2293 3677 3932 3753">
    <p class='ocr_par' dir='ltr' id='par_1_97' title="bbox 2293 3677 3932 3753">
     <span class='ocr_line' id='line_1_100' title="bbox 2293 3677 3932 3753; baseline -0.004 -17"><span class='ocrx_word' id='word_1_724' title='bbox 2293 3681 2563 3753; x_wconf 85' lang='lat' dir='ltr'><strong>ponitur:</strong></span> <span class='ocrx_word' id='word_1_725' title='bbox 2626 3697 2797 3752; x_wconf 88' lang='lat' dir='ltr'><strong>spes:</strong></span> <span class='ocrx_word' id='word_1_726' title='bbox 2857 3681 3022 3746; x_wconf 78' lang='lat' dir='ltr'><strong>ﬁdes,</strong></span> <span class='ocrx_word' id='word_1_727' title='bbox 3075 3679 3330 3734; x_wconf 86' lang='lat' dir='ltr'><strong>cbaritas</strong></span> <span class='ocrx_word' id='word_1_728' title='bbox 3389 3680 3433 3750; x_wconf 90' lang='lat' dir='ltr'><strong>(I</strong></span> <span class='ocrx_word' id='word_1_729' title='bbox 3456 3681 3580 3734; x_wconf 83' lang='lat' dir='ltr'><strong>Cor.</strong></span> <span class='ocrx_word' id='word_1_730' title='bbox 3634 3693 3758 3742; x_wconf 85' lang='lat' dir='ltr'><strong>xm,</strong></span> <span class='ocrx_word' id='word_1_731' title='bbox 3822 3677 3932 3744; x_wconf 84' lang='grc'><strong>13).</strong></span> 
     </span>
    </p>
   </div>
   <div class='ocr_carea' id='block_1_98' title="bbox 2289 3767 3934 3841">
    <p class='ocr_par' dir='ltr' id='par_1_98' title="bbox 2289 3767 3934 3841">
     <span class='ocr_line' id='line_1_101' title="bbox 2289 3767 3934 3841; baseline -0.004 -15"><span class='ocrx_word' id='word_1_732' title='bbox 2289 3770 2404 3826; x_wconf 88' lang='lat' dir='ltr'><strong>Nec</strong></span> <span class='ocrx_word' id='word_1_733' title='bbox 2435 3770 2650 3824; x_wconf 89' lang='lat' dir='ltr'><strong>mirum</strong></span> <span class='ocrx_word' id='word_1_734' title='bbox 2684 3770 2731 3824; x_wconf 89' lang='lat' dir='ltr'><strong>si</strong></span> <span class='ocrx_word' id='word_1_735' title='bbox 2765 3785 2897 3840; x_wconf 89' lang='lat' dir='ltr'><strong>spes</strong></span> <span class='ocrx_word' id='word_1_736' title='bbox 2927 3769 2986 3823; x_wconf 91' lang='lat' dir='ltr'><strong>in</strong></span> <span class='ocrx_word' id='word_1_737' title='bbox 3019 3768 3125 3824; x_wconf 92' lang='lat' dir='ltr'><strong>hoc</strong></span> <span class='ocrx_word' id='word_1_738' title='bbox 3147 3768 3406 3841; x_wconf 88' lang='lat' dir='ltr'><strong>catalogo</strong></span> <span class='ocrx_word' id='word_1_739' title='bbox 3455 3784 3569 3823; x_wconf 89' lang='lat' dir='ltr'><strong>non</strong></span> <span class='ocrx_word' id='word_1_740' title='bbox 3597 3767 3882 3822; x_wconf 82' lang='lat' dir='ltr'><strong>referatur</strong></span> <span class='ocrx_word' id='word_1_741' title='bbox 3922 3780 3934 3820; x_wconf 95' lang='lat'><strong>:</strong></span> 
     </span>
    </p>
   </div>
   <div class='ocr_carea' id='block_1_99' title="bbox 2293 3857 3936 3930">
    <p class='ocr_par' dir='ltr' id='par_1_99' title="bbox 2293 3857 3936 3930">
     <span class='ocr_line' id='line_1_102' title="bbox 2293 3857 3936 3930; baseline -0.004 -16"><span class='ocrx_word' id='word_1_742' title='bbox 2293 3875 2428 3914; x_wconf 88' lang='lat' dir='ltr'><strong>cum</strong></span> <span class='ocrx_word' id='word_1_743' title='bbox 2463 3859 2519 3912; x_wconf 90' lang='lat' dir='ltr'><strong>in</strong></span> <span class='ocrx_word' id='word_1_744' title='bbox 2573 3860 2688 3914; x_wconf 78' lang='lat' dir='ltr'><strong>fide</strong></span> <span class='ocrx_word' id='word_1_745' title='bbox 2719 3859 2798 3912; x_wconf 89' lang='lat' dir='ltr'><strong>sit</strong></span> <span class='ocrx_word' id='word_1_746' title='bbox 2827 3859 2980 3930; x_wconf 91' lang='lat' dir='ltr'><strong>quod</strong></span> <span class='ocrx_word' id='word_1_747' title='bbox 3033 3863 3340 3929; x_wconf 89' lang='lat' dir='ltr'><strong>speratur:</strong></span> <span class='ocrx_word' id='word_1_748' title='bbox 3389 3862 3447 3912; x_wconf 87' lang='lat' dir='ltr'><strong>et</strong></span> <span class='ocrx_word' id='word_1_749' title='bbox 3483 3857 3565 3912; x_wconf 81' lang='lat' dir='ltr'><strong>ita</strong></span> <span class='ocrx_word' id='word_1_750' title='bbox 3603 3869 3730 3910; x_wconf 84' lang='lat' dir='ltr'><strong>eam</strong></span> <span class='ocrx_word' id='word_1_751' title='bbox 3779 3857 3936 3925; x_wconf 84' lang='lat' dir='ltr'><strong>Apo-</strong></span> 
     </span>
    </p>
   </div>
   <div class='ocr_carea' id='block_1_100' title="bbox 2295 3947 3940 4005">
    <p class='ocr_par' dir='ltr' id='par_1_100' title="bbox 2295 3947 3940 4005">
     <span class='ocr_line' id='line_1_103' title="bbox 2295 3947 3940 4005; baseline -0.005 0"><span class='ocrx_word' id='word_1_752' title='bbox 2295 3949 2484 4005; x_wconf 88' lang='lat' dir='ltr'><strong>stolus</strong></span> <span class='ocrx_word' id='word_1_753' title='bbox 2513 3948 2586 4003; x_wconf 91' lang='lat' dir='ltr'><strong>ad</strong></span> <span class='ocrx_word' id='word_1_754' title='bbox 2642 3948 2911 4003; x_wconf 75' lang='lat' dir='ltr'><strong>Hebraeos</strong></span> <span class='ocrx_word' id='word_1_755' title='bbox 2960 3948 3222 4004; x_wconf 89' lang='lat' dir='ltr'><strong>scribens</strong></span> <span class='ocrx_word' id='word_1_756' title='bbox 3279 3947 3559 4003; x_wconf 79' lang='lat' dir='ltr'><strong>deﬁniat:</strong></span> <span class='ocrx_word' id='word_1_757' title='bbox 3616 3951 3712 4003; x_wconf 83' lang='lat' dir='ltr'><strong>Est</strong></span> <span class='ocrx_word' id='word_1_758' title='bbox 3756 3947 3940 3999; x_wconf 82' lang='lat' dir='ltr'><strong>autem</strong></span> 
     </span>
    </p>
   </div>
   <div class='ocr_carea' id='block_1_101' title="bbox 2295 4037 3945 4110">
    <p class='ocr_par' dir='ltr' id='par_1_101' title="bbox 2295 4037 3945 4110">
     <span class='ocr_line' id='line_1_104' title="bbox 2295 4037 3945 4110; baseline -0.004 -16"><span class='ocrx_word' id='word_1_759' title='bbox 2295 4038 2425 4109; x_wconf 77' lang='lat' dir='ltr'><strong>ﬁdes</strong></span> <span class='ocrx_word' id='word_1_760' title='bbox 2482 4038 2885 4110; x_wconf 62' lang='lat' dir='ltr'><strong>sperandam-in</strong></span> <span class='ocrx_word' id='word_1_761' title='bbox 2945 4039 3256 4094; x_wconf 79' lang='lat' dir='ltr'><strong>substantia</strong></span> <span class='ocrx_word' id='word_1_762' title='bbox 3300 4051 3506 4103; x_wconf 75' lang='lat' dir='ltr'><strong>rerum,</strong></span> <span class='ocrx_word' id='word_1_763' title='bbox 3556 4037 3945 4104; x_wconf 73' lang='lat' dir='ltr'><strong>argumentum</strong></span> 
     </span>
    </p>
   </div>
   <div class='ocr_carea' id='block_1_102' title="bbox 2295 4122 3946 4198">
    <p class='ocr_par' dir='ltr' id='par_1_102' title="bbox 2295 4122 3946 4198">
     <span class='ocr_line' id='line_1_105' title="bbox 2295 4122 3946 4198; baseline -0.004 -16"><span class='ocrx_word' id='word_1_764' title='bbox 2295 4129 2524 4182; x_wconf 81' lang='lat' dir='ltr'><strong>necdum</strong></span> <span class='ocrx_word' id='word_1_765' title='bbox 2570 4132 2954 4198; x_wconf 80' lang='lat' dir='ltr'><strong>apparentium</strong></span> <span class='ocrx_word' id='word_1_766' title='bbox 3011 4128 3202 4198; x_wconf 72' lang='lat' dir='ltr'><strong>(Hebr.</strong></span> <span class='ocrx_word' id='word_1_767' title='bbox 3259 4143 3340 4194; x_wconf 76' lang='lat' dir='ltr'><strong>Xl,</strong></span> <span class='ocrx_word' id='word_1_768' title='bbox 3403 4126 3476 4197; x_wconf 90' lang='grc'><strong>1).</strong></span> <span class='ocrx_word' id='word_1_769' title='bbox 3527 4124 3832 4196; x_wconf 83' lang='lat' dir='ltr'><strong>Siquidem</strong></span> <span class='ocrx_word' id='word_1_770' title='bbox 3883 4122 3946 4177; x_wconf 78' lang='lat' dir='ltr'><strong>id-</strong></span> 
     </span>
    </p>
   </div>
   <div class='ocr_carea' id='block_1_103' title="bbox 2297 4213 3941 4289">
    <p class='ocr_par' dir='ltr' id='par_1_103' title="bbox 2297 4213 3941 4289">
     <span class='ocr_line' id='line_1_106' title="bbox 2297 4213 3941 4289; baseline -0.002 -17"><span class='ocrx_word' id='word_1_771' title='bbox 2297 4219 2452 4289; x_wconf 90' lang='lat' dir='ltr'><strong>quod</strong></span> <span class='ocrx_word' id='word_1_772' title='bbox 2483 4233 2792 4288; x_wconf 85' lang='lat' dir='ltr'><strong>speramus</strong></span> <span class='ocrx_word' id='word_1_773' title='bbox 2823 4233 2951 4272; x_wconf 89' lang='lat' dir='ltr'><strong>esse</strong></span> <span class='ocrx_word' id='word_1_774' title='bbox 2985 4222 3321 4281; x_wconf 89' lang='lat' dir='ltr'><strong>venturum,</strong></span> <span class='ocrx_word' id='word_1_775' title='bbox 3353 4219 3410 4273; x_wconf 89' lang='lat' dir='ltr'><strong>et</strong></span> <span class='ocrx_word' id='word_1_776' title='bbox 3441 4215 3691 4271; x_wconf 88' lang='lat' dir='ltr'><strong>necdum</strong></span> <span class='ocrx_word' id='word_1_777' title='bbox 3713 4249 3718 4252; x_wconf 95' lang='lat'><strong>-</strong></span> <span class='ocrx_word' id='word_1_778' title='bbox 3744 4219 3837 4269; x_wconf 82' lang='lat' dir='ltr'><strong>est</strong></span> <span class='ocrx_word' id='word_1_779' title='bbox 3883 4213 3941 4268; x_wconf 90' lang='lat' dir='ltr'><strong>in</strong></span> 
     </span>
    </p>
   </div>
   <div class='ocr_carea' id='block_1_104' title="bbox 2298 4307 3945 4380">
    <p class='ocr_par' dir='ltr' id='par_1_104' title="bbox 2298 4307 3945 4380">
     <span class='ocr_line' id='line_1_107' title="bbox 2298 4307 3945 4380; baseline -0.003 -17"><span class='ocrx_word' id='word_1_780' title='bbox 2298 4307 2594 4380; x_wconf 76' lang='lat' dir='ltr'><strong>praesenti,</strong></span> <span class='ocrx_word' id='word_1_781' title='bbox 2629 4307 2742 4361; x_wconf 81' lang='lat' dir='ltr'><strong>ﬁde</strong></span> <span class='ocrx_word' id='word_1_782' title='bbox 2792 4308 3186 4378; x_wconf 86' lang='lat' dir='ltr'><strong>possidemus,</strong></span> <span class='ocrx_word' id='word_1_783' title='bbox 3243 4311 3549 4378; x_wconf 87' lang='lat' dir='ltr'><strong>sperantes</strong></span> <span class='ocrx_word' id='word_1_784' title='bbox 3596 4323 3704 4362; x_wconf 85' lang='lat' dir='ltr'><strong>nos</strong></span> <span class='ocrx_word' id='word_1_785' title='bbox 3749 4309 3945 4360; x_wconf 89' lang='lat' dir='ltr'><strong>tenere</strong></span> 
     </span>
    </p>
   </div>
   <div class='ocr_carea' id='block_1_105' title="bbox 2299 4394 3943 4469">
    <p class='ocr_par' dir='ltr' id='par_1_105' title="bbox 2299 4394 3943 4469">
     <span class='ocr_line' id='line_1_108' title="bbox 2299 4394 3943 4469; baseline -0.002 -17"><span class='ocrx_word' id='word_1_786' title='bbox 2299 4397 2452 4468; x_wconf 79' lang='lat' dir='ltr'><strong>quod</strong></span> <span class='ocrx_word' id='word_1_787' title='bbox 2487 4397 2802 4452; x_wconf 88' lang='lat' dir='ltr'><strong>credimus.</strong></span> <span class='ocrx_word' id='word_1_788' title='bbox 2835 4397 3124 4460; x_wconf 70' lang='lat' dir='ltr'><strong>Quaeritur</strong></span> <span class='ocrx_word' id='word_1_789' title='bbox 3182 4413 3414 4469; x_wconf 87' lang='lat' dir='ltr'><strong>quoque</strong></span> <span class='ocrx_word' id='word_1_790' title='bbox 3463 4396 3756 4468; x_wconf 67' lang='lat' dir='ltr'><strong>quomodo</strong></span> <span class='ocrx_word' id='word_1_791' title='bbox 3795 4394 3943 4448; x_wconf 84' lang='lat' dir='ltr'><strong>ﬁdes</strong></span> 
     </span>
    </p>
   </div>
   <div class='ocr_carea' id='block_1_106' title="bbox 2299 4485 3946 4557">
    <p class='ocr_par' dir='ltr' id='par_1_106' title="bbox 2299 4485 3946 4557">
     <span class='ocr_line' id='line_1_109' title="bbox 2299 4485 3946 4557; baseline -0.002 -17"><span class='ocrx_word' id='word_1_792' title='bbox 2299 4486 2356 4540; x_wconf 92' lang='lat' dir='ltr'><strong>in</strong></span> <span class='ocrx_word' id='word_1_793' title='bbox 2391 4485 2671 4541; x_wconf 83' lang='lat' dir='ltr'><strong>charitate</strong></span> <span class='ocrx_word' id='word_1_794' title='bbox 2721 4485 2798 4541; x_wconf 91' lang='lat' dir='ltr'><strong>sit</strong></span> <span class='ocrx_word' id='word_1_795' title='bbox 2846 4487 3053 4556; x_wconf 88' lang='lat' dir='ltr'><strong>posita.</strong></span> <span class='ocrx_word' id='word_1_796' title='bbox 3107 4485 3214 4549; x_wconf 82' lang='lat' dir='ltr'><strong>Qui</strong></span> <span class='ocrx_word' id='word_1_797' title='bbox 3259 4485 3469 4557; x_wconf 88' lang='lat' dir='ltr'><strong>diligit,</strong></span> <span class='ocrx_word' id='word_1_798' title='bbox 3521 4495 3823 4554; x_wconf 80' lang='lat' dir='ltr'><strong>nunquam</strong></span> <span class='ocrx_word' id='word_1_799' title='bbox 3882 4497 3946 4538; x_wconf 86' lang='lat' dir='ltr'><strong>se</strong></span> 
     </span>
    </p>
   </div>
   <div class='ocr_carea' id='block_1_107' title="bbox 2298 4570 3950 4645">
    <p class='ocr_par' dir='ltr' id='par_1_107' title="bbox 2298 4570 3950 4645">
     <span class='ocr_line' id='line_1_110' title="bbox 2298 4570 3950 4645; baseline -0.003 -15"><span class='ocrx_word' id='word_1_800' title='bbox 2298 4575 2428 4630; x_wconf 71' lang='lat' dir='ltr'><strong>laadi</strong></span> <span class='ocrx_word' id='word_1_801' title='bbox 2463 4577 2754 4631; x_wconf 74' lang='lat' dir='ltr'><strong>aastimat:</strong></span> <span class='ocrx_word' id='word_1_802' title='bbox 2791 4589 3091 4645; x_wconf 86' lang='lat' dir='ltr'><strong>nunquam</strong></span> <span class='ocrx_word' id='word_1_803' title='bbox 3127 4574 3286 4628; x_wconf 87' lang='lat' dir='ltr'><strong>aliud</strong></span> <span class='ocrx_word' id='word_1_804' title='bbox 3321 4573 3436 4627; x_wconf 83' lang='lat' dir='ltr'><strong>nisi</strong></span> <span class='ocrx_word' id='word_1_805' title='bbox 3467 4572 3622 4643; x_wconf 81' lang='lat' dir='ltr'><strong>quod</strong></span> <span class='ocrx_word' id='word_1_806' title='bbox 3653 4570 3847 4643; x_wconf 75' lang='lat' dir='ltr'><strong>diligit</strong></span> <span class='ocrx_word' id='word_1_807' title='bbox 3889 4574 3950 4625; x_wconf 81' lang='lat' dir='ltr'><strong>et</strong></span> 
     </span>
    </p>
   </div>
   <div class='ocr_carea' id='block_1_108' title="bbox 2301 4658 3946 4737">
    <p class='ocr_par' dir='ltr' id='par_1_108' title="bbox 2301 4658 3946 4737">
     <span class='ocr_line' id='line_1_111' title="bbox 2301 4658 3946 4737; baseline -0.003 -18"><span class='ocrx_word' id='word_1_808' title='bbox 2301 4665 2566 4737; x_wconf 88' lang='lat' dir='ltr'><strong>diligitur</strong></span> <span class='ocrx_word' id='word_1_809' title='bbox 2597 4667 2636 4729; x_wconf 71' lang='grc' dir='ltr'><strong>δ,</strong></span> <span class='ocrx_word' id='word_1_810' title='bbox 2673 4665 3027 4736; x_wconf 84' lang='lat' dir='ltr'><strong>suspicatur.</strong></span> <span class='ocrx_word' id='word_1_811' title='bbox 3061 4662 3207 4718; x_wconf 89' lang='lat' dir='ltr'><strong>Cum</strong></span> <span class='ocrx_word' id='word_1_812' title='bbox 3239 4667 3442 4717; x_wconf 77' lang='lat' dir='ltr'><strong>autem</strong></span> <span class='ocrx_word' id='word_1_813' title='bbox 3466 4659 3696 4716; x_wconf 83' lang='lat' dir='ltr'><strong>dilect-io</strong></span> <span class='ocrx_word' id='word_1_814' title='bbox 3745 4658 3946 4731; x_wconf 86' lang='lat' dir='ltr'><strong>procul</strong></span> 
     </span>
    </p>
   </div>
   <div class='ocr_carea' id='block_1_109' title="bbox 2302 4750 3946 4825">
    <p class='ocr_par' dir='ltr' id='par_1_109' title="bbox 2302 4750 3946 4825">
     <span class='ocr_line' id='line_1_112' title="bbox 2302 4750 3946 4825; baseline -0.004 -15"><span class='ocrx_word' id='word_1_815' title='bbox 2302 4753 2572 4822; x_wconf 77' lang='lat' dir='ltr'><strong>abfuerit,</strong></span> <span class='ocrx_word' id='word_1_816' title='bbox 2608 4759 2663 4808; x_wconf 88' lang='lat' dir='ltr'><strong>et</strong></span> <span class='ocrx_word' id='word_1_817' title='bbox 2694 4755 2838 4808; x_wconf 82' lang='lat' dir='ltr'><strong>ﬁdes</strong></span> <span class='ocrx_word' id='word_1_818' title='bbox 2869 4752 3084 4825; x_wconf 84' lang='lat' dir='ltr'><strong>pariter</strong></span> <span class='ocrx_word' id='word_1_819' title='bbox 3113 4751 3391 4808; x_wconf 82' lang='lat' dir='ltr'><strong>abscedit.</strong></span> <span class='ocrx_word' id='word_1_820' title='bbox 3422 4750 3556 4807; x_wconf 84' lang='lat' dir='ltr'><strong>Post</strong></span> <span class='ocrx_word' id='word_1_821' title='bbox 3584 4750 3756 4806; x_wconf 77' lang='lat' dir='ltr'><strong>fidem</strong></span> <span class='ocrx_word' id='word_1_822' title='bbox 3778 4759 3946 4805; x_wconf 86' lang='lat' dir='ltr'><strong>mau-</strong></span> 
     </span>
    </p>
   </div>
   <div class='ocr_carea' id='block_1_110' title="bbox 2298 4911 3946 4978">
    <p class='ocr_par' dir='ltr' id='par_1_110' title="bbox 2298 4911 3946 4978">
     <span class='ocr_line' id='line_1_113' title="bbox 2298 4911 3946 4978; baseline -0.003 -7"><span class='ocrx_word' id='word_1_823' title='bbox 2298 4931 2549 4978; x_wconf 85' lang='lat' dir='ltr'><strong>eumque</strong></span> <span class='ocrx_word' id='word_1_824' title='bbox 2581 4919 2817 4970; x_wconf 90' lang='lat' dir='ltr'><strong>secutus</strong></span> <span class='ocrx_word' id='word_1_825' title='bbox 2847 4913 3240 4976; x_wconf 69' lang='lat' dir='ltr'><strong>Martianaeus,</strong></span> <span class='ocrx_word' id='word_1_826' title='bbox 3290 4911 3645 4978; x_wconf 81' lang='lat' dir='ltr'><strong>rescrib-unt,</strong></span> <span class='ocrx_word' id='word_1_827' title='bbox 3696 4912 3946 4967; x_wconf 64' lang='lat' dir='ltr'><strong>Reatini-</strong></span> 
     </span>
    </p>
   </div>
   <div class='ocr_carea' id='block_1_111' title="bbox 2297 4983 3944 5052">
    <p class='ocr_par' dir='ltr' id='par_1_111' title="bbox 2297 4983 3944 5052">
     <span class='ocr_line' id='line_1_114' title="bbox 2297 4983 3944 5052; baseline -0.002 -10"><span class='ocrx_word' id='word_1_828' title='bbox 2297 4989 2477 5043; x_wconf 83' lang='lat' dir='ltr'><strong>dines.</strong></span> <span class='ocrx_word' id='word_1_829' title='bbox 2512 5018 2579 5028; x_wconf 90' lang='lat'><strong><em>—</em></strong></span> <span class='ocrx_word' id='word_1_830' title='bbox 2605 4985 2947 5042; x_wconf 88' lang='lat' dir='ltr'><strong>Erasmiana</strong></span> <span class='ocrx_word' id='word_1_831' title='bbox 2976 4984 3152 5040; x_wconf 90' lang='lat' dir='ltr'><strong>editio</strong></span> <span class='ocrx_word' id='word_1_832' title='bbox 3186 4984 3397 5040; x_wconf 88' lang='lat' dir='ltr'><strong>retinet</strong></span> <span class='ocrx_word' id='word_1_833' title='bbox 3427 4983 3737 5040; x_wconf 88' lang='lat' dir='ltr'><strong>lectionem</strong></span> <span class='ocrx_word' id='word_1_834' title='bbox 3797 4999 3944 5052; x_wconf 84' lang='lat' dir='ltr'><strong>quo-</strong></span> 
     </span>
    </p>
   </div>
   <div class='ocr_carea' id='block_1_112' title="bbox 2299 5055 3946 5127">
    <p class='ocr_par' dir='ltr' id='par_1_112' title="bbox 2299 5055 3946 5127">
     <span class='ocr_line' id='line_1_115' title="bbox 2299 5055 3946 5127; baseline -0.002 -13"><span class='ocrx_word' id='word_1_835' title='bbox 2299 5061 2570 5114; x_wconf 89' lang='lat' dir='ltr'><strong>rumdam</strong></span> <span class='ocrx_word' id='word_1_836' title='bbox 2604 5077 2746 5114; x_wconf 89' lang='lat' dir='ltr'><strong>mss.</strong></span> <span class='ocrx_word' id='word_1_837' title='bbox 2781 5057 3168 5113; x_wconf 89' lang='lat' dir='ltr'><strong>vetustiorum</strong></span> <span class='ocrx_word' id='word_1_838' title='bbox 3201 5055 3489 5124; x_wconf 89' lang='lat' dir='ltr'><strong>codicum,</strong></span> <span class='ocrx_word' id='word_1_839' title='bbox 3538 5072 3780 5127; x_wconf 84' lang='lat' dir='ltr'><strong>nempe,</strong></span> <span class='ocrx_word' id='word_1_840' title='bbox 3800 5057 3946 5110; x_wconf 85' lang='lat' dir='ltr'><strong>inter</strong></span> 
     </span>
    </p>
   </div>
   <div class='ocr_carea' id='block_1_113' title="bbox 2295 5126 3941 5199">
    <p class='ocr_par' dir='ltr' id='par_1_113' title="bbox 2295 5126 3941 5199">
     <span class='ocr_line' id='line_1_116' title="bbox 2295 5126 3941 5199; baseline -0.004 -12"><span class='ocrx_word' id='word_1_841' title='bbox 2295 5140 2414 5187; x_wconf 87' lang='lat' dir='ltr'><strong>octo</strong></span> <span class='ocrx_word' id='word_1_842' title='bbox 2445 5132 2736 5199; x_wconf 83' lang='lat' dir='ltr'><strong>Evangelii</strong></span> <span class='ocrx_word' id='word_1_843' title='bbox 2797 5130 3190 5186; x_wconf 80' lang='lat' dir='ltr'><strong>benedictiones</strong></span> <span class='ocrx_word' id='word_1_844' title='bbox 3247 5128 3530 5183; x_wconf 79' lang='lat' dir='ltr'><strong>scribitur.</strong></span> <span class='ocrx_word' id='word_1_845' title='bbox 3583 5126 3717 5192; x_wconf 65' lang='lat' dir='ltr'><strong>Quae</strong></span> <span class='ocrx_word' id='word_1_846' title='bbox 3771 5126 3941 5183; x_wconf 83' lang='lat' dir='ltr'><strong>lectio</strong></span> 
     </span>
    </p>
   </div>
   <div class='ocr_carea' id='block_1_114' title="bbox 2297 5199 3948 5280">
    <p class='ocr_par' dir='ltr' id='par_1_114' title="bbox 2297 5199 3948 5280">
     <span class='ocr_line' id='line_1_117' title="bbox 2297 5199 3948 5280; baseline -0.002 -23"><span class='ocrx_word' id='word_1_847' title='bbox 2297 5204 2518 5280; x_wconf 72' lang='lat' dir='ltr'><strong>pptima</strong></span> <span class='ocrx_word' id='word_1_848' title='bbox 2543 5203 2656 5280; x_wconf 75' lang='lat' dir='ltr'><strong>dici</strong></span> <span class='ocrx_word' id='word_1_849' title='bbox 2685 5203 3060 5280; x_wconf 50' lang='lat' dir='ltr'><strong>potest,_quia</strong></span> <span class='ocrx_word' id='word_1_850' title='bbox 3082 5199 3948 5280; x_wconf 39' lang='lat' dir='ltr'><strong>Ev_angeliibeatitudines&#39;su&#39;nt</strong></span> 
     </span>
    </p>
   </div>
   <div class='ocr_carea' id='block_1_115' title="bbox 2297 5270 3939 5352">
    <p class='ocr_par' dir='ltr' id='par_1_115' title="bbox 2297 5270 3939 5352">
     <span class='ocr_line' id='line_1_118' title="bbox 2297 5270 3939 5352; baseline -0.004 -21"><span class='ocrx_word' id='word_1_851' title='bbox 2297 5270 2734 5352; x_wconf 79' lang='lat' dir='ltr'><strong>benedictionés</strong></span> <span class='ocrx_word' id='word_1_852' title='bbox 2783 5292 2818 5329; x_wconf 86' lang='lat' dir='ltr'><strong>a</strong></span> <span class='ocrx_word' id='word_1_853' title='bbox 2863 5270 3092 5352; x_wconf 74' lang='lat' dir='ltr'><strong>Christo</strong></span> <span class='ocrx_word' id='word_1_854' title='bbox 3143 5270 3398 5352; x_wconf 81' lang='lat' dir='ltr'><strong>Domino.</strong></span> <span class='ocrx_word' id='word_1_855' title='bbox 3439 5272 3620 5328; x_wconf 53' lang='lat' dir='ltr'><strong>dictat</strong></span> <span class='ocrx_word' id='word_1_856' title='bbox 3657 5270 3939 5352; x_wconf 66' lang='lat' dir='ltr'><strong>paciﬁcis,</strong></span> 
     </span>
    </p>
   </div>
   <div class='ocr_carea' id='block_1_116' title="bbox 2297 5342 3940 5421">
    <p class='ocr_par' dir='ltr' id='par_1_116' title="bbox 2297 5342 3940 5421">
     <span class='ocr_line' id='line_1_119' title="bbox 2297 5342 3940 5421; baseline -0.002 -19"><span class='ocrx_word' id='word_1_857' title='bbox 2297 5345 2637 5421; x_wconf 88' lang='lat' dir='ltr'><strong>lugentibus</strong></span> <span class='ocrx_word' id='word_1_858' title='bbox 2670 5351 2728 5402; x_wconf 91' lang='lat' dir='ltr'><strong>et</strong></span> <span class='ocrx_word' id='word_1_859' title='bbox 2755 5347 2976 5403; x_wconf 67' lang='lat' dir='ltr'><strong>caeteris</strong></span> <span class='ocrx_word' id='word_1_860' title='bbox 3007 5345 3068 5402; x_wconf 91' lang='lat' dir='ltr'><strong>in</strong></span> <span class='ocrx_word' id='word_1_861' title='bbox 3099 5346 3397 5402; x_wconf 89' lang='lat' dir='ltr'><strong>octonario</strong></span> <span class='ocrx_word' id='word_1_862' title='bbox 3429 5342 3678 5402; x_wconf 72' lang='lat' dir='ltr'><strong>numero</strong></span> <span class='ocrx_word' id='word_1_863' title='bbox 3714 5342 3940 5417; x_wconf 78' lang='lat' dir='ltr'><strong>positis.</strong></span> 
     </span>
    </p>
   </div>
   <div class='ocr_carea' id='block_1_117' title="bbox 2296 5422 3511 5475">
    <p class='ocr_par' dir='ltr' id='par_1_117' title="bbox 2296 5422 3511 5475">
     <span class='ocr_line' id='line_1_120' title="bbox 2296 5422 3511 5475; baseline 0.003 -2"><span class='ocrx_word' id='word_1_864' title='bbox 2296 5422 2482 5475; x_wconf 79' lang='lat' dir='ltr'><strong>MART.</strong></span> <span class='ocrx_word' id='word_1_865' title='bbox 2670 5429 2676 5434; x_wconf 88' lang='grc'><em>’</em></span> <span class='ocrx_word' id='word_1_866' title='bbox 3509 5445 3511 5448; x_wconf 66' lang='grc'><strong>’</strong></span> 
     </span>
    </p>
   </div>
   <div class='ocr_carea' id='block_1_118' title="bbox 2367 5489 3480 5560">
    <p class='ocr_par' dir='ltr' id='par_1_118' title="bbox 2367 5489 3480 5560">
     <span class='ocr_line' id='line_1_121' title="bbox 2367 5489 3480 5560; baseline 0.001 -15"><span class='ocrx_word' id='word_1_867' title='bbox 2367 5489 2681 5546; x_wconf 74' lang='lat' dir='ltr'><strong>8Pluriurn</strong></span> <span class='ocrx_word' id='word_1_868' title='bbox 2746 5503 2992 5547; x_wconf 87' lang='lat' dir='ltr'><strong>numero</strong></span> <span class='ocrx_word' id='word_1_869' title='bbox 3051 5491 3235 5548; x_wconf 89' lang='lat' dir='ltr'><strong>nostri</strong></span> <span class='ocrx_word' id='word_1_870' title='bbox 3308 5505 3480 5560; x_wconf 90' lang='lat' dir='ltr'><strong>mss.,</strong></span> 
     </span>
    </p>
   </div>
   <div class='ocr_carea' id='block_1_119' title="bbox 2295 5563 3016 5634">
    <p class='ocr_par' dir='ltr' id='par_1_119' title="bbox 2295 5563 3016 5634">
     <span class='ocr_line' id='line_1_122' title="bbox 2295 5563 3016 5634; baseline 0.003 -17"><span class='ocrx_word' id='word_1_871' title='bbox 2295 5563 2645 5618; x_wconf 77' lang='lat' dir='ltr'><strong>vehementer</strong></span> <span class='ocrx_word' id='word_1_872' title='bbox 2674 5565 3016 5634; x_wconf 74' lang='lat' dir='ltr'><strong>insipientes.</strong></span> 
     </span>
    </p>
   </div>
   <div class='ocr_carea' id='block_1_120' title="bbox 2366 5631 3937 5759">
    <p class='ocr_par' dir='ltr' id='par_1_120' title="bbox 2366 5631 3937 5759">
     <span class='ocr_line' id='line_1_123' title="bbox 2366 5631 3937 5759; baseline 0.001 -73"><span class='ocrx_word' id='word_1_873' title='bbox 2366 5635 2388 5668; x_wconf 70' lang='grc' dir='ltr'><strong>ι</strong></span> <span class='ocrx_word' id='word_1_874' title='bbox 2414 5635 2674 5759; x_wconf 49' lang='grc' dir='ltr'><strong>ια’ἓτὶεεεῗ</strong></span> <span class='ocrx_word' id='word_1_875' title='bbox 2706 5631 2920 5691; x_wconf 81' lang='lat' dir='ltr'><strong>rectius</strong></span> <span class='ocrx_word' id='word_1_876' title='bbox 2939 5636 3134 5704; x_wconf 88' lang='lat' dir='ltr'><strong>verba,</strong></span> <span class='ocrx_word' id='word_1_877' title='bbox 3167 5643 3218 5693; x_wconf 83' lang='lat' dir='ltr'><strong>et</strong></span> <span class='ocrx_word' id='word_1_878' title='bbox 3246 5636 3533 5708; x_wconf 85' lang='lat' dir='ltr'><strong>diligitur,</strong></span> <span class='ocrx_word' id='word_1_879' title='bbox 3573 5631 3759 5690; x_wconf 91' lang='lat' dir='ltr'><strong>nostri</strong></span> <span class='ocrx_word' id='word_1_880' title='bbox 3793 5647 3937 5688; x_wconf 89' lang='lat' dir='ltr'><strong>mss.</strong></span> 
     </span>
     <span class='ocr_line' id='line_1_124' title="bbox 2366 5720 2678 5759; baseline 0 0"><span class='ocrx_word' id='word_1_881' title='bbox 2366 5722 2410 5759; x_wconf 72' lang='lat' dir='ltr'><strong>&gt;n</strong></span> <span class='ocrx_word' id='word_1_882' title='bbox 2486 5721 2516 5759; x_wconf 89' lang='lat' dir='ltr'><strong>a</strong></span> <span class='ocrx_word' id='word_1_883' title='bbox 2562 5720 2631 5759; x_wconf 89' lang='lat' dir='ltr'><strong>en</strong></span> <span class='ocrx_word' id='word_1_884' title='bbox 2666 5746 2678 5759; x_wconf 93' lang='lat'><strong>.</strong></span> 
     </span>
    </p>
   </div>
   <div class='ocr_carea' id='block_1_121' title="bbox 2295 5709 2678 5761">
    <p class='ocr_par' dir='ltr' id='par_1_121' title="bbox 2295 5709 2678 5761">
     <span class='ocr_line' id='line_1_125' title="bbox 2295 5709 2678 5761; baseline -0.003 -1"><span class='ocrx_word' id='word_1_885' title='bbox 2295 5720 2410 5761; x_wconf 91' lang='lat' dir='ltr'><strong>non</strong></span> <span class='ocrx_word' id='word_1_886' title='bbox 2443 5709 2678 5760; x_wconf 86' lang='lat' dir='ltr'><strong>habent.</strong></span> 
     </span>
    </p>
   </div>
   <div class='ocr_carea' id='block_1_122' title="bbox 3555 5488 3945 5546">
    <p class='ocr_par' dir='ltr' id='par_1_122' title="bbox 3555 5488 3945 5546">
     <span class='ocr_line' id='line_1_126' title="bbox 3555 5488 3945 5546; baseline -0.005 0"><span class='ocrx_word' id='word_1_887' title='bbox 3555 5488 3945 5546; x_wconf 75' lang='lat' dir='ltr'><strong>Pusiltanimes</strong></span> 
     </span>
    </p>
   </div>
  </div>
