4332 6580
379 533 499 598 4Δ9

1036 527 1554 590 COMMENTAR.
1602 527 1681 588 IN
1725 516 1974 590 EPIST.
2021 529 2126 589 AD
2173 528 2455 590 GALAT.
2503 529 2652 589 LIB.
2700 529 2805 603 111,
2852 531 3024 593 CAP.
3070 533 3145 595 ν.

3678 540 3798 599 450

383 665 634 726 suetudo
664 664 1023 733 numeratur,
1077 678 1204 732 quae
1258 661 1504 718 adversa
1561 665 1650 717 est
1705 661 1828 736 ires,
1863 660 2029 728 rixis,
2061 661 2116 730 Α
2149 676 2262 718 non
2297 661 2450 716 sicut
2478 661 2537 716 in
2569 661 2774 719 Latino
2822 668 3009 731 sonat,
3065 682 3165 722 eos
3223 666 3323 739 qui
3383 667 3598 724 Christi
3631 677 3792 744 sunt,

384 751 853 812 dissensionibus
879 768 892 817 ;
926 753 986 806 et
1017 766 1322 821 nunquam
1349 751 1419 805 ad
1455 751 1547 806 sui
1578 752 1871 807 contraria
1902 767 2035 823 pro-

384 849 645 909 vocatur,
676 855 807 897 vere
837 840 909 896 de
937 841 1094 896 bona
1124 839 1371 911 spiritus
1403 840 1631 907 arbore,
1689 841 1872 895 bnnos
1916 841 2038 896 fru-

389 937 519 990 ctus
547 930 936 1004 egerminans.
973 929 1080 986 Per
1140 929 1293 984 hanc
1341 928 1600 986 famulus
1661 929 1758 984 Dei
1789 933 2035 1001 Moyses,

388 1018 793 1082 testimonium
823 1017 1134 1092 Scripturas
1169 1017 1387 1074 meruit
1428 1018 1710 1089 accipere,
1744 1018 1994 1076 dicentis
2023 1033 2036 1072 :

388 1111 591 1182 Heg/ses
639 1118 958 1166 mansuetus
1014 1111 1153 1178 erat,
1233 1107 1491 1178 plusqam
1548 1121 1736 1163 omnes
1795 1107 2042 1162 homines

390 1214 555 1271 super
583 1198 996 1269 terram(Num.
1051 1213 1152 1262 xu,
1185 1197 1260 1266 3).
1320 1199 1506 1267 Super
1558 1201 1794 1262 terram,
1827 1196 2041 1268 inquit.

393 1288 582 1360 Super
611 1304 710 1344 eos
741 1287 899 1352 enim
933 1285 1035 1358 qui
1066 1285 1208 1341 facie
1266 1285 1338 1340 ad
1397 1285 1602 1341 faciem
1663 1285 1849 1341 Deum
1879 1286 2044 1340 vide»

400 1377 568 1448 bant,
636 1392 765 1434 esse
822 1392 940 1437 non
1004 1378 1229 1446 poterat
1258 1373 1413 1444 (Gen.
1471 1391 1649 1441 χχχιι,
1708 1375 1841 1445 30);
1903 1374 2045 1445 quia

404 1465 597 1522 multa
624 1481 777 1537 saepe
800 1463 1209 1536 compellimur
1238 1478 1341 1534 per
1361 1461 1555 1518 carnis
1587 1463 1773 1518 facere
1806 1461 2047 1518 inﬁrmi-

402 1558 605 1618 tatem.
638 1553 718 1610 De
747 1553 928 1610 David
957 1568 1213 1625 quoque,
1273 1550 1409 1606 licet
1462 1549 1631 1606 multi
1689 1551 1760 1607 de
1798 1550 2046 1607 Domino

401 1648 602 1700 nostro
659 1641 951 1706 aestiment
1007 1639 1447 1712 praphetatum,
1504 1639 1659 1711 quod
1719 1655 1828 1696 nos
1869 1640 2045 1695 etiam

405 1747 522 1787 non
555 1746 860 1802 negamus,
895 1729 1150 1801 Spiritus
1181 1736 1420 1785 sanctus
1448 1728 1506 1784 in
1539 1734 1675 1801 typo
1695 1729 1922 1784 venturi
1954 1743 2046 1782 ca-

403 1819 526 1876 nit:
559 1820 840 1890 Memento,
899 1819 1144 1884 Domine,
1203 1817 1398 1889 David,
1455 1827 1508 1874 et
1559 1820 1742 1876 omnis
1789 1832 2048 1873 memne-

403 1907 611 1973 t-udinis
647 1909 790 1988 ejus
819 1908 996 1978 (Psal.
1050 1923 1239 1976 cxxxr,
1302 1909 1373 1979 1).
1433 1907 1614 1978 Cujus
1657 1906 2046 1962 mansuetudo

409 1999 688 2056 adversus
727 1995 882 2059 Saul,
922 1997 1181 2054 Absalon
1239 1999 1296 2054 et
1361 1997 1573 2064 Semei,
1639 1995 1730 2052 vel
1799 1995 2128 2102 maximeB

405 2087 617 2146 claruit
647 2089 700 2160 (ι
729 2089 855 2159 Rog.
887 2103 1040 2155 xxxv,
1094 2088 1170 2148 5;
1227 2086 1277 2142 Il
1334 2087 1458 2157 Reg.
1491 2103 1608 2153 x1x,
1659 2087 1736 2148 5;
1765 2102 1878 2153 xvx,
1916 2084 2054 2156 10)?

401 2177 552 2234 Cum
583 2175 735 2238 alius
768 2193 904 2233 eum
957 2175 1132 2234 vellet
1189 2174 1483 2244 occidere;
1544 2174 1694 2231 alius
1749 2191 1846 2231 res
1875 2190 2053 2230 novas

403 2267 668 2335 molitus,
701 2267 972 2322 fraudare
1029 2265 1275 2337 imperio
1333 2265 1658 2322 niteretur:
1693 2265 1849 2326 513
1902 2263 2055 2320 alius

401 2355 626 2428 lapides
684 2356 744 2412 in
803 2370 938 2412 eum
991 2354 1240 2425 jaciens,
1296 2356 1352 2409 et
1408 2351 1705 2425 pulverem
1739 2352 2051 2419 ventilans,

405 2444 685 2520 clamaret
714 2449 772 2501 et
797 2444 1015 2501 diceret
1039 2461 1051 2500 :
1084 2441 1378 2513 Egredere,
1426 2442 1698 2514 egredere,
1749 2443 1836 2498 vir
1865 2443 2056 2511 inique

407 2535 481 2607 (II
507 2535 631 2606 Reg.
661 2551 780 2602 xvr,
809 2534 888 2603 7).
923 2533 1195 2590 Extrema
1253 2531 1614 2590 continentia
1671 2531 1730 2586 in
1765 2530 2054 2586 fructibus

406 2623 649 2696 spiritus
678 2621 1013 2680 collocatur.
1045 2621 1229 2686 Quam
1262 2637 1375 2678 non
1433 2619 1626 2680 solum
1683 2621 1742 2674 in
1787 2619 2056 2676 castitate

408 2713 690 2770 bebemus
719 2713 1000 2784 accipere,
1023 2711 1125 2769 sed
1153 2710 1329 2768 etiam
1361 2710 1419 2765 in
1450 2710 1578 2765 cibo
1609 2713 1666 2766 et
1696 2713 1856 2779 potu,
1887 2707 1947 2762 in
1969 2707 2056 2762 ira

405 2818 638 2874 quoque
669 2805 728 2858 et
772 2800 1075 2858 vexatione
1123 2799 1357 2871 mentis,
1411 2803 1469 2854 et
1517 2797 1864 2854 detrahendi
1921 2796 2053 2851 libi-

338 2915 342 2920 -
402 2889 554 2948 dine.
591 2890 748 2950 Inter
793 2889 1142 2947 modestiam
1174 2894 1370 2945 autem
1403 2893 1461 2944 et
1490 2886 1912 2944 continentiam
1944 2884 2053 2940 hoc

402 2979 668 3044 interest.
727 2979 880 3052 quod
940 2979 1231 3036 modestia
1287 2977 1346 3034 in
1405 2976 1546 3032 viris
1603 2975 1875 3047 perfectis
1942 2978 2050 3044 est,

406 3073 946 3140 consummataeque
987 3068 1242 3133 virtutis,
1293 3067 1364 3123 de
1393 3065 1612 3138 quibus
1639 3063 1906 3121 Salvator
1934 3062 2051 3119 ait:

398 3159 558 3215 Beati
586 3161 766 3225 mites,
787 3159 1046 3231 quoniam
1066 3158 1176 3230 ipsi
1209 3155 1560 3229 possidebunt
1605 3160 1814 3210 terram
1843 3153 2052 3224 (Matth.

413 3265 470 3317 ν,
502 3249 578 3317 4).
614 3248 683 3304 Et
712 3249 783 3304 de
813 3247 1043 3320 seipso:
1105 3248 1314 3303 Discite
1370 3263 1405 3301 α
1451 3261 1554 3310 me,
1586 3246 1855 3315 quoniam
1901 3243 2054 3300 mitis

414 3353 557 3404 sum,
581 3341 634 3394 et
661 3337 910 3404 humilis,
942 3344 992 3396 et
1018 3341 1342 3393 mansuetus
1370 3334 1531 3390 corde
1577 3333 1788 3405 (Matth.
1829 3349 1908 3398 χι,
1937 3331 2052 3403 29).

414 3423 784 3484 Continentia
813 3440 944 3480 vero
974 3425 1033 3479 in
1091 3423 1186 3480 via
1239 3423 1477 3494 quidem
1538 3423 1769 3478 virtutis
1799 3425 1906 3491 est,
1952 3421 2052 3477 sed
2085 3406 2128 3474 C

409 3514 663 3576 necdum
697 3512 958 3586 pervenit
985 3513 1057 3569 ad
1091 3511 1306 3569 calcem
1334 3529 1346 3568 :
1381 3511 1523 3584 quia
1571 3511 1920 3583 cupiditates
1964 3511 2060 3568 ad-

409 3603 525 3658 huc
556 3601 614 3656 in
649 3603 776 3673 ejus
809 3601 909 3673 qui
941 3618 1003 3659 se
1031 3600 1310 3668 continet,
1336 3599 1688 3673 cogitatione
1713 3605 2057 3668 nascuntur,

408 3695 466 3748 et
496 3691 714 3748 mentis
743 3689 1016 3762 polluunt
1046 3688 1390 3762 principale,
1422 3688 1558 3745 licet
1614 3705 1730 3744 non
1761 3693 2058 3762 superent,

409 3797 516 3837 nec
547 3779 616 3838 ad
649 3796 799 3852 opus
831 3779 1173 3851 pertrahant
1201 3778 1574 3851 cogitantem.
1602 3777 1728 3833 Non
1750 3778 1941 3835 solum
1966 3795 2065 3835 au-

413 3873 533 3926 tem
566 3869 626 3928 in
657 3868 964 3926 desideriis
995 3874 1052 3926 et
1082 3867 1424 3940 cupiditate,
1475 3867 1834 3924 continentia
1863 3884 2060 3925 neces-

415 3957 572 4017 saria
599 3962 706 4026 est,
741 3959 844 4014 sed
876 3957 1051 4016 etiam
1085 3958 1141 4013 in
1161 3957 1364 4014 tribus
1396 3955 1640 4028 reliquis
1672 3957 2062 4029 perturbatio-

416 4048 613 4118 nibus,
644 4047 842 4106 dolore
872 4047 1114 4114 scilicet,
1147 4047 1346 4103 laetitia
1374 4050 1434 4102 et
1492 4045 1720 4104 timore.
1771 4046 2063 4102 Adversus

417 4136 760 4204 huiusmodi
818 4136 1046 4194 fructus
1105 4135 1373 4208 spiritus,
1430 4151 1548 4192 non
1603 4139 1693 4190 est
1746 4133 1857 4191 lex.
1915 4136 2064 4192 Iusto

415 4227 623 4297 quippe
645 4226 734 4284 lea:
757 4241 867 4283 non
898 4229 984 4284 est.
1005 4227 1214 4297 posita:
1240 4225 1448 4296 iniquis
1496 4228 1680 4281 autem
1707 4226 1757 4280 et
1780 4239 1892 4283 non
1938 4224 2064 4281 sub-

407 4315 592 4387 jectis,
626 4316 815 4386 impiis
842 4319 894 4372 et
921 4313 1360 4387 peccatoribus~(l
1390 4314 1522 4372 Tim.
1559 4329 1598 4380 1,
1625 4313 1703 4385 9).
1766 4313 1884 4369 Lex
1917 4311 2065 4370 mihi

416 4403 598 4461 dicit:
649 4404 767 4460 Non
819 4404 1194 4463 adulterabis:
1242 4417 1354 4458 non
1408 4401 1633 4469 occides,
1690 4417 1804 4458 non
1859 4401 2065 4473 falsum

417 4495 792 4552 testimonium
821 4493 964 4556 dices
984 4510 1004 4547 :
1061 4508 1170 4548 non
1218 4491 1547 4562 fraudabis:
1583 4505 1704 4548 non:
1730 4489 2065 4548 desiderabis

414 4582 638 4643 aliena:
667 4598 779 4640 non
831 4582 1184 4656 peﬁurabis:
1231 4596 1340 4637 non
1398 4579 1675 4652 ferebaris
1716 4579 1908 4648 (Exod.
1967 4596 2062 4648 xx,

412 4671 636 4745 13-17):
668 4671 721 4727 si
751 4671 872 4729 haec
902 4671 1123 4740 omnia,
1156 4672 1350 4728 fructu
1402 4669 1462 4725 in
1519 4685 1613 4725 me
1641 4668 1884 4741 spiritus
1928 4668 2062 4725 cha-

417 4761 589 4819 ritate
620 4766 938 4836 regnante,
980 4778 1096 4818 non
1155 4760 1328 4826 facio,
1385 4758 1684 4831 superﬂua
1740 4757 1885 4816 mihi
1925 4761 2064 4848 sunt
2092 4782 2140 4848 Ι)

409 4856 704 4923 praecepta
730 4851 899 4924 legis.
958 4850 1224 4923 Denique
1280 4853 1338 4906 et
1393 4849 1688 4922 sapientes
1745 4847 1950 4904 mundi
1989 4849 2061 4904 de

415 4938 789 5012 philosophia
819 4940 904 4996 sic
933 4939 1154 5013 opinati
1185 4944 1343 5008 sunt,
1369 4939 1606 5011 utquod
1635 4937 1796 5011 leges
1816 4935 2061 5010 publica;

413 5028 606 5086 facere
635 5028 903 5088 homines
962 5029 1311 5087 necessitate
1364 5026 1746 5101 compellunt,
1805 5027 1916 5084 hoc
1961 5025 2063 5083 illa

413 5118 761 5189 persuadeat
791 5118 915 5176 fieri
946 5118 1263 5175 voluntate.

486 5206 672 5278 (Vere.
704 5208 819 5281 24.)
850 5231 879 5261 ‹‹
914 5208 1022 5274 Qui
1081 5213 1277 5266 autem
1338 5210 1480 5264 sunt
1529 5205 1766 5272 Christi,
1825 5221 2060 5262 carnem

415 5296 830 5357 cruciﬁxerunt
861 5314 997 5355 cum
1026 5298 1184 5354 vitiis
1213 5303 1270 5355 et
1326 5295 1838 5368 concupiscentiis.
1877 5316 1907 5345 »
1939 5295 2060 5350 Ori-

413 5403 592 5460 genes
615 5387 772 5444 hunc
799 5387 992 5446 locum
1019 5388 1422 5461 superioribus
1453 5391 1713 5456 nectens,
1774 5385 1854 5441 ita
1883 5384 2055 5458 legit:

418 5476 698 5533 Adversus
728 5477 1049 5550 lmjusmodi
1076 5494 1185 5533 non
1215 5485 1293 5533 est
1326 5478 1455 5546 Lex,
1503 5477 1599 5544 qui
1644 5475 1890 5532 Christi‘
1934 5491 2060 5530 car-

411 5582 536 5622 nem
570 5569 969 5639 cruci/iurant
997 5584 1124 5623 cum
1153 5569 1302 5624 vitiis
1358 5577 1409 5622 et
1457 5565 1944 5638 concupiscentiis:
1998 5568 2063 5619 ut

488 5802 505 5838 ί
536 5805 701 5858 Unus
734 5799 982 5859 Palatin.
1018 5797 1232 5857 Christi
1259 5815 1472 5857 nomen
1502 5799 1600 5857 hic
1630 5802 1800 5858 tacet.

480 5874 503 5914 ³
531 5873 768 5950 Vulgati
799 5872 897 5936 alii
926 5871 1082 5945 libri,
1127 5887 1351 5932 carnem
1402 5888 1583 5944 suam,
1635 5870 2058 5946 cruciﬁxerunt,

2146 766 2380 806 carnem
2413 768 2581 806 suam
2614 752 2770 808 dicat
2798 754 3157 811 cruciﬁxisse
3205 772 3340 812 cum
3372 756 3530 812 vitiis
3568 764 3625 813 et
3650 777 3794 815 con-

2146 840 2522 912 cupiscentiis
2549 859 2561 908 ;
2595 842 2694 895 sed
2728 841 2940 897 Christi
2973 859 3207 899 carnem
3240 846 3310 899 ab
3346 845 3436 901 his
3466 863 3602 902 cum
3632 848 3793 906 vitiis

2147 934 2204 984 et
2232 929 2722 1000 concupiscentiis
2751 931 3112 988 crucifixum.
3148 933 3217 987 Et
3245 934 3453 1004 quaerit
3500 937 3795 1007 quomodo

2148 1019 2206 1073 in
2240 1017 2334 1073 his
2363 1019 2466 1088 qui
2494 1018 2719 1073 fructus
2771 1019 3016 1091 spiritus
3075 1021 3351 1089 habeant,
3401 1029 3459 1078 et
3482 1025 3794 1084 adversum

2151 1122 2300 1177 quos
2359 1106 2452 1161 lex
2508 1123 2636 1162 esse
2694 1109 2957 1175 cessavit,
3017 1111 3316 1166 crucifixio
3373 1113 3566 1168 carnis
3600 1114 3800 1170 Domi-

2153 1193 2295 1249 nicas
2325 1198 2575 1265 ponatur
2595 1194 2653 1249 in
2674 1195 2865 1264 laude,
2887 1212 3023 1252 cum
3054 1198 3125 1252 ad
3158 1199 3428 1257 Hebraeos
3481 1202 3538 1256 in
3571 1201 3795 1274 vitupe-

2153 1283 2376 1339 ratione
2397 1283 2752 1356 sitpositum
2777 1308 2790 1351 ;
2826 1286 3062 1340 Rursum
3089 1289 3468 1361 cruciﬁgenles
3518 1293 3580 1346 in
3607 1300 3799 1350 semet-

2154 1374 2288 1444 ipsis
2317 1373 2520 1428 Filium
2560 1375 2682 1443 Dei,
2730 1377 2782 1428 et
2825 1377 3062 1429 ostentui
3106 1377 3264 1434 514
3311 1379 3574 1434 habentes
3603 1381 3797 1451 (Hebr.

2154 1478 2230 1531 v1,
2252 1463 2328 1533 6).
2358 1461 2465 1516 Pro
2493 1478 2680 1517 rursus
2699 1463 3088 1533 csuciﬁgentcs,
3113 1464 3322 1522 melius
3347 1483 3530 1524 unum
3562 1470 3807 1527 verbum

2157 1550 2549 1622 compositum
2607 1550 2666 1607 in
2721 1550 2916 1608 Graeco
2967 1557 3075 1621 est,
3137 1553 3612 1630 ἀνασταυροῦντες,
3647 1560 3803 1630 quod

2158 1656 2264 1698 nos
2295 1641 2663 1711 interpretari
2681 1657 3021 1712 possumus,
3042 1644 3510 1716 recruciﬁgentes.
3537 1647 3802 1704 Primum

2157 1746 2293 1802 ergo
2325 1730 2648 1786 notandum
2681 1731 2836 1802 quod
2879 1731 3036 1786 aliud
3095 1733 3174 1788 sit
3227 1734 3586 1808 crucifigere,
3646 1736 3804 1792 aliud

2157 1818 2580 1892 recrucitigere.
2617 1819 2834 1880 Deinde
2863 1820 3002 1892 quia
3031 1838 3146 1877 non
3174 1822 3435 1894 idipsum
3486 1823 3563 1880 sit
3606 1841 3804 1880 recru-

2159 1908 2391 1980 cifigere
2449 1907 2662 1978 Filium
2693 1908 2814 1975 Dei,
2865 1913 2924 1964 et
2952 1910 3290 1984 cruciﬁgere
3320 1927 3555 1968 carnem
3587 1912 3802 1972 Christi

2159 2013 2293 2053 cum
2330 1997 2480 2052 vitiis
2512 2001 2570 2052 et
2597 1997 3109 2069 concupiscentiis.
3141 2000 3282 2056 Caro
3341 2000 3560 2073 quippe
3589 2001 3804 2058 Christi

2163 2103 2277 2142 non
2310 2085 2726 2157 principaliter,
2760 2091 2816 2142 et
2873 2087 3101 2160 proprie
3155 2088 3334 2144 Filius
3394 2090 3491 2144 Dei
3547 2097 3658 2157 est,
3701 2091 3802 2146 sed

2161 2176 2335 2236 Jesus
2364 2174 2651 2246 Christus,
2685 2175 2786 2246 qui
2815 2191 2951 2232 cum
3009 2181 3163 2232 esset
3214 2177 3275 2232 in
3329 2178 3614 2251 principio
3645 2180 3802 2252 apud

2161 2265 2412 2328 Patrem,
2472 2267 2725 2319 Verbum
2783 2265 2937 2320 Deus
2991 2282 3124 2321 caro
3181 2266 3368 2322 factus
3424 2272 3510 2324 est
3550 2270 3726 2340 (Joan.
3760 2285 3799 2337 ι,

2164 2353 2272 2422 14),
2332 2359 2389 2409 et
2443 2353 2704 2425 seipsum
2759 2353 3094 2422 exinanivit,
3153 2355 3400 2411 formam
3460 2357 3608 2416 servi
3650 2357 3802 2414 acci-

2164 2443 2350 2513 piens,
2385 2448 2450 2498 ut
2477 2443 2840 2514 cruciﬁgeret
2869 2461 3124 2511 carnem,
3155 2447 3212 2500 et
3239 2445 3592 2517 despoliaret
3639 2448 3804 2519 prin-

2163 2532 2390 2603 cipatus
2422 2536 2478 2587 et
2511 2536 2847 2602 potestates,
2875 2533 3248 2606 triumphans
3299 2535 3370 2591 de
3426 2536 3511 2592 eis
3540 2536 3601 2592 in
3645 2535 3806 2609 ligno

2163 2621 2426 2692 (Philipp.
2462 2638 2521 2689 ιι,
2543 2623 2621 2692 7),
2650 2625 2716 2677 ut
2735 2621 3124 2693 compleretur
3147 2622 3292 2678 illud
3316 2625 3580 2696 Apostoli
3604 2639 3617 2680 :
3652 2625 3802 2694 Quod

2162 2712 2314 2766 enim
2341 2719 2590 2766 mort-nus
2618 2715 2714 2776 est,
2735 2716 2979 2782 peccato.
3030 2717 3280 2768 mortuas
3310 2717 3387 2769 est
3432 2715 3598 2770 semel
3625 2716 3804 2784 (Rom.

2161 2800 2366 2869 v1,10),
2391 2799 2572 2870 Igitur
2587 2799 2634 2854 si
2661 2815 2902 2870 corpora
2919 2806 3120 2857 nostra
3132 2801 3395 2858 membra
3406 2807 3546 2858 sunt
3559 2802 3801 2873 Christi,

2163 2892 2587 2958 consequenter
2640 2893 2696 2943 et
2755 2905 2887 2944 caro
2945 2894 3146 2945 nostra
3221 2907 3352 2945 caro
3407 2890 3624 2947 Christi
3689 2898 3805 2961 est,

2163 2993 2340 3048 quam
2372 2976 2792 3048 cruciﬁgimus,
2827 2978 3248 3034 mortificantes
3305 2994 3406 3049 per
3451 2995 3581 3036 eam
3630 2997 3806 3053 super

2161 3070 2398 3132 terram,
2434 3065 2899 3136 fornicationem,
2944 3066 3404 3138 immunditiam,
3446 3070 3804 3140 passionem,

2162 3154 2519 3210 desiderium
2553 3154 2795 3222 malum,
2851 3161 2909 3210 et
2935 3156 3275 3213 avaritiam:
3310 3161 3368 3214 et
3423 3159 3496 3214 de
3542 3161 3712 3216 nobis
3741 3161 3801 3216 in

2162 3242 2336 3300 laude
2363 3261 2519 3299 nunc
2550 3243 2802 3316 ponitur,
2836 3245 2936 3316 qui
2967 3244 3180 3303 Christi
3209 3246 3348 3303 Jesu
3399 3265 3635 3305 carnem
3666 3265 3808 3306 cru-

2165 3333 2474 3390 ciﬁxerunt
2501 3349 2637 3389 cum
2666 3333 2821 3389 vitiis
2851 3338 2909 3390 et
2950 3334 3438 3406 concupiscentis,
3487 3342 3544 3393 et
3574 3355 3808 3410 semper

2167 3423 2677 3478 mortificationem
2731 3421 2872 3478 Jesu
2931 3423 3399 3480 circumferimus
3458 3425 3517 3480 in
3569 3443 3808 3498 corpore

2169 3517 2388 3578 nostro,
2425 3516 2488 3567 ut
2513 3516 2570 3567 et
2598 3511 2716 3567 vita
2741 3512 2872 3581 ejus
2901 3511 3308 3568 manifestetur
3327 3511 3386 3567 in
3409 3511 3582 3570 carne
3603 3520 3805 3572 nostra

2168 3603 2241 3671 (II
2271 3601 2392 3656 Cor.
2421 3616 2497 3671 ιν,
2561 3601 2668 3667 10).
2728 3600 2852 3656 Non
2912 3600 3125 3656 modici
3181 3605 3376 3657 autem
3434 3601 3652 3659 laboris
3695 3610 3807 3672 est,

2171 3690 2254 3746 sic
2284 3689 2343 3744 in
2401 3689 2673 3761 presenti
2705 3689 2916 3745 saeculo
2969 3689 3184 3757 vivere,
3216 3695 3281 3745 ut
3323 3691 3450 3763 jam
3482 3709 3637 3749 nunc
3694 3695 3814 3751 vita

2169 3780 2305 3835 Jesu
2337 3779 2747 3835 manifestetur
2770 3778 2828 3834 in
2887 3795 3061 3836 carne
3092 3785 3312 3837 nostra.
3373 3782 3461 3837 Ita
3485 3782 3641 3838 enim
3670 3783 3813 3839 vivi-

2171 3869 2505 3925 ficabuntur
2532 3874 2590 3924 et
2618 3868 2888 3924 mortalia
2916 3885 3159 3941 corpora
3215 3875 3415 3926 nostra
3457 3889 3557 3943 per
3585 3872 3818 3929 inhabi-

2172 3963 2395 4013 tantem
2422 3958 2481 4013 in
2509 3957 2676 4013 nobis
2697 3957 3162 4030 spiritum(Rom.
3217 3977 3338 4030 vm,
3375 3961 3486 4030 11).
3521 3960 3630 4016 Ubi
3665 3962 3819 4018 Lati-

2173 4063 2285 4102 nus
2306 4046 2592 4116 interpres
2611 4047 2751 4101 vitia
2792 4045 3010 4117 posuit,
3061 4047 3120 4101 in
3169 4047 3365 4104 Graeco
3391 4049 3706 4120 παθήματα,
3751 4051 3808 4106 id

2172 4139 2280 4205 est,
2333 4135 2612 4205 passiones
2643 4133 2935 4206 leguntur.
2996 4135 3067 4189 Et
3095 4137 3238 4206 quia
3293 4137 3488 4208 passio
3532 4143 3722 4209 potest
3758 4144 3817 4194 et

2173 4223 2454 4293 dolorem,
2504 4228 2562 4279 et
2605 4228 2841 4280 cateras
2892 4226 3269 4281 necessitates
3322 4226 3656 4297 signiﬁcare
3687 4241 3811 4283 cor-

2175 4313 2426 4384 pusculi,
2458 4318 2624 4369 caute
2651 4311 2964 4386 Apostolus
2994 4312 3194 4368 intulit
3235 4313 3546 4370 desideria:
3593 4321 3660 4370 ut
3699 4332 3813 4372 non

2175 4407 2440 4460 naturam
2476 4402 2734 4473 corporis
2762 4402 3058 4458 videretur
3107 4403 3166 4457 in
3225 4402 3633 4475 spiritualihus
3674 4403 3816 4461 viris

2173 4507 2404 4564 negare,
2435 4491 2536 4548 sed
2565 4491 2722 4547 vitia.
2784 4492 2851 4546 Et
2905 4491 3016 4548 hoc
3080 4491 3159 4548 ita
3221 4492 3589 4549 admonitum
3637 4492 3734 4563 sit,
3766 4493 3818 4550 si

2173 4580 2484 4653 Vulgatam
2507 4580 2821 4637 editionem
2845 4581 3172 4654 sequimur,
3195 4581 3455 4655 legentes
3474 4599 3487 4638 :
3503 4583 3609 4651 Qui
3626 4586 3817 4640 autem

2171 4673 2296 4725 sunt
2339 4669 2563 4736 Christi,
2610 4686 2838 4727 carnem
2900 4671 3344 4741 cruciﬁxerunt'
3397 4687 3520 4728 cum
3564 4675 3719 4730 vitiis
3767 4680 3823 4730 et

2171 4760 2663 4830 concupiscentiis:
2695 4763 2762 4814 ut
2791 4776 2906 4816 non
2937 4777 3173 4817 carnem
3231 4761 3465 4827 Christi,
3512 4762 3624 4818 sed
3646 4779 3817 4819 suam

2172 4865 2274 4905 eos
2305 4848 2666 4904 cruciﬁxisse
2696 4848 2984 4906 dicamus.
3016 4849 3168 4906 Pcne
3195 4849 3414 4907 oblitus
3444 4868 3576 4907 sum
3635 4851 3814 4907 inter-

2171 4939 2514 5011 pretationis
2545 4939 2831 4995 secundas.
2867 4939 3251 4996 Prmdixeram
3283 4941 3439 4996 enim
3464 4940 3661 4997 omnia
3690 4957 3819 5013 qua;

2172 5032 2501 5101 sequuntur
2530 5028 2601 5083 ad
2634 5027 2868 5101 Legem,
2917 5033 2976 5085 et
3019 5031 3087 5084 ad
3150 5029 3658 5086 circumcisionem
3689 5044 3816 5084 esse

2172 5118 2494 5174 referenda.
2531 5117 2754 5174 Sensus
2799 5118 2998 5190 itaque
3055 5118 3165 5174 iste
3195 5124 3315 5175 est:
3373 5121 3436 5176 In
3488 5117 3703 5189 quibus
3729 5120 3818 5172 est

2173 5208 2395 5263 fructus
2425 5207 2689 5279 spiritus,
2724 5206 3002 5274 charitas,
3036 5208 3342 5281 gaudium,
3389 5211 3447 5264 et
3474 5205 3719 5277 reliqua,
3752 5203 3812 5260 hi

2171 5313 2508 5369 corpoream
2566 5296 2877 5369 Scriptura:
2939 5297 3408 5371 intelligentiam,
3471 5311 3600 5366 quas
3658 5309 3815 5352 nunc

2171 5404 2304 5443 caro
2334 5386 2548 5443 Christi
2605 5385 2949 5459 appellatur,
3010 5385 3423 5442 cruciﬁxernnt
3464 5399 3598 5438 cum
3658 5382 3808 5442 81⁷5

2171 5476 2546 5549 passionibus
2575 5477 2703 5548 ejus
2736 5482 2792 5531 et
2821 5475 3148 5546 desideriis,
3194 5490 3320 5545 qua:
3369 5475 3651 5545 generant
3691 5489 3820 5545 par-

2167 5565 2325 5620 vutis
2373 5571 2548 5638 atque
2594 5564 2948 5622 lactentibus
2995 5563 3256 5619 fomenta
3283 5560 3579 5620 vitiorum.
3613 5560 3810 5620 Cruci-
