4332 6572
541 528 654 594 451
1796 521 1862 580 S.
1906 511 2213 580 EUSEBII
2260 513 2703 578 HIEBONYMI
3837 513 3959 576 4‘53

547 665 672 720 ﬁxit
700 660 917 718 Christi
951 673 1184 716 carnem
1209 660 1251 728 ί,
1285 656 1386 728 qui
1443 671 1558 711 non
1605 654 1776 725 juxta
1825 667 2057 708 carnem
2102 651 2190 706 ιιι-
2221 662 2276 727 Α
2303 649 2459 705 aliud
2491 648 2549 705 in
2579 647 2897 720 Scripturis
2929 647 3143 702 divinis
3183 645 3392 719 gloria,
3452 662 3588 704 cum
3647 649 3960 720 augustius

553 752 743 810 storia
812 749 1047 816 militat,
1111 748 1212 803 sed
1279 745 1552 818 spiritum
1606 741 1889 814 allegoria
1931 740 2198 812 sequitur
2305 739 2546 811 aliquid,
2579 743 2634 793 et
2665 737 2920 793 divinius
2950 736 3254 791 hominum
3289 753 3350 792 se
3382 738 3600 808 prabet
3631 737 3955 796 obtutibus.

553 842 947 915 praviantem.

628 930 812 1002 (Vers.
845 927 960 1000 25.)
995 947 1023 973 σι
1053 926 1112 983 Si
1144 924 1352 998 spiritu
1407 921 1657 976 vivimus
1714 919 1919 991 spiritu
1975 923 2032 974 et
2070 933 2194 973 am-

551 1019 827 1075 bulemus
849 1018 889 1070 ³.
925 1039 952 1066 ‹‹
985 1015 1233 1070 Utamur
1264 1013 1370 1068 hoc
1403 1009 1733 1066 testimonio
1764 1009 2072 1063 adversum
2095 1023 2194 1061 eos

553 1107 654 1180 qui
685 1106 898 1163 nolunt
920 1105 1254 1174 Scripturas
1279 1098 1660 1173 spiritualiter
1680 1095 2023 1167 intelligere.
2053 1095 2194 1159 Quis

549 1202 636 1253 est
670 1201 868 1252 autem
900 1193 1000 1264 qui
1032 1191 1171 1245 vivit
1201 1189 1436 1261 spiritu,
1466 1186 1577 1242 nisi
1608 1185 1989 1242 absconditus
2017 1183 2192 1238 homo

549 1290 769 1353 noster,
793 1281 891 1353 qui
927 1284 981 1336 et
1003 1280 1172 1350 juxta
1199 1292 1435 1332 carnem
1459 1275 1752 1331 interdum
1788 1271 1935 1328 solet
1962 1271 2148 1327 vivere
2166 1270 2194 1324 ‘t

551 1374 661 1429 Sed
693 1388 825 1427 cum
858 1368 1067 1441 spiritu
1095 1366 1320 1434 vixerit,
1351 1364 1560 1437 spiritu
1617 1362 1898 1419 ambulat.
1961 1365 2103 1416 Cum
2131 1359 2193 1415 in

549 1478 722 1517 carne
749 1457 994 1515 voluerit
1025 1455 1346 1523 ambulare,
1374 1455 1576 1511 vivens
1636 1457 1906 1508 mortuus
1955 1456 2062 1506 est.
2091 1450 2195 1505 Vir

548 1551 840 1623 perfectus
903 1547 965 1602 in
1029 1545 1278 1610 Christo,
1347 1559 1579 1614 semper
1638 1542 1780 1596 vivit
1837 1541 1895 1596 in
1941 1539 2190 1611 spiritu:

551 1637 784 1712 spiritui
815 1635 1033 1703 obedit,
1065 1649 1370 1705 nunquam
1400 1632 1538 1687 vivit
1561 1631 1621 1685 in
1652 1646 1838 1686 carne.
1866 1630 1934 1684 Et
1952 1633 2190 1684 contra:

554 1727 664 1794 Qui
694 1743 757 1783 se
785 1730 972 1780 totum
1007 1722 1167 1778 carni
1215 1719 1459 1788 dederit,
1508 1725 1565 1774 et
1595 1717 1967 1791 passionibus
2014 1717 2196 1788 depu-

549 1817 689 1872 tarit
721 1827 1021 1886 nunquam
1048 1811 1188 1864 vivit
1243 1810 1302 1864 in
1359 1808 1590 1880 spiritu.
1652 1810 1804 1863 lnter
1859 1806 1965 1861 bos
2017 1805 2195 1861 medii

551 1909 711 1969 sunt,
768 1917 914 1974 quos
971 1915 1077 1956 nec
1135 1897 1469 1971 spirituales
1529 1911 1844 1967 possumus
1881 1893 2193 1966 appellare,

551 2009 656 2049 nec
685 2006 964 2056 carneos;
1014 1988 1116 2043 sed
1164 1986 1265 2058 qui
1315 1985 1470 2040 inter
1514 1985 1763 2039 virtutes
1800 1988 1856 2038 et
1885 1983 2025 2037 vitia
2057 1982 2194 2037 fluc-

546 2085 803 2148 tuantes,
849 2093 1006 2132 nunc
1053 2076 1123 2131 ad
1159 2074 1400 2130 meliora
1442 2073 1823 2128 retrahuntur
1847 2076 1904 2127 et
1933 2071 2180 2142 spiritus

546 2176 722 2237 sunt;
755 2182 913 2223 nunc
942 2165 1134 2222 carnis
1165 2163 1388 2220 lubrico
1446 2161 1925 2234 supplantantur,
1968 2165 2026 2216 et
2058 2176 2190 2216 caro

547 2261 711 2315 sunt.

619 2345 800 2418 (Vere.
832 2345 948 2415 26.)
979 2365 1006 2393 «
1039 2346 1162 2397 Non
1187 2339 1510 2396 efﬁciamur
1530 2339 1721 2394 inanis
1749 2337 1943 2411 gloria
1967 2338 2189 2410 cupidi,

547 2435 794 2491 invicem
825 2435 1224 2505 provocantes,
1257 2428 1501 2483 invicem
1554 2428 1903 2483 invidentes.
1937 2450 1964 2476 ‹‹
1995 2426 2186 2482 Unum
2225 2439 2227 2442 ·

546 2524 790 2579 verbum
821 2521 974 2592 apud
1009 2519 1234 2575 Graecos
1290 2513 1584 2584 κενόδοξοι,
1645 2517 1823 2572 trium
1878 2516 2188 2571 verborum

546 2610 792 2668 circuitu
824 2610 1110 2680 interpres
1142 2607 1381 2662 Latinus
1412 2605 1712 2678 expressit.
1773 2605 2030 2668 Quantas
2086 2621 2188 2660 au-

543 2706 660 2757 tem
693 2699 868 2755 habet
897 2695 1286 2765 definitiones,
1320 2701 1376 2750 et
1407 2694 1829 2766 signiﬁcantias
1886 2693 2091 2766 gloria,
2134 2697 2191 2748 et

543 2787 1026 2862 philosophorum
1083 2784 1545 2840 innumerabiles
1601 2782 1758 2848 libri,
1791 2787 1849 2838 et
1895 2781 2187 2838 Ciceronis

545 2879 661 2933 duo
690 2875 1009 2938 volumina,
1042 2889 1168 2944 qua
1198 2873 1264 2927 de
1291 2873 1474 2943 gloria
1506 2871 1762 2943 scripsit,
1788 2870 2003 2926 indicio
2027 2875 2186 2926 sunt.

543 2965 762 3020 Verum
793 2980 901 3019 nos
931 2962 1072 3033 quia
1100 2978 1216 3017 non
1274 2961 1585 3016 verborum
1643 2959 2045 3031 etymologiae,
2084 2959 2183 3015 sed

544 3052 855 3122 Scriptura
903 3066 1143 3106 sensum
1191 3049 1476 3104 disserere
1526 3064 1827 3115 conamur,
1896 3047 1979 3102 ita
2029 3046 2185 3103 hunc

544 3140 738 3196 locum
767 3155 900 3195 cum
927 3137 1328 3209 superioribus
1354 3135 1763 3207 copulabimus
1789 3152 1802 3190 :
1833 3137 1891 3190 Si
1924 3137 1945 3169 ⁸
1976 3136 2183 3206 spiritu

542 3229 812 3295 vivimus,
854 3225 1087 3299 spiritui
1120 3225 1613 3296 obtempercmus,
1676 3240 2049 3296 nequaquam
2081 3241 2184 3295 per

539 3319 748 3390 legem,
783 3317 883 3372 sed
917 3331 1020 3386 per
1047 3314 1391 3369 charitatem
1426 3313 1593 3369 nobis
1637 3314 1881 3368 invicem
1925 3313 2180 3370 servien-

2302 827 2440 882 Visa
2468 831 2556 882 est
2583 825 2642 880 in
2672 824 3046 880 tabernaculo
3077 823 3264 896 gloria
3285 825 3544 892 Domini,
3568 831 3626 881 et
3646 825 3705 881 in
3731 827 3955 900 templo

2305 915 2455 986 quod
2490 932 2524 970 a
2580 912 2887 970 Salomone
2953 918 3353 969 constructum
3414 919 3525 980 est,
3589 913 3777 986 gloria
3827 921 3954 973 erat

2303 1003 2399 1074 (Il!
2427 1005 2551 1074 Reg.
2585 1018 2707 1068 vm,
2744 1003 2851 1072 11),
2885 1005 2943 1056 et
2973 1002 3032 1057 in
3065 1001 3214 1058 facie
3246 1002 3444 1075 Moysi,
3470 1003 3704 1075 quando
3724 1005 3952 1060 nescie-

2304 1093 2402 1146 bat
2429 1092 2584 1162 quod
2612 1090 2972 1162 glorificatus
2999 1095 3153 1146 esset
3181 1090 3376 1146 vultus
3409 1093 3537 1162 ejus
3589 1092 3790 1163 (Exod.
3845 1110 3940 1161 XL,

2299 1181 2392 1247 32,
2423 1181 2533 1251 33),
2567 1181 2638 1235 de
2669 1197 2784 1253 qua
2812 1180 3008 1236 vultus
3062 1179 3264 1253 gloria,
3301 1184 3439 1252 puto
3495 1186 3552 1236 et
3597 1182 3945 1253 Apostolum

2301 1270 2528 1325 dicere:
2587 1270 2691 1325 Nos
2747 1275 2931 1324 autem
2985 1285 3165 1325 omnes
3219 1270 3480 1326 revelata
3512 1272 3652 1340 facie
3711 1272 3946 1342 gloriam

2303 1359 2522 1414 Domini
2549 1359 2994 1430 contemplantes,
3023 1361 3083 1413 in
3130 1358 3372 1413 eamdem
3424 1360 3729 1428 imaginem
3765 1363 3949 1416 trans-

2301 1449 2610 1519 formamur
2638 1464 2669 1502 a
2698 1448 2874 1519 gloria
2920 1450 2982 1502 in
3027 1447 3276 1518 gloriam
3324 1448 3465 1503 sicut
3520 1464 3554 1502 a
3600 1449 3702 1504 Dei
3747 1451 3952 1520 spiritu

2303 1538 2376 1608 (II
2405 1535 2523 1592 Cor.
2554 1553 2641 1604 III,
2680 1537 2788 1607 18).
2826 1537 2893 1591 Et
2923 1537 3048 1608 ipse
3092 1536 3380 1604 Salvator,
3443 1535 3724 1608 splendor
3750 1536 3949 1610 gloria

2302 1631 2360 1680 et
2391 1626 2577 1697 ﬁgura
2609 1625 2950 1681 substantia
3008 1624 3132 1694 Dei,
3192 1625 3386 1682 dictus
3443 1630 3535 1682 est
3587 1626 3774 1698 (Hebr;
3804 1643 3842 1694 ι,
3874 1626 3954 1699 3).

2302 1713 2460 1769 Vidit
2489 1721 2544 1770 et
2570 1714 2902 1787 Stephanus
2929 1713 3173 1787 gloriam
3207 1714 3329 1782 Dei,
3362 1719 3420 1770 et
3447 1717 3651 1771 Jesum
3699 1721 3949 1772 stantem

2304 1803 2588 1858 adextris
2619 1803 2746 1874 ejus
2813 1803 2929 1874 (Act
2992 1820 3093 1870 vn,
3162 1803 3275 1872 55).
3346 1801 3420 1858 Ut
3485 1809 3685 1860 autem
3749 1808 3807 1860 et
3841 1820 3946 1862 nos

2305 1891 2473 1947 nobis
2503 1892 2906 1963 fingendorum
2939 1892 3247 1948 nominum
3277 1891 3582 1948 licentiam
3626 1909 3948 1966 prasuma-

2305 1996 2460 2048 mus,
2495 1981 2668 2036 rebus
2700 1981 2916 2052 quippe
2968 1981 3130 2036 novis
3161 1982 3250 2051 (ut
3308 1980 3393 2035 ait
3440 1980 3743 2053 quidam‘)
3802 1998 3952 2039 nova

2224 2029 2272 2094 B
2302 2029 2576 2140 ﬁngenda
2600 2029 2742 2124 sunt
2772 2029 3048 2124 nini—uina:
3082 2029 3222 2141 quia
3263 2068 3358 2125 hic
3403 2029 3627 2126 dictum
3671 2029 3801 2128 est:
3833 2071 3952 2128 Non

2300 2158 2612 2229 efﬁciamur
2639 2159 2850 2221 inanis,
2875 2156 2963 2213 vel
2994 2173 3179 2214 vacua
3215 2160 3404 2228 gloria
3452 2159 3680 2230 cupidi:
3715 2176 3820 2215 nos
3851 2176 3947 2216 eos

2303 2263 2637 2302 asseramus
2671 2247 2852 2318 plena
2885 2246 3080 2318 gloria
3114 2263 3244 2302 esse
3274 2247 3539 2320 cupidos,
3574 2247 3674 2320 qui
3703 2248 3948 2319 gloriam

2301 2335 2402 2392 Dei
2433 2335 2788 2402 desiderant,
2821 2340 2878 2390 et
2929 2335 3163 2390 laudem
3217 2335 3427 2390 virtute
3486 2335 3864 2408 condignam,
3894 2340 3952 2392 et

2301 2430 2602 2496 aspectum
2627 2424 2886 2478 divinius
2919 2423 3140 2495 aliquid
3173 2424 3595 2479 ostendentem.
3629 2422 3792 2479 Unde
3813 2424 3949 2480 etin

2298 2513 2596 2585 plerisque
2627 2512 2790 2568 locis.
2823 2512 3015 2568 Nostri
3046 2513 3392 2584 majestatem
3416 2529 3518 2584 pro
3541 2511 3726 2585 gloria
3753 2518 3943 2570 trans-

2298 2601 2581 2658 tulerunt.
2613 2606 2745 2658 Jam
2779 2602 3000 2656 dudum
3037 2604 3206 2672 cupio
3239 2600 3299 2656 in
3329 2601 3505 2657 verba
3544 2617 3944 2674 prorumpere,

2299 2692 2399 2747 sed
2434 2696 2633 2746 teneor
2663 2692 2868 2747 timore
2899 2689 3152 2746 dicendi.
3191 2689 3386 2745 Dicam
3435 2695 3653 2758 tamen,
3714 2707 3820 2746 nec
3855 2695 3942 2746 ta-

2296 2779 2434 2835 cebo
2467 2779 2800 2851 passionem
2864 2795 3054 2834 meam
3113 2779 3450 2852 passionem
3507 2795 3654 2851 pene
3683 2795 3943 2835 commu-

2295 2884 2600 2934 nem,non
2631 2869 2701 2923 de
2757 2868 2994 2932 divitiis,
3056 2885 3172 2923 non
3230 2869 3301 2924 de
3359 2868 3634 2940 potentia,
3697 2884 3812 2924 non
3870 2869 3979 2924 de'

2296 2955 2754 3028 pulchritudine,
2789 2961 2846 3012 et
2875 2973 3184 3028 corporum
3243 2961 3582 3025 venustate;
3633 2957 3754 3012 hac
3784 2957 3944 3014 enim

2297 3046 2603 3101 manifeste
2633 3045 2788 3101 inter
2817 3045 3012 3102 carnis
3072 3062 3247 3117 opera
3298 3045 3679 3101 nominantur
3699 3046 3741 3101 ⁸.
3776 3045 3943 3102 Elee-

2295 3151 2540 3206 mosyna
2566 3134 2615 3191 si
2647 3135 2720 3190 ob
2753 3134 2986 3190 laudem
3017 3135 3140 3200 fiat,
3175 3134 3367 3190 inanis
3399 3139 3492 3191 est
3518 3134 3738 3206 gloria:
3765 3134 3940 3209 longa

2293 3225 2501 3292 oratio,
2534 3223 2719 3296 pallor
2748 3225 3064 3294 exjejunio
3124 3239 3400 3295 sequens.
3460 3224 3585 3279 Non
3640 3239 3772 3279 mea
3801 3227 3942 3280 sunt

2292 3313 2487 3377 verba,
2545 3314 2646 3368 sed
2705 3312 3020 3368 Salvatoris
3073 3312 3133 3367 in
3201 3312 3515 3387 Evangelio
3576 3313 3939 3385 pertonantis

538 3412 645 3463 tes.
679 3407 803 3461 Non
833 3405 1114 3460 debemus
1146 3402 1217 3458 de
1248 3401 1681 3473 Scripturarum
1703 3401 2181 3474 interpretatione
2214 3404 2256 3470 C
2295 3402 2516 3474 (Matth,
2551 3419 2626 3469 v1,
2659 3403 2713 3468 2,
2743 3403 2871 3470 5,7,
2898 3403 3004 3474 16).
3033 3401 3163 3473 Ipsa
3186 3418 3418 3475 quoque
3441 3401 3679 3459 castitas
3703 3403 3850 3459 517
3879 3401 3939 3457 in

538 3495 889 3552 contendere
953 3498 1010 3549 et
1075 3491 1302 3547 dicere:
1364 3491 1736 3547 Circumcisio
1793 3490 1998 3546 melior
2045 3497 2179 3547 est:

537 3601 654 3640 non
685 3583 784 3639 sed
818 3581 1188 3655 praputium.
1221 3581 1655 3635 Contemnenda
1703 3579 1970 3644 historia,
2016 3584 2072 3634 et
2103 3580 2180 3635 al-

537 3673 757 3744 legoria
785 3669 1086 3740 sequenda
1115 3669 1232 3724 imo
1265 3667 1541 3739 allegoria
1573 3684 1720 3723 vana
1741 3673 1836 3731 est
1863 3672 1920 3722 et
1952 3669 2185 3723 umbra-

538 3761 677 3828 tica,
713 3762 770 3813 et
793 3757 974 3812 nullis
1001 3757 1256 3811 veritatis
1287 3756 1400 3810 fixa
1431 3755 1745 3810 radicibus.
1781 3755 1940 3811 Unde
1971 3757 2179 3823 evenit,

537 3853 603 3904 ut
634 3847 880 3902 invicem
913 3848 1230 3900 nascantur
1253 3843 1502 3899 invidia.
1528 3843 1849 3914 Excludere,
1876 3846 2048 3915 enim,
2076 3844 2177 3910 ait,

535 3953 627 3993 vos
654 3934 870 4006 volunt,
902 3943 962 3989 ut
992 3933 1116 3988 illos
1171 3934 1511 3988 amulemini
1540 3933 1685 4002 (Gal.
1750 3950 1824 3999 IV,
1873 3934 1999 4002 17):
2063 3951 2180 3989 non

533 4032 655 4081 tam
681 4025 984 4081 veritatem
1017 4022 1185 4095 Legis
1242 4024 1503 4078 volentes
1563 4023 1787 4089 docere,
1845 4039 2022 4094 quam
2051 4022 2177 4077 vin-

536 4132 683 4171 cere.
717 4113 798 4171 Ne
829 4118 1025 4168 autem
1062 4111 1292 4184 penitus
1320 4113 1560 4166 verbum
1594 4111 1790 4184 gloria
1833 4111 2178 4183 pratermit-

533 4211 730 4261 tamus
760 4203 1068 4266 intactum,
1100 4218 1238 4257 suas
1289 4201 1653 4273 philosophis
1708 4201 1961 4271 ineptias
2011 4200 2179 4255 relin-

535 4299 801 4367 quentes,
841 4293 912 4348 de
940 4291 1094 4348 516
1149 4289 1465 4361 Scripturis
1523 4288 1720 4359 aliqua
1769 4292 2175 4344 retractemus.

426 4447 435 4456 _
533 4381 879 4454 Opinionem
945 4378 1122 4451 vulgi,
1193 4382 1250 4434 et
1313 4377 1549 4433 laudem
1607 4375 1918 4432 hominum
1985 4377 2177 4432 favore

534 4471 859 4541 quasitam,
883 4468 1078 4541 gloria
1112 4483 1324 4522 nomen
1349 4469 1540 4530 sonat,
1560 4466 1656 4521 ubi
1687 4465 1902 4520 dicitur
1931 4481 1944 4519 :
1981 4465 2181 4522 Omnia

532 4563 713 4614 autem
743 4559 975 4630 faciunt,
1000 4565 1059 4611 ut
1088 4555 1155 4610 ab
1186 4554 1497 4610 hominibus
1525 4553 1911 4625 gloriﬁcent-ur
1969 4555 2174 4626 (Matth.

531 4649 795 4718 xxm,5).
847 4647 913 4701 Et
963 4645 1143 4700 alibi:
1196 4643 1469 4715 Quomodo
1513 4645 1737 4716 potestis
1791 4645 2013 4700 credere
2060 4645 2176 4716 glo-

528 4739 676 4792 riam
704 4736 770 4791 ab
802 4735 1037 4790 invicem
1083 4736 1385 4805 quare-rites
1441 4733 1629 4805 (Joan.
1690 4749 1745 4799 v,
1805 4734 1946 4802 44)?
1999 4737 2176 4790 Porro

531 4826 590 4881 in
624 4826 843 4880 bonam
875 4829 1099 4896 partem
1130 4823 1186 4878 in
1226 4823 1430 4879 eodem
1490 4821 1653 4878 loco:
1717 4827 1784 4878 Et
1835 4823 2084 4895 gloriam
2112 4823 2179 4879 ab

533 4931 596 4970 eo
627 4915 724 4986 qui
750 4913 899 4969 solus
928 4921 1027 4979 est,
1081 4927 1189 4968 non
1219 4914 1523 4984 quaerentes
1574 4911 1758 4983 (lbid.)
1807 4912 1887 4967 Ex
1936 4929 2050 4984 quo
2090 4912 2178 4967 in-

529 5003 851 5076 telligimus
883 5002 1036 5058 idem
1057 5003 1320 5068 verbum,
1348 5017 1504 5056 nunc
1528 5001 1799 5057 virtutem
1822 5001 2176 5074 signiﬁcare,

534 5109 690 5160 nunc
721 5092 946 5147 vitium.
1014 5091 1070 5145 Si
1134 5092 1205 5146 ab
1273 5089 1614 5147 hominibus
1681 5107 1876 5162 quaro
1908 5090 2176 5162 gloriam,

527 5182 735 5238 vitium
766 5186 892 5238 est:
927 5180 977 5236 si
1009 5197 1042 5236 a
1070 5180 1207 5249 Deo,
1239 5179 1423 5235 virtus
1453 5184 1561 5245 est,
1622 5181 1720 5250 qui
1778 5184 1836 5234 et
1866 5180 1934 5234 ad
1984 5197 2176 5236 veram

523 5288 630 5328 nos
663 5271 1304 5344 gloriamcohortatur,
1340 5269 1544 5324 dicens
1572 5285 1584 5324 :
1618 5270 1720 5323 Eos
1746 5273 1934 5323 autem
1973 5272 2070 5339 qui
2091 5285 2178 5324 me

521 5360 852 5432 gloriﬁcent,
885 5358 1205 5430 gloriﬁcabo
1263 5358 1308 5429 (Ι
1360 5358 1482 5428 Reg.
1549 5375 1611 5428 ιι,
1642 5357 1734 5426 30)
1793 5356 2094 5430 Signiﬁcat
2122 5363 2179 5414 et

605 5503 620 5536 ¹
652 5501 778 5558 Duo
808 5520 952 5560 mss.
986 5507 1044 5559 et
1102 5501 1400 5567 Rabanus,
1434 5500 1728 5571 Cruci/Exit
1773 5499 1940 5555 talem
1971 5499 2178 5558 Christi

537 5587 780 5628 carnem.

605 5645 626 5677 ³
651 5644 896 5716 Palatio.
922 5662 1032 5701 ms.
1075 5662 1208 5701 cum
1238 5643 1511 5710 Victorio,
1568 5644 1620 5697 si
1675 5643 1908 5716 vivimus
1951 5649 2172 5716 spiritu,

533 5715 763 5786 spiritui
790 5714 1229 5796 obtemperemus.
1268 5717 1509 5796 Utamur,
1543 5717 1649 5768 etc.
1684 5714 1907 5777 Quibus
1957 5714 2012 5771 et
2041 5718 2175 5774 sub-

533 5801 681 5859 nexa
711 5791 907 5859 magis
916 5792 1212 5859 consonat
1241 5791 1548 5859 expositio.

599 5858 621 5898 ³
648 5855 833 5920 Penes
861 5855 1201 5930 Victoriam,
1233 5857 1293 5917 Si
1312 5855 1362 5917 ἀ
1385 5859 1589 5934 spiritu
1620 5857 1875 5916 vivimus.

2213 4777 2260 4842 D

2293 3492 2689 3558 matrimonio,
2719 3491 3022 3558 viduitate,
3050 3490 3396 3562 virginibus,
3460 3507 3612 3563 sape
3659 3490 3938 3564 plausum

2293 3581 2502 3652 quarit
2529 3580 2896 3636 humanum:
2937 3585 2994 3635 et
3051 3581 3206 3652 quod
3261 3580 3485 3636 dudum
3519 3581 3698 3636 timeo
3749 3580 3943 3636 dicere

2292 3669 2392 3724 sed
2417 3669 2727 3724 dicendum
2751 3675 2860 3738 est,
2885 3670 3234 3741 martyrium
3256 3668 3476 3741 ipsum,
3501 3669 3549 3724 si
3582 3669 3709 3724 ideo
3739 3669 3842 3723 ﬁat
3872 3672 3939 3723 ut

2291 3758 2667 3813 admirationi
2697 3762 2754 3812 et
2786 3757 2943 3812 laudi
2976 3757 3296 3813 habeamur
3327 3775 3360 3812 a
3390 3757 3688 3827 fratribus,
3724 3757 3942 3812 frustra

2291 3847 2532 3917 sanguis
2553 3845 2773 3901 effusus
2804 3850 2910 3902 est.
2947 3845 3245 3917 Loquatur
3271 3844 3609 3918 Apostolus,
3661 3843 3937 3916 loquatur

2289 3935 2588 3992 electionis
2610 3951 2710 3990 vas
2731 3935 2820 3991 :Si
2849 3934 3136 3990 tradidero
3163 3950 3354 4006 corpus
3381 3950 3583 3999 meum,
3615 3941 3677 3989 ut
3706 3933 3936 4002 glorier,

2288 4024 2605 4080 charitatem
2670 4026 2854 4078 autem
2881 4039 2989 4079 non
3022 4025 3249 4079 habeam
3304 4023 3451 4078 nihil
3516 4022 3658 4078 mihi
3721 4021 3940 4094 prodest

2289 4114 2334 4184 (Ι
2366 4112 2640 4196 Cor.\xm,
2675 4113 2749 4183 3).
2777 4111 2863 4168 Illi
2899 4113 2998 4185 qui
3057 4113 3317 4168 dixerat:
3383 4112 3500 4168 Scio
3559 4113 3839 4168 hominem
3877 4112 3941 4168 in

2289 4202 2524 4267 Christo,
2555 4209 2681 4257 ante
2708 4218 2883 4257 annos
2927 4201 3367 4274 quatuordeeim,
3425 4203 3544 4257 sive
3600 4203 3657 4257 in
3691 4215 3936 4274 corpore,

2288 4292 2487 4359 nescio,
2517 4292 2631 4346 sive
2659 4295 2816 4346 extra
2845 4307 3056 4364 corpus,
3115 4294 3318 4358 nescio,
3378 4292 3520 4348 Deus
3567 4294 3688 4359 scit,
3717 4298 3936 4363 raptum

2289 4394 2459 4450 usque
2485 4379 2555 4433 ad
2582 4381 2812 4435 tertium
2840 4381 3030 4436 caelum
3063 4381 3140 4452 (II
3195 4381 3317 4436 Cor.
3348 4396 3450 4446 ιιι,
3481 4382 3535 4442 2.
3569 4379 3625 4450 3)
3651 4397 3664 4447 ;
3721 4383 3778 4434 et
3805 4380 3939 4449 post

2293 4467 2628 4524 modicum:
2663 4469 2868 4540 Raptus
2912 4471 2973 4525 in
3025 4469 3380 4539 paradisum,
3439 4467 3660 4522 audivit
3715 4481 3938 4521 arcana

2287 4556 2469 4621 verba,
2502 4571 2628 4628 quae
2655 4573 2766 4614 non
2823 4558 2947 4613 licet
2999 4557 3211 4612 homini
3269 4557 3418 4627 loqui
3475 4555 3638 4627 (Ibid.
3672 4554 3772 4620 4):
3821 4551 3934 4622 illi,

2292 4647 2558 4718 inquam,
2591 4647 2690 4718 qui
2722 4645 2853 4718 plus
2893 4645 3168 4701 omnibus
3227 4643 3511 4700 laboravit
3567 4642 3616 4714 (Ι
3671 4643 3791 4699 Cor.
3842 4659 3938 4711 xv,

2293 4735 2402 4805 10),
2436 4732 2529 4791 οβ’
2568 4735 2908 4808 magnitudo
2962 4733 3383 4789 revelationum
3436 4731 3736 4790 extolleret
3778 4747 3941 4803 eum,

2292 4824 2464 4880 datus
2496 4829 2586 4881 est
2617 4823 2893 4880 stimulus
2945 4823 3138 4879 carnis
3197 4824 3347 4892 ejus,
3410 4821 3656 4894 angelus
3685 4822 3934 4892 Satana,

2292 4913 2393 4984 qui
2426 4929 2558 4968 eum
2587 4913 2994 4986 colaphizaret,
3028 4917 3094 4966 ut
3131 4928 3248 4967 non
3307 4909 3628 4968 tolleretur.
3687 4915 3756 4966 Et
3783 4916 3939 4968 certe

2290 5006 2379 5056 ter
2399 5000 2713 5058 Dominum
2737 5002 2958 5074 rogavit
2989 5006 3051 5057 ut
3082 5000 3408 5057 discederet
3437 5001 3510 5056 ab
3541 5015 3645 5056 eo:
3681 5000 3782 5055 sed
3812 4999 3939 5057 dic-

2289 5095 2416 5144 tum
2447 5095 2535 5147 est
2563 5091 2615 5147 ei
2641 5109 2655 5147 :
2685 5091 2900 5162 Sufﬁcit
2933 5091 3037 5146 tibi
3065 5091 3248 5161 gratia
3275 5106 3399 5145 mea
3423 5108 3444 5144 .'
3474 5092 3654 5145 virtus
3695 5091 3847 5144 enim
3876 5092 3939 5145 in

2289 5181 2622 5251 inﬁrmitate
2645 5181 2956 5253 perﬁcitur.
2991 5180 3139 5244 Quid
3168 5185 3288 5235 tam
3323 5179 3422 5235 Dei
3447 5195 3595 5250 opus
3616 5182 3724 5244 est,
3753 5193 3932 5250 quam

2291 5269 2625 5341 Scripturas
2647 5270 2858 5343 legere,
2891 5271 2948 5325 in
2998 5268 3257 5326 Ecclesia
3299 5267 3639 5341 pradicare,
3669 5267 3934 5324 sacerdo-

2289 5358 2438 5413 tium
2471 5376 2702 5431 cupere,
2734 5364 2869 5415 aute
2898 5358 3080 5416 altare
3125 5357 3357 5414 Domini
3410 5356 3747 5413 ministrare
3771 5355 3799 5410 ‘I
3827 5354 3937 5410 Sed

2357 5503 2379 5536 ‘
2406 5500 2684 5574 Sicilicet,
2718 5518 2892 5572 quem
2923 5505 2980 5556 et
3003 5500 3173 5574 paulo
3197 5501 3470 5574 superius
3490 5499 3711 5574 laudat,
3736 5495 3932 5553 Cicero

2285 5573 2386 5629 lib.
2417 5589 2435 5628 ι
2466 5569 2833 5628 Academicar.
2870 5569 3067 5642 Quast.
3125 5590 3193 5629 ex
3253 5569 3427 5629 Attici
3484 5571 3554 5627 ad
3617 5569 3934 5625 Varronem

2286 5661 2574 5716 persona:
2613 5664 2638 5696 α
2695 5647 2808 5700 Aut
2863 5646 3021 5699 enim
3073 5644 3291 5715 inquit,
3351 5660 3499 5699 nova
3549 5646 3695 5716 sunt
3735 5656 3934 5716 rerum

2285 5711 2566 5771 novarum
2619 5716 2886 5773 facienda
2934 5711 3194 5786 nomina,
3245 5719 3348 5771 aut
3393 5731 3462 5772 ex
3509 5711 3641 5770 aliis
3679 5714 3933 5778 transie-

2233 5822 2242 5829 -
2285 5787 2484 5850 renda.
2526 5805 2547 5835 α
2581 5790 2688 5842 etc.

2353 5859 2373 5900 ⁵
2404 5857 2581 5917 Aliter
2608 5859 2724 5917 duo
2756 5873 2900 5919 mss.
2937 5865 3325 5918 numerantur.
