4332 6624
327 552 448 611 453

969 551 1487 614 COMMENTAR.
1536 552 1613 612 ΙΝ
1657 549 1910 612 EPIST.
1956 550 2060 610 AD
2105 548 2390 608 GALAT.
2436 550 2583 610 LIB.
2635 551 2737 617 lll,
2785 549 2958 612 CAP.
3003 551 3105 614 VI.

3627 561 3746 620 454

331 689 390 742 et
420 652 560 754 haec,
595 683 706 740 nisi
739 682 952 756 aliquis
981 685 1140 740 omni
1175 684 1479 757 diligentia
1513 683 1854 740 custodierit
1882 699 1981 738 cor
2011 683 2064 750 Α
2093 680 2239 736 ravit
2272 699 2284 736 :
2319 680 2581 737 lenitatis
2612 683 2886 755 spiritum
2918 689 2974 741 et
3004 688 3476 744 mansuetudinis
3508 689 3566 745 in
3620 709 3745 749 cor-

335 775 620 843 suum,de
653 773 969 846 cupiditate
995 772 1186 828 laudis
1217 775 1510 830 oriuntur.
1536 773 1748 829 Videas
1773 772 1988 844 pleros-

337 879 453 937 qus
482 863 658 936 (quod
692 863 865 918 etiam
917 862 1147 918 Tullius
1196 863 1298 930 ait)
1352 863 1532 919 libros
1579 863 1819 923 suosde
1849 877 1986 917 con-

336 951 652 1008 temnenda
680 949 867 1023 gloria
895 951 1236 1020 inscribere,
1272 956 1329 1007 et
1360 969 1539 1008 causa
1585 950 1802 1023 gloriae,
1851 965 1986 1022 pro-

339 1040 448 1113 prii
499 1038 755 1096 nominis
802 1039 1007 1096 titulos
1056 1045 1380 1113 praenotare
1438 1045 1480 1094 ί.
1534 1040 1990 1110 Interpretamur

336 1129 668 1201 Scripturas
703 1148 716 1186 :
751 1146 903 1202 sape
931 1130 1218 1186 vertimus
1244 1129 1461 1202 stylum
1497 1146 1510 1184 :
1546 1145 1673 1200 quae
1704 1128 1884 1200 digna
1915 1126 1990 1181 le-

335 1217 524 1274 ctione
552 1223 714 1284 sunt,
747 1218 1099 1286 scribimus;
1131 1223 1188 1273 et
1219 1218 1333 1274 nisi
1366 1217 1580 1274 Christi
1611 1234 1791 1273 causa
1823 1218 1988 1283 ﬁant,

334 1307 435 1362 sed
482 1307 778 1366 memoriae
826 1306 886 1362 in
938 1313 1231 1380 posteros,
1281 1312 1338 1362 et
1386 1308 1556 1362 famae
1606 1307 1664 1361 in
1717 1305 1985 1377 populos,

331 1399 490 1452 totus
519 1395 685 1452 labor
714 1395 914 1452 irritus
946 1396 1044 1452 ﬁet
1064 1401 1148 1452 :et
1178 1394 1400 1452 erimus
1434 1396 1603 1467 quasi
1639 1400 1988 1466 tympanum

333 1499 574 1554 sonans,
607 1488 665 1540 et
692 1482 1027 1556 cymbalum
1077 1499 1436 1554 concrepans
1491 1483 1541 1554 (Ι
1586 1483 1705 1537 Cor.
1756 1497 1878 1548 xm,
1915 1481 1988 1551 1).

289 1639 295 1654 ἱ
335 1570 549 1628 Videas
573 1571 882 1644 plerosque
911 1571 982 1627 de
1007 1571 1326 1643 Scripturis
1349 1571 1500 1626 inter
1520 1587 1583 1626 se
1605 1569 1988 1625 contendere:

337 1664 395 1716 et
425 1659 768 1717 athleticum
799 1661 820 1695 ²
850 1676 1112 1716 scamma
1145 1659 1241 1715 Dei
1272 1659 1460 1715 facere
1490 1674 1822 1715 sermonem
1852 1674 1865 1712 :
1902 1657 1993 1712 in-

337 1748 522 1805 vicem
583 1753 918 1822 provocant,
981 1753 1037 1804 et
1091 1748 1141 1804 si
1196 1747 1330 1803 victi
1380 1748 1615 1815 fuerint,
1662 1746 1926 1803 invident
1977 1762 1989 1800 :

340 1836 536 1893 inanis
568 1838 782 1910 quippe
831 1837 1030 1911 gloriae
1082 1837 1279 1910 cupidi
1321 1841 1480 1893 sunt.
1514 1837 1644 1892 Scio
1675 1837 1734 1891 in
1769 1835 1994 1891 Latinis

338 1927 640 1983 codicibus
688 1927 747 1982 in
799 1943 864 1983 eo
913 1926 1246 1984 testimonio
1297 1927 1451 1999 quod
1499 1943 1682 1998 supra
1714 1924 1866 1981 518
1898 1941 1995 1996 po-

2096 771 2352 826 rectione
2381 772 2674 841 peccantis
2708 773 3034 845 spiritualis
3065 775 3356 848 adhibeat,
3389 793 3460 833 ne
3493 779 3742 852 rigidus,

2097 876 2170 915 ne
2199 859 2384 915 iratus
2415 865 2472 914 et
2499 860 2686 915 tristis
2716 862 3006 934 corrigere
3038 864 3235 934 cupiat
3283 871 3612 935 errantem;
3646 871 3748 926 sed

2097 951 2369 1020 provocet
2400 964 2557 1014 eum,
2590 950 2885 1020 spondens
2936 949 3222 1020 salutem;
3274 955 3503 1011 veniam
3558 973 3749 1031 repro-

2099 1037 2339 1092 mittens
2373 1053 2384 1092 :
2419 1037 2632 1092 Christi
2657 1039 3060 1095 testimonium
3092 1043 3346 1114 proferat
3372 1062 3384 1100 :
3409 1045 3566 1116 quod
3589 1047 3747 1118 gravi

2099 1124 2246 1197 legis
2263 1131 2320 1180 et
2338 1131 2704 1197 peccatorum
2721 1144 2895 1184 onere
2909 1129 3639 1206 depressos,adjugum,su
3651 1152 3749 1192 um

2100 1229 2299 1284 suave,
2328 1220 2383 1270 et
2408 1215 2528 1270 leve
2557 1215 2780 1281 invitet,
2815 1234 2965 1273 onus
2998 1234 3009 1273 :
3047 1224 3111 1273 ut
3154 1221 3406 1289 discant,
3456 1223 3594 1295 quia
3641 1224 3748 1280 hu-

2101 1302 2259 1358 milis
2289 1303 2366 1358 sit
2391 1307 2448 1358 et
2479 1304 2660 1373 mitis,
2694 1309 2751 1360 et
2795 1313 3142 1362 mansuetus
3189 1311 3360 1365 corde
3410 1311 3619 1382 (Matth.
3670 1330 3750 1379 ιιι,

2097 1392 2209 1463 29),
2242 1398 2298 1447 et
2325 1391 2620 1447 inveniant
2646 1394 2910 1465 requiem
2943 1396 3254 1451 animabus
3305 1398 3447 1454 suis.
3508 1400 3756 1458 Utamur

2101 1479 2210 1536 hoc
2232 1481 2566 1537 testimonio
2588 1482 2897 1538 adversum
2919 1484 3347 1558 hzereticoszqui
3379 1489 3751 1547 diversarum

2098 1570 2250 1627 519
2279 1586 2290 1624 :
2319 1570 2602 1642 ﬁngentes
2635 1570 2862 1628 fabulas
2894 1578 3260 1646 naturarum,
3279 1577 3442 1632 aiunt
3483 1579 3756 1651 spiritua-

2099 1659 2238 1726 lem,
2275 1660 2488 1715 bonam
2521 1676 2649 1715 esse
2679 1661 2966 1727 arborem,
2998 1667 3056 1718 et
3085 1681 3390 1736 nunquam
3442 1667 3628 1725 malos
3667 1670 3752 1725 af-

2104 1748 2251 1804 ferre
2275 1748 2518 1804 fructus.
2554 1749 2694 1804 Ecce
2724 1749 3059 1822 Apostolus,
3093 1753 3263 1822 cujus
3311 1758 3368 1810 et
3414 1755 3526 1827 ipsi
3557 1763 3752 1815 aucto-

2105 1837 2338 1892 ritatem
2371 1843 2722 1909 sequuntur,
2763 1839 2906 1893 dicit
2948 1855 3048 1896 eos
3096 1840 3194 1912 qui
3227 1842 3562 1915 spirituales
3594 1850 3754 1914 sunt,

2103 1943 2274 1999 posse
2306 1942 2562 1998 peccare,
2595 1927 2644 1982 si
2677 1943 2779 1999 per
2807 1926 3153 1984 alitudinem
3185 1930 3376 1987 cordis
3407 1933 3498 1988 sui
3541 1933 3750 1990 inﬂcn-
3835 1992 3844 1997 ,

339 2017 570 2072 suimus
603 2033 615 2072 :
651 2015 715 2072 Si
765 2015 1042 2072 tradidero
1094 2032 1288 2088 corpus
1331 2032 1514 2072 meum
1542 2024 1602 2070 ut
1631 2015 1864 2084 glorier,
1896 2030 1994 2069 ar-
2027 2057 2074 2122 Β
2107 2021 2203 2070 tur
2233 2019 2289 2070 et
2317 2022 2610 2072 corruant.
2644 2015 2806 2079 Quod
2854 2022 2910 2072 et
2955 2034 3062 2073 nos
3108 2035 3342 2092 quoque
3373 2022 3660 2092 fatemur;
3698 2029 3760 2079 et

337 2102 496 2160 deam
528 2106 548 2140 ³
579 2105 793 2161 habere
844 2121 948 2177 pro
998 2105 1210 2175 glorier
1239 2105 1288 2177 (ι
1317 2104 1436 2160 Cor.
1485 2121 1610 2175 xm,
1662 2105 1753 2175 3);
1787 2103 1886 2158 sed
1923 2104 1994 2158 ob

338 2193 790 2249 similitudinem
835 2193 1016 2264 verbi,
1068 2210 1186 2264 qua
1238 2194 1392 2266 apud
1441 2193 1697 2259 Graecos,
1749 2191 1995 2259 ardeam,

342 2287 400 2338 et
453 2284 683 2351 glorier,
740 2282 797 2338 id
850 2286 939 2338 est
982 2283 1327 2354 καυθήσομαι
1378 2287 1435 2338 et
1479 2281 1835 2355 καυχήσομαι
1879 2298 2000 2336 una

340 2369 548 2428 litterae
581 2374 746 2442 parte
776 2371 1182 2444 distinguitur,
1215 2372 1370 2444 apud
1403 2376 1634 2427 nostros
1665 2387 1825 2425 error
1872 2369 1998 2425 ino-

340 2459 498 2516 levit.
531 2458 643 2515 Sed
673 2463 729 2516 et
761 2461 915 2532 apud
969 2460 1129 2533 ipsos
1178 2461 1410 2517 Graecos
1458 2458 1814 2532 exemplaria
1863 2461 2002 2514 sunt

343 2549 592 2606 diversa.

416 2639 576 2712 (Cap.
609 2638 705 2694 VI.
745 2669 807 2680 --
841 2637 1001 2694 Vers.
1040 2639 1117 2707 1.)
1157 2660 1185 2688 ‹‹
1221 2639 1473 2707 Fratres,
1508 2642 1564 2693 et
1607 2637 1657 2693 si
1707 2653 1998 2710 praeoccu-

345 2733 516 2802 patus
549 2727 725 2784 fuerit
753 2726 928 2784 homo
959 2727 1018 2782 in
1049 2725 1246 2799 aliquo
1278 2726 1513 2797 delicto,
1545 2743 1647 2782 vos
1679 2726 1778 2798 qui
1822 2726 2000 2798 spiri-

357 2817 544 2872 tuales
574 2816 1014 2886 estis,instruite
1045 2814 1386 2887 hujusmodi
1410 2815 1469 2870 in
1494 2815 1701 2887 spiritu
1736 2831 2007 2894 mansue-

355 2905 610 2974 tudinis,
651 2905 1033 2962 considerans
1081 2905 1358 2978 teipsum,
1393 2921 1465 2960 ne
1496 2909 1552 2959 et
1578 2909 1640 2959 tu
1673 2904 1937 2960 tenteris.
1975 2925 2003 2953 ››

357 2995 559 3051 Sciens
590 2994 806 3051 Paulus
833 2995 962 3066 ejus
995 2993 1092 3050 Dei
1124 3011 1186 3050 se
1210 3010 1340 3050 esse
1369 2993 1677 3060 cultorem,
1727 2993 1826 3064 qui
1877 2991 2003 3048 nol-

355 3083 435 3140 let
494 3088 740 3141 mortem
801 3083 1146 3155 peccatoris,
1196 3083 1294 3139 sed
1349 3082 1748 3155 paenitentiam
1790 3083 2004 3153 (Ezech.

355 3188 514 3245 xvm,
539 3174 605 3228 11
636 3191 650 3242 ;
679 3189 880 3245 xxxm,
909 3173 1001 3242 23)
1036 3190 1048 3228 :
1083 3177 1140 3228 et
1167 3176 1404 3244 excepta
1433 3170 1737 3237 Trinitate,
1771 3187 2005 3226 omnem

355 3268 704 3331 creaturam,
731 3261 866 3319 licet
897 3279 1011 3318 non
1043 3267 1261 3334 peccet,
1292 3266 1491 3316 tamen
1526 3276 1696 3333 posse
1726 3256 2003 3331 peccare:

357 3368 488 3408 eum
551 3367 786 3425 quoque
843 3351 944 3422 qui
1004 3349 1332 3422 spiritualis
1382 3353 1489 3415 est,
1522 3349 1861 3404 cohortatur
1916 3347 2010 3404 sui

2107 2102 2334 2178 χοῖκοὺς
2379 2104 2686 2177 (terrenos),
2719 2105 3054 2176 spirituales
3101 2108 3247 2177 ﬁeri,
3300 2111 3348 2164 si
3397 2111 3469 2166 ad
3518 2111 3761 2169 meliora

2110 2199 2491 2250 revertantur.
2544 2193 2768 2265 Opponi
2824 2195 2993 2250 nobis
3040 2200 3230 2266 potest
3273 2197 3417 2253 illud
3469 2201 3625 2272 quod
3685 2202 3758 2257 ad

2107 2281 2439 2338 Corinthios
2470 2282 2748 2337 scribitur
2786 2298 2800 2337 :
2833 2282 2980 2353 Quid
3007 2285 3221 2340 vultis?
3249 2287 3313 2341 In
3342 2287 3500 2356 virga
3538 2290 3758 2345 veniam

2107 2370 2179 2427 ad
2227 2386 2335 2437 vos,
2383 2387 2455 2426 an
2504 2371 2562 2425 in
2612 2371 2904 2439 charitate,
2961 2381 3013 2428 et
3050 2376 3255 2446 spiritu
3311 2377 3758 2435 mansuetudinis

2109 2463 2156 2533 (I
2184 2459 2534 2532 Cor.iv,2l)?
2563 2460 2618 2514 Si
2651 2460 2806 2515 enim
2840 2460 2919 2516 ibi
2951 2462 3022 2516 ad
3057 2468 3533 2534 peccatores,non
3556 2467 3614 2522 in
3637 2467 3758 2540 spi-

2110 2551 2224 2606 ritu
2258 2549 2858 2618 mansuetudinis,sed
2879 2550 2940 2606 in
2963 2551 3124 2624 virga
3150 2553 3346 2609 venire
3369 2569 3432 2609 se
3453 2555 3764 2628 dicitzquo-

2111 2639 2284 2695 modo
2308 2638 2402 2694 hic
2417 2638 2510 2694 his
2534 2639 2630 2710 qui
2666 2639 2724 2694 in
2754 2639 2950 2711 aliquo
2982 2647 3215 2713 peccato
3244 2645 3521 2715 praeventi
3547 2645 3765 2700 fuerint

2113 2744 2228 2784 non
2262 2727 2482 2797 virgam
2517 2727 2772 2795 adhibet,
2807 2729 2908 2785 sed
2934 2729 3206 2800 spiritum
3239 2733 3712 2790 mansuetudinis
3736 2735 3764 2789 ?

2111 2815 2330 2870 Verum
2374 2813 2454 2868 ibi
2486 2815 2556 2870 ad
2589 2831 2688 2872 eos
2719 2815 2950 2883 dicitur,
2987 2816 3088 2889 qui
3126 2822 3258 2891 post
3288 2825 3593 2890 peccatum
3646 2838 3762 2878 non

2115 2903 2433 2959 sentientes
2463 2918 2719 2958 errorem
2751 2921 2948 2971 suum,
2982 2905 3257 2962 nolebant
3283 2908 3610 2980 majoribus
3637 2911 3763 2967 suis

2116 2991 2313 3057 subdi,
2362 2995 2418 3047 et
2466 2991 2808 3063 paenitentia
2853 2995 3084 3067 corrigi.
3137 2995 3246 3052 Ubi
3303 3013 3436 3054 vero
3493 3005 3766 3070 peccator

2115 3079 2450 3153 intelligens
2479 3081 2694 3136 vulnus
2723 3099 2920 3154 suum,
2953 3084 3135 3139 tradit
3165 3086 3391 3142 medico
3442 3104 3504 3144 se
3553 3105 3763 3145 curan-

2117 3171 2284 3236 dum,
2308 3169 2385 3224 ibi
2420 3186 2533 3226 non
2565 3174 2654 3227 est
2676 3171 2839 3243 virga
2871 3173 3328 3242 necessaria,sed
3362 3176 3604 3248 spiritus
3625 3177 3768 3235 leni-

2116 3259 2277 3314 tatis.
2309 3259 2417 3315 Sed
2450 3264 2506 3315 et
2532 3259 2677 3315 illud
2712 3261 2855 3317 forte
2888 3263 3185 3334 quaeritur,
3237 3265 3390 3333 quod
3433 3266 3480 3321 si
3533 3273 3763 3339 propte-

2121 3364 2220 3403 rea
2260 3347 2550 3404 instruere
2596 3349 2730 3421 quis
2780 3350 2986 3406 debeat
3037 3357 3396 3423 peccatorem
3445 3355 3504 3410 in
3552 3357 3764 3428 spiritu

355 3441 565 3497 timore
595 3457 668 3496 ne
699 3444 915 3512 peccet,
949 3454 1191 3494 manum
1236 3438 1531 3510 porrigere
1575 3439 1889 3493 corruenti.
1941 3437 2009 3492 Et
2037 3426 2080 3492 C
2117 3434 2374 3491 lenitatis
2407 3453 2420 3491 :
2455 3438 2595 3507 quia
2646 3437 2972 3494 consideret
2997 3455 3080 3508 se,
3115 3456 3186 3494 ne
3216 3445 3272 3495 et
3296 3441 3422 3513 ipse
3468 3426 3761 3511 tentetur;

356 3528 601 3602 pulchre
632 3531 1099 3605 praeoccupatum
1132 3526 1191 3582 in
1223 3527 1454 3593 delicto,
1492 3526 1787 3581 hominem
1819 3531 2004 3598 vocat,

357 3618 457 3691 qui
493 3617 642 3674 mori
675 3615 862 3689 possit
896 3633 909 3672 :
942 3633 1010 3672 ex
1039 3614 1167 3688 ipso
1200 3613 1436 3670 nomine
1466 3612 1842 3686 fragilitatem
1870 3631 2006 3671 con-

359 3706 601 3764 ditionis
632 3705 978 3774 ostendens;
1011 3709 1075 3760 ut
1102 3703 1318 3776 dignus
1377 3703 1454 3758 sit
1500 3704 1689 3774 venia,
1723 3703 1823 3775 qui
1852 3703 2010 3759 velut

359 3796 534 3854 homo
565 3809 759 3852 errore
781 3794 1141 3866 deceptus,et
1163 3809 1392 3848 mersus
1413 3791 1473 3847 in
1498 3793 2011 3866 voraginem,seip-

361 3901 491 3942 sum
524 3885 652 3941 sine
699 3882 933 3951 auxilio,
967 3887 1025 3938 et
1054 3882 1322 3952 adjutore
1371 3880 1590 3953 erigere
1638 3898 1754 3936 non
1804 3883 2010 3953 possit.

362 3973 662 4047 Spirituali
693 3977 890 4029 autem
921 3989 1036 4028 non
1069 3971 1305 4027 additur
1329 3969 1505 4025 homo
1531 3985 1545 4025 :
1569 3970 1672 4026 sed
1702 3971 1870 4041 quasi
1894 3970 2010 4026 Deo

361 4062 713 4136 praecipitur,
747 4066 813 4117 ut
839 4049 1138 4118 hominem
1172 4063 1644 4132 praeoccupatum
1689 4060 1749 4114 in
1801 4057 2010 4116 delicto

360 4151 618 4208 instruat
653 4167 668 4207 :
703 4151 825 4208 sive
856 4151 944 4223 (ut
975 4149 1185 4206 melius
1218 4149 1466 4205 habetur
1496 4148 1553 4203 in
1583 4148 1802 4220 Graeco)
1837 4149 2011 4221 perﬁ-

239 4252 253 4266 '
362 4241 480 4296 ciat
508 4241 568 4295 in
599 4239 808 4313 spiritu
840 4239 1120 4296 lenitatis.
1157 4238 1265 4304 Qui
1304 4244 1499 4294 autem
1545 4237 1863 4310 perﬁcitur,
1896 4254 2011 4293 non

361 4329 413 4385 ei
445 4329 658 4384 desunt
683 4329 1080 4396 universa,sed
1103 4327 1593 4399 aliqua.Denique
1624 4326 1673 4381 si
1704 4327 1727 4361 ⁴
1748 4344 1864 4383 non
1887 4343 2015 4400 pec-

361 4418 506 4476 catis
539 4417 832 4490 pluribus,
863 4418 963 4474 sed
1001 4417 1142 4473 vitio
1191 4416 1388 4488 aliquo
1440 4421 1882 4488 praeoccupatus
1921 4433 2012 4472 er-

434 4526 448 4559 ¹
483 4525 546 4581 In
578 4524 820 4580 Palatin.
855 4541 990 4598 ms.,
1022 4528 1075 4582 et
1100 4527 1323 4596 prapter
1360 4523 1598 4593 gloriam
1641 4523 1886 4578 nominis
1924 4525 2016 4579 sui

364 4598 568 4680 titulos.
583 4605 913 4680 pramature.

431 4669 454 4703 ³
482 4667 703 4726 Vitiose
731 4668 950 4724 lectum
995 4671 1083 4723 est
1129 4667 1436 4737 hactenus,
1467 4681 1727 4733 scomma,
1760 4683 1862 4737 pro
1901 4682 2015 4737 quo

361 4757 605 4821 scutatae
638 4741 711 4797 ad
745 4757 888 4821 mss.
923 4739 1122 4821 ﬁdem,
1153 4739 1281 4810 ipso
1320 4744 1561 4810 cogente
1593 4744 1765 4821 ‘recto
1809 4753 2008 4821 sensu,

2117 3541 2253 3597 ergo
2279 3526 2507 3595 justus,
2541 3526 2638 3596 qui
2666 3526 2737 3580 de
2767 3542 2875 3581 sua
2903 3532 3096 3582 certus
3125 3533 3215 3584 est
3245 3533 3460 3601 mente,
3495 3531 3594 3603 qui
3653 3533 3764 3588 scit

2118 3631 2234 3671 non
2281 3613 2449 3686 posSe
2498 3631 2560 3670 se
2604 3614 2744 3686 labi,
2789 3631 2904 3671 non
2956 3616 3129 3673 debet
3173 3617 3462 3676 instruere
3503 3626 3763 3694 peccato-

2118 3721 2242 3760 rem
2270 3705 2293 3739 ⁸
2323 3705 2381 3759 in
2405 3705 2612 3777 spiritu
2633 3703 2928 3762 lenitatis?
2959 3705 3044 3761 Ad
3063 3707 3218 3778 quod
3240 3707 3767 3780 dicemus,etiamsi

2118 3794 2321 3865 vicerit
2351 3793 2574 3864 justus,
2626 3794 2816 3850 sciens
2868 3799 3088 3866 quanto
3132 3795 3327 3853 labore
3380 3800 3761 3872 superaverit,

2121 3883 2310 3956 magis
2341 3884 2599 3954 peccanti
2629 3883 2857 3939 veniam
2901 3883 3200 3956 largietur.
3232 3885 3379 3942 Nam
3411 3894 3470 3944 et
3502 3888 3769 3946 Salvator

2121 3977 2426 4044 propterea
2453 3976 2714 4027 tentatus
2744 3977 2852 4038 est,
2875 3973 3047 4042 juxta
3075 3975 3272 4030 omnia
3302 3976 3473 4032 nobis
3495 3977 3775 4034 similiter

2123 4062 2345 4131 absque
2384 4065 2663 4132 peccato:
2700 4065 2765 4115 ut
2807 4061 2994 4131 possit
3040 4063 3318 4133 compati,
3364 4069 3421 4118 et
3467 4065 3776 4122 condolere

2121 4149 2566 4204 inﬁrmitatibus
2614 4148 2844 4203 nostris
2882 4149 3064 4216 (Hebr.
3115 4166 3193 4221 ιν,
3247 4151 3357 4220 15),
3409 4169 3516 4208 suo
3562 4155 3770 4210 doctus

2123 4237 2389 4310 exemplo
2415 4239 2456 4306 °,
2491 4253 2669 4310 quam
2700 4237 2956 4293 difﬁcilis
2987 4237 3064 4293 sit
3091 4238 3151 4295 in
3178 4255 3351 4296 carne
3397 4239 3657 4296 victoria.
3708 4242 3770 4298 Si

2124 4327 2257 4401 quis
2283 4328 2449 4400 virgo
2479 4327 2551 4382 ad
2584 4331 2877 4383 senectam
2923 4343 3111 4399 usque
3153 4330 3568 4400 permanserit;
3600 4330 3765 4404 igno-

2125 4422 2250 4474 scat
2277 4417 2325 4473 ei
2361 4417 2463 4489 qui
2483 4415 2886 4474 adolescentiae
2911 4417 3210 4489 quondam
3234 4418 3254 4453 ⁷
3277 4417 3466 4474 calore
3488 4418 3769 4493 deceptus

2126 4526 2280 4578 mate
2311 4523 2358 4578 si
2390 4522 2525 4596 quis
2553 4525 2609 4576 to
2640 4538 2816 4577 manu
2867 4521 3034 4578 levat.
3071 4545 3100 4572 »
3129 4522 3200 4580 Et
3245 4539 3372 4596 cap.
3422 4525 3488 4580 21
3527 4541 3539 4580 :
3582 4545 3604 4575 ι
3637 4529 3774 4584 Pro-

2125 4610 2364 4668 gressus
2367 4594 2450 4671 _in
2483 4609 2766 4662 scamma,
2788 4609 3032 4671 necesse
3062 4601 3151 4671 est
3180 4600 3244 4651 ut
3271 4594 3526 4670 eicipias
3576 4598 3774 4671 pulve-

2126 4665 2270 4742 rem.
2305 4687 2332 4714 »
2366 4665 2434 4720 Et
2464 4682 2699 4721 rursum
2733 4681 2746 4720 :
2775 4666 3036 4742 Luctator
3064 4667 3124 4722 in
3152 4665 3480 4736 scamma'te,
3530 4665 3662 4742 et'c.,
3711 4677 3778 4729 ut

2129 4737 2278 4794 alios
2308 4743 2643 4808 praeteream
2672 4736 3100 4794 ecclesiasticos
3127 4743 3490 4797 tractatores.

363 4813 890 4884 restituimus.Erat
919 4798 1262 4884 athleticam
1292 4798 1556 4884 scamma
1593 4808 1778 4874 locus,
1834 4798 2008 4884 fossa;
2045 4798 2088 4862 Β
2189 4809 2211 4844 ⁸
2243 4798 2420 4884 Hanc,
2455 4825 2580 4884 quae
2613 4808 2961 4884 Hieronymo
2998 4811 3278 4882 probatur
3325 4811 3514 4880 lectio,
3567 4814 3776 4884 glorier

364 4884 482 4940 sive
508 4883 665 4940 linea
694 4883 1196 4955 circumscriptus,
1230 4899 1403 4955 quem
1439 4882 1587 4937 ultra
1637 4881 2008 4955 praetergredi

364 4960 652 5012 certantes
698 4955 758 5010 in
810 4971 876 5010 eo
924 4953 1156 5010 athletae
1207 4953 1320 5009 non
1371 4957 1659 5025 poterant.
1707 4953 1928 5008 Nomen
1976 4969 2011 5008 a

362 5026 583 5097 σκάπτω
637 5027 835 5083 Graeco
891 5026 1087 5096 verbo,
1152 5026 1306 5097 quod
1376 5031 1465 5080 est
1523 5025 2006 5097 fodio,‘_accepit.

363 5096 636 5170 Satisque
683 5097 1014 5154 luculenter
1058 5094 1188 5169 ipse
1232 5094 1619 5169 Hieronymus
1668 5094 1826 5170 alibi,
1863 5094 2011 5170 libro

361 5168 556 5226 contra
607 5171 870 5226 Joannem
921 5168 1336 5240 Ilierosolymit.
1398 5168 1597 5221 «"Cur
1651 5173 1736 5234 tu,
1797 5168 2010 5239 inquit,

362 5241 602 5324 emissis
635 5257 811 5324 super
833 5243 1056 5324 quibus
1094 5258 1303 5324 pugna
1350 5245 1457 5306 est,
1490 5240 1561 5294 de
1593 5247 1914 5324 scammatc
1955 5245 2014 5294 et

357 5312 486 5386 loco
544 5311 880 5369 certaminis
937 5311 1265 5386 egrediens,
1325 5334 1356 5386 η
1425 5320 1532 5366 etc.
1597 5311 1818 5365 Passim
1878 5327 2012 5386 vero

359 5383 556 5468 latius.
574 5400 677 5468 pro
705 5386 832 5456 ipso
864 5382 1482 5468 cer'gamineosumitu‘r,
1509 5386 1572 5436 ut
1601 5388 1659 5468 et
1679 5388 1884 5468 noster
1906 5382 2014 5438 hoc

360 5457 490 5529 ipso
544 5453 599 5509 in
653 5453 797 5524 loco,
847 5464 903 5512 et
949 5457 1348 5512 Tertullianus
1397 5453 1497 5509 lib.
1550 5455 1625 5509 ad
1671 5459 1949 5524 Martyres
1996 5471 2009 5509 :

363 5549 393 5578 «
426 5528 714 5600 Epistates
744 5534 935 5600 vester
963 5529 1226 5583 Christus
1257 5529 1453 5590 Jesus,
1500 5524 1601 5600 qui
1653 5541 1753 5600 vos
1803 5525 2011 5596 spiritu

362 5597 548 5665 unxit,
599 5606 657 5656 et
707 5599 778 5656 ad
832 5601 942 5656 hoc
990 5598 1591 5671 scamma‘perduxit.
1623 5597 1751 5671 »δι
1781 5613 2015 5671 quoque

359 5671 708 5728 Ambrosius
742 5672 840 5727 lib.
874 5689 891 5726 ι
924 5671 1194 5742 0/ﬁcior,.
1227 5669 1354 5742 cap.
1383 5687 1477 5724 xv1
1512 5686 1524 5724 :
1553 5692 1582 5742 ς(
1612 5669 1758 5734 Quid
1790 5669 2013 5740 epulari

404 5744 568 5812 estis,
600 5748 918 5816 antequam
953 5740 1216 5816 studium
1265 5740 1571 5816 solvatur?
1602 5741 1794 5796 adhuc
1827 5759 2014 5813 popu-

387 5814 458 5889 us
489 5814 976 5889 spectatfadhuc
1025 5814 1254 5889 athletae
1297 5814 1357 5868 in
1403 5817 1740 5889 scammate_
1774 5819 1930 5872 sunt.
1985 5835 2013 5864 ››

365 5884 540 5957 idem
559 5887 661 5945 lib.
689 5884 755 5946 de
787 5888 914 5947 Elia
942 5890 994 5947 et
1019 5887 1260 5963 Jejunio,
1313 5901 1440 5962 cap.
1491 5900 1602 5944 ut:
1644 5905 1671 5948 φ
1720 5884 1782 5944 In
1831 5899 2018 5943 scam-

2117 4897 2221 4953 pro
2251 4879 2607 4956 ardealrawix
2638 4879 2696 4934 in
2731 4879 2847 4956 uno
2875 4879 3128 4956 alterove
3161 4884 3478 4956 exemplari
3504 4879 3767 4941 invenire

2117 4951 2237 5028 est,
2261 4956 2404 5024 puta
2434 4952 2628 5008 Graeco
2679 4951 3072 5028 e_x_Vechellii
3121 4951 3394 5023 edition'c,
3439 4965 3495 5011 et
3525 4961 3701 5028 Copto
3749 4973 3762 5012 :

2119 5023 2422 5097 probatam
2455 5040 2586 5079 vero
2626 5023 2882 5094 cuipiam
2931 5041 3034 5097 seu
3081 5032 3365 5095 veterum,
3417 5044 3518 5083 seu
3570 5023 3765 5097 recen-

2120 5095 2334 5151 tiorum
2361 5096 2772 5177 interpretum,
2822 5113 2894 5150 ne
2936 5096 3031 5177 vix
3080 5099 3316 5170 quidem
3365 5099 3543 5177 graeci
3573 5095 3770 5177 quos.

2120 5186 2322 5238 σωμαι,
2357 5165 2543 5222 Latini
2574 5165 2818 5240 ardeam,
2853 5169 2978 5240 pari
3029 5165 3318 5227 cohsensu
3365 5169 3583 5239 Patres,
3616 5173 3765 5223 Pau-

2123 5239 2709 5321 linia‘nique-codices
2744 5238 2965 5321 legunt.

2191 5311 2214 5343 ‘
2246 5312 2323 5365 Ex
2355 5311 2579 5383 pridem
2612 5310 2883 5383 vulgatis,
2931 5313 2983 5366 si
3028 5312 3315 5378 voculam,
3367 5327 3545 5382 quam
3599 5310 3768 5366 Mart.

2122 5382 2512 5466 praetermisit,
2549 5382 2909 5454 sull'ecimus,
2943 5388 2999 5437 et
3028 5401 3156 5455 quae
3188 5385 3632 5454 subsequuntur
3656 5397 3772 5437 uno

2125 5471 2302 5510 sensu
2324 5471 2655 5524 JUDXImUS.

2193 5526 2214 5559 δ
2244 5525 2489 5582 Palatin.
2525 5542 2635 5580 ms.
2667 5540 2779 5582 non
2802 5524 2958 5598 posse
2990 5525 3126 5593 tabi,
3158 5541 3268 5582 non
3310 5526 3546 5580 instruet
3581 5541 3771 5596 pecca-

2125 5605 2320 5653 torem.

2195 5670 2216 5704 ⁸
2249 5670 2407 5796 ῐόῗιιι
2459 5685 2570 5724 ms.
2621 5684 2756 5725 cum
2796 5668 3163 5726 Cisterciensi
3208 5666 3410 5737 altero,
3450 5667 3773 5726 suodacens

2127 5757 2321 5796 exemp
2349 5758 2400 5796 ο.

2127 5757 2851 5946 exf?f1§aaerat,quodam
2877 5827 2896 5868 :
2929 5809 3098 5870 nobis
3128 5809 3249 5872 haec
3279 5811 3486 5873 melior
3513 5811 3640 5872 visa
3659 5826 3774 5876 ms.

2127 5901 2188 5946 es
2271 5902 2334 5945 eo
2366 5901 2440 5945 ιο.

2127 5901 2219 5946 θει
2247 5901 2440 5945 ιοοιιο.
