4332 6580
604 528 720 587 455

1850 518 1913 578 8.
1963 515 2272 579 EUSEBII
2316 513 2758 574 HIERONYMI

3891 517 4013 579 486

604 665 712 724 est,
749 659 940 716 sciens
970 655 1205 728 quantis
1246 651 1693 709 difficultatibus
1735 647 1897 704 illam
1945 646 2248 703 transierit
2277 648 2330 712 Α
2360 661 2459 702 eos
2489 646 2586 718 qui
2621 657 2988 718 peccatorum
3018 664 3080 701 ac
3112 645 3257 718 legis
3307 662 3480 701 onere
3529 650 3670 702 sunt
3719 648 4006 720 depressi,

607 753 857 806 aetatem.
893 747 952 803 Si
983 747 1116 818 quis
1159 760 1262 816 pro
1311 741 1525 798 Christi
1578 738 1834 794 nominis
1885 737 2250 792 confessione

608 839 922 906 cruciatus,
982 835 1163 890 alium
1213 834 1274 888 in
1321 829 1626 886 tormentis
1673 827 1884 882 viderit
1941 826 2249 896 denegare,

606 925 998 998 compatiatur
1025 921 1364 978 vulneribus
1397 917 1772 991 negatoris,et
1804 932 1917 970 non
1936 919 2054 969 tam
2081 913 2246 967 illum

601 1015 1029 1086 victum,quam
1062 1027 1124 1068 se
1147 1010 1376 1073 vicisse,
1412 1009 1672 1062 miretur.
1692 1004 1991 1060 Cautelam
2014 1017 2247 1074 quoque

604 1103 915 1160 scribentis
943 1097 1387 1171 attendite,quia
1417 1113 1530 1151 non
1563 1094 1769 1150 dixerit
1815 1111 1828 1148 :
1884 1091 2247 1148 Considerans

603 1203 673 1263 te,
703 1209 775 1248 ne
802 1201 861 1248 tu
887 1191 1078 1250 cadas;
1109 1188 1232 1253 sed,
1266 1203 1334 1242 ne
1365 1191 1416 1241 et
1443 1194 1502 1240 tu
1531 1185 1773 1240 tenteris.
1808 1181 1972 1236 Vinci
2029 1179 2246 1252 quippe

600 1282 688 1337 vel
719 1282 965 1347 vincere,
998 1291 1423 1347 nonnunquam
1454 1275 1513 1328 in
1546 1278 1745 1328 nostra
1774 1276 1864 1326 est
1894 1273 2177 1342 potestate
2229 1285 2242 1324 :

601 1371 756 1428 520
784 1373 1055 1424 caeterum
1085 1365 1316 1433 tentari,
1342 1364 1413 1430 in,
1426 1365 1709 1434 potestate
1735 1359 2018 1416 tentantis
2041 1361 2148 1413 est.
2185 1357 2244 1413 Si

598 1459 754 1514 enim
777 1458 1041 1512 Salvator
1061 1457 1322 1510 tentatus
1343 1456 1433 1508 est
1454 1451 1663 1521 (Matth.
1699 1466 1774 1514 1v,
1869 1449 2060 1518 seqq),
2109 1446 2244 1518 quis

598 1551 788 1622 potest
817 1562 946 1602 esse
966 1560 1209 1600 securus
1239 1542 1592 1597 intentatum
1617 1555 1679 1594 se
1708 1537 1838 1592 vitae
1861 1537 2039 1608 hujus
2059 1535 2246 1592 maria

597 1633 883 1692 transire?
915 1633 1022 1698 Qui
1063 1635 1273 1704 putant
1323 1627 1570 1684 Paulum
1609 1627 1780 1698 juxta
1822 1624 2240 1693 humilitatem,

597 1729 654 1780 et
682 1740 798 1779 non
829 1737 958 1778 vere
988 1719 1204 1775 dixisse
1239 1735 1253 1773 :
1287 1718 1351 1773 Et
1394 1717 1447 1772 si
1493 1717 1779 1787 imperitus
1825 1729 2090 1782 sermone,
2133 1729 2243 1767 non

595 1816 779 1868 tamen
831 1811 1062 1866 scientia
1117 1809 1189 1879 (II
1246 1808 1366 1863 Cor.
1427 1823 1504 1871 x1,
1560 1806 1638 1876 6),
1696 1803 2010 1859 defendant
2061 1802 2242 1873 hujus

596 1899 707 1958 loci
739 1898 1238 1971 consequentiam.
1275 1894 1481 1952 Debuit
1519 1894 1736 1966 quippe
1783 1893 2106 1948 secundum
2149 1908 2239 1945 or-

598 1991 795 2046 dinem
835 1988 1071 2043 dicere:
1111 1987 1223 2056 Vos,
1277 1987 1375 2055 qui
1415 1982 1736 2054 spirituules
1782 1982 1930 2048 estis,
1985 1981 2243 2034 instruite

597 2077 911 2150 hujusmodi
942 2079 1001 2131 in
1030 2076 1232 2146 spiritu
1263 2073 1530 2138 lenitatis,
1559 2071 1969 2126 considerantes
2015 2077 2238 2125 vosmet-

595 2171 760 2241 ipsos,
808 2181 880 2222 ne
922 2170 972 2221 et
1021 2180 1108 2220 vos
1159 2163 1475 2224 tentemint;
1515 2165 1570 2217 et
1613 2177 1728 2216 non
1784 2159 1994 2231 plurali
2030 2159 2241 2214 inferre

598 2272 908 2313 numerum
941 2252 1318 2325 singularem.
1346 2250 1635 2305 Hebraeus
1659 2249 1838 2320 igitur
1867 2264 1934 2302 ex
1964 2248 2238 2317 Hebraeis,

595 2350 653 2402 et
700 2344 801 2418 qui
848 2346 1002 2399 esset
1047 2341 1106 2396 in
1155 2339 1467 2397 vernaculo
1516 2355 1786 2394 sermone
1835 2338 2236 2403 doctissimus,

597 2433 918 2508 profundos
943 2447 1154 2487 sensus
1186 2429 1378 2485 aliena
1402 2428 1605 2500 lingua
1632 2427 1954 2498 exprimere
1994 2443 2105 2482 non
2138 2443 2241 2480 va-

595 2521 751 2578 lebat
778 2539 790 2578 :
825 2537 929 2577 nec
960 2519 1203 2576 curabat
1234 2532 1584 2590 magnopere
1615 2517 1686 2570 de
1715 2515 1929 2582 verbis,
1952 2532 2084 2570 cum
2117 2531 2244 2570 seno

595 2627 728 2666 sum
767 2610 1007 2665 haberet
1051 2608 1111 2662 in
1171 2612 1318 2662 tuto.
1368 2606 1497 2660 Haec
1541 2605 1864 2660 secundum
1915 2604 2240 2676 simplicem

594 2698 1062 2772 intelligentiam.
1096 2697 1398 2759 Caeterum,
1436 2696 1502 2751 ut
1530 2699 1587 2750 et
1611 2695 1879 2750 secundae
1928 2695 2238 2765 expositio.

597 2788 688 2844 nis
719 2787 981 2843 ordinem
1014 2801 1460 2857 prosequamur,
1496 2783 1656 2837 locus
1698 2783 1809 2836 iste
1857 2781 1926 2836 de
1971 2780 2239 2852 Epistolm

595 2878 666 2933 ad
702 2877 995 2932 Romanos
1025 2875 1140 2929 ﬁne
1171 2873 1516 2945 pandendus
1547 2876 1654 2926 est.
1688 2871 1768 2926 Ibi
1805 2871 1962 2926 enim
1995 2886 2128 2925 cum
2163 2870 2240 2925 si-

599 2964 816 3020 militer
837 2965 908 3019 de
928 2962 1078 3020 escis
1099 2967 1158 3018 et
1177 2960 1679 3017 observationibus
1710 2959 1988 3014 scriberet
2013 2959 2242 3014 ,1υόωο-

599 3069 753 3119 rum,
785 3056 839 3107 et
870 3068 970 3107 eos
999 3050 1096 3121 qui
1125 3049 1274 3120 legis
1295 3051 1465 3119 juxta
1495 3047 1747 3102 litteram
1780 3052 2062 3118 praecepta
2099 3063 2240 3102 con-

601 3144 950 3205 temnerent,
984 3140 1185 3194 ﬁrmos
1216 3142 1390 3208 atque
1423 3137 1746 3209 perfectos;
1795 3136 1927 3191 illos
1974 3153 2104 3191 vero
2141 3136 2239 3208 qui

602 3231 794 3288 adhuc
824 3230 1066 3301 antiqua
1107 3227 1532 3283 consuetudine
1563 3226 1945 3295 ducebantur,
1976 3225 2240 3282 infirmos

599 3319 989 3392 parvulosque
1017 3321 1362 3384 narraret,et
1392 3316 1608 3370 videret
1632 3315 1897 3386 jurgium
1930 3331 2056 3370 esse
2088 3314 2240 3369 inter

2360 736 2428 790 ad
2461 735 2582 790 leve
2611 753 2760 790 onus
2791 736 3022 790 virtutis
3052 735 3277 799 invitat,
3313 735 3512 790 dicens
3547 753 3559 791 :
3593 738 3798 806 Iugum
3827 753 4009 794 meum

2356 841 2524 879 suave
2565 835 2661 894 est,
2709 828 2759 879 et
2807 842 2940 880 onus
2986 841 3168 879 meum
3217 825 3330 879 leve
3379 824 3592 893 (Matth.
3640 843 3717 890 xu,
3750 828 3863 897 30).
3897 829 4005 894 Qui

2357 913 2536 984 igitur
2582 914 2774 968 fratris
2825 930 2939 968 non
2994 913 3265 984 desperat
3311 911 3582 980 salutem,
3615 916 3717 970 sed
3760 932 4003 974 manum

2357 1002 2599 1073 porrigit
2629 1002 2982 1072 deprecanti,
3014 1008 3070 1056 et
3102 1007 3389 1073 quantum
3416 1001 3474 1057 in
3507 1021 3568 1058 se
3597 1009 3709 1072 est,
3738 1005 3838 1061 ﬂet
3867 1022 4001 1063 cum

2356 1090 2591 1154 ﬂuente,
2623 1090 2893 1145 inﬁrmus
2925 1094 3012 1144 est
3041 1106 3174 1145 cum
3212 1090 3467 1160 infirmo,
3501 1109 3728 1165 suaque
3782 1095 4008 1164 iudicat

2355 1177 2546 1233 aliena
2577 1183 2832 1250 peccata,
2862 1181 2972 1234 iste
3004 1196 3105 1250 per
3133 1179 3474 1235 charitatem
3507 1181 3791 1254 adimplet
3811 1183 4000 1254 legem

2353 1267 2584 1323 Christi.
2640 1267 2774 1330 Quae
2821 1267 3032 1323 Christi
3081 1267 3169 1322 lex
3214 1269 3345 1324 est?
3390 1273 3506 1325 Hoc
3547 1274 3627 1325 est
3675 1270 4001 1326 mandatum

2352 1373 2552 1426 meum,
2603 1360 2661 1411 ut
2711 1357 2960 1426 diligatis
3009 1359 3244 1412 invicem
3288 1356 3480 1428 (Joan.
3532 1375 3657 1428 xm,
3711 1359 3822 1428 31:).
3865 1361 4002 1426 Quo

2353 1444 2444 1500 lex
2492 1445 2620 1500 Filii
2650 1445 2748 1501 Dei
2789 1447 2913 1501 est?
2943 1447 3166 1516 Diligite
3213 1447 3560 1516 alterutrum,
3611 1450 3753 1504 sicut
3803 1452 3856 1504 et
3899 1463 4004 1523 ego

2351 1533 2528 1589 dilexi
2554 1551 2645 1590 vos
2676 1535 2878 1605 (Ibid).
2912 1535 3210 1598 Quomodo
3241 1536 3339 1590 Dei
3371 1536 3550 1592 Filius
3599 1552 3706 1594 nos
3752 1535 4004 1593 dilexit?

2351 1625 2532 1695 Major
2552 1624 2653 1678 hac
2680 1625 2974 1679 dilectione
2999 1641 3108 1680 non
3136 1633 3229 1693 est,
3271 1641 3436 1697 quam
3483 1629 3546 1681 ut
3598 1628 3721 1698 quis
3749 1628 4005 1682 animam

2349 1729 2508 1768 suam
2559 1723 2729 1785 ponat
2780 1730 2881 1786 pro
2940 1715 3131 1770 amicis
3183 1716 3298 1769 suis
3355 1715 3530 1781 (Joan.
3580 1731 3675 1782 xv,
3728 1716 3838 1786 13).
3893 1715 4005 1780 Qui

2349 1802 2716 1858 clementiam
2749 1819 2865 1858 non
2899 1803 3094 1868 habet,
3129 1820 3232 1858 nec
3262 1803 3505 1860 indutus
3537 1809 3623 1860 est
3652 1803 3876 1861 viscera
3898 1805 4005 1861 mis

2351 1891 2680 1946 serioordia:
2709 1897 2766 1948 et
2796 1891 3208 1961 lacrymarum,
3243 1892 3509 1964 quamvis
3540 1891 3868 1965 spiritualis
3900 1894 3998 1962 sit,

2351 1997 2464 2036 non
2497 1981 2839 2047 adimplebit
2869 1981 3055 2053 legem
3087 1981 3326 2037 Christi.
3357 1981 3467 2036 Sed
3517 1986 3574 2038 et
3613 1982 3770 2038 hunc
3802 1981 3999 2039 locum

2351 2088 2483 2127 cum
2517 2072 2918 2142 superioribus
2947 2071 3310 2142 copulemus.
3344 2070 3651 2143 Duplicem
3702 2071 3857 2128 enim
3909 2085 3998 2129 so-

2351 2161 2591 2230 quimur
2619 2159 3160 2231 intelligentiam.Si
3193 2159 3324 2231 quis
3358 2158 3631 2214 inﬁrmus
3663 2159 3722 2214 in
3756 2160 3869 2215 fide
3887 2161 3997 2230 est,

2351 2256 2406 2302 ct
2453 2249 2642 2304 adhuc
2693 2249 2840 2303 lacte
2889 2249 3146 2303 nutritur
3191 2248 3470 2312 infantiae,
3523 2265 3628 2304 nec
3664 2248 3850 2319 potest
3876 2253 3997 2304 tam

2350 2341 2460 2394 cito
2492 2355 2525 2393 a
2556 2337 2729 2411 legali
2758 2337 3157 2394 observatione
3175 2338 3242 2393 ad
3269 2335 3595 2410 spiritualia
3625 2341 3992 2394 sacramenta

2350 2427 2597 2483 transire
2649 2445 2660 2483 :
2708 2443 2809 2483 vos
2857 2428 2956 2498 qui
3007 2427 3366 2483 robustiores
3420 2428 3580 2494 estis,
3641 2427 3768 2498 ejus
3819 2437 3997 2482 onera

2351 2522 2577 2589 portate
2609 2533 2621 2570 :
2657 2533 2728 2571 ne
2758 2533 2860 2588 per
2897 2517 3203 2572 scientiam
3251 2520 3500 2571 vestram
3557 2516 3734 2571 frater
3775 2518 3994 2588 pereat,

2352 2623 2454 2678 pro
2485 2622 2600 2677 quo
2631 2605 2901 2661 Christus
2931 2609 3019 2660 est
3049 2609 3315 2660 mortuus
3348 2605 3394 2676 (1
3420 2605 3540 2660 Cor.
3569 2621 3690 2670 vm,
3724 2604 3832 2675 11).
3862 2603 3994 2661 Por-

2351 2699 2435 2750 tat
2461 2711 2688 2766 quoque
2721 2695 2916 2749 fratris
2946 2695 3478 2765 necessitatem,qui
3512 2699 3813 2765 gravatum
3847 2709 3996 2766 pau-

2350 2800 2545 2856 perem
2578 2799 2752 2838 onere
2783 2785 3060 2856 egestatis
3089 2784 3349 2854 adjuvat,
3375 2789 3429 2838 et
3460 2783 3598 2839 facit
3628 2782 3740 2837 sibi
3773 2780 3994 2838 amicos

2350 2874 2423 2928 dc
2471 2872 2672 2944 iniquo
2731 2889 3069 2927 mammona
3126 2873 3278 2942 (Luc.
3337 2887 3453 2939 xvr,
3503 2871 3579 2943 9),
3640 2887 3812 2944 quem
3864 2874 3997 2944 post

2351 2962 2834 3017 resurrectionem
2885 2961 3150 3016 Christus
3200 2959 3412 3016 affatur
3462 2979 3475 3018 :
3537 2963 3718 3017 Venite
3769 2961 3840 3016 ad
3886 2974 3996 3027 me,

2352 3050 2634 3106 benedicti
2680 3052 2864 3105 Patris
2906 3051 3018 3104 mei
3048 3068 3067 3104 :
3108 3053 3377 3122 possidete
3420 3059 3807 3122 praeparatum
3851 3049 3999 3106 vobis

2349 3156 2579 3210 regnum
2633 3157 2668 3194 a
2722 3141 3105 3195 constitutione
3168 3140 3381 3194 mundi.
3437 3141 3655 3195 Esurivi
3711 3141 3879 3205 enim,
3945 3145 3997 3196 et

2349 3230 2570 3285 dedistis
2612 3230 2752 3284 mihi
2798 3229 3141 3284 manducare
3188 3247 3206 3282 :
3255 3231 3426 3297 sitivi,
3475 3237 3527 3284 et
3580 3227 3805 3284 dedistis
3854 3228 3997 3283 mihi

2351 3318 2531 3372 bibere
2577 3315 2790 3387 (Matth.
2839 3334 2968 3383 xxv,
3017 3317 3104 3382 34,
3150 3318 3261 3385 35).
3311 3317 3488 3374 Juxta
3538 3317 3695 3374 hunc
3751 3331 3991 3375 sensum

595 3386 1013 3482 spirituale's,et
1034 3405 1627 3462 carneoszadmonuit
1655 3403 2091 3475 spirituales,ne
2107 3421 2236 3460 con-
2269 3386 2312 3453 Ο
2350 3407 2524 3462 etiam
2559 3386 2616 3460 in
2649 3406 2762 3461 alia
2786 3405 3046 3478 Epistola
3073 3406 3290 3462 Paulus
3319 3407 3706 3463 Timotheum
3755 3407 3992 3475 docens,

593 3501 923 3555 temnerent
953 3513 1215 3560 carneos,
1247 3499 1304 3550 et
1332 3493 1412 3550 ait
1444 3513 1456 3550 :
1491 3493 1785 3563 Inﬁrmum
1815 3497 1998 3548 autem
2043 3495 2103 3548 in
2133 3495 2240 3563 ﬁde

594 3590 875 3653 assumite,
908 3603 1014 3642 non
1047 3587 1109 3640 in
1137 3583 1624 3655 disceptationibus
1653 3584 2238 3650 cogitationum.Alius

591 3679 741 3732 enim
767 3675 940 3730 credit
968 3673 1306 3728 manducare
1335 3673 1525 3728 omnia
1574 3689 1593 3725 :
1641 3672 1739 3742 qui
1767 3675 1951 3726 autem
1982 3671 2238 3740 inﬁrmus

594 3768 690 3834 est,
723 3765 843 3820 olus
886 3762 1176 3818 manducet
1204 3764 1244 3815 ³.
1277 3763 1328 3816 ls
1358 3763 1453 3830 qui
1482 3759 1796 3826 manducat,
1846 3776 1957 3814 non
2003 3762 2236 3816 mandu-

592 3857 809 3909 cantem
849 3867 960 3908 non
1001 3858 1227 3922 spernat
1275 3857 1374 3904 :et
1413 3851 1510 3920 qui
1557 3865 1665 3904 non
1713 3848 2025 3915 mamlucat,
2084 3866 2238 3904 man-

595 3945 880 3999 ducantem
924 3958 1041 3996 non
1083 3939 1312 4011 judicet.
1360 3939 1498 3993 Deus
1544 3939 1692 3993 enim
1731 3937 1894 3992 illum
1917 3939 2233 4009 assumpsit.

596 4032 668 4086 Tu
696 4033 818 4103 quis
845 4046 899 4087 es
927 4031 1022 4102 qui
1040 4029 1250 4101 judices
1278 4028 1526 4083 alienum
1554 4041 1770 4081 servum
1787 4029 1812 4078 .9
1855 4031 1966 4083 Suo
2016 4026 2236 4082 domino

587 4126 713 4188 stat,
743 4125 840 4177 aut
868 4120 1036 4175 cadit.
1070 4118 1247 4175 Stabit
1285 4123 1470 4173 autem
1500 4134 1518 4169 :
1544 4124 1736 4188 potens
1781 4120 1856 4171 est
1897 4118 2050 4170 enim
2099 4117 2236 4171 Deus

587 4215 838 4268 statuere
863 4211 1031 4265 illum
1059 4210 1233 4280 (Rom.
1267 4223 1384 4273 XIV,
1414 4207 1556 4276 1-4).
1604 4205 1671 4260 Et
1703 4205 1888 4260 multa
1936 4205 1993 4261 in
2044 4205 2235 4262 medio

591 4317 769 4372 super
815 4299 924 4356 hoc
973 4314 1151 4354 sensu
1199 4297 1516 4363 disserens,
1565 4293 1782 4360 adjecit
1830 4293 1888 4346 in
1921 4293 2033 4348 fine
2065 4309 2078 4348 :
2112 4295 2236 4349 Noli

585 4398 812 4460 prOpter
839 4405 1020 4443 escam
1047 4386 1325 4441 destruere
1370 4399 1503 4455 opus
1550 4383 1647 4437 Dei
1694 4381 1853 4452 (Ibid.
1884 4382 1995 4452 20).
2030 4383 2097 4436 Et
2127 4384 2232 4438 ite-

586 4493 757 4533 rum:
793 4478 1062 4532 Debemus
1104 4479 1290 4530 autem
1333 4488 1430 4528 nos
1478 4471 1765 4541 ﬁrmiores,
1823 4471 2234 4528 imbecillitates

589 4566 939 4636 inﬁrmorum
964 4565 1254 4629 sustinere,
1307 4569 1357 4616 et
1407 4577 1517 4616 non
1564 4561 1720 4616 nobis
1762 4559 2011 4631 placere.
2063 4562 2233 4617 Unus-

589 4656 817 4727 quisque
844 4660 1079 4709 vestrum
1105 4652 1353 4724 proximo
1383 4666 1482 4706 suo
1507 4648 1726 4722 placeat
1755 4649 1828 4704 ad
1859 4650 2061 4706 bonam
2097 4651 2230 4706 aedi-

586 4743 902 4814 ﬁcationem
932 4743 1104 4814 (Rom.
1137 4757 1229 4809 xv,
1268 4741 1317 4806 1,
1351 4739 1426 4812 2).

655 4835 845 4901 (Vere.
876 4832 956 4903 2.)
992 4851 1014 4879 ι
1044 4830 1203 4886 Alter
1251 4828 1490 4884 alterius
1538 4844 1714 4885 onera
1745 4833 1988 4901 portate,
2043 4832 2100 4885 et
2147 4829 2230 4884 sic

584 4919 982 4992 adimplebitis
1013 4919 1198 4992 legem
1228 4917 1462 4973 Christi.
1497 4939 1524 4966 »
1557 4917 1700 4983 Quia
1733 4923 2034 4990 peccatum
2080 4933 2229 4973 onus

585 5011 682 5079 sit,
716 5015 774 5066 et
805 5007 1114 5065 Psalmista
1156 5011 1404 5063 testatur
1451 5006 1653 5062 dicens
1685 5022 1697 5061 :
1732 5006 2057 5078 Iniquitates
2091 5021 2231 5064 meae

582 5101 811 5157 elevatae
857 5106 986 5155 sunt
1028 5111 1190 5169 super
1235 5103 1398 5168 caput
1442 5112 1645 5163 meum,
1679 5097 1839 5168 quasi
1885 5112 2020 5152 onus
2063 5111 2232 5164 grave

579 5198 830 5262 gravatae
856 5191 985 5243 sunt
1009 5202 1174 5258 super
1204 5201 1294 5240 me
1325 5185 1496 5256 (Psal.
1530 5201 1740 5255 XXXVII,
1769 5185 1847 5256 5).
1899 5185 1968 5240 Et
2012 5185 2225 5241 Zacha-

581 5280 719 5349 rias,
753 5279 814 5334 in
845 5277 1037 5350 specie
1070 5276 1217 5333 521
1256 5274 1540 5345 mulieris,
1562 5274 1707 5329 vidit
1735 5290 1914 5345 super
1941 5273 2225 5330 talentum

581 5368 809 5440 plumbi
841 5367 1042 5424 sedere
1073 5365 1441 5436 iniquitatem
1476 5363 1660 5435 (Zach.
1711 5379 1764 5432 v,
1807 5363 1885 5431 7).
1920 5361 2037 5417 Hoc
2078 5378 2228 5418 onus

583 5456 846 5513 Salvator
869 5473 972 5530 pro
1002 5453 1174 5512 nobis
1203 5451 1359 5520 tulit,
1394 5469 1500 5509 suo
1549 5468 1656 5508 nos
1707 5450 1968 5522 exemplo
2013 5451 2226 5509 docens

584 5545 724 5614 quid
756 5547 941 5600 facere
966 5546 1331 5602 deberemus.
1366 5541 1494 5614 Ipse
1527 5542 1742 5612 quippe
1775 5539 2112 5611 iniquitates
2131 5559 2228 5598 no-

583 5636 738 5688 atras
767 5638 978 5705 portat,
1007 5639 1066 5690 et
1101 5649 1206 5706 pro
1235 5632 1405 5689 nobis
1453 5629 1609 5686 dolet
1651 5629 1800 5699 (Isai.
1854 5645 1970 5697 LIII,
2003 5630 2057 5699 4,
2089 5631 2143 5703 5)
2173 5641 2228 5689 et

656 5777 672 5810 ⁸
706 5773 994 5847 Rescribit
1020 5773 1311 5832 Victorius
1357 5790 1427 5832 ex
1470 5771 1704 5847 Vulgati
1746 5770 2080 5847 interpretis
2111 5774 2224 5833 lec-

578 5847 738 5913 tione
764 5843 1080 5905 manducet.

2349 3495 2574 3551 addidit
2605 3512 2618 3551 :
2654 3496 2928 3552 Divitibus
2957 3496 3120 3566 hujus
3139 3497 3335 3552 saeculi
3359 3499 3598 3568 pracipe
3629 3511 3738 3552 non
3763 3495 3991 3554 sublime

2345 3599 2536 3656 sapere
2564 3585 2579 3656 (
2590 3601 2690 3656 pro
2721 3601 2786 3640 co
2819 3585 2973 3656 quod
3005 3589 3112 3654 est,
3145 3600 3255 3639 non
3281 3586 3602 3657 superbire),
3648 3601 3822 3659 neque
3867 3601 3992 3657 spe-

2348 3691 2473 3730 rare
2503 3677 2560 3728 in
2601 3676 2803 3729 incerto
2841 3673 3184 3743 divitiarum,
3233 3674 3323 3729 sed
3370 3677 3431 3729 in
3479 3675 3583 3730 Deo
3629 3677 3726 3746 qui
3765 3679 3991 3747 praestat

2346 3766 2532 3819 omnia
2560 3764 2778 3818 abunde
2804 3762 2876 3817 ad
2903 3762 3234 3834 fruendum;
3267 3764 3401 3819 bene
3429 3780 3616 3834 agere,
3647 3764 3845 3819 divites
3879 3777 3992 3819 esse

2347 3855 2407 3907 in
2435 3853 2688 3924 aperibus
2720 3853 2892 3920 bonis,
2923 3853 3087 3923 facile
3116 3854 3374 3919 tribuere,
3407 3856 3837 3922 communicare,
3869 3851 3991 3908 thed

2344 3943 2636 3997 saurizare
2675 3943 2783 3996 sibi
2821 3941 3242 4012 fundamentum
3275 3943 3476 3998 bonum
3521 3945 3580 3998 in
3626 3945 3901 4013 futurum,
3933 3947 3992 4000 ut

2344 4030 2761 4102 apprehendant
2807 4047 2996 4086 veram
3042 4034 3212 4086 vitam
3255 4033 3301 4100 (Ι
3346 4033 3476 4086 lim.
3512 4049 3585 4098 1v,
3620 4032 3704 4097 17,
3741 4033 3849 4103 19).
3881 4031 3990 4094 Qui

2343 4137 2537 4175 veram
2569 4120 2747 4174 vitam
2779 4120 3161 4191 apprehendit
3190 4122 3230 4191 ³,
3262 4137 3396 4176 eum
3442 4119 3707 4176 videlicet
3753 4121 3852 4192 qui
3899 4119 3988 4176 Ιο-

2345 4210 2544 4281 quitur
2573 4225 2587 4264 :
2622 4210 2729 4279 Ego
2756 4225 2879 4263 sum
2907 4211 3018 4264 vita
3049 4211 3225 4279 (Joan.
3253 4227 3366 4281 xiv,
3398 4212 3475 4281 6),
3510 4209 3770 4283 implevit
3799 4207 3988 4283 legem

2343 4297 2577 4363 Christi,
2622 4313 2746 4368 quea
2782 4297 2969 4352 tendit
2997 4299 3068 4353 ad
3099 4299 3300 4354 vitam.

2415 4387 2599 4455 (Vere.
2633 4387 2712 4456 3.)
2742 4388 2895 4443 522
2928 4410 2956 4437 ‹‹
2991 4393 3136 4443 bam
3169 4389 3216 4442 si
3245 4388 3375 4458 quis
3406 4387 3700 4444 existimat
3749 4403 3812 4442 se
3857 4399 3987 4442 esse

2344 4475 2585 4547 aliquid,
2618 4492 2750 4531 cum
2783 4475 2927 4530 nihil
2959 4475 3055 4545 sit,
3089 4476 3348 4547 seipsum
3404 4475 3650 4531 seducit.
3686 4496 3714 4524 »
3745 4474 3804 4529 Si
3852 4472 3985 4544 quis

2342 4581 2458 4619 non
2488 4564 2613 4620 vult
2651 4581 2829 4620 onera
2858 4563 3048 4619 aliena
3079 4569 3326 4636 portare,
3350 4568 3407 4618 et
3435 4563 3856 4619 immisericors
3879 4569 3986 4618 suo

2341 4657 2568 4708 tantum
2621 4669 2792 4726 opere
2839 4657 2897 4706 et
2943 4652 3155 4706 virtute
3201 4657 3508 4707 contentus
3540 4655 3648 4720 est,
3679 4667 3794 4706 non
3829 4663 3984 4722 qua:-

2261 4760 2307 4825 D
2341 4758 2474 4798 rens
2502 4760 2628 4814 quae
2662 4743 2849 4798 aliena
2881 4746 3038 4809 sunt,
3067 4741 3169 4796 sed
3201 4758 3327 4813 quis
3359 4758 3466 4797 sua
3494 4741 3760 4814 (Philipp.
3779 4757 3840 4808 ιι,
3871 4739 3985 4810 21),

2339 4831 2446 4888 hoc
2478 4837 2584 4898 est,
2619 4833 2711 4889 sui
2740 4835 2969 4887 tantum
3001 4835 3245 4899 amator,
3278 4836 3334 4886 et
3363 4848 3479 4888 non
3511 4831 3685 4887 etiam
3716 4829 3838 4899 Dei,
3861 4830 3988 4902 ipse

2339 4938 2401 4978 se
2431 4923 2677 4977 seducit.
2709 4919 3028 4992 Dupliciter
3055 4926 3251 4975 autem
3295 4919 3408 4993 legi
3463 4925 3657 4993 potest
3693 4924 3868 4992 atque
3899 4919 3987 4974 di-

2339 5011 2561 5084 stingui
2595 5028 2608 5067 :
2640 5008 2818 5080 Vel,si
2845 5011 2965 5081 quis
2994 5010 3276 5066 existimat
3303 5026 3417 5066 esse
3443 5027 3500 5066 se
3529 5009 3896 5081 aliquid,cum
3917 5009 3990 5065 sit

2337 5101 2480 5156 nihil
2511 5119 2529 5156 :
2560 5103 2661 5157 aut
2690 5100 2774 5156 ita
2803 5117 2815 5156 :
2848 5101 2912 5157 Si
2940 5101 3061 5170 quis
3090 5101 3371 5156 existimat
3415 5116 3525 5158 esse
3552 5116 3608 5156 se
3636 5099 3877 5174 aliquid,
3924 5099 3989 5156 ut

2338 5195 2540 5262 postea
2569 5190 2911 5258 inferamus,
2943 5206 3066 5245 cum
3093 5191 3167 5244 sit
3194 5189 3360 5261 nihil,
3409 5206 3465 5246 se
3495 5191 3612 5261 ipse
3639 5189 3865 5246 seducit.
3918 5187 3989 5245 Et

2339 5280 2527 5352 magis
2560 5280 2619 5335 in
2650 5280 2846 5336 Graeco
2867 5295 3045 5352 quam
3067 5279 3126 5334 in
3150 5280 3357 5336 Latino
3379 5284 3613 5336 resonat
3633 5279 3745 5336 ista
3766 5279 3989 5334 distan-

2335 5368 2438 5425 tia.
2485 5368 2703 5424 Prioris
2754 5367 3146 5426 distinctionis
3193 5369 3286 5424 hic
3341 5385 3550 5426 sensus
3597 5373 3732 5425 est:
3767 5366 3874 5434 Qui
3924 5367 3988 5425 se

2337 5457 2560 5531 aliquid
2587 5457 2882 5514 existimat
2909 5475 3056 5526 esse,
3088 5461 3145 5514 et
3174 5457 3320 5515 nihil
3353 5463 3464 5527 est,
3496 5459 3620 5532 ipse
3651 5473 3712 5514 se
3743 5454 3984 5529 decipit.

2336 5549 2641 5604 Secundus
2673 5564 2882 5604 sensus
2913 5547 3084 5605 altior
3112 5552 3220 5620 est,
3245 5554 3302 5604 et
3326 5548 3426 5622 qui
3459 5548 3630 5605 nobis
3661 5545 3848 5619 magis
3869 5544 3988 5618 pla-

2335 5641 2426 5692 cet
2457 5653 2470 5690 :
2505 5635 2563 5692 Si
2596 5637 2730 5707 quis
2757 5637 3054 5693 existimat
3083 5654 3145 5694 se
3174 5655 3303 5695 esse
3334 5637 3583 5710 aliquid,
3614 5637 3673 5691 in
3723 5652 3789 5692 eo
3829 5633 3988 5708 quod

2338 5849 2349 5861 '
2404 5775 2743 5861 fAlternm,
2777 5780 3151 5855 apprehendit,
3188 5781 3283 5839 hic
3332 5782 3448 5838 duo
3496 5793 3526 5837 e
3573 5779 3789 5839 nostris
3836 5788 3984 5840 mos.

2335 5853 2715 5910 interserunt.
