4332 6586
382 398 498 462 457

1042 398 1561 465 COMMENTAB.
1607 402 1685 465 IN
1732 400 1983 463 EPIST.
2028 401 2130 460 AD
2177 402 2453 465 GALAT.
2505 407 2651 467 LlB.
2700 407 2803 480 Ill,
2851 406 3020 468 CAP.
3067 409 3140 470 V.

3687 414 3807 474 458

384 528 448 589 se
480 536 649 607 putat
676 546 803 590 esse
828 532 1069 609 aliquid,
1103 537 1159 591 et
1184 552 1299 591 non
1331 552 1399 591 ex
1429 534 1848 592 clementia‘in
1907 552 2038 608 pro-
2066 536 2120 604 Α
2148 531 2264 604 liis,
2327 535 2578 593 invicem
2629 555 2801 610 posse
2838 557 2946 597 nos
2986 541 3346 613 coadjuvari.
3399 542 3546 600 Cum
3606 522 3806 607 autem

383 620 610 679 ximam
640 649 654 693 ;
687 622 787 679 sed
819 640 886 679 ex
917 640 1023 679 suo
1055 639 1228 696 opere
1257 629 1313 681 et
1340 625 1537 682 labore
1568 643 1629 681 se
1655 625 1903 696 judicat,
1928 642 2035 680 sua

385 712 615 789 tantum
646 710 856 769 virtute
885 716 1217 783 contentus,
1242 714 1351 771 iste
1375 732 1442 772 ex
1474 714 1583 772 hac
1604 714 1734 788 ipsa
1763 731 2036 787 arrogan-

384 799 468 856 tia
498 798 639 857 nihil
672 801 753 868 ﬁt,
784 805 840 856 et
867 801 992 874 ipse
1044 819 1107 858 se
1164 801 1427 876 decipit:
1488 803 1643 878 quod
1706 803 1916 860 melius
1974 801 2034 858 in

386 886 577 969 Graeco
616 888 831 945 dicitur
878 888 1206 967 φρεναπατᾷ,
1239 890 1350 948 hoc
1381 898 1488 959 est,
1552 898 1805 950 mentem
1864 908 2035 948 suam

384 977 633 1051 decipit:
668 995 771 1052 pro
804 995 919 1057 quo
950 979 1195 1036 Latinus
1226 982 1421 1054 posuit
1456 982 1765 1055 interpres,
1815 998 1869 1037 se
1926 982 2037 1053 ipse

381 1065 606 1123 seducit.
640 1066 892 1124 Mentem
924 1074 1123 1125 autem
1156 1086 1326 1125 suam
1357 1070 1573 1138 decipit
1602 1070 1703 1143 qui
1748 1087 1809 1125 se
1867 1074 2037 1142 putat

378 1170 506 1211 esse
536 1155 881 1231 sapientem,
915 1163 972 1214 et
1002 1159 1329 1214 secundum
1362 1158 1593 1227 Isaiam,
1623 1159 1858 1234 sapiens
1890 1160 1949 1215 in
1973 1176 2035 1216 se

379 1248 485 1314 est,
518 1246 663 1307 etin
694 1252 1013 1320 conspectu
1069 1265 1173 1304 suo
1232 1246 1566 1322 intelligens
1621 1254 1753 1321 (lsa.
1808 1266 1862 1315 v,
1920 1248 2032 1319 21).

377 1331 464 1390 Ad
498 1336 1004 1413 circumcisionem
1039 1342 1096 1393 et
1119 1338 1353 1413 Legem,
1386 1336 1465 1393 ita
1495 1337 1603 1394 loci
1655 1337 1834 1411 hujus
1893 1355 2035 1393 con-

378 1424 633 1483 nectitur
662 1408 1033 1481 intellectus:
1064 1426 1170 1494 Qui
1202 1408 1529 1499 spiritualis
1570 1435 1677 1498 est,
1735 1408 1795 1483 et
1852 1428 2033 1483 mise-

378 1512 692 1571 ricordiam
724 1515 782 1570 in
804 1516 1135 1589 proximum
1164 1532 1276 1571 non
1297 1512 1495 1582 habet,
1518 1521 1899 1574 contemnens
1922 1516 2031 1572 hu-

380 1600 603 1672 milem,
631 1603 772 1677 quia
800 1601 926 1678 ipse
970 1603 1281 1659 sublimior
1330 1612 1440 1672 est,
1499 1605 1624 1678 ipse
1680 1622 1741 1662 se
1795 1605 2031 1679 decipit,

380 1689 645 1748 nesciens
676 1691 825 1748 hanc
856 1692 1097 1766 spiritus
1126 1708 1256 1750 esse
1285 1692 1495 1767 legem,
1530 1699 1598 1751 ut
1646 1711 1752 1751 nos
1783 1693 2047 1759 invicem,

376 1780 715 1855 diligamus.
989 1784 997 1791 '

382 1928 397 1945 ,.
445 1866 633 1940 (νοτες
659 1870 951 1947 4ο)«Ορυ8
965 1874 1160 1927 autem
1181 1888 1354 1928 suum
1379 1872 2028 1947 probetunusquisque:
2063 1902 2077 1947 ,-

374 1963 431 2015 ει
460 1960 544 2015 sic
571 1959 630 2015 in
663 1961 978 2033 semetipso
1004 1965 1235 2017 tantum
1266 1961 1511 2035 gloriam
1545 1960 1806 2029 habebit,
1840 1966 1895 2019 et
1912 1980 2028 2020 non

373 2049 431 2111 in
464 2049 665 2106 altero”.
704 2073 725 2100 ι
760 2050 983 2107 Sensus
1016 2051 1123 2107 iste
1155 2056 1280 2108 est:
1311 2052 1395 2108 Tu
1420 2053 1518 2125 qui
1551 2052 1884 2110 tetestimss
1914 2053 2031 2127 spi-

374 2136 670 2207 ritualem,
702 2143 759 2195 et
778 2140 849 2196 de
877 2140 1118 2198 alterius
1151 2142 1491 2198 inﬁrmitate
1524 2142 1539 2178 ¹
1592 2142 1889 2199 robustior
1943 2159 2027 2211 es,

374 2242 493 2283 non
526 2228 703 2285 debes
734 2228 1192 2286 imbecillitatem
1219 2229 1492 2303 jacentis,
1528 2233 1629 2288 sed
1658 2236 1819 2289 tuam
1865 2229 2029 2287 forti-

373 2312 643 2373 tudinem
674 2318 1064 2374 considerare.
1098 2319 1295 2392 Neque
1325 2320 1481 2377 enim
1516 2319 1566 2377 si
1598 2318 1749 2377 alius
1779 2320 2031 2393 perfecte

375 2400 494 2462 non
524 2410 718 2478 potest
737 2406 809 2462 ad
838 2405 1350 2463 Christianismum
1373 2425 1406 2464 a
1423 2406 1734 2465 Judaismo
1756 2397 2041 2478 transire;

370 2493 591 2557 idcirco
623 2499 683 2551 tu
718 2496 1010 2568 perfectus
1041 2514 1103 2553 es
1133 2496 1543 2555 Christianus:
1575 2496 1675 2554 sed
1703 2496 1753 2554 si
1784 2502 1838 2553 te
1896 2514 2027 2569 pro-

375 2584 503 2656 pria
528 2584 886 2641 conscientia
915 2601 1032 2641 non
1065 2586 1378 2653 remordet,
1410 2584 1592 2642 habes
1625 2586 1684 2641 in
1717 2588 2030 2659 temetipso

362 2670 620 2747 'gIOriam
651 2678 707 2729 et
726 2689 842 2729 non
862 2673 921 2729 in
946 2673 1149 2731 altero.
1175 2674 1409 2731 Athleta
1439 2692 1555 2731 non
1579 2675 1707 2731 ideo
1732 2676 1899 2732 fortis
1921 2680 2032 2744 est,

375 2761 513 2837 quia
528 2762 665 2819 vicit
686 2762 1012 2833 inﬁrmum,
1035 2767 1094 2818 et
1115 2763 1396 2836 languida
1422 2764 1744 2821 adversarii
1769 2767 2034 2822 membra

376 2852 674 2925 superavit
697 2869 710 2908 :
743 2854 844 2908 sed
868 2852 916 2908 si
940 2852 1220 2909 robustus
1242 2858 1350 2919 est,
1374 2862 1435 2909 et
1456 2852 1647 2910 insua
1665 2852 2028 2928 fortitudine,

374 2942 581 3009 nonin
614 2940 953 2999 infirmitate
983 2941 1222 2998 alterius
1273 2942 1573 3015 gloriatur.
1638 2942 1793 3000 523
1852 2943 2027 3000 Intel-

376 3029 477 3103 ligi
507 3036 699 3104 potest
729 3034 787 3087 et
815 3030 1017 3103 aliter:
1053 3030 1161 3099 Qui
1193 3030 1612 3088 conscientiam
1661 3032 1840 3089 habet
1891 3050 2031 3106 ope-

378 3119 458 3175 ris
488 3120 646 3192 boni,
679 3126 737 3177 et
766 3121 1027 3195 seipsum
1059 3122 1459 3194 considerans,
1492 3139 1641 3194 opus
1681 3139 1857 3178 suum
1917 3139 2031 3179 non

377 3206 770 3283 reprehendit,
805 3227 919 3265 non
946 3209 1119 3267 debet
1148 3211 1219 3267 de
1241 3211 1351 3266 hoc
1381 3211 1534 3283 apud
1564 3209 1743 3269 alium
1771 3209 2029 3284 gloriari,

2147 629 2281 680 ante
2318 624 2574 683 tribunal
2634 626 2848 684 Christi
2904 630 3262 699 venerimus,
3322 647 3439 687 non
3493 630 3624 700 Job,
3685 650 3800 691 non

2144 710 2367 785 Daniel,
2447 732 2551 773 nec
2626 716 2744 773 Noe
2809 734 3012 791 rogare
3080 736 3250 793 posse
3313 736 3419 794 pro
3501 737 3800 794 quoquam

2145 804 2357 875 (Ezech.
2390 822 2508 877 xxv,
2545 805 2655 875 14),
2686 806 2787 864 sed
2822 824 3307 881 unumquemque
3347 814 3583 882 portare
3611 827 3761 884 opus
3782 811 3807 849 ³

2145 909 2343 949 suum.

2216 980 2401 1053 (Vers.
2433 983 2511 1055 6.)
2544 1006 2573 1034 ‹‹
2604 986 3007 1042 Communicet
3036 991 3232 1063 autem
3291 988 3343 1042 is
3392 989 3492 1060 qui
3547 988 3800 1047 catechi-

2144 1074 2310 1126 zatur
2346 1071 2610 1141 verbum,
2653 1072 2704 1128 ei
2766 1075 2864 1146 qui
2923 1092 2986 1132 se
3032 1076 3351 1137 oatechizat
3408 1076 3467 1135 in
3528 1078 3805 1137 omnibus

2145 1154 2335 1213 bonis.
2382 1182 2402 1208 ι
2466 1160 2721 1219 Marcion
2775 1163 2934 1220 hunc
2990 1162 3189 1221 locum
3245 1165 3329 1222 ita
3383 1166 3799 1241 interpretatus

2145 1252 2255 1313 est,
2308 1252 2371 1303 ut
2429 1254 2660 1322 putaret
2716 1251 2939 1319 ﬁdeles,
2999 1258 3056 1310 et
3111 1254 3567 1325 catechumenos
3619 1255 3801 1315 simul

2145 1353 2309 1392 orare
2340 1337 2568 1410 debere,
2600 1344 2657 1395 et
2686 1341 3038 1415 magistrum
3068 1338 3504 1403 communicare
3559 1345 3619 1402 in
3672 1362 3802 1413 ora:

2143 1424 2300 1481 tione
2331 1424 2636 1500 discipulis
2662 1447 2675 1486 :
2706 1428 2805 1485 illo
2837 1429 2922 1486 vel
2955 1432 3209 1489 maxime
3239 1432 3450 1505 elatus,
3498 1428 3659 1507 quod
3716 1451 3800 1507 se-

2144 1519 2379 1585 quatur,
2410 1518 2470 1570 in
2499 1518 2750 1574 omnibus
2781 1520 2953 1575 bonis.
2986 1519 3131 1575 Cum
3168 1522 3371 1595 utique
3427 1522 3480 1580 si
3533 1523 3604 1579 de
3658 1540 3793 1580 ora-

2141 1602 2299 1658 tione
2329 1620 2520 1659 sermo
2561 1605 2792 1675 fuisset,
2825 1624 2939 1663 non
2985 1608 3253 1665 debuerit
3306 1611 3358 1667 ei
3404 1611 3639 1683 praecipi
3696 1612 3798 1685 qui

2143 1691 2556 1761 catechizatur,
2614 1696 2714 1750 sed
2769 1695 2822 1751 ei
2876 1696 2978 1768 qui
3034 1713 3097 1754 se
3141 1698 3460 1755 cateehizat
3486 1699 3532 1771 ³,
3589 1700 3648 1757 id
3708 1704 3799 1760 est

2142 1796 2258 1867 non
2290 1781 2599 1855 discipulo,
2632 1786 2735 1840 sed
2767 1786 3070 1867 magistro.
3103 1786 3321 1845 Deinde
3356 1788 3531 1847 etiam
3590 1793 3797 1846 cetera

2142 1866 2270 1945 quas
2302 1877 2650 1944 sequuntur,
2697 1891 2830 1931 cum
2889 1876 3018 1947 ejus
3071 1877 3435 1951 expositione
3492 1893 3610 1935 non
3659 1895 3797 1935 con-

2138 1953 2360 2031 gruunt
2382 1978 2395 2015 :
2422 1962 2555 2029 Quae
2573 1954 2928 2020 seminaverit
2948 1965 3124 2037 homo,
3148 1966 3267 2024 hac
3286 1971 3339 2025 et
3358 1971 3522 2025 metet
3542 1968 3795 2040 (Vers.8).

2140 2048 2244 2104 Et:
2280 2050 2500 2105 Bonum
2528 2056 2717 2108 autem
2769 2054 3052 2125 facientes,
3086 2071 3191 2113 non
3245 2056 3601 2127 deﬁciamus:
3658 2064 3798 2114 tem-

2133 2154 2270 2221 pore
2297 2141 2442 2221 enim
2472 2156 2570 2196 suo
2618 2145 2894 2212 metemus,
2944 2158 3053 2198 non
3096 2143 3418 2221 [deﬁcientes
3479 2146 3663 2217 (Vers.
3712 2148 3793 2216 9).

2141 2218 2294 2285 524
2317 2219 2537 2286 Sensus
2564 2229 2758 2302 itaque
2784 2231 3037 2287 isteest:
3078 2218 3231 2296 Quia
3286 2233 3561 2307 superius
3618 2234 3797 2309 spiri-

2138 2315 2398 2391 tualibus
2430 2323 2795 2391 praeceperat,
2830 2323 2894 2374 ut
2921 2336 3020 2377 eos
3062 2321 3170 2393 qui
3225 2323 3615 2398 praeoccupati
3670 2323 3793 2381 fue-

2137 2410 2272 2481 rant
2300 2406 2357 2462 in
2390 2405 2584 2479 aliquo
2612 2407 2846 2480 delicto,
2879 2409 3238 2467 instruerent
3269 2412 3328 2469 in
3362 2411 3580 2489 spiritu
3637 2411 3792 2469 leni-

2138 2495 2298 2576 tatis,
2332 2501 2390 2552 et
2421 2496 2568 2554 alter
2592 2496 2837 2555 alterius
2867 2517 3045 2556 onera
3087 2505 3407 2573 portarent,
3465 2501 3793 2576 adimplen-

2141 2574 2225 2641 tes
2256 2583 2441 2657 legem
2468 2585 2679 2644 Christi
2705 2605 2718 2643 :
2753 2605 2911 2644 nunc
2941 2590 3265 2648 econtrario
3296 2590 3388 2647 his
3437 2590 3539 2665 qui
3596 2574 3792 2661 adhuc

2139 2674 2574 2747 imbecilliores,
2607 2682 2663 2733 et
2692 2677 2986 2750 discipuli,
3019 2681 3078 2735 et
3106 2678 3374 2755 carnales
3405 2684 3590 2753 erant,
3648 2697 3795 2754 prse-

2140 2763 2301 2837 cipit,
2363 2768 2429 2820 ut
2488 2766 2781 2837 quomodo
2852 2767 2967 2841 ipsi
3024 2784 3059 2822 a
3115 2768 3419 2844 magistris
3470 2768 3800 2842 spiritualia

2142 2857 2371 2909 metunt
2398 2871 2411 2910 :
2445 2854 2528 2910 sic
2561 2855 2861 2926 magistris
2890 2846 3151 2912 carnalia
3178 2857 3512 2930 praebeant:
3557 2857 3653 2931 qui
3711 2862 3796 2914 to-

2142 2945 2231 3015 tos
2262 2958 2324 2998 se
2354 2942 2561 2999 divina:
2605 2944 2924 3000 eruditioni
2972 2950 3029 3001 et
3057 2946 3253 3003 studio
3286 2948 3609 3019 tradentes,
3664 2947 3793 3002 vita

2144 3029 2321 3102 hujus
2354 3032 2701 3088 necessariis
2728 3033 3070 3106 indigeant;
3104 3039 3162 3091 et
3195 3035 3296 3092 ﬁat
3323 3034 3464 3091 illud
3511 3036 3666 3109 quod
3722 3036 3796 3091 de

2144 3135 2356 3175 manna
2390 3120 2677 3193 scriptum
2707 3127 2831 3179 est:
2868 3124 2975 3192 Qui
3001 3124 3260 3193 multum,
3289 3141 3399 3180 non
3455 3124 3794 3183 abundavit:

2145 3216 2196 3264 et
2233 3210 2328 3279 qui
2380 3209 2671 3283 modicum,
2729 3226 2840 3267 non
2895 3213 3199 3271 minoravit
3256 3213 3449 3286 (Exim.
3508 3231 3626 3283 xvx,
3682 3214 3796 3285 18).

377 3303 435 3354 et
463 3297 698 3355 laudem
726 3312 896 3357 suam
953 3298 1108 3355 foras
1166 3301 1447 3367 fundere,_
1485 3305 1543 3355 et
1599 3301 2034 3359 communicare
2064 3284 2106 3352 C
2145 3301 2306 3354 Bona
2336 3304 2531 3355 autem
2562 3299 2620 3356 in
2651 3300 2920 3373 praesenti
2952 3300 3076 3358 loco
3108 3284 3282 3373 juxta
3338 3301 3495 3377 vulgi
3553 3284 3798 3377 consue-

378 3402 512 3447 cnm
544 3387 790 3453 cunctis,
823 3393 881 3444 et
911 3405 979 3444 ex
1008 3388 1315 3444 hominum
1357 3386 1612 3461 quaerere
1671 3390 1863 3447 favore
1903 3391 2031 3462 jac-

377 3478 697 3533 ctantiam:
756 3477 857 3532 sed
890 3476 950 3533 in
1000 3478 1316 3550 semetipso
1375 3477 1588 3533 habeat
1646 3478 1918 3552 gloriam,
1977 3484 2033 3537 et

377 3564 570 3622 dicat:
604 3566 738 3621 Mihi
765 3573 942 3623 autem
972 3566 1114 3621 absit
1141 3566 1396 3638 gloriari,
1427 3567 1542 3622 nisi
1600 3568 1659 3623 in
1713 3584 1873 3624 cruce
1926 3570 2032 3625 Do-

377 3652 522 3711 mini
549 3664 723 3712 nostri
781 3657 909 3711 Iesu
966 3654 1189 3724 Christi,
1246 3672 1345 3728 per
1394 3672 1554 3728 quem
1602 3656 1744 3712 mihi
1797 3659 2034 3714 mundus

376 3730 677 3815 cruci/imus
706 3753 809 3811 est,
842 3750 893 3801 et
921 3761 1015 3817 ego
1044 3744 1247 3801 mundo
1278 3750 1437 3815 (vers.
1468 3745 1575 3819 14).
1617 3745 1723 3811 Qui
1782 3744 2031 3820 gloriam

380 3834 585 3908 qmerit
613 3834 685 3889 ab
717 3832 920 3906 altero,
947 3832 1086 3889 huic
1116 3850 1220 3891 nec
1252 3834 1513 3891 mundus
1554 3834 1864 3892 cruciﬁxus
1921 3841 2030 3909 est,

380 3937 485 3979 nec
509 3924 821 3980 crucifixus
843 3928 933 3979 est
962 3924 1087 3997 ipse
1110 3940 1243 3981 cum
1278 3923 1528 3980 Christo.
1556 3922 1774 3997 Recipit
1795 3924 2032 3998 quippe,

381 4014 534 4087 quod
568 4016 867 4089 quaerebat
898 4014 968 4069 ab
1001 4012 1364 4081 hominibus,
1407 4014 1734 4072 mercedem
1768 4031 1958 4071 suam.

454 4102 637 4175 (Vers.
668 4104 722 4160 5.
763 4106 782 4172 )
815 4127 842 4153 ‹‹
876 4102 1295 4176 Unusquisque
1327 4103 1483 4159 enim
1506 4122 1655 4161 onus
1687 4121 1863 4161 suum
1896 4101 2033 4177 por-

382 4191 549 4247 tabit.
586 4214 614 4241 η
644 4192 888 4248 Videtur
928 4192 1332 4265 superioribus
1387 4193 1696 4263 contraire,
1751 4193 1850 4249 ubi
1904 4192 2029 4250 ait:

383 4279 533 4335 Alter
588 4281 820 4337 alterius
904 4298 1072 4337 onera
1121 4290 1337 4355 portate
1390 4280 1563 4351 (Vers.
1623 4281 1706 4352 2):
1770 4280 1819 4337 si
1876 4281 2032 4339 enim

383 4364 533 4443 onus
572 4386 747 4427 suum
783 4370 1191 4444 unusquisque
1250 4369 1526 4445 portabit,
1588 4370 1736 4427 alter
1794 4369 2033 4427 alterius

382 4472 561 4516 onera
590 4463 819 4533 portare
850 4478 962 4517 non
1013 4460 1247 4533 poterit.
1304 4459 1415 4516 Sed
1473 4459 1816 4528 videndum,
1875 4461 2033 4532 quod

380 4548 463 4607 ibi
493 4550 831 4624 praeceperit
871 4554 938 4606 ut
966 4554 1272 4623 peccantes
1326 4548 1389 4604 in
1448 4548 1556 4604 hac
1612 4548 1730 4605 vita
1784 4565 1893 4605 nos
1950 4547 2038 4603 in-

381 4640 1025 4709 vicem‘sustentemus,
1062 4644 1121 4695 et
1147 4638 1206 4694 in
1239 4633 1511 4711 praesenti
1551 4637 1763 4695 saeculo
1822 4636 2033 4693 alteru-
2067 4659 2111 4724 Β

382 4731 535 4791 trum
570 4727 785 4786 auxilio
816 4729 1005 4785 simus
1038 4746 1051 4785 :
1086 4728 1178 4785 hic
1215 4732 1411 4786 autem
1472 4726 1542 4784 de
1603 4726 1830 4783 Domini
1885 4726 2043 4783 dicat

382 4812 491 4890 [AL
523 4818 773 4889 dicebat]
804 4818 863 4875 in
889 4817 1264 4889 nosjudicio,
1297 4817 1455 4890 quod
1502 4833 1618 4874 non
1678 4834 1747 4872 ex
1796 4815 2038 4873 alterius

383 4912 617 4979 peccato
673 4912 730 4962 et
793 4907 1227 4979 comparatione
1312 4906 1654 4974 deterioris;
1717 4906 1816 4963 sed
1870 4907 2042 4978 juxta

383 5002 654 5054 nostrum
686 5012 857 5072 opus,
891 5000 992 5053 aut
1039 5003 1371 5071 peccatores
1430 4996 1502 5051 ab
1561 5012 1626 5053 eo
1675 4996 2038 5069 judicemur,

386 5091 490 5142 aut
519 5088 727 5155 sancti,
759 5086 1072 5161 recipiente
1103 5103 1456 5160 unoquoque
1506 5085 1831 5142 secundum
1890 5102 2040 5160 opus

385 5164 583 5232 suum.
617 5175 873 5237 Obscura
903 5176 1040 5235 licet
1072 5177 1347 5234 docemur
1372 5192 1475 5248 per
1514 5175 1664 5231 hanc
1720 5174 2039 5231 sententio-

384 5263 528 5331 lam,
558 5281 774 5322 novum
804 5267 1021 5340 dogma
1077 5266 1235 5339 quod
1294 5265 1525 5322 latitat:
1585 5265 1727 5320 dum
1782 5264 1841 5319 in
1900 5279 2043 5337 prae-

383 5354 534 5410 senti
559 5353 775 5411 saeculo
802 5370 1033 5426 sumus,
1068 5356 1191 5414 sive
1228 5354 1620 5424 orationibus,
1681 5354 1801 5410 sive
1858 5351 2044 5410 consi-

412 5552 417 5569 τ
462 5538 476 5571 ί
511 5534 812 5592 Contraria
840 5551 1017 5595 sensu
1044 5550 1201 5592 unus
1230 5534 1478 5592 Palatia.
1513 5550 1649 5599 ms.,
1695 5531 1759 5588 de
1814 5531 2044 5589 alterm:

496 5625 669 5663 utare.

496 5625 513 5661 ι
657 5651 669 5663 .

386 5606 494 5713 ﬁ:
510 5616 870 5753 gggnimus
891 5679 963 5734 ad
997 5695 1138 5753 mss.
1173 5678 1369 5747 ﬁdem,
1423 5676 1781 5753 concinniori
1837 5675 2042 5751 utique

382 5749 772 5827 sensu,'opus,
806 5768 911 5826 pro
942 5766 1058 5824 quo
1088 5749 1304 5806 lectum
1338 5750 1527 5818 antea,
1558 5764 1712 5807 onus.

665 5881 932 5946 Pareat.
976 5875 1190 5942 XXVI.

2142 3387 2407 3443 tudinem
2443 3404 2781 3460 moremque
2811 3406 3208 3457 communem,
3249 3390 3467 3446 victum
3521 3396 3579 3447 et
3632 3392 3800 3447 vesti-

2142 3480 2291 3543 tum,
2325 3483 2381 3531 et
2411 3482 2617 3533 caetera
2638 3494 2767 3549 quae
2790 3478 3058 3534 homines
3088 3479 3241 3536 inter
3262 3479 3419 3535 bona
3461 3484 3796 3547 numerant,

2143 3564 2473 3637 appellavit.
2509 3567 2766 3623 Habentes
2796 3569 2947 3623 enim
3003 3570 3207 3625 victum
3262 3578 3315 3624 et
3369 3570 3651 3641 vestitum,
3708 3569 3795 3624 his

2141 3656 2382 3710 contenti
2407 3672 2597 3712 sumus
2623 3656 2671 3728 (ι
2702 3646 2832 3712 Tim.
2865 3674 2941 3728 v1,
2973 3658 3050 3729 8).
3097 3657 3212 3713 Nec
3269 3658 3489 3716 mirum
3543 3657 3593 3714 si
3644 3662 3795 3714 Pau-

2142 3742 2237 3799 lus
2266 3761 2333 3799 ea
2364 3762 2487 3817 quae
2520 3750 2687 3801 erant
2717 3746 2940 3820 corpori
2974 3747 3304 3804 necessaria
3348 3747 3487 3806 boni
3542 3746 3797 3823 appella-

2142 3832 2299 3911 tione
2329 3831 2616 3906 signavit:
2644 3850 2779 3889 cum
2811 3835 2988 3891 etiam
3020 3834 3283 3892 Salvator
3320 3841 3519 3893 noster
3566 3836 3639 3892 ad
3699 3852 3798 3894 eos

2143 3919 2244 3992 qui
2276 3921 2524 3977 necdum
2558 3923 2627 3977 ad
2662 3922 2946 3981 virtutum
2973 3923 3208 4003 culmen
3238 3928 3654 4003 ascenderant,
3696 3927 3797 3984 sed

2143 4009 2337 4066 adhuc
2365 4011 2651 4068 humilius
2682 4012 3050 4081 incedebant,
3083 4018 3141 4070 et
3168 4002 3282 4071 sibi
3314 4014 3449 4070 addi
3479 4002 3801 4087 poscebant

2146 4096 2341 4169 ﬁdem,
2373 4098 2615 4155 dixerit:
2652 4100 2712 4157 Si
2739 4116 2872 4173 ergo
2928 4118 3021 4157 vos
3071 4118 3197 4158 cum
3246 4103 3391 4159 mali
3442 4105 3585 4170 sitis,
3644 4105 3798 4161 scitis

2143 4188 2283 4244 bona
2313 4186 2443 4243 data
2470 4187 2602 4244 dare
2652 4188 2788 4259 ﬁliis
2844 4192 3078 4246 vestris:
3137 4195 3339 4262 quanto
3397 4190 3573 4264 magis
3626 4193 3799 4249 Pater

2141 4281 2317 4332 vester
2344 4278 2573 4333 ca’lestis
2602 4277 2754 4333 dabit
2785 4278 2927 4334 bona
2950 4280 3261 4350 petentibus
3316 4297 3373 4338 se
3425 4281 3631 4349 (Matth.
3692 4298 3793 4350 vn,

2145 4365 2271 4439 il)!
2330 4364 2447 4439 Ego
2506 4372 2644 4439 puto
2702 4372 2760 4423 et
2814 4368 2941 4433 Job,
2977 4384 3135 4445 .cum
3191 4369 3264 4425 ad
3326 4385 3585 4439 uxorem,
3628 4369 3798 4444 quasi

2146 4472 2325 4510 unam
2357 4452 2860 4528 deinsipientibus
2891 4456 3239 4515 mulieribus
3297 4458 3655 4531 loqueretur,
3714 4476 3799 4516 re-

2144 4549 2346 4617 spectu
2368 4546 2516 4616 eius,
2537 4562 2665 4619 qua:
2687 4546 2770 4602 ita
2790 4547 3050 4619 putabat,
3067 4547 3135 4604 de
3158 4546 3559 4621 corporalibus
3582 4546 3801 4606 divitiis

2143 4632 2402 4689 locutum
2433 4652 2446 4689 :
2480 4634 2542 4691 Si
2558 4635 2696 4692 bona
2725 4638 3036 4709 accepimus
3062 4637 3132 4694 de
3158 4655 3331 4695 manu
3344 4639 3573 4696 Domini
3606 4626 3799 4712 (Jobu,

2153 4722 2237 4795 10)
2266 4740 2278 4778 :
2313 4731 2620 4780 etrursum
2654 4725 2724 4780 de
2755 4726 3045 4797 angustiis
3083 4732 3141 4782 et
3170 4734 3485 4800 pressaris,
3526 4734 3584 4785 et
3611 4734 3799 4786 tenta~

2146 4813 2325 4881 tione,
2359 4830 2488 4885 quae
2515 4813 2822 4870 victoriam
2849 4815 3133 4873 aﬁ‘erant:
3195 4818 3377 4885 Quare
3416 4819 3635 4875 naulum
3690 4834 3802 4875 non

2146 4905 2512 4957 sustineamus
2560 4902 2802 4975 (Ibid.)?
2859 4904 3002 4959 Cum
3067 4905 3273 4979 utique
3326 4906 3481 4964 mala
3538 4911 3595 4963 et
3647 4908 3801 4964 bona

2148 5006 2263 5047 non
2296 4990 2353 5045 in
2385 4990 2603 5048 divitiis
2634 4996 2690 5047 et
2719 4993 3034 5065 pressuris,
3068 4996 3169 5051 sed
3201 4995 3259 5051 in
3318 4996 3637 5055 virtutibus
3696 5013 3797 5069 po-

2148 5083 2366 5136 nantur
2391 5084 2448 5135 et
2476 5079 2653 5148 vitiis,
2679 5081 2967 5153 utjustus
2993 5082 3254 5155 loquitur
3281 5084 3341 5140 in
3374 5084 3602 5157 psalmo
3626 5084 3806 5155 δοιώ

2146 5171 2225 5224 est
2256 5167 2411 5225 homo
2437 5171 2533 5240 qui
2577 5170 2695 5226 vult
2721 5172 2916 5241 vitam,
2962 5174 3122 5244 cupit
3174 5173 3361 5231 videre
3415 5173 3529 5229 dies
3588 5171 3802 5229 bonos?

2147 5257 2384 5315 Prohibe
2417 5257 2671 5330 linguam
2706 5263 2859 5316 tuam
2887 5277 2921 5317 a
2975 5262 3144 5329 malo,
3178 5274 3228 5319 et
3286 5262 3435 5318 labia
3467 5270 3563 5319 tua
3590 5277 3663 5317 ne
3718 5261 3801 5319 lo-

2148 5357 2393 5420 quantur
2438 5348 2685 5406 dolum‘.
2746 5352 2981 5408 Declina
3037 5370 3072 5407 a
3126 5352 3293 5421 malo,
3352 5360 3403 5409 et
3454 5353 3545 5422 fac
3600 5351 3802 5408 bonum

2219 5530 2244 5565 ³
2272 5529 2396 5598 Hic,
2425 5546 2502 5599 se,
2533 5528 2800 5587 voculam
2831 5530 3077 5587 Palatia.
3109 5534 3168 5585 et
3212 5529 3454 5585 Cisterc.
3509 5545 3653 5589 mss.
3708 5536 3800 5589 ta~

2150 5606 2299 5668 cent,
2337 5603 2582 5659 fortasse
2613 5602 2847 5658 rectius.

2219 5676 2243 5710 ⁴
2274 5674 2454 5731 fidem
2481 5689 2649 5747 mss.,
2678 5676 2728 5730 et
2758 5689 2816 5731 os
2843 5677 3005 5729 tuum
3025 5688 3098 5729 ne
3126 5673 3387 5749 loquatur
3412 5673 3620 5734 dolum.

3444 5876 3519 5941 15
