4332 6592
538 341 655 402 459

1780 338 1844 396 8.
1893 335 2203 399 EUSEBII
2249 336 2694 399 HIERONYMI

3826 335 3946 397 460

539 471 711 545 (Psal.
744 483 943 536 χχχιιι,
976 468 1044 525 13
1083 500 1150 510 -
1205 470 1313 541 15).
1376 466 1611 541 Proprie
1668 466 1888 524 malum
1947 466 2179 541 dicitur,
2209 469 2400 536 AQui
2466 468 2654 542 legem
2720 468 3030 526 carnaliter
3093 467 3385 541 intelligit,
3455 467 3945 540 repromissiones

536 560 692 633 quod
721 558 1030 615 vitandum
1061 562 1182 615 est:
1214 558 1434 615 bonum
1466 558 1622 629 quod
1655 556 1842 612 facere
1874 556 2179 613 debemus.

537 647 705 705 Dives
735 662 969 721 quoque
997 645 1095 703 ille
1121 646 1181 701 in
1211 646 1543 716 Evangelio,
1576 645 1675 717 qui
1738 644 1876 700 mali
1938 648 1995 699 et
2048 643 2183 701 boni

539 736 847 795 scientiam
905 754 1021 793 non
1107 735 1376 807 habebat,
1434 740 1587 791 recte
1670 750 1945 807 agrorum
2013 735 2183 789 uber-

537 830 717 899 tatem
764 826 919 883 bona
974 825 1389 893 arbitrabatur,
1447 824 1685 879 dicens:
1743 824 1963 890 Anima,
2022 823 2187 879 habes

540 918 681 972 bona
696 918 876 988 posita
911 916 969 970 in
1002 932 1175 972 annos
1228 914 1480 971 multos:
1529 915 1758 984 quiesce,
1806 914 2042 981 comede,
2103 914 2183 968 bi-

541 1005 623 1074 be,
652 1010 703 1063 el
734 1006 926 1064 latore
955 1006 1107 1077 (Luc.
1138 1021 1238 1072 xu,
1276 1006 1383 1077 19).
1418 1005 1485 1059 Et
1514 1001 1665 1060 alius
1695 1003 1793 1075 qui
1834 1004 2068 1073 jacebat
2125 1003 2185 1058 in

539 1111 821 1167 purpura,
852 1098 908 1150 et
936 1093 1160 1150 deliciis
1188 1093 1486 1157 afﬂuebat,
1546 1092 1709 1147 audit
1756 1092 1910 1164 apud
1972 1092 2186 1147 inferos

541 1187 599 1240 et
624 1183 917 1241 Abraham
943 1200 956 1239 :
991 1185 1254 1255 Recepisti
1282 1182 1425 1238 bona
1456 1184 1515 1236 in
1546 1184 1659 1236 vita
1715 1190 1811 1236 tua
1867 1182 2017 1253 (Luc.
2069 1198 2185 1251 xvr,

540 1273 656 1346 25).
688 1271 836 1329 Illud
868 1288 1099 1344 quoque
1129 1270 1550 1328 attendendum
1601 1270 1748 1327 525
1808 1286 1877 1325 ne
1930 1270 2075 1326 forte
2131 1275 2189 1325 et

541 1362 651 1418 hoc
678 1362 867 1435 possit
894 1359 1161 1433 intelligi,
1194 1359 1319 1416 dari
1350 1359 1657 1432 discipulis
1697 1360 2064 1427 mandatum,
2126 1363 2189 1415 ut

540 1449 623 1507 eis
654 1449 753 1522 qui
783 1466 845 1506 se
875 1449 1198 1518 instruunt,
1228 1448 1470 1504 verbum
1506 1448 1962 1516 communicent,
2020 1447 2185 1503 obse-

540 1542 816 1612 quantur,
849 1538 1088 1608 dociles,
1115 1537 1431 1609 facilesque
1490 1553 1553 1593 se
1609 1537 1924 1609 praebeant.
1983 1536 2045 1592 In
2095 1536 2189 1592 his

538 1633 736 1686 tamen
771 1644 899 1701 quae
928 1627 1083 1684 bona
1111 1631 1273 1697 sunt,
1305 1642 1431 1697 quae
1463 1626 1815 1698 spiritualia,
1843 1629 1899 1681 et
1931 1641 2042 1681 nou
2075 1624 2189 1680 hie-

543 1718 745 1787 retica,
774 1714 863 1772 vel
890 1715 1136 1772 Judaica
1165 1715 1449 1787 pravitate
1480 1731 1771 1786 perversa.

615 1805 802 1877 (Vers.
833 1805 912 1877 8.)
944 1826 972 1855 ‹‹
1008 1802 1199 1862 Nolite
1248 1819 1462 1871 errare,
1497 1809 1647 1859 Deus
1704 1820 1819 1859 non
1880 1803 2185 1858 irridetur:

545 1908 671 1968 quas
726 1894 884 1951 enim
941 1893 1319 1949 seminaverit
1369 1891 1566 1958 homo,
1627 1891 1748 1948 haec
1803 1897 1860 1947 et
1912 1897 2110 1948 metet.
2164 1913 2192 1940 η

543 1983 873 2040 Praevidens
913 1981 1145 2055 spiritu,
1202 1998 1302 2038 eos
1354 1980 1455 2054 qui
1512 1981 1812 2049 docentur,
1870 1986 1927 2037 et
1983 1982 2197 2037 debent

545 2072 846 2146 magistris
876 2075 1152 2143 sumptus
1180 2077 1239 2127 et
1266 2071 1395 2126 vitae
1454 2068 1783 2127 necessaria
1839 2070 2192 2135 ministrare,

556 2177 727 2235 posse
783 2160 1090 2218 ostendere
1154 2163 1578 2232 paupertatem,
1638 2163 1694 2213 et
1748 2159 1987 2214 dicere:
2048 2161 2199 2229 Ager

553 2267 721 2309 meus
751 2250 862 2307 hoc
916 2266 1069 2306 anno
1122 2249 1278 2305 aruit
1328 2248 1630 2305 siccitate:
1691 2247 1918 2303 vineam
1977 2248 2199 2320 grando

552 2339 859 2397 contrivit:
893 2338 1158 2395 redditus
1191 2336 1291 2409 qui
1319 2353 1446 2394 esse
1502 2341 1817 2409 potuerunt
1873 2338 1979 2406 [Αἰ.
2040 2342 2201 2409 pote-

551 2427 733 2502 runt],
764 2427 986 2483 tributa
1042 2430 1407 2499 rapuerunt:
1471 2442 1584 2481 non
1643 2425 1828 2481 habeo
1885 2425 2041 2481 unde
2096 2425 2200 2480 tri-

551 2518 730 2574 buam
762 2516 918 2589 quod
940 2515 1203 2588 jubetur,
1253 2514 1501 2586 adjecit:
1562 2514 1738 2571 Nolite
1782 2530 2001 2585 errare,
2061 2516 2203 2570 Deus

547 2621 659 2664 non
686 2606 985 2663 irredetur.
1017 2603 1156 2672 Scit,
1186 2604 1400 2676 inquit,
1433 2604 1609 2660 corda
1636 2609 1851 2668 vestra,
1885 2621 1998 2659 non
2035 2604 2203 2675 igno-

549 2700 641 2753 rat
668 2694 991 2752 facultates.
1025 2693 1330 2751 Excusatio
1359 2692 1693 2749 verisimilis
1752 2693 2047 2749 hominem
2109 2708 2205 2765 po-

550 2788 665 2842 test
693 2789 991 2857 utcunque
1020 2783 1269 2857 placare,
1319 2782 1503 2839 Deum
1563 2799 1677 2838 non
1738 2786 1931 2853 potest
1985 2780 2202 2837 fallere.

549 2875 621 2931 Et
649 2873 827 2931 simul
858 2873 1200 2930 cohortatur
1246 2872 1318 2929 ad
1375 2872 1433 2927 id
1493 2872 1649 2943 quod
1707 2875 2059 2943 praeceptum
2117 2874 2208 2927 est

551 2962 969 3029 exhibendum,
1013 2979 1213 3019 semen
1271 2961 1607 3031 nominans,
1669 2978 1741 3016 ne
1796 2965 1960 3032 putet
2015 2961 2206 3032 perdi-

550 3055 701 3118 tum,
760 3051 917 3124 quod
977 3049 1365 3123 multiplicato
1436 3055 1637 3107 tenore
1696 3055 2037 3122 recepturus
2095 3055 2203 3106 est.

552 3142 638 3197 Ad
671 3139 1006 3197 Corinthios
1037 3156 1267 3212 quoque
1294 3138 1579 3195 rationem
1613 3139 1730 3195 dati
1763 3143 1819 3194 et
1852 3139 2094 3211 accepti,
2127 3140 2205 3195 si-

2291 575 2525 631 quoque
2554 558 2836 624 carnales,
2863 563 3071 630 etquae
3103 557 3162 612 in
3214 557 3484 630 praesenti
3544 556 3757 613 saeculo
3817 574 3943 614 cor-

2294 652 2671 719 rumpuntur,
2702 651 3018 720 exspectat.
3052 647 3158 713 Qui
3190 652 3384 702 autem
3418 646 3572 702 526
3617 645 3946 718 spiritualis

2294 737 2527 793 auditor
2555 741 2661 805 est,
2697 738 2948 793 seminat
2976 737 3033 791 in
3068 735 3299 807 spiritu,
3333 741 3389 790 et
3419 736 3490 791 de
3522 735 3734 808 spiritu
3766 740 3948 793 metet

2293 825 2468 881 vitam
2500 825 2936 898 sempiternam.
2970 824 3157 879 Simul
3189 824 3783 880 notemus‘sermouis
3815 841 3948 881 con-

2296 915 2683 985 sequentiam,
2715 918 2771 969 et
2789 930 2917 969 eam
2949 929 3081 969 cum
3102 912 3504 985 superioribus
3534 913 3944 985 copulemus‘:

2297 1003 2593 1059 hominem
2624 1003 2813 1058 vocari
2848 1002 2904 1058 in
2936 1002 3144 1074 spiritu
3177 1002 3591 1074 seminantem,
3624 1002 3725 1076 qui
3761 1019 3950 1075 quan-

2298 1093 2370 1147 do
2437 1091 2673 1163 coeperit
2762 1092 2937 1146 vitam
3000 1096 3213 1146 metere
3272 1092 3713 1163 sempiternam,
3772 1094 3948 1148 homo

2298 1181 2543 1235 fortasse
2573 1196 2701 1235 esse
2731 1179 2983 1235 desistit.
3015 1180 3333 1235 Cassianus
3363 1182 3404 1249 ⁸,
3465 1182 3562 1252 qui
3623 1181 3948 1254 putativam

2297 1268 2509 1323 Christi
2556 1284 2788 1323 carnem
2846 1267 3244 1335 introducens,
3296 1284 3528 1325 omnem
3590 1271 3952 1342 conjunctio-

2298 1374 2430 1413 nem
2464 1356 2709 1413 masculi
2743 1358 2812 1412 ad
2848 1358 3124 1413 feminam
3178 1358 3549 1414 immundam
3607 1359 3947 1433 arbitratur,

2299 1446 2724 1501 Encratitarum
2785 1444 2871 1501 vel
2953 1446 3307 1503 accerrimus
3359 1446 3794 1516 hmresiarches,
3849 1446 3951 1504 tali

2300 1535 2609 1590 adversum
2638 1550 2746 1589 nos
2793 1534 2903 1589 sub
2934 1534 3236 1590 occasione
3267 1535 3569 1607 praesentis
3625 1535 3951 1593 testimonii

2299 1640 2444 1678 usus
2474 1628 2561 1679 est
2591 1628 2973 1695 argumento:
3018 1624 3077 1679 Si
3138 1625 3271 1696 quis
3332 1625 3583 1681 seminat
3637 1626 3695 1681 in
3753 1642 3950 1697 carne,

2300 1713 2369 1768 de
2401 1728 2573 1768 carne
2631 1716 2811 1769 metet
2870 1713 3346 1785 corruptionem:
3405 1715 3465 1793 in
3523 1732 3697 1771 carne
3754 1721 3950 1772 autem

2300 1800 2570 1872 seminat,
2604 1801 2704 1873 qui
2730 1801 3287 1875 mulierijungitur:
3321 1819 3457 1876 ergo
3488 1809 3546 1861 et
3574 1805 3625 1861 is
3647 1804 3747 1877 qui
3775 1821 3953 1862 uxore

2303 1890 2510 1957 utitur,
2542 1895 2599 1945 et
2630 1891 2881 1946 seminat
2911 1891 2969 1946 in
3003 1909 3175 1948 carne
3205 1893 3353 1963 ejus,
3413 1894 3485 1950 de
3542 1911 3715 1951 carne
3772 1895 3959 1953 metet
4060 1966 4075 1976 ἱ

2304 1979 2759 2051 corruptionem.
2839 1980 3308 2052 Respondebitur
3374 1982 3446 2051 ei,
3516 1983 3774 2056 primum
3835 2001 3954 2041 non

2306 2068 2522 2123 dixisse
2579 2068 2846 2137 Paulum,
2900 2071 3000 2141 qui
3032 2072 3285 2127 seminat
3342 2073 3400 2127 in
3431 2089 3651 2141 carne;
3711 2074 3834 2143 sed,
3893 2075 3956 2131 in
4058 2066 4065 2073 ’

2309 2173 2478 2214 Carne
2507 2174 2627 2213 sua.
2661 2158 2843 2213 Nemo
2868 2163 3060 2214 autem
3094 2178 3291 2216 secum
3354 2162 3477 2235 ipsc
3508 2163 3862 2231 concumbit,
3910 2166 3970 2221 et

2310 2247 2366 2301 in
2411 2263 2522 2301 sua
2568 2263 2739 2302 carne
2772 2248 3041 2302 seminat.
3102 2249 3319 2305 Deinde
3377 2255 3443 2306 ut
3497 2252 3962 2309 observationem

2310 2334 2462 2390 hanc
2493 2351 2669 2406 quam
2702 2338 3132 2405 annotavimus,
3167 2340 3224 2393 in
3254 2356 3423 2396 carne
3475 2356 3596 2412 sua,
3653 2357 3721 2397 ex
3777 2341 3964 2398 abun-

2312 2424 2472 2479 danti
2505 2425 2554 2480 ei
2583 2426 2994 2494 concedamus,
3028 2428 3362 2483 addendum
3410 2433 3498 2484 est
3554 2445 3653 2485 eos
3713 2446 3969 2503 quoque,

2313 2513 2413 2584 qui
2446 2514 2751 2569 comedunt
2802 2520 2858 2569 et
2902 2515 3128 2582 bibant,
3164 2522 3221 2571 et
3276 2517 3573 2575 dormiant
3626 2523 3684 2575 et
3739 2519 3963 2591 aliquid

2313 2602 2532 2657 faciant
2559 2603 2633 2657 ob
2665 2603 3034 2675 refrigerium
3088 2608 3370 2677 corporis,
3432 2608 3593 2677 iuxta
3650 2607 3816 2664 illum
3876 2626 3979 2666 se-

2315 2691 2538 2747 minare
2569 2692 2626 2745 in
2659 2708 2851 2760 carne,
2883 2698 2940 2748 et
2978 2694 3048 2749 de
3109 2710 3176 2749 ea
3235 2700 3454 2751 metero
3512 2698 3965 2771 corruptionem.

2315 2780 2476 2845 Quod
2511 2780 2557 2835 si
2592 2780 2661 2835 ad
2695 2780 2802 2836 hoc
2833 2782 3183 2855 confugerit,
3215 2789 3282 2840 ut
3311 2784 3467 2842 dicat
3512 2803 3612 2842 eos
3669 2786 3791 2857 qui,
3853 2788 3972 2844 sive
4010 2786 4017 2797 “

2316 2869 2542 2935 bibant,
2567 2870 2685 2925 sive
2717 2871 3094 2939 manducent,
3130 2873 3248 2929 sive
3278 2874 3593 2942 dormiant,
3640 2876 3699 2931 in
3732 2876 3969 2935 nomine

2315 2961 2512 3013 tamen
2545 2958 2776 3014 Domini
2834 2961 3033 3017 omnia
3088 2979 3222 3017 cum
3283 2964 3505 3020 ratione
3563 2966 3872 3037 perficiant
3928 2967 3975 3039 (1

2317 3048 2437 3103 Cor.
2471 3066 2526 3117 x,
2558 3049 2672 3121 31),
2706 3066 2821 3104 non
2856 3049 2912 3104 in
2973 3067 3146 3107 carne
3199 3052 3509 3122 seminare,
3569 3056 3669 3110 sed
3722 3056 3781 3111 in
3843 3056 3967 3129 spi-

2317 3137 2435 3192 ritu
2462 3155 2475 3205 ;
2508 3146 2564 3193 et
2595 3155 2701 3193 nos
2730 3138 2777 3194 ei
2812 3138 3087 3195 similiter
3116 3144 3621 3214 respondebimus,
3681 3161 3780 3201 eos
3819 3162 3966 3217 quo-

554 3228 679 3285 mili
705 3228 904 3285 docuit
932 3209 1233 3301 exemplo:
1269 3228 1374 3297 Qui
1408 3243 1586 3298 parce
1616 3230 1880 3295 seminat,
1933 3209 2101 3300 parce
2154 3230 2204 3284 et
2236 3209 2278 3278 C
2318 3241 2431 3298 que
2461 3226 2561 3299 qui
2592 3226 2691 3283 Dei
2725 3227 2975 3299 primam
3035 3209 3387 3287 sententiam
3441 3209 3765 3304 sequantur
3829 3209 3966 3290 cum

550 3326 755 3375 metet:
794 3328 847 3375 et
900 3320 997 3391 qui
1039 3321 1275 3375 seminat
1321 3320 1380 3373 in
1441 3317 1832 3386 benedictione,
1891 3318 1954 3373 de
1987 3319 2205 3374 benedi-

550 3410 728 3465 ctione
756 3412 807 3465 et
834 3412 1012 3465 metet.
1050 3409 1425 3480 Unusquisque
1451 3408 1596 3463 sicut
1651 3409 1989 3479 propositum
2039 3407 2205 3463 habet

550 3497 611 3553 in
636 3496 813 3563 corde,
845 3514 961 3553 non
983 3514 1053 3554 ex
1088 3499 1342 3564 tristitia,
1404 3505 1501 3554 aut
1552 3498 1913 3552 necessitate:
1968 3499 2205 3553 hilarem

550 3587 702 3643 enim
729 3586 974 3644 datorem
1000 3586 1185 3657 diligit
1219 3587 1357 3642 Deus
1386 3586 1466 3657 (ll
1518 3584 1638 3641 Cor.
1674 3603 1748 3655 ix,
1779 3587 1833 3656 6,
1864 3586 1940 3655 7).

624 3675 809 3747 (Vers.
844 3676 920 3746 8.)
952 3698 979 3725 ‹‹
1015 3675 1299 3741 Quoniam
1333 3674 1433 3746 qui
1464 3674 1717 3731 seminat
1765 3675 1823 3729 in
1846 3690 2017 3730 carne
2072 3692 2201 3744 sua,

554 3763 625 3819 de
654 3779 827 3820 carne
855 3768 914 3820 et
942 3768 1119 3820 metet
1170 3764 1623 3836 corruptionem.
1683 3763 1791 3827 Qui
1851 3768 2045 3819 autem
2112 3781 2203 3820 se-

553 3851 741 3908 minat
797 3852 857 3907 in
916 3852 1148 3926 spiritu,
1208 3853 1278 3908 de
1335 3852 1543 3924 spiritu
1603 3856 1782 3907 metet
1828 3853 2007 3908 vitam
2038 3857 2200 3908 aeter-

553 3957 712 3998 nam.
747 3963 776 3991 ››
806 3941 990 3997 Omne
1019 3941 1172 4014 quod
1203 3940 1521 4014 loquimur,
1550 3940 1802 4013 agimus,
1850 3940 2197 4013 cogitamus,

553 4030 612 4086 in
643 4029 873 4087 duobus
904 4030 1232 4087 seminatur
1271 4030 1448 4103 agris,
1508 4046 1679 4086 carne
1738 4034 1794 4086 et
1850 4029 2081 4102 spiritu.
2139 4029 2199 4086 Si

550 4119 705 4175 bona
733 4124 893 4189 sunt,
923 4137 1051 4192 quas
1082 4120 1153 4177 de
1184 4137 1383 4192 manu,
1423 4137 1542 4190 ore,
1595 4119 1765 4175 corde
1824 4123 2196 4190 promuntur,

550 4208 838 4266 seminata
894 4209 952 4265 in
1012 4209 1244 4283 spiritu,
1300 4209 1431 4265 vitae
1480 4215 1705 4264 interna:
1765 4206 2054 4264 fructibus
2112 4225 2196 4264 re-

548 4296 914 4355 dundabunt.
978 4298 1038 4354 Si
1126 4297 1302 4369 mala,
1360 4298 1433 4353 ab
1493 4313 1632 4371 agro
1692 4296 1881 4352 carnis
1939 4302 2196 4369 excepta,

545 4386 935 4459 corruptionis
983 4388 1152 4444 nobis
1210 4391 1462 4459 segetem
1519 4384 1914 4458 pullulabunt.
1976 4384 2195 4442 Aliter:

618 4509 851 4566 "Aliter
879 4527 945 4566 ac
973 4512 1171 4567 verius
1201 4512 1466 4581 fortasse,
1522 4509 1765 4566 Palatin.
1828 4527 1961 4576 ms.,
2014 4512 2197 4567 Simul

2317 3315 2537 3371 ratione
2595 3315 2908 3371 facientes:
2975 3317 3207 3375 Crescite
3258 3328 3309 3376 et
3362 3322 3837 3393 multiplicamini,
3913 3326 3970 3380 et

2316 3408 2513 3477 reptete
2552 3408 2757 3460 terram
2788 3410 2943 3475 (Gen.
3002 3424 3041 3474 ι,
3072 3408 3185 3479 22),
3264 3426 3378 3465 non
3456 3410 3515 3465 in
3592 3426 3785 3479 carne,
3864 3411 3969 3467 sed

2314 3493 2372 3548 in
2406 3493 2616 3566 spiritu
2649 3495 2957 3551 seminare.
2991 3495 3379 3569 Syllogismus
3401 3499 3597 3572 itaque
3619 3501 3750 3573 ejus
3782 3500 3968 3557 futilis

2314 3588 2370 3637 ct
2400 3583 2676 3650 caducus,
2723 3584 3083 3655 80phismate
3134 3586 3392 3658 primum
3451 3589 3668 3662 decipit
3723 3588 3968 3647 audien-

2313 3679 2450 3727 tem.
2484 3676 2767 3728 Caeterum
2800 3672 3453 3748 diligenterinspectus,
3476 3677 3643 3733 facile
3672 3677 3954 3736 solvitur:

2310 3761 2508 3833 Neque
2539 3762 2695 3816 enim
2720 3778 3037 3833 possumus
3068 3763 3276 3832 dicere,
3307 3764 3625 3837 Abraham,
3688 3767 3846 3822 lsaac
3905 3770 3964 3824 et

2309 3850 2510 3918 Jacob,
2544 3855 2600 3906 et
2628 3850 2773 3906 alios
2804 3856 3036 3907 sanctos
3067 3852 3240 3924 viros,
3274 3853 3372 3925 qui
3396 3854 3468 3909 de
3502 3856 3960 3927 repromissione

2311 3939 2430 3994 nati
2488 3946 2628 3995 sunt
2683 3940 2985 4011 (llebr,x1,
3044 3942 3121 4011 9),
3177 3940 3374 4013 ipsum
3433 3959 3666 4015 quoque
3725 3943 3961 4002 Domini

2311 4045 2749 4101 praecursorem,
2785 4030 2930 4086 527
2993 4030 3132 4102 quia
3184 4030 3243 4086 in
3303 4047 3477 4088 carne
3512 4037 3688 4089 natus
3744 4039 3854 4102 est,
3889 4034 3961 4092 de

2309 4118 2699 4189 corruptionis
2765 4118 3028 4192 germine
3111 4118 3454 4191 pullulasse,
3522 4121 3666 4177 illud
3744 4121 3963 4196 pariter

2308 4207 2760 4273 observandum,
2794 4209 2951 4281 quod
2983 4207 3083 4280 qui
3142 4209 3395 4266 seminat
3448 4210 3510 4266 in
3568 4227 3762 4275 carne.
3822 4228 3959 4269 cum

2307 4295 2705 4351 additamento
2736 4314 2853 4352 suae
2881 4297 3074 4354 carnis
3121 4299 3396 4369 ponitur:
3452 4299 3553 4372 qui
3610 4305 3811 4357 autem
3868 4317 3961 4357 se-

2309 4384 2492 4439 minat
2524 4383 2581 4439 in
2614 4385 2845 4457 spiritu,
2880 4403 2995 4442 non
3023 4384 3237 4443 dicitur
3277 4388 3337 4443 in
3368 4389 3582 4461 spiritu
3640 4406 3747 4446 suo
3768 4390 3809 4460 ³,
3860 4388 3959 4446 sed

2306 4508 2574 4586 fecimus,
2636 4511 3060 4586 reponendum,
3094 4511 3393 4586 Cassianus
3429 4558 3441 4579 ,
3492 4514 3761 4570 omnium
3821 4516 3963 4586 quot

545 4581 822 4653 notandus
850 4583 979 4638 ordo
1005 4585 1292 4651 sermonis,
1327 4590 1382 4638 et
1431 4580 1554 4638 cum
1612 4583 1990 4653 superioribus
2042 4599 2199 4652 COp‘u-
2230 4583 2276 4648 D
2310 4580 2587 4648 vidimus,
2618 4580 2883 4637 codicum
2915 4600 3059 4638 mss.
3102 4583 3162 4638 in
3192 4583 3301 4639 hac
3331 4584 3578 4641 lectione
3638 4580 3963 4642 consensus

549 4651 765 4725 landus,
799 4653 940 4724 quod
968 4654 1124 4710 homo
1156 4659 1380 4710 vocatur
1408 4654 1469 4708 in
1496 4651 1697 4718 spiritu
1735 4656 2035 4721 seminans,
2069 4651 2200 4725 quia

547 4723 775 4797 quando
791 4723 1030 4797 casperit,
1052 4732 1162 4781 etc.

619 4795 641 4828 ²
672 4794 906 4869 Vulgati
937 4794 1219 4853 hactenus
1248 4797 1402 4868 libri,
1437 4798 1744 4863 Tatiunum,
1779 4796 1872 4851 hic
1898 4813 2000 4869 pro
2060 4799 2194 4852 Cas-

545 4866 703 4923 siano
734 4866 1093 4941 obtrudunt:
1156 4870 1296 4941 quin
1329 4866 1699 4925 Martianieus
1731 4866 2008 4941 refragari
2058 4885 2193 4923 suo-

546 4954 678 4995 rum
710 4939 1040 5013 auctoritati
1078 4939 1498 5013 exemplarium
1558 4958 1672 4996 non
1733 4939 2043 5005 dubitabit,
2084 4945 2193 4994 im-

586 5027 763 5085 ressas
816 5011 1081 5068 lectionis
1138 5011 1470 5085 praejudicio
1536 5015 1834 5085 deceptus,
1910 5017 1977 5085 get
2059 5027 2193 5085 cum

568 5083 766 5138 audati
799 5084 870 5139 ab
902 5101 967 5140 eo
999 5082 1225 5140 codices
1254 5082 1657 5140 Cluniacen’sis
1682 5082 1754 5138 ac
1786 5082 1998 5150 Regius
2054 5082 2192 5138 Cas-

543 5153 777 5229 sianum
810 5158 1184 5229 praeferrent:
1218 5157 1407 5227 Error,
1442 5156 1652 5229 inquit,
1696 5153 1805 5229 “hic
1837 5159 1927 5229 est
1973 5155 2191 5229 exscri-

541 5224 774 5297 plorum
810 5224 1117 5299 Tvetorum,’
1169 5224 1401 5299 quibus
1444 5224 1636 5299 notior
1688 5228 1799 5299 fuit
1856 5226 2189 5299 Cassianus,

541 5296 719 5368 quam
792 5296 1101 5356 Tatianus.
1156 5296 1277 5355 lino
1326 5303 1449 5355 erat
1504 5297 1901 5369 colligendum
1957 5296 2191 5369 penitus

539 5366 884 5427 econtrario.
914 5371 1110 5427 Julius
1141 5372 1298 5426 enim
1329 5366 1746 5427 Cassianus'ex
1801 5366 2025 5421 nefaria
2077 5366 2189 5421 Va-

539 5435 997 5498 lentinianorum
1030 5442 1275 5498 colluvne
1306 5442 1486 5513 ferme
1517 5439 1771 5513 ignotior
1804 5438 2050 5513 Tatiano
2079 5443 2186 5507 est,

542 5523 796 5592 cumque
827 5514 1091 5592 absolute
1121 5513 1218 5568 hic
1247 5510 1632 5592 Iiieronym'us
1680 5510 2003 5592 Encratitas
2049 5526 2188 5592 per-

540 5582 813 5653 stringat,
847 5585 1223 5641 notissimum
1254 5582 1505 5649 Tatiani,
1560 5584 1689 5653 ejus
1746 5586 1915 5653 sectae
1976 5582 2187 5652 princi-

2311 4654 2641 4728 persuadet.
2680 4653 2807 4724 Ipse
2836 4653 3008 4728 etiam
3044 4661 3369 4728 contextus,
3419 4662 3478 4711 et
3530 4673 3706 4728 quam
3756 4658 3960 4715 Hiero-

2306 4740 2525 4798 nymus,
2551 4725 2879 4798 impugnat,
2922 4726 3049 4796 ejus
3082 4727 3295 4782 evincit
3326 4725 3611 4784 hrrresebs
3664 4728 3908 4785 historia
3941 4747 3957 4798 ;

2306 4796 2404 4865 qui
2436 4796 2591 4851 enim
2621 4797 2930 4867 putativam
2963 4798 3170 4853 Christi
3197 4814 3414 4854 carnem
3447 4799 3780 4866 introduxit,
3838 4796 3957 4857 sive

2305 4867 2404 4937 qui
2446 4867 2672 4957 primus
2730 4869 3080 4957 ementitum
3131 4871 3379 4957 ‘Domin‘u
3434 4886 3647 4951 corpus
3680 4872 3954 4957 "affinxit,

2303 4955 2419 5015 non
2450 4938 2461 4939 ί
2493 4938 2976 5015 Τωιίιιιιιιειηβω
3050 4939 3246 5015 Julius
3320 4938 3638 5015 Cassianus
3677 4943 3807 5009 fuit,
3852 4938 3957 5015 qui

2304 5009 2445 5064 adeo
2479 5010 2692 5065 dicitur
2716 5012 2774 5065 S.
2806 5010 3087 5066 Clementi
3109 5010 3517 5067 Alexandrino.
3547 5012 3648 5067 lib.
3683 5030 3743 5069 ιιι
3804 5009 3956 5071 Stro-

2302 5085 2531 5158 malum,
2556 5087 2663 5158 _"c_'_F,:
2686 5077 2817 5151 δοκτς
2829 5102 2963 5143 σεως
3012 5081 3256 5155 ὶξάρχων
3310 5084 3629 5139 Docetarum
3677 5087 3955 5158 princeps.

2302 5152 2448 5215 Quin
2480 5153 2794 5226 etlibrum,
2827 5171 2894 5210 ex
2924 5170 3039 5226 quo
3070 5152 3330 5209 subnexa
3361 5152 3707 5226 argumenta
3758 5152 3955 5213 lliero-

2303 5240 2517 5301 nymus
2544 5225 2827 5301 confutat,
2852 5225 3027 5301 facile
3058 5225 3491 5301 existimoeum
3512 5227 3742 5301 ipsum,
3776 5243 3954 5301 quem

2302 5297 2473 5351 modo
2506 5297 2778 5353 laudatus
2808 5297 3073 5353 Clemens
3094 5297 3403 5353 Alcxandr.
3439 5316 3472 5353 a
3502 5297 3808 5356 Cassiano'
3828 5316 3951 5356 me-

2301 5374 2490 5447 morat
2519 5368 2911 5447 lucubratum,
2945 5369 3022 5447 ab.
3047 5385 3231 5441 eoque
3261 5369 3633 5442 inscriptum,
3680 5368 3803 5445 περί
3863 5371 3954 5447 ἑγ-

2297 5438 2545 5514 κρᾳῖξίας
2578 5439 2612 5512 ᾗ
2646 5438 2770 5513 περί
2803 5438 3112 5514 εύνὸυχίας.

2368 5511 2389 5544 ³
2421 5511 2854 5587 [ξιιιιεΡειΙιιὶὶιι.
2882 5511 3019 5580 αιέξ,
3064 5528 3175 5587 non
3204 5511 3439 5587 dicitur,
3460 5515 3523 5569 in
3576 5517 3798 5587 spiritu,
3858 5513 3953 5571 sed

2294 5582 2627 5659 simpliciter
2656 5585 2895 5654 spiritu:
2933 5559 3046 5641 noii
3075 5585 3158 5640 ita
3204 5559 3375 5642 bene:
3858 5559 3948 5645 "Ei

538 5649 631 5783 pie
662 5649 875 5734 nbm'en
906 5656 1157 5727 proclive
1182 5656 1294 5712 fuit
1320 5654 1517 5712 sciolis
1564 5649 2024 5736 amanuensibus
2082 5670 2185 5727 pro
2293 5649 2731 5728 suo'quoppiam,
2765 5672 2889 5731 pro,
2921 5658 3230 5734 quippiam.

579 5736 803 5783 assiano
834 5740 1116 5783 nerauam
1146 5726 1327 5783 simili
1359 5725 1745 5783 comminisci.
1777 5724 1845 5783 Et
1881 5740 2038 5783 vero.
2095 5724 2182 5783 uti

579 5723 803 5783 ’assiano
832 5722 1116 5805 perquam
1146 5726 1327 5787 simili
1359 5722 1745 5787 comminisci.
1777 5724 1845 5784 Et
1881 5740 2038 5794 vero,
2082 5722 2182 5785 'uti
