  <div class='ocr_page' id='page_1' title='image "/cluster/home/n/w/nwhite01/storage/ocr_20150623/26/umn.31951002477320a/234.png"; bbox 0 0 4332 6578; ppageno 0'>
   <div class='ocr_carea' id='block_1_1' title="bbox 386 363 498 424">
    <p class='ocr_par' dir='ltr' id='par_1_1' title="bbox 386 363 498 424">
     <span class='ocr_line' id='line_1_1' title="bbox 386 363 498 424; baseline 0.018 -2"><span class='ocrx_word' id='word_1_1' title='bbox 386 363 498 424; x_wconf 73' lang='grc'><strong>461</strong></span> 
     </span>
    </p>
   </div>
   <div class='ocr_carea' id='block_1_2' title="bbox 1045 360 3184 438">
    <p class='ocr_par' dir='ltr' id='par_1_2' title="bbox 1045 360 3184 438">
     <span class='ocr_line' id='line_1_2' title="bbox 1045 360 3184 438; baseline 0 -13"><span class='ocrx_word' id='word_1_2' title='bbox 1045 361 1564 425; x_wconf 79' lang='lat' dir='ltr'><strong>COMMENTAR.</strong></span> <span class='ocrx_word' id='word_1_3' title='bbox 1611 364 1688 423; x_wconf 88' lang='grc' dir='ltr'><strong>ΙΝ</strong></span> <span class='ocrx_word' id='word_1_4' title='bbox 1739 363 1979 423; x_wconf 83' lang='lat' dir='ltr'><strong>EPIST.</strong></span> <span class='ocrx_word' id='word_1_5' title='bbox 2027 360 2130 421; x_wconf 83' lang='lat' dir='ltr'><strong>AD</strong></span> <span class='ocrx_word' id='word_1_6' title='bbox 2177 363 2458 423; x_wconf 83' lang='lat' dir='ltr'><strong>GALAT.</strong></span> <span class='ocrx_word' id='word_1_7' title='bbox 2506 364 2656 424; x_wconf 86' lang='lat' dir='ltr'><strong>LIB.</strong></span> <span class='ocrx_word' id='word_1_8' title='bbox 2707 364 2809 438; x_wconf 87' lang='grc' dir='ltr'>ΙΙΙ,</span> <span class='ocrx_word' id='word_1_9' title='bbox 2859 366 3030 428; x_wconf 84' lang='lat' dir='ltr'><strong>CAP.</strong></span> <span class='ocrx_word' id='word_1_10' title='bbox 3079 366 3184 426; x_wconf 84' lang='lat' dir='ltr'><strong>VI.</strong></span> 
     </span>
    </p>
   </div>
   <div class='ocr_carea' id='block_1_3' title="bbox 3689 369 3806 430">
    <p class='ocr_par' dir='ltr' id='par_1_3' title="bbox 3689 369 3806 430">
     <span class='ocr_line' id='line_1_3' title="bbox 3689 369 3806 430; baseline -0.017 0"><span class='ocrx_word' id='word_1_11' title='bbox 3689 369 3806 430; x_wconf 74' lang='lat'><strong>462</strong></span> 
     </span>
    </p>
   </div>
   <div class='ocr_carea' id='block_1_4' title="bbox 386 494 3801 569">
    <p class='ocr_par' dir='ltr' id='par_1_4' title="bbox 386 494 3801 569">
     <span class='ocr_line' id='line_1_4' title="bbox 386 494 3801 569; baseline 0.002 -19"><span class='ocrx_word' id='word_1_12' title='bbox 386 495 734 568; x_wconf 78' lang='lat' dir='ltr'><strong>simpliciter</strong></span> <span class='ocrx_word' id='word_1_13' title='bbox 779 495 838 551; x_wconf 92' lang='lat' dir='ltr'><strong>in</strong></span> <span class='ocrx_word' id='word_1_14' title='bbox 897 494 1126 568; x_wconf 88' lang='lat' dir='ltr'><strong>spiritu.</strong></span> <span class='ocrx_word' id='word_1_15' title='bbox 1189 496 1298 559; x_wconf 88' lang='lat' dir='ltr'><strong>Qui</strong></span> <span class='ocrx_word' id='word_1_16' title='bbox 1345 496 1502 551; x_wconf 92' lang='lat' dir='ltr'><strong>enim</strong></span> <span class='ocrx_word' id='word_1_17' title='bbox 1552 497 1705 551; x_wconf 89' lang='lat' dir='ltr'><strong>bona</strong></span> <span class='ocrx_word' id='word_1_18' title='bbox 1761 495 2031 562; x_wconf 79' lang='lat' dir='ltr'><strong>seminat,</strong></span> <span class='ocrx_word' id='word_1_19' title='bbox 2063 495 2337 565; x_wconf 72' lang='lat' dir='ltr'><strong>Ajustos</strong></span> <span class='ocrx_word' id='word_1_20' title='bbox 2385 499 2441 549; x_wconf 91' lang='lat' dir='ltr'><strong>et</strong></span> <span class='ocrx_word' id='word_1_21' title='bbox 2498 496 2750 567; x_wconf 86' lang='lat' dir='ltr'><strong>injustos</strong></span> <span class='ocrx_word' id='word_1_22' title='bbox 2800 498 3007 567; x_wconf 80' lang='lat' dir='ltr'><strong>(Matth.</strong></span> <span class='ocrx_word' id='word_1_23' title='bbox 3050 516 3104 552; x_wconf 88' lang='grc' dir='ltr'><strong>ν.</strong></span> <span class='ocrx_word' id='word_1_24' title='bbox 3139 498 3250 569; x_wconf 84' lang='grc'><strong>45).</strong></span> <span class='ocrx_word' id='word_1_25' title='bbox 3310 499 3460 554; x_wconf 85' lang='lat' dir='ltr'><strong>Fons</strong></span> <span class='ocrx_word' id='word_1_26' title='bbox 3518 499 3801 558; x_wconf 80' lang='lat' dir='ltr'><strong>bonitatis</strong></span> 
     </span>
    </p>
   </div>
   <div class='ocr_carea' id='block_1_5' title="bbox 387 584 2035 658">
    <p class='ocr_par' dir='ltr' id='par_1_5' title="bbox 387 584 2035 658">
     <span class='ocr_line' id='line_1_5' title="bbox 387 584 2035 658; baseline -0.001 -19"><span class='ocrx_word' id='word_1_27' title='bbox 387 601 503 640; x_wconf 89' lang='lat' dir='ltr'><strong>non</strong></span> <span class='ocrx_word' id='word_1_28' title='bbox 533 584 595 641; x_wconf 90' lang='lat' dir='ltr'><strong>in</strong></span> <span class='ocrx_word' id='word_1_29' title='bbox 628 603 732 641; x_wconf 90' lang='lat' dir='ltr'><strong>suo</strong></span> <span class='ocrx_word' id='word_1_30' title='bbox 765 584 1086 658; x_wconf 82' lang='lat' dir='ltr'><strong>quidpiam,</strong></span> <span class='ocrx_word' id='word_1_31' title='bbox 1121 585 1221 640; x_wconf 90' lang='lat' dir='ltr'><strong>sed</strong></span> <span class='ocrx_word' id='word_1_32' title='bbox 1255 585 1311 640; x_wconf 91' lang='lat' dir='ltr'><strong>in</strong></span> <span class='ocrx_word' id='word_1_33' title='bbox 1355 584 1452 640; x_wconf 87' lang='lat' dir='ltr'><strong>Dei</strong></span> <span class='ocrx_word' id='word_1_34' title='bbox 1501 585 1709 657; x_wconf 77' lang='lat' dir='ltr'><strong>spiritu</strong></span> <span class='ocrx_word' id='word_1_35' title='bbox 1759 584 2035 649; x_wconf 85' lang='lat' dir='ltr'><strong>seminat,</strong></span> 
     </span>
    </p>
   </div>
   <div class='ocr_carea' id='block_1_6' title="bbox 388 674 1677 747">
    <p class='ocr_par' dir='ltr' id='par_1_6' title="bbox 388 674 1677 747">
     <span class='ocr_line' id='line_1_6' title="bbox 388 674 1677 747; baseline -0.001 -18"><span class='ocrx_word' id='word_1_36' title='bbox 388 674 458 730; x_wconf 89' lang='lat' dir='ltr'><strong>de</strong></span> <span class='ocrx_word' id='word_1_37' title='bbox 491 692 605 747; x_wconf 91' lang='lat' dir='ltr'><strong>quo</strong></span> <span class='ocrx_word' id='word_1_38' title='bbox 636 680 691 731; x_wconf 92' lang='lat' dir='ltr'><strong>et</strong></span> <span class='ocrx_word' id='word_1_39' title='bbox 719 675 900 730; x_wconf 86' lang='lat' dir='ltr'><strong>vitam</strong></span> <span class='ocrx_word' id='word_1_40' title='bbox 927 679 1015 730; x_wconf 90' lang='lat' dir='ltr'><strong>est</strong></span> <span class='ocrx_word' id='word_1_41' title='bbox 1045 690 1350 730; x_wconf 90' lang='lat' dir='ltr'><strong>messurus</strong></span> <span class='ocrx_word' id='word_1_42' title='bbox 1379 678 1677 730; x_wconf 63' lang='lat' dir='ltr'><strong>eternam.</strong></span> 
     </span>
    </p>
   </div>
   <div class='ocr_carea' id='block_1_7' title="bbox 460 762 2035 834">
    <p class='ocr_par' dir='ltr' id='par_1_7' title="bbox 460 762 2035 834">
     <span class='ocr_line' id='line_1_7' title="bbox 460 762 2035 834; baseline 0.001 -19"><span class='ocrx_word' id='word_1_43' title='bbox 460 762 641 834; x_wconf 91' lang='lat' dir='ltr'><strong>(Vers.</strong></span> <span class='ocrx_word' id='word_1_44' title='bbox 673 764 752 834; x_wconf 88' lang='lat'><strong>9.)</strong></span> <span class='ocrx_word' id='word_1_45' title='bbox 793 763 1080 818; x_wconf 86' lang='lat' dir='ltr'><strong>«Bonum</strong></span> <span class='ocrx_word' id='word_1_46' title='bbox 1130 768 1325 818; x_wconf 89' lang='lat' dir='ltr'><strong>autem</strong></span> <span class='ocrx_word' id='word_1_47' title='bbox 1375 763 1674 833; x_wconf 80' lang='lat' dir='ltr'><strong>facientes,</strong></span> <span class='ocrx_word' id='word_1_48' title='bbox 1729 779 1842 818; x_wconf 90' lang='lat' dir='ltr'><strong>non</strong></span> <span class='ocrx_word' id='word_1_49' title='bbox 1895 762 2035 818; x_wconf 85' lang='lat' dir='ltr'><strong>deﬁ-</strong></span> 
     </span>
    </p>
   </div>
   <div class='ocr_carea' id='block_1_8' title="bbox 388 850 2038 925">
    <p class='ocr_par' dir='ltr' id='par_1_8' title="bbox 388 850 2038 925">
     <span class='ocr_line' id='line_1_8' title="bbox 388 850 2038 925; baseline -0.001 -18"><span class='ocrx_word' id='word_1_50' title='bbox 388 850 649 908; x_wconf 83' lang='lat' dir='ltr'><strong>ciamus:</strong></span> <span class='ocrx_word' id='word_1_51' title='bbox 686 857 944 925; x_wconf 90' lang='lat' dir='ltr'><strong>tempore</strong></span> <span class='ocrx_word' id='word_1_52' title='bbox 993 851 1146 907; x_wconf 90' lang='lat' dir='ltr'><strong>cnim</strong></span> <span class='ocrx_word' id='word_1_53' title='bbox 1200 870 1306 908; x_wconf 91' lang='lat' dir='ltr'><strong>suo</strong></span> <span class='ocrx_word' id='word_1_54' title='bbox 1361 857 1676 919; x_wconf 78' lang='lat' dir='ltr'><strong>metemus,</strong></span> <span class='ocrx_word' id='word_1_55' title='bbox 1740 869 1855 908; x_wconf 93' lang='lat' dir='ltr'><strong>non</strong></span> <span class='ocrx_word' id='word_1_56' title='bbox 1889 852 2038 907; x_wconf 86' lang='lat' dir='ltr'><strong>deﬁ-</strong></span> 
     </span>
    </p>
   </div>
   <div class='ocr_carea' id='block_1_9' title="bbox 388 940 2034 1014">
    <p class='ocr_par' dir='ltr' id='par_1_9' title="bbox 388 940 2034 1014">
     <span class='ocr_line' id='line_1_9' title="bbox 388 940 2034 1014; baseline 0 -18"><span class='ocrx_word' id='word_1_57' title='bbox 388 942 620 996; x_wconf 89' lang='lat' dir='ltr'><strong>cientes.</strong></span> <span class='ocrx_word' id='word_1_58' title='bbox 650 963 670 990; x_wconf 73' lang='grc' dir='ltr'><strong>ιι</strong></span> <span class='ocrx_word' id='word_1_59' title='bbox 698 940 1047 997; x_wconf 83' lang='lat' dir='ltr'><strong>Cohortatur</strong></span> <span class='ocrx_word' id='word_1_60' title='bbox 1065 958 1162 997; x_wconf 91' lang='lat' dir='ltr'><strong>eos</strong></span> <span class='ocrx_word' id='word_1_61' title='bbox 1187 943 1258 996; x_wconf 91' lang='lat' dir='ltr'><strong>ad</strong></span> <span class='ocrx_word' id='word_1_62' title='bbox 1282 942 1547 996; x_wconf 86' lang='lat' dir='ltr'><strong>studium</strong></span> <span class='ocrx_word' id='word_1_63' title='bbox 1573 941 2034 1014; x_wconf 69' lang='lat' dir='ltr'><strong>perseverantiae,</strong></span> 
     </span>
    </p>
   </div>
   <div class='ocr_carea' id='block_1_10' title="bbox 385 1029 2037 1103">
    <p class='ocr_par' dir='ltr' id='par_1_10' title="bbox 385 1029 2037 1103">
     <span class='ocr_line' id='line_1_10' title="bbox 385 1029 2037 1103; baseline 0 -19"><span class='ocrx_word' id='word_1_64' title='bbox 385 1030 480 1102; x_wconf 89' lang='lat' dir='ltr'><strong>qui</strong></span> <span class='ocrx_word' id='word_1_65' title='bbox 514 1029 571 1085; x_wconf 89' lang='lat' dir='ltr'><strong>in</strong></span> <span class='ocrx_word' id='word_1_66' title='bbox 605 1029 712 1085; x_wconf 89' lang='lat' dir='ltr'><strong>hac</strong></span> <span class='ocrx_word' id='word_1_67' title='bbox 741 1029 858 1086; x_wconf 90' lang='lat' dir='ltr'><strong>vita</strong></span> <span class='ocrx_word' id='word_1_68' title='bbox 889 1032 1217 1087; x_wconf 85' lang='lat' dir='ltr'><strong>mercedem</strong></span> <span class='ocrx_word' id='word_1_69' title='bbox 1254 1031 1388 1085; x_wconf 92' lang='lat' dir='ltr'><strong>boni</strong></span> <span class='ocrx_word' id='word_1_70' title='bbox 1438 1031 1628 1102; x_wconf 89' lang='lat' dir='ltr'><strong>operis</strong></span> <span class='ocrx_word' id='word_1_71' title='bbox 1679 1034 2037 1103; x_wconf 80' lang='lat' dir='ltr'><strong>exspectant,</strong></span> 
     </span>
    </p>
   </div>
   <div class='ocr_carea' id='block_1_11' title="bbox 383 1119 2036 1191">
    <p class='ocr_par' dir='ltr' id='par_1_11' title="bbox 383 1119 2036 1191">
     <span class='ocr_line' id='line_1_11' title="bbox 383 1119 2036 1191; baseline 0.001 -19"><span class='ocrx_word' id='word_1_72' title='bbox 383 1119 709 1175; x_wconf 84' lang='lat' dir='ltr'><strong>nescientes</strong></span> <span class='ocrx_word' id='word_1_73' title='bbox 754 1120 894 1191; x_wconf 88' lang='lat' dir='ltr'><strong>quia</strong></span> <span class='ocrx_word' id='word_1_74' title='bbox 951 1119 1104 1176; x_wconf 87' lang='lat' dir='ltr'><strong>sicut</strong></span> <span class='ocrx_word' id='word_1_75' title='bbox 1161 1119 1218 1174; x_wconf 89' lang='lat' dir='ltr'><strong>in</strong></span> <span class='ocrx_word' id='word_1_76' title='bbox 1278 1119 1500 1174; x_wconf 85' lang='lat' dir='ltr'><strong>semine</strong></span> <span class='ocrx_word' id='word_1_77' title='bbox 1559 1119 1717 1175; x_wconf 87' lang='lat' dir='ltr'><strong>aliud</strong></span> <span class='ocrx_word' id='word_1_78' title='bbox 1769 1119 2036 1188; x_wconf 79' lang='lat' dir='ltr'><strong>sationis,</strong></span> 
     </span>
    </p>
   </div>
   <div class='ocr_carea' id='block_1_12' title="bbox 381 1205 2036 1281">
    <p class='ocr_par' dir='ltr' id='par_1_12' title="bbox 381 1205 2036 1281">
     <span class='ocr_line' id='line_1_12' title="bbox 381 1205 2036 1281; baseline 0.001 -20"><span class='ocrx_word' id='word_1_79' title='bbox 381 1205 541 1263; x_wconf 86' lang='lat' dir='ltr'><strong>aliud</strong></span> <span class='ocrx_word' id='word_1_80' title='bbox 572 1209 786 1265; x_wconf 88' lang='lat' dir='ltr'><strong>messis</strong></span> <span class='ocrx_word' id='word_1_81' title='bbox 815 1214 904 1264; x_wconf 90' lang='lat' dir='ltr'><strong>est</strong></span> <span class='ocrx_word' id='word_1_82' title='bbox 948 1214 1220 1281; x_wconf 88' lang='lat' dir='ltr'><strong>tempus:</strong></span> <span class='ocrx_word' id='word_1_83' title='bbox 1273 1209 1358 1264; x_wconf 89' lang='lat' dir='ltr'><strong>sic</strong></span> <span class='ocrx_word' id='word_1_84' title='bbox 1405 1213 1462 1263; x_wconf 90' lang='lat' dir='ltr'><strong>ot</strong></span> <span class='ocrx_word' id='word_1_85' title='bbox 1505 1207 1564 1263; x_wconf 92' lang='lat' dir='ltr'><strong>in</strong></span> <span class='ocrx_word' id='word_1_86' title='bbox 1601 1208 1868 1280; x_wconf 74' lang='lat' dir='ltr'><strong>praesenti</strong></span> <span class='ocrx_word' id='word_1_87' title='bbox 1898 1208 2036 1274; x_wconf 77' lang='lat' dir='ltr'><strong>vita,</strong></span> 
     </span>
    </p>
   </div>
   <div class='ocr_carea' id='block_1_13' title="bbox 381 1295 2038 1368">
    <p class='ocr_par' dir='ltr' id='par_1_13' title="bbox 381 1295 2038 1368">
     <span class='ocr_line' id='line_1_13' title="bbox 381 1295 2038 1368; baseline 0.002 -20"><span class='ocrx_word' id='word_1_88' title='bbox 381 1299 704 1351; x_wconf 87' lang='lat' dir='ltr'><strong>sementem</strong></span> <span class='ocrx_word' id='word_1_89' title='bbox 735 1313 864 1352; x_wconf 91' lang='lat' dir='ltr'><strong>esse</strong></span> <span class='ocrx_word' id='word_1_90' title='bbox 905 1313 1082 1368; x_wconf 86' lang='lat' dir='ltr'><strong>opera</strong></span> <span class='ocrx_word' id='word_1_91' title='bbox 1128 1297 1276 1367; x_wconf 69' lang='lat' dir='ltr'><strong>(qum</strong></span> <span class='ocrx_word' id='word_1_92' title='bbox 1325 1295 1412 1351; x_wconf 88' lang='lat' dir='ltr'><strong>vel</strong></span> <span class='ocrx_word' id='word_1_93' title='bbox 1463 1296 1519 1350; x_wconf 91' lang='lat' dir='ltr'><strong>in</strong></span> <span class='ocrx_word' id='word_1_94' title='bbox 1573 1297 1807 1368; x_wconf 85' lang='lat' dir='ltr'><strong>spiritu,</strong></span> <span class='ocrx_word' id='word_1_95' title='bbox 1857 1296 1943 1352; x_wconf 86' lang='lat' dir='ltr'><strong>vel</strong></span> <span class='ocrx_word' id='word_1_96' title='bbox 1981 1297 2038 1351; x_wconf 92' lang='lat' dir='ltr'><strong>in</strong></span> 
     </span>
    </p>
   </div>
   <div class='ocr_carea' id='block_1_14' title="bbox 379 1386 2037 1456">
    <p class='ocr_par' dir='ltr' id='par_1_14' title="bbox 379 1386 2037 1456">
     <span class='ocr_line' id='line_1_14' title="bbox 379 1386 2037 1456; baseline 0.001 -17"><span class='ocrx_word' id='word_1_97' title='bbox 379 1399 555 1440; x_wconf 90' lang='lat' dir='ltr'><strong>carne</strong></span> <span class='ocrx_word' id='word_1_98' title='bbox 586 1386 920 1455; x_wconf 81' lang='lat' dir='ltr'><strong>metantur),</strong></span> <span class='ocrx_word' id='word_1_99' title='bbox 954 1401 1207 1442; x_wconf 87' lang='lat' dir='ltr'><strong>messem</strong></span> <span class='ocrx_word' id='word_1_100' title='bbox 1253 1402 1388 1440; x_wconf 90' lang='lat' dir='ltr'><strong>vero</strong></span> <span class='ocrx_word' id='word_1_101' title='bbox 1431 1386 1693 1441; x_wconf 84' lang='lat' dir='ltr'><strong>futurum</strong></span> <span class='ocrx_word' id='word_1_102' title='bbox 1719 1386 2037 1456; x_wconf 84' lang='lat' dir='ltr'><strong>judicium,</strong></span> 
     </span>
    </p>
   </div>
   <div class='ocr_carea' id='block_1_15' title="bbox 379 1473 2040 1546">
    <p class='ocr_par' dir='ltr' id='par_1_15' title="bbox 379 1473 2040 1546">
     <span class='ocr_line' id='line_1_15' title="bbox 379 1473 2040 1546; baseline 0.001 -18"><span class='ocrx_word' id='word_1_103' title='bbox 379 1476 438 1530; x_wconf 89' lang='lat' dir='ltr'><strong>et</strong></span> <span class='ocrx_word' id='word_1_104' title='bbox 465 1490 568 1546; x_wconf 91' lang='lat' dir='ltr'><strong>pro</strong></span> <span class='ocrx_word' id='word_1_105' title='bbox 598 1474 880 1546; x_wconf 84' lang='lat' dir='ltr'><strong>qualitate</strong></span> <span class='ocrx_word' id='word_1_106' title='bbox 908 1473 995 1530; x_wconf 85' lang='lat' dir='ltr'><strong>vel</strong></span> <span class='ocrx_word' id='word_1_107' title='bbox 1033 1474 1369 1530; x_wconf 84' lang='lat' dir='ltr'><strong>diversitate</strong></span> <span class='ocrx_word' id='word_1_108' title='bbox 1419 1474 1723 1538; x_wconf 87' lang='lat' dir='ltr'><strong>sementis,</strong></span> <span class='ocrx_word' id='word_1_109' title='bbox 1780 1474 2040 1530; x_wconf 88' lang='lat' dir='ltr'><strong>diversas</strong></span> 
     </span>
    </p>
   </div>
   <div class='ocr_carea' id='block_1_16' title="bbox 380 1562 2038 1641">
    <p class='ocr_par' dir='ltr' id='par_1_16' title="bbox 380 1562 2038 1641">
     <span class='ocr_line' id='line_1_16' title="bbox 380 1562 2038 1641; baseline 0 -23"><span class='ocrx_word' id='word_1_110' title='bbox 380 1579 487 1618; x_wconf 89' lang='lat' dir='ltr'><strong>nos</strong></span> <span class='ocrx_word' id='word_1_111' title='bbox 519 1563 704 1618; x_wconf 90' lang='lat' dir='ltr'><strong>facere</strong></span> <span class='ocrx_word' id='word_1_112' title='bbox 736 1579 1052 1632; x_wconf 89' lang='lat' dir='ltr'><strong>messuras,</strong></span> <span class='ocrx_word' id='word_1_113' title='bbox 1087 1562 1472 1618; x_wconf 80' lang='lat' dir='ltr'><strong>centesimum</strong></span> <span class='ocrx_word' id='word_1_114' title='bbox 1493 1568 1544 1619; x_wconf 90' lang='lat' dir='ltr'><strong>et</strong></span> <span class='ocrx_word' id='word_1_115' title='bbox 1579 1564 2038 1641; x_wconf 62' lang='lat' dir='ltr'><strong>sexagesimum,</strong></span> 
     </span>
    </p>
   </div>
   <div class='ocr_carea' id='block_1_17' title="bbox 381 1651 2042 1725">
    <p class='ocr_par' dir='ltr' id='par_1_17' title="bbox 381 1651 2042 1725">
     <span class='ocr_line' id='line_1_17' title="bbox 381 1651 2042 1725; baseline 0.001 -19"><span class='ocrx_word' id='word_1_116' title='bbox 381 1656 436 1706; x_wconf 90' lang='lat' dir='ltr'><strong>et</strong></span> <span class='ocrx_word' id='word_1_117' title='bbox 466 1651 824 1708; x_wconf 90' lang='lat' dir='ltr'><strong>tricesimum</strong></span> <span class='ocrx_word' id='word_1_118' title='bbox 861 1652 1140 1720; x_wconf 89' lang='lat' dir='ltr'><strong>fructum,</strong></span> <span class='ocrx_word' id='word_1_119' title='bbox 1166 1669 1344 1725; x_wconf 87' lang='lat' dir='ltr'><strong>quam</strong></span> <span class='ocrx_word' id='word_1_120' title='bbox 1371 1656 1630 1724; x_wconf 79' lang='lat' dir='ltr'><strong>segetem</strong></span> <span class='ocrx_word' id='word_1_121' title='bbox 1653 1669 1825 1708; x_wconf 89' lang='lat' dir='ltr'><strong>nemo</strong></span> <span class='ocrx_word' id='word_1_122' title='bbox 1849 1657 2042 1723; x_wconf 92' lang='lat' dir='ltr'><strong>potest</strong></span> 
     </span>
    </p>
   </div>
   <div class='ocr_carea' id='block_1_18' title="bbox 381 1741 2038 1813">
    <p class='ocr_par' dir='ltr' id='par_1_18' title="bbox 381 1741 2038 1813">
     <span class='ocr_line' id='line_1_18' title="bbox 381 1741 2038 1813; baseline -0.001 -17"><span class='ocrx_word' id='word_1_123' title='bbox 381 1745 595 1797; x_wconf 89' lang='lat' dir='ltr'><strong>metere</strong></span> <span class='ocrx_word' id='word_1_124' title='bbox 618 1741 914 1797; x_wconf 92' lang='lat' dir='ltr'><strong>deﬁciens.</strong></span> <span class='ocrx_word' id='word_1_125' title='bbox 941 1742 1046 1810; x_wconf 87' lang='lat' dir='ltr'><strong>Qui</strong></span> <span class='ocrx_word' id='word_1_126' title='bbox 1075 1744 1223 1797; x_wconf 87' lang='lat' dir='ltr'><strong>enim</strong></span> <span class='ocrx_word' id='word_1_127' title='bbox 1244 1744 1672 1813; x_wconf 77' lang='lat' dir='ltr'><strong>perseveraverit</strong></span> <span class='ocrx_word' id='word_1_128' title='bbox 1702 1758 1867 1813; x_wconf 81' lang='lat' dir='ltr'><strong>usque</strong></span> <span class='ocrx_word' id='word_1_129' title='bbox 1894 1743 1952 1797; x_wconf 84' lang='lat' dir='ltr'><strong>in</strong></span> <span class='ocrx_word' id='word_1_130' title='bbox 1974 1741 2038 1810; x_wconf 81' lang='lat' dir='ltr'><strong>ﬁ-</strong></span> 
     </span>
    </p>
   </div>
   <div class='ocr_carea' id='block_1_19' title="bbox 378 1829 2034 1903">
    <p class='ocr_par' dir='ltr' id='par_1_19' title="bbox 378 1829 2034 1903">
     <span class='ocr_line' id='line_1_19' title="bbox 378 1829 2034 1903; baseline 0 -18"><span class='ocrx_word' id='word_1_131' title='bbox 378 1846 524 1899; x_wconf 85' lang='lat' dir='ltr'><strong>nem,</strong></span> <span class='ocrx_word' id='word_1_132' title='bbox 583 1829 671 1885; x_wconf 86' lang='lat' dir='ltr'><strong>hic</strong></span> <span class='ocrx_word' id='word_1_133' title='bbox 722 1832 906 1887; x_wconf 88' lang='lat' dir='ltr'><strong>salvus</strong></span> <span class='ocrx_word' id='word_1_134' title='bbox 961 1834 1070 1887; x_wconf 84' lang='lat' dir='ltr'><strong>erit</strong></span> <span class='ocrx_word' id='word_1_135' title='bbox 1127 1832 1351 1903; x_wconf 80' lang='lat' dir='ltr'><strong>(Matth.</strong></span> <span class='ocrx_word' id='word_1_136' title='bbox 1395 1832 1596 1903; x_wconf 83' lang='lat' dir='ltr'><strong>x,22).</strong></span> <span class='ocrx_word' id='word_1_137' title='bbox 1652 1832 1812 1886; x_wconf 88' lang='lat' dir='ltr'><strong>Sicut</strong></span> <span class='ocrx_word' id='word_1_138' title='bbox 1866 1836 1922 1886; x_wconf 90' lang='lat' dir='ltr'><strong>et</strong></span> <span class='ocrx_word' id='word_1_139' title='bbox 1977 1831 2034 1885; x_wconf 90' lang='lat' dir='ltr'><strong>in</strong></span> 
     </span>
    </p>
   </div>
   <div class='ocr_carea' id='block_1_20' title="bbox 378 1917 2034 1993">
    <p class='ocr_par' dir='ltr' id='par_1_20' title="bbox 378 1917 2034 1993">
     <span class='ocr_line' id='line_1_20' title="bbox 378 1917 2034 1993; baseline -0.001 -18"><span class='ocrx_word' id='word_1_140' title='bbox 378 1917 490 1975; x_wconf 84' lang='lat' dir='ltr'><strong>alio</strong></span> <span class='ocrx_word' id='word_1_141' title='bbox 538 1918 662 1975; x_wconf 91' lang='lat' dir='ltr'><strong>loco</strong></span> <span class='ocrx_word' id='word_1_142' title='bbox 721 1920 1086 1993; x_wconf 69' lang='lat' dir='ltr'><strong>praecipitur:</strong></span> <span class='ocrx_word' id='word_1_143' title='bbox 1150 1924 1284 1976; x_wconf 71' lang='lat' dir='ltr'><strong>Esto</strong></span> <span class='ocrx_word' id='word_1_144' title='bbox 1341 1936 1453 1976; x_wconf 85' lang='lat' dir='ltr'><strong>non</strong></span> <span class='ocrx_word' id='word_1_145' title='bbox 1506 1920 1762 1992; x_wconf 85' lang='lat' dir='ltr'><strong>deﬁciens</strong></span> <span class='ocrx_word' id='word_1_146' title='bbox 1819 1920 1946 1992; x_wconf 86' lang='lat' dir='ltr'><strong>(lsa.</strong></span> <span class='ocrx_word' id='word_1_147' title='bbox 1979 1936 2034 1985; x_wconf 89' lang='lat' dir='ltr'><strong>v,</strong></span> 
     </span>
    </p>
   </div>
   <div class='ocr_carea' id='block_1_21' title="bbox 264 1980 2036 2087">
    <p class='ocr_par' dir='ltr' id='par_1_21' title="bbox 264 1980 2036 2087">
     <span class='ocr_line' id='line_1_21' title="bbox 264 1980 2036 2087; baseline 0.001 -24"><span class='ocrx_word' id='word_1_148' title='bbox 264 1980 280 2087; x_wconf 32' lang='grc' dir='ltr'>ἶ</span> <span class='ocrx_word' id='word_1_149' title='bbox 374 2009 488 2078; x_wconf 85' lang='grc'>27).</span> <span class='ocrx_word' id='word_1_150' title='bbox 523 2008 702 2074; x_wconf 88' lang='lat' dir='ltr'><strong>Quale</strong></span> <span class='ocrx_word' id='word_1_151' title='bbox 723 1980 819 2065; x_wconf 70' lang='lat' dir='ltr'><strong>est</strong></span> <span class='ocrx_word' id='word_1_152' title='bbox 848 1980 1069 2077; x_wconf 76' lang='lat' dir='ltr'><strong>autem,</strong></span> <span class='ocrx_word' id='word_1_153' title='bbox 1102 2017 1166 2065; x_wconf 88' lang='lat' dir='ltr'><strong>ut</strong></span> <span class='ocrx_word' id='word_1_154' title='bbox 1195 2027 1328 2065; x_wconf 88' lang='lat' dir='ltr'><strong>cum</strong></span> <span class='ocrx_word' id='word_1_155' title='bbox 1385 1980 1720 2083; x_wconf 81' lang='lat' dir='ltr'><strong>peccatores</strong></span> <span class='ocrx_word' id='word_1_156' title='bbox 1775 1980 2036 2082; x_wconf 79' lang='lat' dir='ltr'><strong>quotidie</strong></span> 
     </span>
    </p>
   </div>
   <div class='ocr_carea' id='block_1_22' title="bbox 375 2096 2033 2170">
    <p class='ocr_par' dir='ltr' id='par_1_22' title="bbox 375 2096 2033 2170">
     <span class='ocr_line' id='line_1_22' title="bbox 375 2096 2033 2170; baseline 0.001 -19"><span class='ocrx_word' id='word_1_157' title='bbox 375 2097 436 2152; x_wconf 90' lang='lat' dir='ltr'><strong>in</strong></span> <span class='ocrx_word' id='word_1_158' title='bbox 467 2096 639 2153; x_wconf 89' lang='lat' dir='ltr'><strong>malis</strong></span> <span class='ocrx_word' id='word_1_159' title='bbox 667 2099 944 2170; x_wconf 89' lang='lat' dir='ltr'><strong>operibus</strong></span> <span class='ocrx_word' id='word_1_160' title='bbox 987 2103 1331 2170; x_wconf 82' lang='lat' dir='ltr'><strong>augeantur,</strong></span> <span class='ocrx_word' id='word_1_161' title='bbox 1387 2115 1495 2155; x_wconf 88' lang='lat' dir='ltr'><strong>nos</strong></span> <span class='ocrx_word' id='word_1_162' title='bbox 1544 2098 1602 2153; x_wconf 90' lang='lat' dir='ltr'><strong>in</strong></span> <span class='ocrx_word' id='word_1_163' title='bbox 1657 2099 1808 2154; x_wconf 91' lang='lat' dir='ltr'><strong>bono</strong></span> <span class='ocrx_word' id='word_1_164' title='bbox 1859 2113 2033 2170; x_wconf 90' lang='lat' dir='ltr'><strong>opere</strong></span> 
     </span>
    </p>
   </div>
   <div class='ocr_carea' id='block_1_23' title="bbox 381 2173 926 2242">
    <p class='ocr_par' dir='ltr' id='par_1_23' title="bbox 381 2173 926 2242">
     <span class='ocr_line' id='line_1_23' title="bbox 381 2173 926 2242; baseline -0.002 -2"><span class='ocrx_word' id='word_1_165' title='bbox 381 2185 678 2242; x_wconf 89' lang='lat' dir='ltr'><strong>lassemur</strong></span> <span class='ocrx_word' id='word_1_166' title='bbox 696 2186 724 2240; x_wconf 89' lang='lat'><strong>?</strong></span> <span class='ocrx_word' id='word_1_167' title='bbox 921 2173 926 2177; x_wconf 62' lang='grc'><em>’</em></span> 
     </span>
    </p>
   </div>
   <div class='ocr_carea' id='block_1_24' title="bbox 455 2275 2032 2349">
    <p class='ocr_par' dir='ltr' id='par_1_24' title="bbox 455 2275 2032 2349">
     <span class='ocr_line' id='line_1_24' title="bbox 455 2275 2032 2349; baseline 0.003 -21"><span class='ocrx_word' id='word_1_168' title='bbox 455 2275 640 2347; x_wconf 88' lang='lat' dir='ltr'><strong>(Vers.</strong></span> <span class='ocrx_word' id='word_1_169' title='bbox 676 2276 787 2347; x_wconf 91' lang='grc'><strong>10.)</strong></span> <span class='ocrx_word' id='word_1_170' title='bbox 821 2300 848 2326; x_wconf 88' lang='grc'><strong>‹‹</strong></span> <span class='ocrx_word' id='word_1_171' title='bbox 888 2277 1034 2349; x_wconf 88' lang='lat' dir='ltr'><strong>Ergo</strong></span> <span class='ocrx_word' id='word_1_172' title='bbox 1073 2277 1214 2332; x_wconf 91' lang='lat' dir='ltr'><strong>dum</strong></span> <span class='ocrx_word' id='word_1_173' title='bbox 1258 2281 1492 2348; x_wconf 89' lang='lat' dir='ltr'><strong>tempus</strong></span> <span class='ocrx_word' id='word_1_174' title='bbox 1535 2277 1842 2348; x_wconf 88' lang='lat' dir='ltr'><strong>habemus,</strong></span> <span class='ocrx_word' id='word_1_175' title='bbox 1895 2293 2032 2348; x_wconf 89' lang='lat' dir='ltr'><strong>ope-</strong></span> 
     </span>
    </p>
   </div>
   <div class='ocr_carea' id='block_1_25' title="bbox 303 2365 2034 2436">
    <p class='ocr_par' dir='ltr' id='par_1_25' title="bbox 303 2365 2034 2436">
     <span class='ocr_line' id='line_1_25' title="bbox 303 2365 2034 2436; baseline 0.001 -17"><span class='ocrx_word' id='word_1_176' title='bbox 303 2431 307 2435; x_wconf 28' lang='lat'><strong><em>.</em></strong></span> <span class='ocrx_word' id='word_1_177' title='bbox 381 2381 582 2421; x_wconf 89' lang='lat' dir='ltr'><strong>remur</strong></span> <span class='ocrx_word' id='word_1_178' title='bbox 628 2365 847 2422; x_wconf 90' lang='lat' dir='ltr'><strong>bonum</strong></span> <span class='ocrx_word' id='word_1_179' title='bbox 909 2367 979 2421; x_wconf 87' lang='lat' dir='ltr'><strong>ad</strong></span> <span class='ocrx_word' id='word_1_180' title='bbox 1033 2382 1258 2436; x_wconf 85' lang='lat' dir='ltr'><strong>omnes,</strong></span> <span class='ocrx_word' id='word_1_181' title='bbox 1293 2366 1545 2421; x_wconf 86' lang='lat' dir='ltr'><strong>maxime</strong></span> <span class='ocrx_word' id='word_1_182' title='bbox 1593 2370 1787 2423; x_wconf 88' lang='lat' dir='ltr'><strong>autem</strong></span> <span class='ocrx_word' id='word_1_183' title='bbox 1834 2367 1905 2421; x_wconf 87' lang='lat' dir='ltr'><strong>ad</strong></span> <span class='ocrx_word' id='word_1_184' title='bbox 1937 2367 2034 2421; x_wconf 89' lang='lat' dir='ltr'><strong>do-</strong></span> 
     </span>
    </p>
   </div>
   <div class='ocr_carea' id='block_1_26' title="bbox 381 2454 2030 2527">
    <p class='ocr_par' dir='ltr' id='par_1_26' title="bbox 381 2454 2030 2527">
     <span class='ocr_line' id='line_1_26' title="bbox 381 2454 2030 2527; baseline 0.001 -17"><span class='ocrx_word' id='word_1_185' title='bbox 381 2454 656 2510; x_wconf 85' lang='lat' dir='ltr'><strong>mesticos</strong></span> <span class='ocrx_word' id='word_1_186' title='bbox 712 2455 868 2511; x_wconf 85' lang='lat' dir='ltr'><strong>ﬁdei.</strong></span> <span class='ocrx_word' id='word_1_187' title='bbox 907 2479 926 2504; x_wconf 75' lang='grc' dir='ltr'>ι</span> <span class='ocrx_word' id='word_1_188' title='bbox 990 2456 1248 2527; x_wconf 70' lang='lat' dir='ltr'><strong>Templis</strong></span> <span class='ocrx_word' id='word_1_189' title='bbox 1296 2456 1599 2526; x_wconf 88' lang='lat' dir='ltr'><strong>sementis,</strong></span> <span class='ocrx_word' id='word_1_190' title='bbox 1656 2461 1722 2511; x_wconf 89' lang='lat' dir='ltr'><strong>ut</strong></span> <span class='ocrx_word' id='word_1_191' title='bbox 1751 2455 2030 2521; x_wconf 86' lang='lat' dir='ltr'><strong>diximus,</strong></span> 
     </span>
    </p>
   </div>
   <div class='ocr_carea' id='block_1_27' title="bbox 381 2544 2031 2616">
    <p class='ocr_par' dir='ltr' id='par_1_27' title="bbox 381 2544 2031 2616">
     <span class='ocr_line' id='line_1_27' title="bbox 381 2544 2031 2616; baseline 0.001 -18"><span class='ocrx_word' id='word_1_192' title='bbox 381 2548 614 2616; x_wconf 85' lang='lat' dir='ltr'><strong>tempus</strong></span> <span class='ocrx_word' id='word_1_193' title='bbox 641 2550 730 2600; x_wconf 92' lang='lat' dir='ltr'><strong>est</strong></span> <span class='ocrx_word' id='word_1_194' title='bbox 777 2561 1056 2616; x_wconf 59' lang='lat' dir='ltr'><strong>prasens,</strong></span> <span class='ocrx_word' id='word_1_195' title='bbox 1087 2549 1144 2600; x_wconf 92' lang='lat' dir='ltr'><strong>et</strong></span> <span class='ocrx_word' id='word_1_196' title='bbox 1191 2544 1306 2600; x_wconf 87' lang='lat' dir='ltr'><strong>vita</strong></span> <span class='ocrx_word' id='word_1_197' title='bbox 1358 2562 1535 2616; x_wconf 89' lang='lat' dir='ltr'><strong>quam</strong></span> <span class='ocrx_word' id='word_1_198' title='bbox 1590 2544 1905 2600; x_wconf 90' lang='lat' dir='ltr'><strong>currimus.</strong></span> <span class='ocrx_word' id='word_1_199' title='bbox 1970 2550 2031 2600; x_wconf 85' lang='lat' dir='ltr'><strong>ln</strong></span> 
     </span>
    </p>
   </div>
   <div class='ocr_carea' id='block_1_28' title="bbox 383 2633 2032 2706">
    <p class='ocr_par' dir='ltr' id='par_1_28' title="bbox 383 2633 2032 2706">
     <span class='ocr_line' id='line_1_28' title="bbox 383 2633 2032 2706; baseline -0.001 -16"><span class='ocrx_word' id='word_1_200' title='bbox 383 2634 491 2690; x_wconf 86' lang='lat' dir='ltr'><strong>hac</strong></span> <span class='ocrx_word' id='word_1_201' title='bbox 549 2633 683 2690; x_wconf 86' lang='lat' dir='ltr'><strong>licet</strong></span> <span class='ocrx_word' id='word_1_202' title='bbox 740 2635 909 2690; x_wconf 90' lang='lat' dir='ltr'><strong>nobis</strong></span> <span class='ocrx_word' id='word_1_203' title='bbox 967 2634 1120 2706; x_wconf 92' lang='lat' dir='ltr'><strong>quod</strong></span> <span class='ocrx_word' id='word_1_204' title='bbox 1179 2633 1449 2690; x_wconf 91' lang='lat' dir='ltr'><strong>volumus</strong></span> <span class='ocrx_word' id='word_1_205' title='bbox 1506 2634 1835 2702; x_wconf 90' lang='lat' dir='ltr'><strong>seminare;</strong></span> <span class='ocrx_word' id='word_1_206' title='bbox 1898 2650 2032 2689; x_wconf 92' lang='lat' dir='ltr'><strong>cum</strong></span> 
     </span>
    </p>
   </div>
   <div class='ocr_carea' id='block_1_29' title="bbox 381 2722 2030 2795">
    <p class='ocr_par' dir='ltr' id='par_1_29' title="bbox 381 2722 2030 2795">
     <span class='ocr_line' id='line_1_29' title="bbox 381 2722 2030 2795; baseline 0.001 -18"><span class='ocrx_word' id='word_1_207' title='bbox 381 2722 495 2779; x_wconf 87' lang='lat' dir='ltr'><strong>ista</strong></span> <span class='ocrx_word' id='word_1_208' title='bbox 548 2723 666 2779; x_wconf 87' lang='lat' dir='ltr'><strong>vita</strong></span> <span class='ocrx_word' id='word_1_209' title='bbox 720 2723 1039 2791; x_wconf 80' lang='lat' dir='ltr'><strong>transierit,</strong></span> <span class='ocrx_word' id='word_1_210' title='bbox 1102 2723 1380 2795; x_wconf 87' lang='lat' dir='ltr'><strong>operandi</strong></span> <span class='ocrx_word' id='word_1_211' title='bbox 1439 2728 1673 2795; x_wconf 89' lang='lat' dir='ltr'><strong>tempus</strong></span> <span class='ocrx_word' id='word_1_212' title='bbox 1751 2723 2030 2779; x_wconf 83' lang='lat' dir='ltr'><strong>aufertur.</strong></span> 
     </span>
    </p>
   </div>
   <div class='ocr_carea' id='block_1_30' title="bbox 383 2810 2032 2884">
    <p class='ocr_par' dir='ltr' id='par_1_30' title="bbox 383 2810 2032 2884">
     <span class='ocr_line' id='line_1_30' title="bbox 383 2810 2032 2884; baseline 0.001 -19"><span class='ocrx_word' id='word_1_213' title='bbox 383 2810 546 2868; x_wconf 85' lang='lat' dir='ltr'><strong>Unde</strong></span> <span class='ocrx_word' id='word_1_214' title='bbox 595 2817 653 2868; x_wconf 92' lang='lat' dir='ltr'><strong>et</strong></span> <span class='ocrx_word' id='word_1_215' title='bbox 697 2811 956 2868; x_wconf 83' lang='lat' dir='ltr'><strong>Salvator</strong></span> <span class='ocrx_word' id='word_1_216' title='bbox 1014 2812 1132 2867; x_wconf 88' lang='lat' dir='ltr'><strong>ait:</strong></span> <span class='ocrx_word' id='word_1_217' title='bbox 1190 2811 1511 2884; x_wconf 85' lang='lat' dir='ltr'><strong>Operamini</strong></span> <span class='ocrx_word' id='word_1_218' title='bbox 1558 2812 1690 2867; x_wconf 88' lang='lat' dir='ltr'><strong>dum</strong></span> <span class='ocrx_word' id='word_1_219' title='bbox 1744 2813 1857 2868; x_wconf 86' lang='lat' dir='ltr'><strong>dies</strong></span> <span class='ocrx_word' id='word_1_220' title='bbox 1914 2817 2032 2867; x_wconf 84' lang='lat' dir='ltr'><strong>est:</strong></span> 
     </span>
    </p>
   </div>
   <div class='ocr_carea' id='block_1_31' title="bbox 382 2902 2034 2974">
    <p class='ocr_par' dir='ltr' id='par_1_31' title="bbox 382 2902 2034 2974">
     <span class='ocr_line' id='line_1_31' title="bbox 382 2902 2034 2974; baseline -0.001 -18"><span class='ocrx_word' id='word_1_221' title='bbox 382 2904 560 2958; x_wconf 87' lang='lat' dir='ltr'><strong>veniet</strong></span> <span class='ocrx_word' id='word_1_222' title='bbox 612 2919 746 2967; x_wconf 73' lang='lat' dir='ltr'><strong>nox,</strong></span> <span class='ocrx_word' id='word_1_223' title='bbox 825 2902 1038 2974; x_wconf 86' lang='lat' dir='ltr'><strong>quando</strong></span> <span class='ocrx_word' id='word_1_224' title='bbox 1101 2903 1223 2973; x_wconf 86' lang='lat' dir='ltr'><strong>jam</strong></span> <span class='ocrx_word' id='word_1_225' title='bbox 1294 2902 1485 2957; x_wconf 86' lang='lat' dir='ltr'><strong>nullus</strong></span> <span class='ocrx_word' id='word_1_226' title='bbox 1559 2903 1760 2974; x_wconf 82' lang='lat' dir='ltr'><strong>poterit</strong></span> <span class='ocrx_word' id='word_1_227' title='bbox 1816 2903 2034 2973; x_wconf 85' lang='lat' dir='ltr'><strong>aperari</strong></span> 
     </span>
    </p>
   </div>
   <div class='ocr_carea' id='block_1_32' title="bbox 384 2989 2033 3063">
    <p class='ocr_par' dir='ltr' id='par_1_32' title="bbox 384 2989 2033 3063">
     <span class='ocr_line' id='line_1_32' title="bbox 384 2989 2033 3063; baseline -0.001 -16"><span class='ocrx_word' id='word_1_228' title='bbox 384 2990 558 3062; x_wconf 84' lang='lat' dir='ltr'><strong>(Joan.</strong></span> <span class='ocrx_word' id='word_1_229' title='bbox 624 3009 699 3062; x_wconf 86' lang='lat' dir='ltr'><strong>1x,</strong></span> <span class='ocrx_word' id='word_1_230' title='bbox 761 2993 839 3063; x_wconf 84' lang='grc'><strong>4.)</strong></span> <span class='ocrx_word' id='word_1_231' title='bbox 895 2995 1068 3047; x_wconf 89' lang='lat' dir='ltr'><strong>Ortus</strong></span> <span class='ocrx_word' id='word_1_232' title='bbox 1123 2996 1212 3047; x_wconf 91' lang='lat' dir='ltr'><strong>est</strong></span> <span class='ocrx_word' id='word_1_233' title='bbox 1270 2991 1440 3046; x_wconf 89' lang='lat' dir='ltr'><strong>nobis</strong></span> <span class='ocrx_word' id='word_1_234' title='bbox 1496 2991 1596 3046; x_wconf 90' lang='lat' dir='ltr'><strong>Dei</strong></span> <span class='ocrx_word' id='word_1_235' title='bbox 1673 3008 1888 3058; x_wconf 88' lang='lat' dir='ltr'><strong>sermo,</strong></span> <span class='ocrx_word' id='word_1_236' title='bbox 1947 2989 2033 3046; x_wconf 91' lang='lat' dir='ltr'><strong>sol</strong></span> 
     </span>
    </p>
   </div>
   <div class='ocr_carea' id='block_1_33' title="bbox 385 3080 2034 3154">
    <p class='ocr_par' dir='ltr' id='par_1_33' title="bbox 385 3080 2034 3154">
     <span class='ocr_line' id='line_1_33' title="bbox 385 3080 2034 3154; baseline -0.001 -18"><span class='ocrx_word' id='word_1_237' title='bbox 385 3097 577 3147; x_wconf 89' lang='lat' dir='ltr'><strong>verus,</strong></span> <span class='ocrx_word' id='word_1_238' title='bbox 609 3085 666 3137; x_wconf 89' lang='lat' dir='ltr'><strong>et</strong></span> <span class='ocrx_word' id='word_1_239' title='bbox 726 3085 1087 3154; x_wconf 62' lang='lat' dir='ltr'><strong>congregatae</strong></span> <span class='ocrx_word' id='word_1_240' title='bbox 1143 3086 1282 3136; x_wconf 91' lang='lat' dir='ltr'><strong>sunt</strong></span> <span class='ocrx_word' id='word_1_241' title='bbox 1341 3081 1536 3136; x_wconf 80' lang='lat' dir='ltr'><strong>bestiae</strong></span> <span class='ocrx_word' id='word_1_242' title='bbox 1596 3081 1933 3136; x_wconf 81' lang='lat' dir='ltr'><strong>recedentes</strong></span> <span class='ocrx_word' id='word_1_243' title='bbox 1976 3080 2034 3135; x_wconf 90' lang='lat' dir='ltr'><strong>in</strong></span> 
     </span>
    </p>
   </div>
   <div class='ocr_carea' id='block_1_34' title="bbox 386 3169 2036 3243">
    <p class='ocr_par' dir='ltr' id='par_1_34' title="bbox 386 3169 2036 3243">
     <span class='ocr_line' id='line_1_34' title="bbox 386 3169 2036 3243; baseline -0.001 -18"><span class='ocrx_word' id='word_1_244' title='bbox 386 3170 602 3226; x_wconf 89' lang='lat' dir='ltr'><strong>cubilia</strong></span> <span class='ocrx_word' id='word_1_245' title='bbox 656 3187 800 3227; x_wconf 90' lang='lat' dir='ltr'><strong>sua:</strong></span> <span class='ocrx_word' id='word_1_246' title='bbox 839 3171 1249 3243; x_wconf 84' lang='lat' dir='ltr'><strong>procedamus</strong></span> <span class='ocrx_word' id='word_1_247' title='bbox 1306 3175 1372 3225; x_wconf 92' lang='lat' dir='ltr'><strong>ut</strong></span> <span class='ocrx_word' id='word_1_248' title='bbox 1432 3170 1700 3226; x_wconf 81' lang='lat' dir='ltr'><strong>homines</strong></span> <span class='ocrx_word' id='word_1_249' title='bbox 1760 3169 1830 3224; x_wconf 92' lang='lat' dir='ltr'><strong>ad</strong></span> <span class='ocrx_word' id='word_1_250' title='bbox 1890 3185 2036 3240; x_wconf 93' lang='lat' dir='ltr'><strong>opus</strong></span> 
     </span>
    </p>
   </div>
   <div class='ocr_carea' id='block_1_35' title="bbox 2147 582 3798 660">
    <p class='ocr_par' dir='ltr' id='par_1_35' title="bbox 2147 582 3798 660">
     <span class='ocr_line' id='line_1_35' title="bbox 2147 582 3798 660; baseline 0.006 -24"><span class='ocrx_word' id='word_1_251' title='bbox 2147 582 2422 638; x_wconf 90' lang='lat' dir='ltr'><strong>omnibus</strong></span> <span class='ocrx_word' id='word_1_252' title='bbox 2454 589 2629 656; x_wconf 85' lang='lat' dir='ltr'><strong>patet.</strong></span> <span class='ocrx_word' id='word_1_253' title='bbox 2664 585 2877 640; x_wconf 91' lang='lat' dir='ltr'><strong>Servus</strong></span> <span class='ocrx_word' id='word_1_254' title='bbox 2927 589 2984 641; x_wconf 87' lang='lat' dir='ltr'><strong>et</strong></span> <span class='ocrx_word' id='word_1_255' title='bbox 3031 585 3196 658; x_wconf 85' lang='lat' dir='ltr'><strong>liber,</strong></span> <span class='ocrx_word' id='word_1_256' title='bbox 3258 585 3520 660; x_wconf 91' lang='lat' dir='ltr'><strong>plebeius</strong></span> <span class='ocrx_word' id='word_1_257' title='bbox 3567 593 3622 645; x_wconf 89' lang='lat' dir='ltr'><strong>ct</strong></span> <span class='ocrx_word' id='word_1_258' title='bbox 3681 606 3798 657; x_wconf 82' lang='lat' dir='ltr'><strong>rex,</strong></span> 
     </span>
    </p>
   </div>
   <div class='ocr_carea' id='block_1_36' title="bbox 2147 672 3802 745">
    <p class='ocr_par' dir='ltr' id='par_1_36' title="bbox 2147 672 3802 745">
     <span class='ocr_line' id='line_1_36' title="bbox 2147 672 3802 745; baseline 0.005 -19"><span class='ocrx_word' id='word_1_259' title='bbox 2147 672 2306 728; x_wconf 88' lang='lat' dir='ltr'><strong>dives</strong></span> <span class='ocrx_word' id='word_1_260' title='bbox 2356 678 2410 727; x_wconf 91' lang='lat' dir='ltr'><strong>et</strong></span> <span class='ocrx_word' id='word_1_261' title='bbox 2463 689 2703 745; x_wconf 88' lang='lat' dir='ltr'><strong>pauper,</strong></span> <span class='ocrx_word' id='word_1_262' title='bbox 2737 691 2805 729; x_wconf 86' lang='lat' dir='ltr'><strong>ex</strong></span> <span class='ocrx_word' id='word_1_263' title='bbox 2835 691 2900 730; x_wconf 91' lang='lat' dir='ltr'><strong>eo</strong></span> <span class='ocrx_word' id='word_1_264' title='bbox 2947 675 3218 731; x_wconf 88' lang='lat' dir='ltr'><strong>similiter</strong></span> <span class='ocrx_word' id='word_1_265' title='bbox 3265 676 3493 732; x_wconf 90' lang='lat' dir='ltr'><strong>bibunt.</strong></span> <span class='ocrx_word' id='word_1_266' title='bbox 3538 679 3802 735; x_wconf 88' lang='lat' dir='ltr'><strong>Lucerna</strong></span> 
     </span>
    </p>
   </div>
   <div class='ocr_carea' id='block_1_37' title="bbox 2147 763 3802 832">
    <p class='ocr_par' dir='ltr' id='par_1_37' title="bbox 2147 763 3802 832">
     <span class='ocr_line' id='line_1_37' title="bbox 2147 763 3802 832; baseline 0.004 -17"><span class='ocrx_word' id='word_1_267' title='bbox 2147 777 2282 816; x_wconf 87' lang='lat' dir='ltr'><strong>cum</strong></span> <span class='ocrx_word' id='word_1_268' title='bbox 2339 778 2584 818; x_wconf 87' lang='lat' dir='ltr'><strong>accensa</strong></span> <span class='ocrx_word' id='word_1_269' title='bbox 2653 763 2828 818; x_wconf 87' lang='lat' dir='ltr'><strong>fuerit</strong></span> <span class='ocrx_word' id='word_1_270' title='bbox 2887 764 2944 818; x_wconf 87' lang='lat' dir='ltr'><strong>in</strong></span> <span class='ocrx_word' id='word_1_271' title='bbox 3022 765 3217 832; x_wconf 91' lang='lat' dir='ltr'><strong>domo,</strong></span> <span class='ocrx_word' id='word_1_272' title='bbox 3298 765 3574 821; x_wconf 90' lang='lat' dir='ltr'><strong>omnibus</strong></span> <span class='ocrx_word' id='word_1_273' title='bbox 3646 766 3802 825; x_wconf 89' lang='lat' dir='ltr'><strong>lucet</strong></span> 
     </span>
    </p>
   </div>
   <div class='ocr_carea' id='block_1_38' title="bbox 2147 850 3796 923">
    <p class='ocr_par' dir='ltr' id='par_1_38' title="bbox 2147 850 3796 923">
     <span class='ocr_line' id='line_1_38' title="bbox 2147 850 3796 923; baseline 0.004 -18"><span class='ocrx_word' id='word_1_274' title='bbox 2147 850 2468 923; x_wconf 61' lang='lat' dir='ltr'><strong>aequaliter.</strong></span> <span class='ocrx_word' id='word_1_275' title='bbox 2503 853 2664 916; x_wconf 88' lang='lat' dir='ltr'><strong>Quod</strong></span> <span class='ocrx_word' id='word_1_276' title='bbox 2698 853 2748 907; x_wconf 89' lang='lat' dir='ltr'><strong>si</strong></span> <span class='ocrx_word' id='word_1_277' title='bbox 2799 853 2856 907; x_wconf 89' lang='lat' dir='ltr'><strong>in</strong></span> <span class='ocrx_word' id='word_1_278' title='bbox 2911 859 3154 910; x_wconf 89' lang='lat' dir='ltr'><strong>cunctos</strong></span> <span class='ocrx_word' id='word_1_279' title='bbox 3201 853 3602 910; x_wconf 73' lang='lat' dir='ltr'><strong>indifferenter</strong></span> <span class='ocrx_word' id='word_1_280' title='bbox 3648 854 3796 912; x_wconf 91' lang='lat' dir='ltr'><strong>libe-</strong></span> 
     </span>
    </p>
   </div>
   <div class='ocr_carea' id='block_1_39' title="bbox 2148 939 3800 1016">
    <p class='ocr_par' dir='ltr' id='par_1_39' title="bbox 2148 939 3800 1016">
     <span class='ocr_line' id='line_1_39' title="bbox 2148 939 3800 1016; baseline 0.004 -22"><span class='ocrx_word' id='word_1_281' title='bbox 2148 939 2399 996; x_wconf 88' lang='lat' dir='ltr'><strong>ralitatis</strong></span> <span class='ocrx_word' id='word_1_282' title='bbox 2430 942 2594 996; x_wconf 88' lang='lat' dir='ltr'><strong>frena</strong></span> <span class='ocrx_word' id='word_1_283' title='bbox 2625 941 2915 1010; x_wconf 83' lang='lat' dir='ltr'><strong>laxantur,</strong></span> <span class='ocrx_word' id='word_1_284' title='bbox 2951 948 3168 1014; x_wconf 89' lang='lat' dir='ltr'><strong>quanto</strong></span> <span class='ocrx_word' id='word_1_285' title='bbox 3210 943 3398 1016; x_wconf 89' lang='lat' dir='ltr'><strong>magis</strong></span> <span class='ocrx_word' id='word_1_286' title='bbox 3431 944 3489 998; x_wconf 91' lang='lat' dir='ltr'><strong>in</strong></span> <span class='ocrx_word' id='word_1_287' title='bbox 3521 943 3800 1001; x_wconf 88' lang='lat' dir='ltr'><strong>domesti-</strong></span> 
     </span>
    </p>
   </div>
   <div class='ocr_carea' id='block_1_40' title="bbox 2149 1029 3800 1103">
    <p class='ocr_par' dir='ltr' id='par_1_40' title="bbox 2149 1029 3800 1103">
     <span class='ocr_line' id='line_1_40' title="bbox 2149 1029 3800 1103; baseline 0.004 -20"><span class='ocrx_word' id='word_1_288' title='bbox 2149 1045 2248 1084; x_wconf 91' lang='lat' dir='ltr'><strong>cos</strong></span> <span class='ocrx_word' id='word_1_289' title='bbox 2282 1029 2434 1100; x_wconf 84' lang='lat' dir='ltr'><strong>ﬁdei,</strong></span> <span class='ocrx_word' id='word_1_290' title='bbox 2468 1031 2613 1084; x_wconf 88' lang='lat' dir='ltr'><strong>etin</strong></span> <span class='ocrx_word' id='word_1_291' title='bbox 2663 1031 3048 1098; x_wconf 87' lang='lat' dir='ltr'><strong>Christianos,</strong></span> <span class='ocrx_word' id='word_1_292' title='bbox 3103 1031 3206 1103; x_wconf 89' lang='lat' dir='ltr'><strong>qui</strong></span> <span class='ocrx_word' id='word_1_293' title='bbox 3260 1032 3533 1088; x_wconf 89' lang='lat' dir='ltr'><strong>eumdem</strong></span> <span class='ocrx_word' id='word_1_294' title='bbox 3581 1033 3800 1090; x_wconf 86' lang='lat' dir='ltr'><strong>habent</strong></span> 
     </span>
    </p>
   </div>
   <div class='ocr_carea' id='block_1_41' title="bbox 2151 1117 3796 1198">
    <p class='ocr_par' dir='ltr' id='par_1_41' title="bbox 2151 1117 3796 1198">
     <span class='ocr_line' id='line_1_41' title="bbox 2151 1117 3796 1198; baseline 0.004 -27"><span class='ocrx_word' id='word_1_295' title='bbox 2151 1117 2398 1184; x_wconf 82' lang='lat' dir='ltr'><strong>Patrem,</strong></span> <span class='ocrx_word' id='word_1_296' title='bbox 2431 1120 2677 1190; x_wconf 84' lang='lat' dir='ltr'><strong>ejusque</strong></span> <span class='ocrx_word' id='word_1_297' title='bbox 2710 1121 2974 1192; x_wconf 83' lang='lat' dir='ltr'><strong>magistri</strong></span> <span class='ocrx_word' id='word_1_298' title='bbox 3014 1120 3401 1193; x_wconf 88' lang='lat' dir='ltr'><strong>appellatione</strong></span> <span class='ocrx_word' id='word_1_299' title='bbox 3447 1122 3796 1198; x_wconf 84' lang='lat' dir='ltr'><strong>censentur!</strong></span> 
     </span>
    </p>
   </div>
   <div class='ocr_carea' id='block_1_42' title="bbox 2149 1205 3801 1284">
    <p class='ocr_par' dir='ltr' id='par_1_42' title="bbox 2149 1205 3801 1284">
     <span class='ocr_line' id='line_1_42' title="bbox 2149 1205 3801 1284; baseline 0.005 -25"><span class='ocrx_word' id='word_1_300' title='bbox 2149 1205 2390 1260; x_wconf 81' lang='lat' dir='ltr'><strong>Videtur</strong></span> <span class='ocrx_word' id='word_1_301' title='bbox 2421 1211 2616 1262; x_wconf 89' lang='lat' dir='ltr'><strong>autem</strong></span> <span class='ocrx_word' id='word_1_302' title='bbox 2653 1207 2795 1263; x_wconf 89' lang='lat' dir='ltr'><strong>mihi</strong></span> <span class='ocrx_word' id='word_1_303' title='bbox 2827 1208 2990 1264; x_wconf 88' lang='lat' dir='ltr'><strong>locus</strong></span> <span class='ocrx_word' id='word_1_304' title='bbox 3021 1209 3133 1265; x_wconf 89' lang='lat' dir='ltr'><strong>iste</strong></span> <span class='ocrx_word' id='word_1_305' title='bbox 3176 1226 3350 1282; x_wconf 89' lang='lat' dir='ltr'><strong>posse</strong></span> <span class='ocrx_word' id='word_1_306' title='bbox 3379 1215 3436 1266; x_wconf 89' lang='lat' dir='ltr'><strong>et</strong></span> <span class='ocrx_word' id='word_1_307' title='bbox 3483 1211 3801 1284; x_wconf 80' lang='lat' dir='ltr'><strong>superiori-</strong></span> 
     </span>
    </p>
   </div>
   <div class='ocr_carea' id='block_1_43' title="bbox 2151 1293 3798 1372">
    <p class='ocr_par' dir='ltr' id='par_1_43' title="bbox 2151 1293 3798 1372">
     <span class='ocr_line' id='line_1_43' title="bbox 2151 1293 3798 1372; baseline 0.007 -25"><span class='ocrx_word' id='word_1_308' title='bbox 2151 1293 2260 1349; x_wconf 90' lang='lat' dir='ltr'><strong>bus</strong></span> <span class='ocrx_word' id='word_1_309' title='bbox 2295 1293 2602 1363; x_wconf 79' lang='lat' dir='ltr'><strong>cohaerere,</strong></span> <span class='ocrx_word' id='word_1_310' title='bbox 2646 1301 2712 1351; x_wconf 90' lang='lat' dir='ltr'><strong>ut</strong></span> <span class='ocrx_word' id='word_1_311' title='bbox 2762 1297 3117 1353; x_wconf 89' lang='lat' dir='ltr'><strong>domesticos</strong></span> <span class='ocrx_word' id='word_1_312' title='bbox 3152 1297 3307 1364; x_wconf 90' lang='lat' dir='ltr'><strong>ﬁdei,</strong></span> <span class='ocrx_word' id='word_1_313' title='bbox 3340 1299 3652 1372; x_wconf 85' lang='lat' dir='ltr'><strong>magistros</strong></span> <span class='ocrx_word' id='word_1_314' title='bbox 3697 1319 3798 1358; x_wconf 88' lang='lat' dir='ltr'><strong>no-</strong></span> 
     </span>
    </p>
   </div>
   <div class='ocr_carea' id='block_1_44' title="bbox 2151 1383 3799 1459">
    <p class='ocr_par' dir='ltr' id='par_1_44' title="bbox 2151 1383 3799 1459">
     <span class='ocr_line' id='line_1_44' title="bbox 2151 1383 3799 1459; baseline 0.005 -22"><span class='ocrx_word' id='word_1_315' title='bbox 2151 1383 2354 1451; x_wconf 86' lang='lat' dir='ltr'><strong>minet,</strong></span> <span class='ocrx_word' id='word_1_316' title='bbox 2389 1384 2605 1454; x_wconf 89' lang='lat' dir='ltr'><strong>quibus</strong></span> <span class='ocrx_word' id='word_1_317' title='bbox 2647 1402 2826 1457; x_wconf 87' lang='lat' dir='ltr'><strong>supra</strong></span> <span class='ocrx_word' id='word_1_318' title='bbox 2876 1387 3074 1442; x_wconf 90' lang='lat' dir='ltr'><strong>omnia</strong></span> <span class='ocrx_word' id='word_1_319' title='bbox 3117 1403 3242 1459; x_wconf 73' lang='lat' dir='ltr'><strong>quaa</strong></span> <span class='ocrx_word' id='word_1_320' title='bbox 3292 1392 3574 1459; x_wconf 88' lang='lat' dir='ltr'><strong>putantur</strong></span> <span class='ocrx_word' id='word_1_321' title='bbox 3625 1391 3799 1459; x_wconf 87' lang='lat' dir='ltr'><strong>bona,</strong></span> 
     </span>
    </p>
   </div>
   <div class='ocr_carea' id='block_1_45' title="bbox 2154 1471 3804 1545">
    <p class='ocr_par' dir='ltr' id='par_1_45' title="bbox 2154 1471 3804 1545">
     <span class='ocr_line' id='line_1_45' title="bbox 2154 1471 3804 1545; baseline 0.005 -19"><span class='ocrx_word' id='word_1_322' title='bbox 2154 1471 2222 1525; x_wconf 89' lang='lat' dir='ltr'><strong>ab</strong></span> <span class='ocrx_word' id='word_1_323' title='bbox 2254 1472 2623 1529; x_wconf 87' lang='lat' dir='ltr'><strong>auditoribus</strong></span> <span class='ocrx_word' id='word_1_324' title='bbox 2652 1475 2776 1530; x_wconf 92' lang='lat' dir='ltr'><strong>suis</strong></span> <span class='ocrx_word' id='word_1_325' title='bbox 2801 1476 3063 1545; x_wconf 89' lang='lat' dir='ltr'><strong>jusserat</strong></span> <span class='ocrx_word' id='word_1_326' title='bbox 3093 1477 3436 1532; x_wconf 89' lang='lat' dir='ltr'><strong>ministrari.</strong></span> <span class='ocrx_word' id='word_1_327' title='bbox 3489 1478 3666 1534; x_wconf 87' lang='lat' dir='ltr'><strong>Breve</strong></span> <span class='ocrx_word' id='word_1_328' title='bbox 3713 1483 3804 1536; x_wconf 90' lang='lat' dir='ltr'><strong>est</strong></span> 
     </span>
    </p>
   </div>
   <div class='ocr_carea' id='block_1_46' title="bbox 2149 1561 3800 1639">
    <p class='ocr_par' dir='ltr' id='par_1_46' title="bbox 2149 1561 3800 1639">
     <span class='ocr_line' id='line_1_46' title="bbox 2149 1561 3800 1639; baseline 0.005 -26"><span class='ocrx_word' id='word_1_329' title='bbox 2149 1561 2276 1614; x_wconf 73' lang='lat' dir='ltr'><strong>vitae</strong></span> <span class='ocrx_word' id='word_1_330' title='bbox 2310 1561 2483 1617; x_wconf 87' lang='lat' dir='ltr'><strong>istius</strong></span> <span class='ocrx_word' id='word_1_331' title='bbox 2529 1563 2909 1619; x_wconf 92' lang='lat' dir='ltr'><strong>curriculum.</strong></span> <span class='ocrx_word' id='word_1_332' title='bbox 2963 1565 3078 1620; x_wconf 88' lang='lat' dir='ltr'><strong>Hoc</strong></span> <span class='ocrx_word' id='word_1_333' title='bbox 3122 1565 3316 1636; x_wconf 89' lang='lat' dir='ltr'><strong>ipsum</strong></span> <span class='ocrx_word' id='word_1_334' title='bbox 3364 1568 3519 1638; x_wconf 92' lang='lat' dir='ltr'><strong>quod</strong></span> <span class='ocrx_word' id='word_1_335' title='bbox 3568 1566 3800 1639; x_wconf 89' lang='lat' dir='ltr'><strong>loquor,</strong></span> 
     </span>
    </p>
   </div>
   <div class='ocr_carea' id='block_1_47' title="bbox 2151 1649 3798 1728">
    <p class='ocr_par' dir='ltr' id='par_1_47' title="bbox 2151 1649 3798 1728">
     <span class='ocr_line' id='line_1_47' title="bbox 2151 1649 3798 1728; baseline 0.005 -24"><span class='ocrx_word' id='word_1_336' title='bbox 2151 1650 2303 1721; x_wconf 92' lang='lat' dir='ltr'><strong>quod</strong></span> <span class='ocrx_word' id='word_1_337' title='bbox 2337 1649 2510 1718; x_wconf 90' lang='lat' dir='ltr'><strong>dicto,</strong></span> <span class='ocrx_word' id='word_1_338' title='bbox 2562 1653 2715 1723; x_wconf 88' lang='lat' dir='ltr'><strong>quod</strong></span> <span class='ocrx_word' id='word_1_339' title='bbox 2778 1653 2970 1708; x_wconf 91' lang='lat' dir='ltr'><strong>scribo</strong></span> <span class='ocrx_word' id='word_1_340' title='bbox 3005 1655 3041 1719; x_wconf 77' lang='grc' dir='ltr'><strong>ί,</strong></span> <span class='ocrx_word' id='word_1_341' title='bbox 3102 1655 3255 1725; x_wconf 90' lang='lat' dir='ltr'><strong>quod</strong></span> <span class='ocrx_word' id='word_1_342' title='bbox 3316 1656 3582 1721; x_wconf 90' lang='lat' dir='ltr'><strong>emendo,</strong></span> <span class='ocrx_word' id='word_1_343' title='bbox 3642 1657 3798 1728; x_wconf 92' lang='lat' dir='ltr'><strong>quod</strong></span> 
     </span>
    </p>
   </div>
   <div class='ocr_carea' id='block_1_48' title="bbox 2150 1738 3803 1814">
    <p class='ocr_par' dir='ltr' id='par_1_48' title="bbox 2150 1738 3803 1814">
     <span class='ocr_line' id='line_1_48' title="bbox 2150 1738 3803 1814; baseline 0.004 -21"><span class='ocrx_word' id='word_1_344' title='bbox 2150 1738 2361 1812; x_wconf 88' lang='lat' dir='ltr'><strong>relego,</strong></span> <span class='ocrx_word' id='word_1_345' title='bbox 2421 1741 2492 1795; x_wconf 94' lang='lat' dir='ltr'><strong>de</strong></span> <span class='ocrx_word' id='word_1_346' title='bbox 2551 1745 2810 1814; x_wconf 88' lang='lat' dir='ltr'><strong>tempore</strong></span> <span class='ocrx_word' id='word_1_347' title='bbox 2866 1759 2993 1798; x_wconf 88' lang='lat' dir='ltr'><strong>meo</strong></span> <span class='ocrx_word' id='word_1_348' title='bbox 3054 1743 3197 1799; x_wconf 90' lang='lat' dir='ltr'><strong>mihi</strong></span> <span class='ocrx_word' id='word_1_349' title='bbox 3258 1749 3360 1799; x_wconf 89' lang='lat' dir='ltr'><strong>aut</strong></span> <span class='ocrx_word' id='word_1_350' title='bbox 3410 1744 3638 1813; x_wconf 90' lang='lat' dir='ltr'><strong>crescit,</strong></span> <span class='ocrx_word' id='word_1_351' title='bbox 3699 1749 3803 1801; x_wconf 89' lang='lat' dir='ltr'><strong>aut</strong></span> 
     </span>
    </p>
   </div>
   <div class='ocr_carea' id='block_1_49' title="bbox 2151 1829 3798 1905">
    <p class='ocr_par' dir='ltr' id='par_1_49' title="bbox 2151 1829 3798 1905">
     <span class='ocr_line' id='line_1_49' title="bbox 2151 1829 3798 1905; baseline 0.004 -22"><span class='ocrx_word' id='word_1_352' title='bbox 2151 1829 2391 1901; x_wconf 88' lang='lat' dir='ltr'><strong>deperit.</strong></span> <span class='ocrx_word' id='word_1_353' title='bbox 2426 1830 2612 1897; x_wconf 87' lang='lat' dir='ltr'><strong>Titus,</strong></span> <span class='ocrx_word' id='word_1_354' title='bbox 2647 1831 2804 1886; x_wconf 88' lang='lat' dir='ltr'><strong>ﬁlius</strong></span> <span class='ocrx_word' id='word_1_355' title='bbox 2852 1831 3220 1903; x_wconf 89' lang='lat' dir='ltr'><strong>Vespasiani,</strong></span> <span class='ocrx_word' id='word_1_356' title='bbox 3253 1833 3352 1905; x_wconf 93' lang='lat' dir='ltr'><strong>qui</strong></span> <span class='ocrx_word' id='word_1_357' title='bbox 3400 1834 3458 1888; x_wconf 91' lang='lat' dir='ltr'><strong>in</strong></span> <span class='ocrx_word' id='word_1_358' title='bbox 3513 1832 3798 1890; x_wconf 89' lang='lat' dir='ltr'><strong>ultionem</strong></span> 
     </span>
    </p>
   </div>
   <div class='ocr_carea' id='block_1_50' title="bbox 2145 1916 3798 1995">
    <p class='ocr_par' dir='ltr' id='par_1_50' title="bbox 2145 1916 3798 1995">
     <span class='ocr_line' id='line_1_50' title="bbox 2145 1916 3798 1995; baseline 0.004 -23"><span class='ocrx_word' id='word_1_359' title='bbox 2145 1917 2434 1974; x_wconf 86' lang='lat' dir='ltr'><strong>Dominici</strong></span> <span class='ocrx_word' id='word_1_360' title='bbox 2493 1920 2821 1992; x_wconf 88' lang='lat' dir='ltr'><strong>sanguinis,</strong></span> <span class='ocrx_word' id='word_1_361' title='bbox 2881 1922 3179 1978; x_wconf 90' lang='lat' dir='ltr'><strong>subversis</strong></span> <span class='ocrx_word' id='word_1_362' title='bbox 3228 1922 3625 1995; x_wconf 84' lang='lat' dir='ltr'><strong>Jerosolymis,</strong></span> <span class='ocrx_word' id='word_1_363' title='bbox 3687 1916 3798 1979; x_wconf 86' lang='lat' dir='ltr'><strong>Ro-</strong></span> 
     </span>
    </p>
   </div>
   <div class='ocr_carea' id='block_1_51' title="bbox 2147 2010 3800 2083">
    <p class='ocr_par' dir='ltr' id='par_1_51' title="bbox 2147 2010 3800 2083">
     <span class='ocr_line' id='line_1_51' title="bbox 2147 2010 3800 2083; baseline 0.004 -21"><span class='ocrx_word' id='word_1_364' title='bbox 2147 2024 2302 2063; x_wconf 88' lang='lat' dir='ltr'><strong>mam</strong></span> <span class='ocrx_word' id='word_1_365' title='bbox 2363 2010 2545 2064; x_wconf 87' lang='lat' dir='ltr'><strong>victor</strong></span> <span class='ocrx_word' id='word_1_366' title='bbox 2601 2010 2905 2083; x_wconf 88' lang='lat' dir='ltr'><strong>ingressus</strong></span> <span class='ocrx_word' id='word_1_367' title='bbox 2963 2015 3070 2076; x_wconf 90' lang='lat' dir='ltr'><strong>est,</strong></span> <span class='ocrx_word' id='word_1_368' title='bbox 3131 2014 3303 2068; x_wconf 71' lang='lat' dir='ltr'><strong>tantas</strong></span> <span class='ocrx_word' id='word_1_369' title='bbox 3361 2011 3574 2068; x_wconf 91' lang='lat' dir='ltr'><strong>dicitur</strong></span> <span class='ocrx_word' id='word_1_370' title='bbox 3617 2012 3800 2070; x_wconf 87' lang='lat' dir='ltr'><strong>fuisse</strong></span> 
     </span>
    </p>
   </div>
   <div class='ocr_carea' id='block_1_52' title="bbox 2144 2096 3800 2171">
    <p class='ocr_par' dir='ltr' id='par_1_52' title="bbox 2144 2096 3800 2171">
     <span class='ocr_line' id='line_1_52' title="bbox 2144 2096 3800 2171; baseline 0.004 -20"><span class='ocrx_word' id='word_1_371' title='bbox 2144 2096 2445 2165; x_wconf 86' lang='lat' dir='ltr'><strong>bonitatis,</strong></span> <span class='ocrx_word' id='word_1_372' title='bbox 2510 2104 2576 2154; x_wconf 91' lang='lat' dir='ltr'><strong>ut</strong></span> <span class='ocrx_word' id='word_1_373' title='bbox 2637 2115 2771 2154; x_wconf 92' lang='lat' dir='ltr'><strong>cum</strong></span> <span class='ocrx_word' id='word_1_374' title='bbox 2832 2101 3086 2171; x_wconf 88' lang='lat' dir='ltr'><strong>quadam</strong></span> <span class='ocrx_word' id='word_1_375' title='bbox 3148 2106 3317 2157; x_wconf 91' lang='lat' dir='ltr'><strong>nocte</strong></span> <span class='ocrx_word' id='word_1_376' title='bbox 3365 2118 3494 2158; x_wconf 90' lang='lat' dir='ltr'><strong>sero</strong></span> <span class='ocrx_word' id='word_1_377' title='bbox 3534 2102 3556 2136; x_wconf 80' lang='grc'>³</span> <span class='ocrx_word' id='word_1_378' title='bbox 3610 2117 3800 2159; x_wconf 89' lang='lat' dir='ltr'><strong>recor-</strong></span> 
     </span>
    </p>
   </div>
   <div class='ocr_carea' id='block_1_53' title="bbox 2143 2186 3798 2260">
    <p class='ocr_par' dir='ltr' id='par_1_53' title="bbox 2143 2186 3798 2260">
     <span class='ocr_line' id='line_1_53' title="bbox 2143 2186 3798 2260; baseline 0.004 -20"><span class='ocrx_word' id='word_1_379' title='bbox 2143 2186 2400 2252; x_wconf 88' lang='lat' dir='ltr'><strong>daretur,</strong></span> <span class='ocrx_word' id='word_1_380' title='bbox 2435 2186 2493 2242; x_wconf 92' lang='lat' dir='ltr'><strong>in</strong></span> <span class='ocrx_word' id='word_1_381' title='bbox 2525 2204 2709 2254; x_wconf 87' lang='lat' dir='ltr'><strong>coena,</strong></span> <span class='ocrx_word' id='word_1_382' title='bbox 2741 2189 2894 2260; x_wconf 92' lang='lat' dir='ltr'><strong>quod</strong></span> <span class='ocrx_word' id='word_1_383' title='bbox 2931 2188 3077 2244; x_wconf 89' lang='lat' dir='ltr'><strong>nihil</strong></span> <span class='ocrx_word' id='word_1_384' title='bbox 3110 2189 3245 2245; x_wconf 88' lang='lat' dir='ltr'><strong>boni</strong></span> <span class='ocrx_word' id='word_1_385' title='bbox 3269 2189 3362 2244; x_wconf 91' lang='lat' dir='ltr'><strong>die</strong></span> <span class='ocrx_word' id='word_1_386' title='bbox 3401 2189 3502 2246; x_wconf 90' lang='lat' dir='ltr'><strong>illa</strong></span> <span class='ocrx_word' id='word_1_387' title='bbox 3541 2189 3798 2257; x_wconf 85' lang='lat' dir='ltr'><strong>fecisset,</strong></span> 
     </span>
    </p>
   </div>
   <div class='ocr_carea' id='block_1_54' title="bbox 2142 2275 3800 2351">
    <p class='ocr_par' dir='ltr' id='par_1_54' title="bbox 2142 2275 3800 2351">
     <span class='ocr_line' id='line_1_54' title="bbox 2142 2275 3800 2351; baseline 0.003 -21"><span class='ocrx_word' id='word_1_388' title='bbox 2142 2275 2353 2330; x_wconf 88' lang='lat' dir='ltr'><strong>dixerit</strong></span> <span class='ocrx_word' id='word_1_389' title='bbox 2385 2276 2590 2331; x_wconf 88' lang='lat' dir='ltr'><strong>amicis</strong></span> <span class='ocrx_word' id='word_1_390' title='bbox 2621 2293 2634 2331; x_wconf 91' lang='lat'><strong>:</strong></span> <span class='ocrx_word' id='word_1_391' title='bbox 2671 2277 2846 2333; x_wconf 85' lang='lat' dir='ltr'><strong>Hodie</strong></span> <span class='ocrx_word' id='word_1_392' title='bbox 2879 2279 3032 2333; x_wconf 91' lang='lat' dir='ltr'><strong>diem</strong></span> <span class='ocrx_word' id='word_1_393' title='bbox 3068 2278 3313 2350; x_wconf 91' lang='lat' dir='ltr'><strong>perdidi.</strong></span> <span class='ocrx_word' id='word_1_394' title='bbox 3346 2278 3462 2335; x_wconf 92' lang='lat' dir='ltr'><strong>Nos</strong></span> <span class='ocrx_word' id='word_1_395' title='bbox 3519 2284 3800 2351; x_wconf 88' lang='lat' dir='ltr'><strong>putamus</strong></span> 
     </span>
    </p>
   </div>
   <div class='ocr_carea' id='block_1_55' title="bbox 2143 2365 3795 2440">
    <p class='ocr_par' dir='ltr' id='par_1_55' title="bbox 2143 2365 3795 2440">
     <span class='ocr_line' id='line_1_55' title="bbox 2143 2365 3795 2440; baseline 0.004 -22"><span class='ocrx_word' id='word_1_396' title='bbox 2143 2381 2258 2419; x_wconf 91' lang='lat' dir='ltr'><strong>non</strong></span> <span class='ocrx_word' id='word_1_397' title='bbox 2292 2365 2478 2436; x_wconf 89' lang='lat' dir='ltr'><strong>perire</strong></span> <span class='ocrx_word' id='word_1_398' title='bbox 2510 2366 2678 2422; x_wconf 86' lang='lat' dir='ltr'><strong>nobis</strong></span> <span class='ocrx_word' id='word_1_399' title='bbox 2708 2365 2934 2437; x_wconf 90' lang='lat' dir='ltr'><strong>horam,</strong></span> <span class='ocrx_word' id='word_1_400' title='bbox 2968 2369 3147 2436; x_wconf 88' lang='lat' dir='ltr'><strong>diem,</strong></span> <span class='ocrx_word' id='word_1_401' title='bbox 3183 2370 3500 2435; x_wconf 89' lang='lat' dir='ltr'><strong>momenta,</strong></span> <span class='ocrx_word' id='word_1_402' title='bbox 3537 2372 3795 2440; x_wconf 87' lang='lat' dir='ltr'><strong>tempus,</strong></span> 
     </span>
    </p>
   </div>
   <div class='ocr_carea' id='block_1_56' title="bbox 2143 2455 3796 2530">
    <p class='ocr_par' dir='ltr' id='par_1_56' title="bbox 2143 2455 3796 2530">
     <span class='ocr_line' id='line_1_56' title="bbox 2143 2455 3796 2530; baseline 0.004 -23"><span class='ocrx_word' id='word_1_403' title='bbox 2143 2460 2362 2521; x_wconf 64' lang='lat' dir='ltr'><strong>aetates,</strong></span> <span class='ocrx_word' id='word_1_404' title='bbox 2397 2472 2530 2510; x_wconf 91' lang='lat' dir='ltr'><strong>cum</strong></span> <span class='ocrx_word' id='word_1_405' title='bbox 2567 2455 2821 2511; x_wconf 73' lang='lat' dir='ltr'><strong>otiosum</strong></span> <span class='ocrx_word' id='word_1_406' title='bbox 2869 2457 3114 2512; x_wconf 88' lang='lat' dir='ltr'><strong>verbum</strong></span> <span class='ocrx_word' id='word_1_407' title='bbox 3165 2456 3484 2530; x_wconf 88' lang='lat' dir='ltr'><strong>loquimur,</strong></span> <span class='ocrx_word' id='word_1_408' title='bbox 3527 2474 3632 2530; x_wconf 90' lang='lat' dir='ltr'><strong>pro</strong></span> <span class='ocrx_word' id='word_1_409' title='bbox 3682 2474 3796 2530; x_wconf 91' lang='lat' dir='ltr'><strong>quo</strong></span> 
     </span>
    </p>
   </div>
   <div class='ocr_carea' id='block_1_57' title="bbox 2143 2543 3794 2618">
    <p class='ocr_par' dir='ltr' id='par_1_57' title="bbox 2143 2543 3794 2618">
     <span class='ocr_line' id='line_1_57' title="bbox 2143 2543 3794 2618; baseline 0.003 -21"><span class='ocrx_word' id='word_1_410' title='bbox 2143 2543 2427 2599; x_wconf 86' lang='lat' dir='ltr'><strong>reddituri</strong></span> <span class='ocrx_word' id='word_1_411' title='bbox 2459 2561 2666 2600; x_wconf 89' lang='lat' dir='ltr'><strong>sumus</strong></span> <span class='ocrx_word' id='word_1_412' title='bbox 2711 2547 2996 2602; x_wconf 89' lang='lat' dir='ltr'><strong>rationem</strong></span> <span class='ocrx_word' id='word_1_413' title='bbox 3051 2547 3108 2602; x_wconf 90' lang='lat' dir='ltr'><strong>in</strong></span> <span class='ocrx_word' id='word_1_414' title='bbox 3169 2547 3262 2602; x_wconf 92' lang='lat' dir='ltr'><strong>die</strong></span> <span class='ocrx_word' id='word_1_415' title='bbox 3311 2547 3526 2618; x_wconf 89' lang='lat' dir='ltr'><strong>judicii</strong></span> <span class='ocrx_word' id='word_1_416' title='bbox 3576 2547 3794 2618; x_wconf 82' lang='lat' dir='ltr'><strong>(Matth.</strong></span> 
     </span>
    </p>
   </div>
   <div class='ocr_carea' id='block_1_58' title="bbox 2144 2634 3796 2708">
    <p class='ocr_par' dir='ltr' id='par_1_58' title="bbox 2144 2634 3796 2708">
     <span class='ocr_line' id='line_1_58' title="bbox 2144 2634 3796 2708; baseline 0.003 -22"><span class='ocrx_word' id='word_1_417' title='bbox 2144 2649 2244 2703; x_wconf 80' lang='lat' dir='ltr'><strong>xu,</strong></span> <span class='ocrx_word' id='word_1_418' title='bbox 2277 2634 2416 2702; x_wconf 79' lang='lat'><strong>36)?</strong></span> <span class='ocrx_word' id='word_1_419' title='bbox 2460 2635 2621 2699; x_wconf 90' lang='lat' dir='ltr'><strong>Quod</strong></span> <span class='ocrx_word' id='word_1_420' title='bbox 2670 2636 2719 2692; x_wconf 91' lang='lat' dir='ltr'><strong>si</strong></span> <span class='ocrx_word' id='word_1_421' title='bbox 2753 2637 2860 2692; x_wconf 90' lang='lat' dir='ltr'><strong>hoc</strong></span> <span class='ocrx_word' id='word_1_422' title='bbox 2893 2636 2987 2691; x_wconf 92' lang='lat' dir='ltr'><strong>ille</strong></span> <span class='ocrx_word' id='word_1_423' title='bbox 3042 2637 3168 2692; x_wconf 88' lang='lat' dir='ltr'><strong>sine</strong></span> <span class='ocrx_word' id='word_1_424' title='bbox 3217 2636 3385 2708; x_wconf 89' lang='lat' dir='ltr'><strong>Lege,</strong></span> <span class='ocrx_word' id='word_1_425' title='bbox 3430 2635 3557 2692; x_wconf 88' lang='lat' dir='ltr'><strong>sine</strong></span> <span class='ocrx_word' id='word_1_426' title='bbox 3606 2636 3796 2692; x_wconf 85' lang='lat' dir='ltr'><strong>Evan-</strong></span> 
     </span>
    </p>
   </div>
   <div class='ocr_carea' id='block_1_59' title="bbox 2142 2721 3792 2797">
    <p class='ocr_par' dir='ltr' id='par_1_59' title="bbox 2142 2721 3792 2797">
     <span class='ocr_line' id='line_1_59' title="bbox 2142 2721 3792 2797; baseline 0.002 -20"><span class='ocrx_word' id='word_1_427' title='bbox 2142 2721 2313 2794; x_wconf 88' lang='lat' dir='ltr'><strong>gelio,</strong></span> <span class='ocrx_word' id='word_1_428' title='bbox 2375 2723 2500 2778; x_wconf 87' lang='lat' dir='ltr'><strong>sine</strong></span> <span class='ocrx_word' id='word_1_429' title='bbox 2547 2722 2880 2795; x_wconf 85' lang='lat' dir='ltr'><strong>Salvatoris,</strong></span> <span class='ocrx_word' id='word_1_430' title='bbox 2935 2730 2993 2779; x_wconf 92' lang='lat' dir='ltr'><strong>et</strong></span> <span class='ocrx_word' id='word_1_431' title='bbox 3043 2723 3442 2797; x_wconf 90' lang='lat' dir='ltr'><strong>apostolorum</strong></span> <span class='ocrx_word' id='word_1_432' title='bbox 3495 2723 3792 2794; x_wconf 66' lang='lat' dir='ltr'><strong>doctrinae,</strong></span> 
     </span>
    </p>
   </div>
   <div class='ocr_carea' id='block_1_60' title="bbox 2143 2805 3795 2887">
    <p class='ocr_par' dir='ltr' id='par_1_60' title="bbox 2143 2805 3795 2887">
     <span class='ocr_line' id='line_1_60' title="bbox 2143 2805 3795 2887; baseline 0.002 -21"><span class='ocrx_word' id='word_1_433' title='bbox 2143 2811 2489 2867; x_wconf 86' lang='lat' dir='ltr'><strong>naturaliter</strong></span> <span class='ocrx_word' id='word_1_434' title='bbox 2517 2816 2573 2867; x_wconf 92' lang='lat' dir='ltr'><strong>et</strong></span> <span class='ocrx_word' id='word_1_435' title='bbox 2601 2813 2766 2879; x_wconf 82' lang='lat' dir='ltr'><strong>dixit,</strong></span> <span class='ocrx_word' id='word_1_436' title='bbox 2797 2819 2853 2869; x_wconf 93' lang='lat' dir='ltr'><strong>et</strong></span> <span class='ocrx_word' id='word_1_437' title='bbox 2884 2813 3054 2870; x_wconf 90' lang='lat' dir='ltr'><strong>fecit:</strong></span> <span class='ocrx_word' id='word_1_438' title='bbox 3104 2814 3244 2886; x_wconf 92' lang='lat' dir='ltr'><strong>quid</strong></span> <span class='ocrx_word' id='word_1_439' title='bbox 3298 2831 3405 2870; x_wconf 90' lang='lat' dir='ltr'><strong>nos</strong></span> <span class='ocrx_word' id='word_1_440' title='bbox 3454 2805 3795 2887; x_wconf 87' lang='lat' dir='ltr'><strong>oportetfa-</strong></span> 
     </span>
    </p>
   </div>
   <div class='ocr_carea' id='block_1_61' title="bbox 2143 2900 3797 2973">
    <p class='ocr_par' dir='ltr' id='par_1_61' title="bbox 2143 2900 3797 2973">
     <span class='ocr_line' id='line_1_61' title="bbox 2143 2900 3797 2973; baseline 0.003 -17"><span class='ocrx_word' id='word_1_441' title='bbox 2143 2917 2290 2966; x_wconf 90' lang='lat' dir='ltr'><strong>cere,</strong></span> <span class='ocrx_word' id='word_1_442' title='bbox 2323 2900 2381 2956; x_wconf 92' lang='lat' dir='ltr'><strong>in</strong></span> <span class='ocrx_word' id='word_1_443' title='bbox 2415 2918 2666 2973; x_wconf 90' lang='lat' dir='ltr'><strong>quorum</strong></span> <span class='ocrx_word' id='word_1_444' title='bbox 2716 2903 3264 2960; x_wconf 89' lang='lat' dir='ltr'><strong>condemnationem</strong></span> <span class='ocrx_word' id='word_1_445' title='bbox 3315 2904 3492 2959; x_wconf 88' lang='lat' dir='ltr'><strong>habet</strong></span> <span class='ocrx_word' id='word_1_446' title='bbox 3540 2909 3596 2959; x_wconf 89' lang='lat' dir='ltr'><strong>et</strong></span> <span class='ocrx_word' id='word_1_447' title='bbox 3640 2904 3797 2961; x_wconf 88' lang='lat' dir='ltr'><strong>Juno</strong></span> 
     </span>
    </p>
   </div>
   <div class='ocr_carea' id='block_1_62' title="bbox 2145 2989 3795 3064">
    <p class='ocr_par' dir='ltr' id='par_1_62' title="bbox 2145 2989 3795 3064">
     <span class='ocr_line' id='line_1_62' title="bbox 2145 2989 3795 3064; baseline 0.002 -20"><span class='ocrx_word' id='word_1_448' title='bbox 2145 2989 2424 3056; x_wconf 88' lang='lat' dir='ltr'><strong>univiras,</strong></span> <span class='ocrx_word' id='word_1_449' title='bbox 2460 2995 2516 3044; x_wconf 91' lang='lat' dir='ltr'><strong>et</strong></span> <span class='ocrx_word' id='word_1_450' title='bbox 2546 2991 2721 3046; x_wconf 84' lang='lat' dir='ltr'><strong>Vesta</strong></span> <span class='ocrx_word' id='word_1_451' title='bbox 2751 2991 3026 3064; x_wconf 85' lang='lat' dir='ltr'><strong>virgines,</strong></span> <span class='ocrx_word' id='word_1_452' title='bbox 3061 2997 3116 3047; x_wconf 89' lang='lat' dir='ltr'><strong>et</strong></span> <span class='ocrx_word' id='word_1_453' title='bbox 3147 2992 3261 3048; x_wconf 89' lang='lat' dir='ltr'><strong>alia</strong></span> <span class='ocrx_word' id='word_1_454' title='bbox 3291 2991 3446 3048; x_wconf 91' lang='lat' dir='ltr'><strong>idola</strong></span> <span class='ocrx_word' id='word_1_455' title='bbox 3494 2993 3795 3048; x_wconf 85' lang='lat' dir='ltr'><strong>continen-</strong></span> 
     </span>
    </p>
   </div>
   <div class='ocr_carea' id='block_1_63' title="bbox 2144 3079 3798 3155">
    <p class='ocr_par' dir='ltr' id='par_1_63' title="bbox 2144 3079 3798 3155">
     <span class='ocr_line' id='line_1_63' title="bbox 2144 3079 3798 3155; baseline 0.001 -20"><span class='ocrx_word' id='word_1_456' title='bbox 2144 3085 2230 3135; x_wconf 88' lang='lat' dir='ltr'><strong>tes</strong></span> <span class='ocrx_word' id='word_1_457' title='bbox 2252 3079 2279 3133; x_wconf 83' lang='lat'><strong><em>?</em></strong></span> <span class='ocrx_word' id='word_1_458' title='bbox 2310 3079 2518 3136; x_wconf 90' lang='lat' dir='ltr'><strong>Beatus</strong></span> <span class='ocrx_word' id='word_1_459' title='bbox 2547 3080 2805 3137; x_wconf 88' lang='lat' dir='ltr'><strong>Joannes</strong></span> <span class='ocrx_word' id='word_1_460' title='bbox 2836 3079 3194 3153; x_wconf 86' lang='lat' dir='ltr'><strong>evangelista</strong></span> <span class='ocrx_word' id='word_1_461' title='bbox 3223 3098 3358 3136; x_wconf 92' lang='lat' dir='ltr'><strong>cum</strong></span> <span class='ocrx_word' id='word_1_462' title='bbox 3409 3082 3620 3155; x_wconf 83' lang='lat' dir='ltr'><strong>Ephesi</strong></span> <span class='ocrx_word' id='word_1_463' title='bbox 3673 3099 3798 3138; x_wconf 87' lang='lat' dir='ltr'><strong>mo-</strong></span> 
     </span>
    </p>
   </div>
   <div class='ocr_carea' id='block_1_64' title="bbox 2146 3169 3795 3242">
    <p class='ocr_par' dir='ltr' id='par_1_64' title="bbox 2146 3169 3795 3242">
     <span class='ocr_line' id='line_1_64' title="bbox 2146 3169 3795 3242; baseline 0.002 -18"><span class='ocrx_word' id='word_1_464' title='bbox 2146 3173 2374 3224; x_wconf 91' lang='lat' dir='ltr'><strong>raretur</strong></span> <span class='ocrx_word' id='word_1_465' title='bbox 2433 3185 2618 3242; x_wconf 91' lang='lat' dir='ltr'><strong>usque</strong></span> <span class='ocrx_word' id='word_1_466' title='bbox 2675 3171 2744 3225; x_wconf 86' lang='lat' dir='ltr'><strong>ad</strong></span> <span class='ocrx_word' id='word_1_467' title='bbox 2808 3170 3077 3226; x_wconf 84' lang='lat' dir='ltr'><strong>ultimam</strong></span> <span class='ocrx_word' id='word_1_468' title='bbox 3136 3169 3286 3227; x_wconf 73' lang='lat'><strong>529</strong></span> <span class='ocrx_word' id='word_1_469' title='bbox 3341 3175 3701 3227; x_wconf 88' lang='lat' dir='ltr'><strong>senectutem</strong></span> <span class='ocrx_word' id='word_1_470' title='bbox 3751 3171 3795 3238; x_wconf 82' lang='grc'><strong>³,</strong></span> 
     </span>
    </p>
   </div>
   <div class='ocr_carea' id='block_1_65' title="bbox 323 3247 3796 3340">
    <p class='ocr_par' dir='ltr' id='par_1_65' title="bbox 323 3247 3796 3340">
     <span class='ocr_line' id='line_1_65' title="bbox 323 3247 3796 3340; baseline 0.001 -27"><span class='ocrx_word' id='word_1_471' title='bbox 323 3333 334 3340; x_wconf 35' lang='lat'><strong><em>.</em></strong></span> <span class='ocrx_word' id='word_1_472' title='bbox 386 3264 675 3329; x_wconf 81' lang='lat' dir='ltr'><strong>nostrum,</strong></span> <span class='ocrx_word' id='word_1_473' title='bbox 706 3263 764 3315; x_wconf 90' lang='lat' dir='ltr'><strong>et</strong></span> <span class='ocrx_word' id='word_1_474' title='bbox 794 3275 982 3331; x_wconf 89' lang='lat' dir='ltr'><strong>usque</strong></span> <span class='ocrx_word' id='word_1_475' title='bbox 1012 3259 1084 3314; x_wconf 91' lang='lat' dir='ltr'><strong>ad</strong></span> <span class='ocrx_word' id='word_1_476' title='bbox 1123 3275 1423 3331; x_wconf 89' lang='lat' dir='ltr'><strong>vesperam</strong></span> <span class='ocrx_word' id='word_1_477' title='bbox 1481 3259 1834 3327; x_wconf 89' lang='lat' dir='ltr'><strong>laboremus,</strong></span> <span class='ocrx_word' id='word_1_478' title='bbox 1887 3247 2107 3314; x_wconf 87' lang='lat' dir='ltr'><strong>siculC</strong></span> <span class='ocrx_word' id='word_1_479' title='bbox 2149 3263 2204 3313; x_wconf 92' lang='lat' dir='ltr'><strong>et</strong></span> <span class='ocrx_word' id='word_1_480' title='bbox 2261 3259 2352 3312; x_wconf 90' lang='lat' dir='ltr'><strong>vix</strong></span> <span class='ocrx_word' id='word_1_481' title='bbox 2409 3257 2563 3314; x_wconf 88' lang='lat' dir='ltr'><strong>inter</strong></span> <span class='ocrx_word' id='word_1_482' title='bbox 2619 3259 3039 3331; x_wconf 89' lang='lat' dir='ltr'><strong>discipulorum</strong></span> <span class='ocrx_word' id='word_1_483' title='bbox 3093 3276 3306 3316; x_wconf 89' lang='lat' dir='ltr'><strong>manus</strong></span> <span class='ocrx_word' id='word_1_484' title='bbox 3363 3261 3433 3315; x_wconf 91' lang='lat' dir='ltr'><strong>ad</strong></span> <span class='ocrx_word' id='word_1_485' title='bbox 3488 3257 3796 3317; x_wconf 87' lang='lat' dir='ltr'><strong>ecclesiam</strong></span> 
     </span>
    </p>
   </div>
   <div class='ocr_carea' id='block_1_66' title="bbox 385 3347 2035 3420">
    <p class='ocr_par' dir='ltr' id='par_1_66' title="bbox 385 3347 2035 3420">
     <span class='ocr_line' id='line_1_66' title="bbox 385 3347 2035 3420; baseline -0.001 -16"><span class='ocrx_word' id='word_1_486' title='bbox 385 3349 628 3420; x_wconf 83' lang='lat' dir='ltr'><strong>mystice</strong></span> <span class='ocrx_word' id='word_1_487' title='bbox 657 3353 928 3405; x_wconf 89' lang='lat' dir='ltr'><strong>cantatur</strong></span> <span class='ocrx_word' id='word_1_488' title='bbox 957 3349 1014 3402; x_wconf 91' lang='lat' dir='ltr'><strong>in</strong></span> <span class='ocrx_word' id='word_1_489' title='bbox 1048 3347 1313 3420; x_wconf 87' lang='lat' dir='ltr'><strong>psalmo:</strong></span> <span class='ocrx_word' id='word_1_490' title='bbox 1369 3350 1615 3404; x_wconf 77' lang='lat' dir='ltr'><strong>Posuisti</strong></span> <span class='ocrx_word' id='word_1_491' title='bbox 1665 3352 1930 3414; x_wconf 80' lang='lat' dir='ltr'><strong>tenebras,</strong></span> <span class='ocrx_word' id='word_1_492' title='bbox 1985 3353 2035 3403; x_wconf 88' lang='lat' dir='ltr'><strong>et</strong></span> 
     </span>
    </p>
   </div>
   <div class='ocr_carea' id='block_1_67' title="bbox 381 3438 2033 3509">
    <p class='ocr_par' dir='ltr' id='par_1_67' title="bbox 381 3438 2033 3509">
     <span class='ocr_line' id='line_1_67' title="bbox 381 3438 2033 3509; baseline 0.001 -16"><span class='ocrx_word' id='word_1_493' title='bbox 381 3441 531 3509; x_wconf 79' lang='lat' dir='ltr'><strong>facta</strong></span> <span class='ocrx_word' id='word_1_494' title='bbox 576 3441 655 3494; x_wconf 77' lang='lat' dir='ltr'><strong>est</strong></span> <span class='ocrx_word' id='word_1_495' title='bbox 702 3454 832 3494; x_wconf 76' lang='lat' dir='ltr'><strong>nox.</strong></span> <span class='ocrx_word' id='word_1_496' title='bbox 883 3439 940 3493; x_wconf 90' lang='lat' dir='ltr'><strong>In</strong></span> <span class='ocrx_word' id='word_1_497' title='bbox 990 3438 1112 3509; x_wconf 82' lang='lat' dir='ltr'><strong>ipsa</strong></span> <span class='ocrx_word' id='word_1_498' title='bbox 1151 3438 1572 3509; x_wconf 75' lang='lat' dir='ltr'><strong>pertransibunt</strong></span> <span class='ocrx_word' id='word_1_499' title='bbox 1620 3438 1808 3495; x_wconf 71' lang='lat' dir='ltr'><strong>bestiae</strong></span> <span class='ocrx_word' id='word_1_500' title='bbox 1855 3439 2033 3504; x_wconf 73' lang='lat' dir='ltr'><strong>silvae,</strong></span> 
     </span>
    </p>
   </div>
   <div class='ocr_carea' id='block_1_68' title="bbox 383 3527 2036 3599">
    <p class='ocr_par' dir='ltr' id='par_1_68' title="bbox 383 3527 2036 3599">
     <span class='ocr_line' id='line_1_68' title="bbox 383 3527 2036 3599; baseline 0 -17"><span class='ocrx_word' id='word_1_501' title='bbox 383 3529 554 3582; x_wconf 84' lang='lat' dir='ltr'><strong>catuli</strong></span> <span class='ocrx_word' id='word_1_502' title='bbox 585 3527 804 3582; x_wconf 86' lang='lat' dir='ltr'><strong>leonum</strong></span> <span class='ocrx_word' id='word_1_503' title='bbox 847 3529 1153 3596; x_wconf 75' lang='lat' dir='ltr'><strong>rugientes,</strong></span> <span class='ocrx_word' id='word_1_504' title='bbox 1204 3535 1267 3581; x_wconf 88' lang='lat' dir='ltr'><strong>ut</strong></span> <span class='ocrx_word' id='word_1_505' title='bbox 1314 3529 1558 3598; x_wconf 85' lang='lat' dir='ltr'><strong>rapiant,</strong></span> <span class='ocrx_word' id='word_1_506' title='bbox 1607 3531 1656 3582; x_wconf 85' lang='lat' dir='ltr'><strong>et</strong></span> <span class='ocrx_word' id='word_1_507' title='bbox 1704 3531 1956 3599; x_wconf 64' lang='lat' dir='ltr'><strong>qua’rant</strong></span> <span class='ocrx_word' id='word_1_508' title='bbox 2001 3544 2036 3582; x_wconf 88' lang='lat' dir='ltr'><strong>a</strong></span> 
     </span>
    </p>
   </div>
   <div class='ocr_carea' id='block_1_69' title="bbox 382 3615 2031 3688">
    <p class='ocr_par' dir='ltr' id='par_1_69' title="bbox 382 3615 2031 3688">
     <span class='ocr_line' id='line_1_69' title="bbox 382 3615 2031 3688; baseline -0.001 -17"><span class='ocrx_word' id='word_1_509' title='bbox 382 3617 488 3672; x_wconf 90' lang='lat' dir='ltr'><strong>Deo</strong></span> <span class='ocrx_word' id='word_1_510' title='bbox 538 3631 719 3670; x_wconf 86' lang='lat' dir='ltr'><strong>escam</strong></span> <span class='ocrx_word' id='word_1_511' title='bbox 747 3615 873 3671; x_wconf 88' lang='lat' dir='ltr'><strong>sibi.</strong></span> <span class='ocrx_word' id='word_1_512' title='bbox 909 3616 1070 3672; x_wconf 86' lang='lat' dir='ltr'><strong>Ortus</strong></span> <span class='ocrx_word' id='word_1_513' title='bbox 1115 3623 1191 3671; x_wconf 87' lang='lat' dir='ltr'><strong>est</strong></span> <span class='ocrx_word' id='word_1_514' title='bbox 1246 3616 1345 3682; x_wconf 86' lang='lat' dir='ltr'><strong>sol,</strong></span> <span class='ocrx_word' id='word_1_515' title='bbox 1379 3618 1433 3670; x_wconf 89' lang='lat' dir='ltr'><strong>et</strong></span> <span class='ocrx_word' id='word_1_516' title='bbox 1484 3620 1830 3688; x_wconf 68' lang='lat' dir='ltr'><strong>congregatae</strong></span> <span class='ocrx_word' id='word_1_517' title='bbox 1886 3621 2031 3683; x_wconf 85' lang='lat' dir='ltr'><strong>sunt,</strong></span> 
     </span>
    </p>
   </div>
   <div class='ocr_carea' id='block_1_70' title="bbox 382 3704 2037 3774">
    <p class='ocr_par' dir='ltr' id='par_1_70' title="bbox 382 3704 2037 3774">
     <span class='ocr_line' id='line_1_70' title="bbox 382 3704 2037 3774; baseline 0 -13"><span class='ocrx_word' id='word_1_518' title='bbox 382 3708 432 3761; x_wconf 86' lang='lat' dir='ltr'><strong>et</strong></span> <span class='ocrx_word' id='word_1_519' title='bbox 464 3707 527 3761; x_wconf 83' lang='lat' dir='ltr'><strong>in.</strong></span> <span class='ocrx_word' id='word_1_520' title='bbox 556 3705 833 3761; x_wconf 86' lang='lat' dir='ltr'><strong>cubilibus</strong></span> <span class='ocrx_word' id='word_1_521' title='bbox 861 3706 978 3760; x_wconf 86' lang='lat' dir='ltr'><strong>suis</strong></span> <span class='ocrx_word' id='word_1_522' title='bbox 1006 3705 1367 3760; x_wconf 85' lang='lat' dir='ltr'><strong>dormierunt.</strong></span> <span class='ocrx_word' id='word_1_523' title='bbox 1413 3704 1734 3774; x_wconf 86' lang='lat' dir='ltr'><strong>Egredietur</strong></span> <span class='ocrx_word' id='word_1_524' title='bbox 1781 3704 1936 3761; x_wconf 87' lang='lat' dir='ltr'><strong>homo</strong></span> <span class='ocrx_word' id='word_1_525' title='bbox 1967 3706 2037 3761; x_wconf 89' lang='lat' dir='ltr'><strong>ad</strong></span> 
     </span>
    </p>
   </div>
   <div class='ocr_carea' id='block_1_71' title="bbox 385 3795 2037 3867">
    <p class='ocr_par' dir='ltr' id='par_1_71' title="bbox 385 3795 2037 3867">
     <span class='ocr_line' id='line_1_71' title="bbox 385 3795 2037 3867; baseline 0 -17"><span class='ocrx_word' id='word_1_526' title='bbox 385 3811 516 3867; x_wconf 80' lang='lat' dir='ltr'><strong>Opus</strong></span> <span class='ocrx_word' id='word_1_527' title='bbox 571 3811 754 3867; x_wconf 85' lang='lat' dir='ltr'><strong>suum,</strong></span> <span class='ocrx_word' id='word_1_528' title='bbox 812 3799 864 3850; x_wconf 88' lang='lat' dir='ltr'><strong>et</strong></span> <span class='ocrx_word' id='word_1_529' title='bbox 916 3795 987 3850; x_wconf 88' lang='lat' dir='ltr'><strong>ad</strong></span> <span class='ocrx_word' id='word_1_530' title='bbox 1061 3795 1430 3867; x_wconf 85' lang='lat' dir='ltr'><strong>operationem</strong></span> <span class='ocrx_word' id='word_1_531' title='bbox 1500 3811 1656 3849; x_wconf 90' lang='lat' dir='ltr'><strong>suam</strong></span> <span class='ocrx_word' id='word_1_532' title='bbox 1727 3811 1897 3867; x_wconf 85' lang='lat' dir='ltr'><strong>usque</strong></span> <span class='ocrx_word' id='word_1_533' title='bbox 1967 3795 2037 3850; x_wconf 90' lang='lat' dir='ltr'><strong>ad</strong></span> 
     </span>
    </p>
   </div>
   <div class='ocr_carea' id='block_1_72' title="bbox 386 3883 2034 3958">
    <p class='ocr_par' dir='ltr' id='par_1_72' title="bbox 386 3883 2034 3958">
     <span class='ocr_line' id='line_1_72' title="bbox 386 3883 2034 3958; baseline 0.001 -18"><span class='ocrx_word' id='word_1_534' title='bbox 386 3901 669 3957; x_wconf 85' lang='lat' dir='ltr'><strong>vesperam</strong></span> <span class='ocrx_word' id='word_1_535' title='bbox 745 3885 913 3956; x_wconf 89' lang='lat' dir='ltr'><strong>(Psal.</strong></span> <span class='ocrx_word' id='word_1_536' title='bbox 975 3901 1092 3952; x_wconf 83' lang='lat' dir='ltr'><strong>cm,</strong></span> <span class='ocrx_word' id='word_1_537' title='bbox 1153 3884 1407 3956; x_wconf 81' lang='lat'><strong>20—23).</strong></span> <span class='ocrx_word' id='word_1_538' title='bbox 1480 3883 1605 3940; x_wconf 89' lang='lat' dir='ltr'><strong>Sive</strong></span> <span class='ocrx_word' id='word_1_539' title='bbox 1663 3889 2034 3958; x_wconf 74' lang='lat' dir='ltr'><strong>aegrotamus,</strong></span> 
     </span>
    </p>
   </div>
   <div class='ocr_carea' id='block_1_73' title="bbox 389 3973 2041 4046">
    <p class='ocr_par' dir='ltr' id='par_1_73' title="bbox 389 3973 2041 4046">
     <span class='ocr_line' id='line_1_73' title="bbox 389 3973 2041 4046; baseline 0 -16"><span class='ocrx_word' id='word_1_540' title='bbox 389 3975 506 4030; x_wconf 88' lang='lat' dir='ltr'><strong>sive</strong></span> <span class='ocrx_word' id='word_1_541' title='bbox 539 3975 666 4030; x_wconf 90' lang='lat' dir='ltr'><strong>sani</strong></span> <span class='ocrx_word' id='word_1_542' title='bbox 699 3990 929 4042; x_wconf 90' lang='lat' dir='ltr'><strong>sumus,</strong></span> <span class='ocrx_word' id='word_1_543' title='bbox 966 3973 1240 4039; x_wconf 88' lang='lat' dir='ltr'><strong>humiles,</strong></span> <span class='ocrx_word' id='word_1_544' title='bbox 1292 3974 1380 4029; x_wconf 90' lang='lat' dir='ltr'><strong>vel</strong></span> <span class='ocrx_word' id='word_1_545' title='bbox 1414 3978 1697 4046; x_wconf 87' lang='lat' dir='ltr'><strong>potentes,</strong></span> <span class='ocrx_word' id='word_1_546' title='bbox 1729 3990 2041 4046; x_wconf 85' lang='lat' dir='ltr'><strong>pauperes,</strong></span> 
     </span>
    </p>
   </div>
   <div class='ocr_carea' id='block_1_74' title="bbox 389 4061 2038 4136">
    <p class='ocr_par' dir='ltr' id='par_1_74' title="bbox 389 4061 2038 4136">
     <span class='ocr_line' id='line_1_74' title="bbox 389 4061 2038 4136; baseline 0.001 -18"><span class='ocrx_word' id='word_1_547' title='bbox 389 4064 615 4132; x_wconf 90' lang='lat' dir='ltr'><strong>divites,</strong></span> <span class='ocrx_word' id='word_1_548' title='bbox 650 4061 958 4136; x_wconf 86' lang='lat' dir='ltr'><strong>ignobiles,</strong></span> <span class='ocrx_word' id='word_1_549' title='bbox 1011 4061 1302 4129; x_wconf 89' lang='lat' dir='ltr'><strong>honorati,</strong></span> <span class='ocrx_word' id='word_1_550' title='bbox 1353 4061 1702 4131; x_wconf 87' lang='lat' dir='ltr'><strong>esurientes,</strong></span> <span class='ocrx_word' id='word_1_551' title='bbox 1739 4063 1888 4120; x_wconf 70' lang='lat'><strong>528</strong></span> <span class='ocrx_word' id='word_1_552' title='bbox 1920 4062 2038 4119; x_wconf 89' lang='lat' dir='ltr'><strong>sive</strong></span> 
     </span>
    </p>
   </div>
   <div class='ocr_carea' id='block_1_75' title="bbox 385 4151 2040 4225">
    <p class='ocr_par' dir='ltr' id='par_1_75' title="bbox 385 4151 2040 4225">
     <span class='ocr_line' id='line_1_75' title="bbox 385 4151 2040 4225; baseline 0 -18"><span class='ocrx_word' id='word_1_553' title='bbox 385 4152 708 4219; x_wconf 85' lang='lat' dir='ltr'><strong>vescentes,</strong></span> <span class='ocrx_word' id='word_1_554' title='bbox 741 4152 1015 4208; x_wconf 90' lang='lat' dir='ltr'><strong>omniain</strong></span> <span class='ocrx_word' id='word_1_555' title='bbox 1042 4153 1276 4208; x_wconf 89' lang='lat' dir='ltr'><strong>nomine</strong></span> <span class='ocrx_word' id='word_1_556' title='bbox 1328 4151 1562 4208; x_wconf 89' lang='lat' dir='ltr'><strong>Domini</strong></span> <span class='ocrx_word' id='word_1_557' title='bbox 1594 4169 1722 4208; x_wconf 90' lang='lat' dir='ltr'><strong>cum</strong></span> <span class='ocrx_word' id='word_1_558' title='bbox 1760 4153 2040 4225; x_wconf 90' lang='lat' dir='ltr'><strong>patientia</strong></span> 
     </span>
    </p>
   </div>
   <div class='ocr_carea' id='block_1_76' title="bbox 390 4241 2038 4314">
    <p class='ocr_par' dir='ltr' id='par_1_76' title="bbox 390 4241 2038 4314">
     <span class='ocr_line' id='line_1_76' title="bbox 390 4241 2038 4314; baseline 0.001 -18"><span class='ocrx_word' id='word_1_559' title='bbox 390 4247 448 4296; x_wconf 91' lang='lat' dir='ltr'><strong>et</strong></span> <span class='ocrx_word' id='word_1_560' title='bbox 475 4242 909 4314; x_wconf 63' lang='lat' dir='ltr'><strong>aequanimitate</strong></span> <span class='ocrx_word' id='word_1_561' title='bbox 966 4242 1252 4298; x_wconf 82' lang='lat' dir='ltr'><strong>faciamus</strong></span> <span class='ocrx_word' id='word_1_562' title='bbox 1309 4243 1358 4314; x_wconf 89' lang='lat' dir='ltr'><strong>(I</strong></span> <span class='ocrx_word' id='word_1_563' title='bbox 1382 4242 1502 4298; x_wconf 82' lang='lat' dir='ltr'><strong>Cor.</strong></span> <span class='ocrx_word' id='word_1_564' title='bbox 1536 4260 1591 4310; x_wconf 88' lang='lat' dir='ltr'><strong>x,</strong></span> <span class='ocrx_word' id='word_1_565' title='bbox 1647 4242 1758 4314; x_wconf 88' lang='lat'><strong>31),</strong></span> <span class='ocrx_word' id='word_1_566' title='bbox 1820 4246 1877 4297; x_wconf 91' lang='lat' dir='ltr'><strong>et</strong></span> <span class='ocrx_word' id='word_1_567' title='bbox 1929 4241 2038 4297; x_wconf 91' lang='lat' dir='ltr'><strong>im-</strong></span> 
     </span>
    </p>
   </div>
   <div class='ocr_carea' id='block_1_77' title="bbox 388 4330 2038 4404">
    <p class='ocr_par' dir='ltr' id='par_1_77' title="bbox 388 4330 2038 4404">
     <span class='ocr_line' id='line_1_77' title="bbox 388 4330 2038 4404; baseline 0 -18"><span class='ocrx_word' id='word_1_568' title='bbox 388 4330 646 4404; x_wconf 86' lang='lat' dir='ltr'><strong>plebitur</strong></span> <span class='ocrx_word' id='word_1_569' title='bbox 674 4331 733 4386; x_wconf 92' lang='lat' dir='ltr'><strong>in</strong></span> <span class='ocrx_word' id='word_1_570' title='bbox 766 4331 934 4388; x_wconf 89' lang='lat' dir='ltr'><strong>nobis</strong></span> <span class='ocrx_word' id='word_1_571' title='bbox 981 4331 1124 4386; x_wconf 91' lang='lat' dir='ltr'><strong>illud</strong></span> <span class='ocrx_word' id='word_1_572' title='bbox 1172 4331 1327 4403; x_wconf 90' lang='lat' dir='ltr'><strong>quod</strong></span> <span class='ocrx_word' id='word_1_573' title='bbox 1385 4331 1670 4403; x_wconf 89' lang='lat' dir='ltr'><strong>scriptum</strong></span> <span class='ocrx_word' id='word_1_574' title='bbox 1720 4335 1847 4387; x_wconf 89' lang='lat' dir='ltr'><strong>est:</strong></span> <span class='ocrx_word' id='word_1_575' title='bbox 1899 4332 2038 4386; x_wconf 87' lang='lat' dir='ltr'><strong>Dili-</strong></span> 
     </span>
    </p>
   </div>
   <div class='ocr_carea' id='block_1_78' title="bbox 385 4420 2042 4493">
    <p class='ocr_par' dir='ltr' id='par_1_78' title="bbox 385 4420 2042 4493">
     <span class='ocr_line' id='line_1_78' title="bbox 385 4420 2042 4493; baseline -0.001 -16"><span class='ocrx_word' id='word_1_576' title='bbox 385 4420 635 4492; x_wconf 83' lang='lat' dir='ltr'><strong>gentibus</strong></span> <span class='ocrx_word' id='word_1_577' title='bbox 687 4429 868 4477; x_wconf 73' lang='lat' dir='ltr'><strong>autem</strong></span> <span class='ocrx_word' id='word_1_578' title='bbox 929 4422 1238 4489; x_wconf 84' lang='lat' dir='ltr'><strong>Dominum,</strong></span> <span class='ocrx_word' id='word_1_579' title='bbox 1298 4422 1486 4476; x_wconf 80' lang='lat' dir='ltr'><strong>omnia</strong></span> <span class='ocrx_word' id='word_1_580' title='bbox 1543 4429 1904 4493; x_wconf 82' lang='lat' dir='ltr'><strong>cooperantur</strong></span> <span class='ocrx_word' id='word_1_581' title='bbox 1983 4424 2042 4475; x_wconf 84' lang='lat' dir='ltr'><strong>in</strong></span> 
     </span>
    </p>
   </div>
   <div class='ocr_carea' id='block_1_79' title="bbox 389 4508 2040 4583">
    <p class='ocr_par' dir='ltr' id='par_1_79' title="bbox 389 4508 2040 4583">
     <span class='ocr_line' id='line_1_79' title="bbox 389 4508 2040 4583; baseline -0.001 -18"><span class='ocrx_word' id='word_1_582' title='bbox 389 4510 590 4566; x_wconf 86' lang='lat' dir='ltr'><strong>bonum</strong></span> <span class='ocrx_word' id='word_1_583' title='bbox 621 4511 791 4583; x_wconf 82' lang='lat' dir='ltr'><strong>(Rom.</strong></span> <span class='ocrx_word' id='word_1_584' title='bbox 827 4528 945 4578; x_wconf 84' lang='lat' dir='ltr'><strong>vm,</strong></span> <span class='ocrx_word' id='word_1_585' title='bbox 977 4511 1088 4583; x_wconf 84' lang='lat'><strong>28).</strong></span> <span class='ocrx_word' id='word_1_586' title='bbox 1125 4511 1213 4566; x_wconf 89' lang='lat' dir='ltr'><strong>Ira</strong></span> <span class='ocrx_word' id='word_1_587' title='bbox 1242 4509 1370 4582; x_wconf 89' lang='lat' dir='ltr'><strong>ipsa</strong></span> <span class='ocrx_word' id='word_1_588' title='bbox 1401 4514 1456 4565; x_wconf 90' lang='lat' dir='ltr'><strong>et</strong></span> <span class='ocrx_word' id='word_1_589' title='bbox 1507 4508 1708 4581; x_wconf 91' lang='lat' dir='ltr'><strong>libido,</strong></span> <span class='ocrx_word' id='word_1_590' title='bbox 1771 4515 1828 4566; x_wconf 93' lang='lat' dir='ltr'><strong>et</strong></span> <span class='ocrx_word' id='word_1_591' title='bbox 1882 4510 2040 4581; x_wconf 87' lang='lat' dir='ltr'><strong>inju-</strong></span> 
     </span>
    </p>
   </div>
   <div class='ocr_carea' id='block_1_80' title="bbox 2145 3347 3796 3421">
    <p class='ocr_par' dir='ltr' id='par_1_80' title="bbox 2145 3347 3796 3421">
     <span class='ocr_line' id='line_1_80' title="bbox 2145 3347 3796 3421; baseline 0.002 -20"><span class='ocrx_word' id='word_1_592' title='bbox 2145 3347 2488 3415; x_wconf 88' lang='lat' dir='ltr'><strong>deferretur,</strong></span> <span class='ocrx_word' id='word_1_593' title='bbox 2521 3364 2623 3403; x_wconf 89' lang='lat' dir='ltr'><strong>nec</strong></span> <span class='ocrx_word' id='word_1_594' title='bbox 2655 3353 2850 3419; x_wconf 89' lang='lat' dir='ltr'><strong>posset</strong></span> <span class='ocrx_word' id='word_1_595' title='bbox 2883 3349 2940 3402; x_wconf 89' lang='lat' dir='ltr'><strong>in</strong></span> <span class='ocrx_word' id='word_1_596' title='bbox 2972 3348 3142 3421; x_wconf 89' lang='lat' dir='ltr'><strong>plura</strong></span> <span class='ocrx_word' id='word_1_597' title='bbox 3191 3365 3391 3404; x_wconf 92' lang='lat' dir='ltr'><strong>vocem</strong></span> <span class='ocrx_word' id='word_1_598' title='bbox 3438 3349 3616 3404; x_wconf 88' lang='lat' dir='ltr'><strong>verba</strong></span> <span class='ocrx_word' id='word_1_599' title='bbox 3663 3365 3796 3406; x_wconf 87' lang='lat' dir='ltr'><strong>con-</strong></span> 
     </span>
    </p>
   </div>
   <div class='ocr_carea' id='block_1_81' title="bbox 2144 3435 3792 3510">
    <p class='ocr_par' dir='ltr' id='par_1_81' title="bbox 2144 3435 3792 3510">
     <span class='ocr_line' id='line_1_81' title="bbox 2144 3435 3792 3510; baseline 0.001 -19"><span class='ocrx_word' id='word_1_600' title='bbox 2144 3441 2352 3507; x_wconf 84' lang='lat' dir='ltr'><strong>texere,</strong></span> <span class='ocrx_word' id='word_1_601' title='bbox 2387 3435 2531 3491; x_wconf 90' lang='lat' dir='ltr'><strong>nihil</strong></span> <span class='ocrx_word' id='word_1_602' title='bbox 2593 3437 2751 3492; x_wconf 89' lang='lat' dir='ltr'><strong>aliud</strong></span> <span class='ocrx_word' id='word_1_603' title='bbox 2787 3453 2887 3508; x_wconf 88' lang='lat' dir='ltr'><strong>per</strong></span> <span class='ocrx_word' id='word_1_604' title='bbox 2943 3437 3206 3510; x_wconf 90' lang='lat' dir='ltr'><strong>singulas</strong></span> <span class='ocrx_word' id='word_1_605' title='bbox 3264 3437 3488 3493; x_wconf 89' lang='lat' dir='ltr'><strong>solebat</strong></span> <span class='ocrx_word' id='word_1_606' title='bbox 3536 3435 3792 3510; x_wconf 84' lang='lat' dir='ltr'><strong>proferre</strong></span> 
     </span>
    </p>
   </div>
   <div class='ocr_carea' id='block_1_82' title="bbox 2144 3525 3786 3598">
    <p class='ocr_par' dir='ltr' id='par_1_82' title="bbox 2144 3525 3786 3598">
     <span class='ocr_line' id='line_1_82' title="bbox 2144 3525 3786 3598; baseline 0.001 -18"><span class='ocrx_word' id='word_1_607' title='bbox 2144 3526 2435 3595; x_wconf 90' lang='lat' dir='ltr'><strong>collectas,</strong></span> <span class='ocrx_word' id='word_1_608' title='bbox 2495 3526 2605 3581; x_wconf 90' lang='lat' dir='ltr'><strong>nisi</strong></span> <span class='ocrx_word' id='word_1_609' title='bbox 2662 3527 2808 3584; x_wconf 90' lang='lat' dir='ltr'><strong>hoc:</strong></span> <span class='ocrx_word' id='word_1_610' title='bbox 2869 3525 3077 3592; x_wconf 89' lang='lat' dir='ltr'><strong>Filioli,</strong></span> <span class='ocrx_word' id='word_1_611' title='bbox 3136 3525 3359 3598; x_wconf 89' lang='lat' dir='ltr'><strong>diligite</strong></span> <span class='ocrx_word' id='word_1_612' title='bbox 3416 3526 3786 3584; x_wconf 90' lang='lat' dir='ltr'><strong>alterutrum.</strong></span> 
     </span>
    </p>
   </div>
   <div class='ocr_carea' id='block_1_83' title="bbox 2142 3615 3790 3687">
    <p class='ocr_par' dir='ltr' id='par_1_83' title="bbox 2142 3615 3790 3687">
     <span class='ocr_line' id='line_1_83' title="bbox 2142 3615 3790 3687; baseline 0.001 -17"><span class='ocrx_word' id='word_1_613' title='bbox 2142 3615 2398 3670; x_wconf 91' lang='lat' dir='ltr'><strong>Tandem</strong></span> <span class='ocrx_word' id='word_1_614' title='bbox 2462 3615 2733 3686; x_wconf 88' lang='lat' dir='ltr'><strong>discipuli</strong></span> <span class='ocrx_word' id='word_1_615' title='bbox 2793 3619 2849 3670; x_wconf 91' lang='lat' dir='ltr'><strong>et</strong></span> <span class='ocrx_word' id='word_1_616' title='bbox 2906 3617 3110 3670; x_wconf 79' lang='lat' dir='ltr'><strong>fratres</strong></span> <span class='ocrx_word' id='word_1_617' title='bbox 3168 3615 3263 3687; x_wconf 88' lang='lat' dir='ltr'><strong>qui</strong></span> <span class='ocrx_word' id='word_1_618' title='bbox 3323 3615 3586 3681; x_wconf 85' lang='lat' dir='ltr'><strong>aderant,</strong></span> <span class='ocrx_word' id='word_1_619' title='bbox 3619 3615 3790 3671; x_wconf 67' lang='lat' dir='ltr'><strong>taedio</strong></span> 
     </span>
    </p>
   </div>
   <div class='ocr_carea' id='block_1_84' title="bbox 2145 3695 3792 3777">
    <p class='ocr_par' dir='ltr' id='par_1_84' title="bbox 2145 3695 3792 3777">
     <span class='ocr_line' id='line_1_84' title="bbox 2145 3695 3792 3777; baseline 0.001 -17"><span class='ocrx_word' id='word_1_620' title='bbox 2145 3705 2355 3776; x_wconf 84' lang='lat' dir='ltr'><strong>alfecti,</strong></span> <span class='ocrx_word' id='word_1_621' title='bbox 2389 3706 2539 3776; x_wconf 90' lang='lat' dir='ltr'><strong>quod</strong></span> <span class='ocrx_word' id='word_1_622' title='bbox 2586 3705 2788 3760; x_wconf 88' lang='lat' dir='ltr'><strong>eadem</strong></span> <span class='ocrx_word' id='word_1_623' title='bbox 2849 3721 3080 3777; x_wconf 90' lang='lat' dir='ltr'><strong>semper</strong></span> <span class='ocrx_word' id='word_1_624' title='bbox 3129 3705 3424 3775; x_wconf 88' lang='lat' dir='ltr'><strong>audirent,</strong></span> <span class='ocrx_word' id='word_1_625' title='bbox 3483 3695 3792 3762; x_wconf 81' lang='lat' dir='ltr'><strong>dixerunt:</strong></span> 
     </span>
    </p>
   </div>
   <div class='ocr_carea' id='block_1_85' title="bbox 2147 3793 3796 3866">
    <p class='ocr_par' dir='ltr' id='par_1_85' title="bbox 2147 3793 3796 3866">
     <span class='ocr_line' id='line_1_85' title="bbox 2147 3793 3796 3866; baseline 0.001 -17"><span class='ocrx_word' id='word_1_626' title='bbox 2147 3795 2443 3866; x_wconf 88' lang='lat' dir='ltr'><strong>Magister,</strong></span> <span class='ocrx_word' id='word_1_627' title='bbox 2493 3810 2673 3866; x_wconf 89' lang='lat' dir='ltr'><strong>quare</strong></span> <span class='ocrx_word' id='word_1_628' title='bbox 2733 3811 2963 3866; x_wconf 91' lang='lat' dir='ltr'><strong>semper</strong></span> <span class='ocrx_word' id='word_1_629' title='bbox 3019 3793 3127 3850; x_wconf 90' lang='lat' dir='ltr'><strong>hoc</strong></span> <span class='ocrx_word' id='word_1_630' title='bbox 3185 3793 3488 3866; x_wconf 88' lang='lat' dir='ltr'><strong>loqueris?</strong></span> <span class='ocrx_word' id='word_1_631' title='bbox 3541 3794 3648 3858; x_wconf 91' lang='lat' dir='ltr'><strong>Qui</strong></span> <span class='ocrx_word' id='word_1_632' title='bbox 3705 3811 3796 3850; x_wconf 89' lang='lat' dir='ltr'><strong>re-</strong></span> 
     </span>
    </p>
   </div>
   <div class='ocr_carea' id='block_1_86' title="bbox 2146 3883 3796 3958">
    <p class='ocr_par' dir='ltr' id='par_1_86' title="bbox 2146 3883 3796 3958">
     <span class='ocr_line' id='line_1_86' title="bbox 2146 3883 3796 3958; baseline 0 -18"><span class='ocrx_word' id='word_1_633' title='bbox 2146 3883 2382 3956; x_wconf 86' lang='lat' dir='ltr'><strong>spondit</strong></span> <span class='ocrx_word' id='word_1_634' title='bbox 2423 3884 2663 3956; x_wconf 90' lang='lat' dir='ltr'><strong>dignam</strong></span> <span class='ocrx_word' id='word_1_635' title='bbox 2729 3884 2954 3940; x_wconf 85' lang='lat' dir='ltr'><strong>Joanne</strong></span> <span class='ocrx_word' id='word_1_636' title='bbox 3005 3885 3393 3940; x_wconf 91' lang='lat' dir='ltr'><strong>sententiam:</strong></span> <span class='ocrx_word' id='word_1_637' title='bbox 3448 3883 3593 3951; x_wconf 87' lang='lat' dir='ltr'><strong>Quia</strong></span> <span class='ocrx_word' id='word_1_638' title='bbox 3645 3901 3796 3958; x_wconf 79' lang='lat' dir='ltr'><strong>prae-</strong></span> 
     </span>
    </p>
   </div>
   <div class='ocr_carea' id='block_1_87' title="bbox 2147 3972 3800 4044">
    <p class='ocr_par' dir='ltr' id='par_1_87' title="bbox 2147 3972 3800 4044">
     <span class='ocr_line' id='line_1_87' title="bbox 2147 3972 3800 4044; baseline 0.001 -17"><span class='ocrx_word' id='word_1_639' title='bbox 2147 3976 2376 4044; x_wconf 89' lang='lat' dir='ltr'><strong>ceptum</strong></span> <span class='ocrx_word' id='word_1_640' title='bbox 2411 3973 2640 4028; x_wconf 90' lang='lat' dir='ltr'><strong>Domini</strong></span> <span class='ocrx_word' id='word_1_641' title='bbox 2669 3979 2781 4040; x_wconf 91' lang='lat' dir='ltr'><strong>est,</strong></span> <span class='ocrx_word' id='word_1_642' title='bbox 2812 3980 2867 4029; x_wconf 91' lang='lat' dir='ltr'><strong>ct</strong></span> <span class='ocrx_word' id='word_1_643' title='bbox 2899 3973 2945 4029; x_wconf 91' lang='lat' dir='ltr'><strong>si</strong></span> <span class='ocrx_word' id='word_1_644' title='bbox 2988 3972 3180 4028; x_wconf 90' lang='lat' dir='ltr'><strong>solum</strong></span> <span class='ocrx_word' id='word_1_645' title='bbox 3233 3974 3350 4042; x_wconf 85' lang='lat' dir='ltr'><strong>fiat,</strong></span> <span class='ocrx_word' id='word_1_646' title='bbox 3411 3973 3648 4029; x_wconf 86' lang='lat' dir='ltr'><strong>sufﬁcit.</strong></span> <span class='ocrx_word' id='word_1_647' title='bbox 3680 3973 3800 4029; x_wconf 87' lang='lat' dir='ltr'><strong>Hoc</strong></span> 
     </span>
    </p>
   </div>
   <div class='ocr_carea' id='block_1_88' title="bbox 2148 4062 3806 4133">
    <p class='ocr_par' dir='ltr' id='par_1_88' title="bbox 2148 4062 3806 4133">
     <span class='ocr_line' id='line_1_88' title="bbox 2148 4062 3806 4133; baseline 0 -17"><span class='ocrx_word' id='word_1_648' title='bbox 2148 4066 2383 4133; x_wconf 89' lang='lat' dir='ltr'><strong>propter</strong></span> <span class='ocrx_word' id='word_1_649' title='bbox 2446 4078 2697 4133; x_wconf 59' lang='lat' dir='ltr'><strong>praesens</strong></span> <span class='ocrx_word' id='word_1_650' title='bbox 2747 4062 3012 4132; x_wconf 84' lang='lat' dir='ltr'><strong>Apostoli</strong></span> <span class='ocrx_word' id='word_1_651' title='bbox 3067 4062 3451 4118; x_wconf 85' lang='lat' dir='ltr'><strong>mandatum:</strong></span> <span class='ocrx_word' id='word_1_652' title='bbox 3505 4063 3806 4132; x_wconf 88' lang='lat' dir='ltr'><strong>Operemur</strong></span> 
     </span>
    </p>
   </div>
   <div class='ocr_carea' id='block_1_89' title="bbox 2149 4149 3802 4208">
    <p class='ocr_par' dir='ltr' id='par_1_89' title="bbox 2149 4149 3802 4208">
     <span class='ocr_line' id='line_1_89' title="bbox 2149 4149 3802 4208; baseline 0 -2"><span class='ocrx_word' id='word_1_653' title='bbox 2149 4153 2350 4206; x_wconf 85' lang='lat' dir='ltr'><strong>bonum</strong></span> <span class='ocrx_word' id='word_1_654' title='bbox 2405 4151 2479 4205; x_wconf 80' lang='lat' dir='ltr'><strong>att</strong></span> <span class='ocrx_word' id='word_1_655' title='bbox 2525 4166 2744 4206; x_wconf 86' lang='lat' dir='ltr'><strong>omnes:</strong></span> <span class='ocrx_word' id='word_1_656' title='bbox 2818 4152 3064 4206; x_wconf 74' lang='lat' dir='ltr'><strong>maxime</strong></span> <span class='ocrx_word' id='word_1_657' title='bbox 3109 4155 3296 4206; x_wconf 89' lang='lat' dir='ltr'><strong>autem</strong></span> <span class='ocrx_word' id='word_1_658' title='bbox 3353 4149 3430 4205; x_wconf 86' lang='lat' dir='ltr'><strong>ad</strong></span> <span class='ocrx_word' id='word_1_659' title='bbox 3487 4150 3802 4208; x_wconf 83' lang='lat' dir='ltr'><strong>domesticos</strong></span> 
     </span>
    </p>
   </div>
   <div class='ocr_carea' id='block_1_90' title="bbox 2148 4239 2298 4310">
    <p class='ocr_par' dir='ltr' id='par_1_90' title="bbox 2148 4239 2298 4310">
     <span class='ocr_line' id='line_1_90' title="bbox 2148 4239 2298 4310; baseline 0.007 -16"><span class='ocrx_word' id='word_1_660' title='bbox 2148 4239 2298 4310; x_wconf 80' lang='lat' dir='ltr'><strong>ﬁdei.</strong></span> 
     </span>
    </p>
   </div>
   <div class='ocr_carea' id='block_1_91' title="bbox 2219 4327 3815 4402">
    <p class='ocr_par' dir='ltr' id='par_1_91' title="bbox 2219 4327 3815 4402">
     <span class='ocr_line' id='line_1_91' title="bbox 2219 4327 3815 4402; baseline 0.003 -20"><span class='ocrx_word' id='word_1_661' title='bbox 2219 4329 2406 4399; x_wconf 88' lang='lat' dir='ltr'><strong>(Vers.</strong></span> <span class='ocrx_word' id='word_1_662' title='bbox 2443 4329 2554 4394; x_wconf 66' lang='lat' dir='ltr'><strong>ll.)</strong></span> <span class='ocrx_word' id='word_1_663' title='bbox 2583 4352 2608 4378; x_wconf 90' lang='grc'><strong>‹‹</strong></span> <span class='ocrx_word' id='word_1_664' title='bbox 2643 4329 2845 4384; x_wconf 88' lang='lat' dir='ltr'><strong>Videte</strong></span> <span class='ocrx_word' id='word_1_665' title='bbox 2876 4329 3152 4400; x_wconf 89' lang='lat' dir='ltr'><strong>qualibus</strong></span> <span class='ocrx_word' id='word_1_666' title='bbox 3205 4327 3416 4384; x_wconf 89' lang='lat' dir='ltr'><strong>litteris</strong></span> <span class='ocrx_word' id='word_1_667' title='bbox 3471 4328 3680 4402; x_wconf 90' lang='lat' dir='ltr'><strong>scripsi</strong></span> <span class='ocrx_word' id='word_1_668' title='bbox 3714 4346 3815 4386; x_wconf 84' lang='lat' dir='ltr'><strong>vo-</strong></span> 
     </span>
    </p>
   </div>
   <div class='ocr_carea' id='block_1_92' title="bbox 2150 4416 3809 4490">
    <p class='ocr_par' dir='ltr' id='par_1_92' title="bbox 2150 4416 3809 4490">
     <span class='ocr_line' id='line_1_92' title="bbox 2150 4416 3809 4490; baseline 0.001 -16"><span class='ocrx_word' id='word_1_669' title='bbox 2150 4418 2240 4474; x_wconf 91' lang='lat' dir='ltr'><strong>bis</strong></span> <span class='ocrx_word' id='word_1_670' title='bbox 2273 4435 2401 4474; x_wconf 90' lang='lat' dir='ltr'><strong>mea</strong></span> <span class='ocrx_word' id='word_1_671' title='bbox 2434 4435 2632 4474; x_wconf 88' lang='lat' dir='ltr'><strong>manu.</strong></span> <span class='ocrx_word' id='word_1_672' title='bbox 2671 4442 2696 4467; x_wconf 86' lang='grc'><strong>››</strong></span> <span class='ocrx_word' id='word_1_673' title='bbox 2731 4419 2797 4473; x_wconf 84' lang='lat' dir='ltr'><strong>Hi</strong></span> <span class='ocrx_word' id='word_1_674' title='bbox 2831 4419 2929 4490; x_wconf 91' lang='lat' dir='ltr'><strong>qui</strong></span> <span class='ocrx_word' id='word_1_675' title='bbox 2977 4416 3319 4473; x_wconf 90' lang='lat' dir='ltr'><strong>circumcidi</strong></span> <span class='ocrx_word' id='word_1_676' title='bbox 3373 4417 3607 4475; x_wconf 88' lang='lat' dir='ltr'><strong>Galatas</strong></span> <span class='ocrx_word' id='word_1_677' title='bbox 3655 4418 3809 4476; x_wconf 75' lang='lat' dir='ltr'><strong>vole~</strong></span> 
     </span>
    </p>
   </div>
   <div class='ocr_carea' id='block_1_93' title="bbox 2151 4507 3808 4578">
    <p class='ocr_par' dir='ltr' id='par_1_93' title="bbox 2151 4507 3808 4578">
     <span class='ocr_line' id='line_1_93' title="bbox 2151 4507 3808 4578; baseline 0.001 -15"><span class='ocrx_word' id='word_1_678' title='bbox 2151 4509 2312 4574; x_wconf 89' lang='lat' dir='ltr'><strong>bant,</strong></span> <span class='ocrx_word' id='word_1_679' title='bbox 2363 4507 2889 4564; x_wconf 86' lang='lat' dir='ltr'><strong>disseminaverant</strong></span> <span class='ocrx_word' id='word_1_680' title='bbox 2945 4507 3060 4563; x_wconf 90' lang='lat' dir='ltr'><strong>alia</strong></span> <span class='ocrx_word' id='word_1_681' title='bbox 3121 4507 3366 4564; x_wconf 88' lang='lat' dir='ltr'><strong>Paulum</strong></span> <span class='ocrx_word' id='word_1_682' title='bbox 3423 4509 3633 4578; x_wconf 90' lang='lat' dir='ltr'><strong>facere,</strong></span> <span class='ocrx_word' id='word_1_683' title='bbox 3693 4508 3808 4566; x_wconf 85' lang='lat' dir='ltr'><strong>alia</strong></span> 
     </span>
    </p>
   </div>
   <div class='ocr_carea' id='block_1_94' title="bbox 387 4597 3804 4684">
    <p class='ocr_par' dir='ltr' id='par_1_94' title="bbox 387 4597 3804 4684">
     <span class='ocr_line' id='line_1_94' title="bbox 387 4597 3804 4684; baseline 0 -30"><span class='ocrx_word' id='word_1_684' title='bbox 387 4599 474 4654; x_wconf 89' lang='lat' dir='ltr'><strong>ria</strong></span> <span class='ocrx_word' id='word_1_685' title='bbox 503 4617 630 4673; x_wconf 67' lang='lat' dir='ltr'><strong>quae</strong></span> <span class='ocrx_word' id='word_1_686' title='bbox 681 4601 972 4656; x_wconf 87' lang='lat' dir='ltr'><strong>desiderat</strong></span> <span class='ocrx_word' id='word_1_687' title='bbox 1022 4599 1323 4664; x_wconf 88' lang='lat' dir='ltr'><strong>ultionem,</strong></span> <span class='ocrx_word' id='word_1_688' title='bbox 1384 4599 1433 4654; x_wconf 91' lang='lat' dir='ltr'><strong>si</strong></span> <span class='ocrx_word' id='word_1_689' title='bbox 1485 4615 1576 4654; x_wconf 92' lang='lat' dir='ltr'><strong>me</strong></span> <span class='ocrx_word' id='word_1_690' title='bbox 1635 4599 1957 4655; x_wconf 84' lang='lat' dir='ltr'><strong>refrenem:</strong></span> <span class='ocrx_word' id='word_1_691' title='bbox 1991 4599 2039 4655; x_wconf 91' lang='lat' dir='ltr'><strong>si</strong></span> <span class='ocrx_word' id='word_1_692' title='bbox 2073 4620 2120 4684; x_wconf 68' lang='grc' dir='ltr'>Ι)</span> <span class='ocrx_word' id='word_1_693' title='bbox 2153 4597 2484 4669; x_wconf 68' lang='lat' dir='ltr'><strong>praedicare,</strong></span> <span class='ocrx_word' id='word_1_694' title='bbox 2545 4603 2602 4652; x_wconf 89' lang='lat' dir='ltr'><strong>et</strong></span> <span class='ocrx_word' id='word_1_695' title='bbox 2657 4614 2764 4652; x_wconf 89' lang='lat' dir='ltr'><strong>suo</strong></span> <span class='ocrx_word' id='word_1_696' title='bbox 2813 4614 2983 4671; x_wconf 90' lang='lat' dir='ltr'><strong>opere</strong></span> <span class='ocrx_word' id='word_1_697' title='bbox 3042 4599 3393 4654; x_wconf 80' lang='lat' dir='ltr'><strong>destruere‘</strong></span> <span class='ocrx_word' id='word_1_698' title='bbox 3452 4615 3804 4678; x_wconf 80' lang='lat' dir='ltr'><strong>sermonem,</strong></span> 
     </span>
    </p>
   </div>
   <div class='ocr_carea' id='block_1_95' title="bbox 387 4687 2038 4762">
    <p class='ocr_par' dir='ltr' id='par_1_95' title="bbox 387 4687 2038 4762">
     <span class='ocr_line' id='line_1_95' title="bbox 387 4687 2038 4762; baseline 0 -18"><span class='ocrx_word' id='word_1_699' title='bbox 387 4695 622 4762; x_wconf 89' lang='lat' dir='ltr'><strong>propter</strong></span> <span class='ocrx_word' id='word_1_700' title='bbox 652 4689 836 4745; x_wconf 91' lang='lat' dir='ltr'><strong>Deum</strong></span> <span class='ocrx_word' id='word_1_701' title='bbox 871 4695 1130 4746; x_wconf 89' lang='lat' dir='ltr'><strong>taceam:</strong></span> <span class='ocrx_word' id='word_1_702' title='bbox 1164 4688 1210 4744; x_wconf 88' lang='lat' dir='ltr'><strong>sl</strong></span> <span class='ocrx_word' id='word_1_703' title='bbox 1265 4703 1368 4761; x_wconf 89' lang='lat' dir='ltr'><strong>per</strong></span> <span class='ocrx_word' id='word_1_704' title='bbox 1405 4687 1669 4761; x_wconf 88' lang='lat' dir='ltr'><strong>singulos</strong></span> <span class='ocrx_word' id='word_1_705' title='bbox 1700 4687 2038 4744; x_wconf 88' lang='lat' dir='ltr'><strong>commotio-</strong></span> 
     </span>
    </p>
   </div>
   <div class='ocr_carea' id='block_1_96' title="bbox 391 4775 2042 4847">
    <p class='ocr_par' dir='ltr' id='par_1_96' title="bbox 391 4775 2042 4847">
     <span class='ocr_line' id='line_1_96' title="bbox 391 4775 2042 4847; baseline 0 -16"><span class='ocrx_word' id='word_1_706' title='bbox 391 4776 481 4833; x_wconf 91' lang='lat' dir='ltr'><strong>nis</strong></span> <span class='ocrx_word' id='word_1_707' title='bbox 512 4777 766 4845; x_wconf 89' lang='lat' dir='ltr'><strong>aculeos,</strong></span> <span class='ocrx_word' id='word_1_708' title='bbox 816 4781 874 4833; x_wconf 90' lang='lat' dir='ltr'><strong>et</strong></span> <span class='ocrx_word' id='word_1_709' title='bbox 930 4777 1222 4832; x_wconf 87' lang='lat' dir='ltr'><strong>incentiva</strong></span> <span class='ocrx_word' id='word_1_710' title='bbox 1277 4776 1570 4843; x_wconf 83' lang='lat' dir='ltr'><strong>vitiorum,</strong></span> <span class='ocrx_word' id='word_1_711' title='bbox 1636 4775 1731 4830; x_wconf 91' lang='lat' dir='ltr'><strong>Dei</strong></span> <span class='ocrx_word' id='word_1_712' title='bbox 1790 4775 2042 4847; x_wconf 87' lang='lat' dir='ltr'><strong>desuper</strong></span> 
     </span>
    </p>
   </div>
   <div class='ocr_carea' id='block_1_97' title="bbox 390 4863 2041 4936">
    <p class='ocr_par' dir='ltr' id='par_1_97' title="bbox 390 4863 2041 4936">
     <span class='ocr_line' id='line_1_97' title="bbox 390 4863 2041 4936; baseline -0.001 -15"><span class='ocrx_word' id='word_1_713' title='bbox 390 4882 482 4922; x_wconf 89' lang='lat' dir='ltr'><strong>me</strong></span> <span class='ocrx_word' id='word_1_714' title='bbox 510 4865 761 4922; x_wconf 90' lang='lat' dir='ltr'><strong>videntis</strong></span> <span class='ocrx_word' id='word_1_715' title='bbox 811 4867 1097 4936; x_wconf 91' lang='lat' dir='ltr'><strong>recorder,</strong></span> <span class='ocrx_word' id='word_1_716' title='bbox 1151 4867 1302 4922; x_wconf 87' lang='lat' dir='ltr'><strong>fiunt</strong></span> <span class='ocrx_word' id='word_1_717' title='bbox 1354 4864 1495 4920; x_wconf 89' lang='lat' dir='ltr'><strong>mihi</strong></span> <span class='ocrx_word' id='word_1_718' title='bbox 1552 4864 1780 4921; x_wconf 90' lang='lat' dir='ltr'><strong>occasio</strong></span> <span class='ocrx_word' id='word_1_719' title='bbox 1832 4863 2041 4920; x_wconf 87' lang='lat' dir='ltr'><strong>trium-</strong></span> 
     </span>
    </p>
   </div>
   <div class='ocr_carea' id='block_1_98' title="bbox 388 4953 2040 5028">
    <p class='ocr_par' dir='ltr' id='par_1_98' title="bbox 388 4953 2040 5028">
     <span class='ocr_line' id='line_1_98' title="bbox 388 4953 2040 5028; baseline -0.001 -18"><span class='ocrx_word' id='word_1_720' title='bbox 388 4955 662 5026; x_wconf 90' lang='lat' dir='ltr'><strong>phorum.</strong></span> <span class='ocrx_word' id='word_1_721' title='bbox 698 4956 778 5014; x_wconf 89' lang='lat' dir='ltr'><strong>Ne</strong></span> <span class='ocrx_word' id='word_1_722' title='bbox 807 4955 1076 5011; x_wconf 86' lang='lat' dir='ltr'><strong>dicamus</strong></span> <span class='ocrx_word' id='word_1_723' title='bbox 1124 4956 1182 5010; x_wconf 92' lang='lat' dir='ltr'><strong>in</strong></span> <span class='ocrx_word' id='word_1_724' title='bbox 1234 4955 1577 5028; x_wconf 87' lang='lat' dir='ltr'><strong>largiendo:</strong></span> <span class='ocrx_word' id='word_1_725' title='bbox 1631 4953 1733 5011; x_wconf 93' lang='lat' dir='ltr'><strong>llle</strong></span> <span class='ocrx_word' id='word_1_726' title='bbox 1779 4963 1861 5010; x_wconf 87' lang='lat' dir='ltr'><strong>est</strong></span> <span class='ocrx_word' id='word_1_727' title='bbox 1896 4954 2040 5009; x_wconf 91' lang='lat' dir='ltr'><strong>ami-</strong></span> 
     </span>
    </p>
   </div>
   <div class='ocr_carea' id='block_1_99' title="bbox 390 5043 2038 5116">
    <p class='ocr_par' dir='ltr' id='par_1_99' title="bbox 390 5043 2038 5116">
     <span class='ocr_line' id='line_1_99' title="bbox 390 5043 2038 5116; baseline 0.001 -18"><span class='ocrx_word' id='word_1_728' title='bbox 390 5059 514 5111; x_wconf 90' lang='lat' dir='ltr'><strong>cus,</strong></span> <span class='ocrx_word' id='word_1_729' title='bbox 547 5044 704 5100; x_wconf 89' lang='lat' dir='ltr'><strong>hunc</strong></span> <span class='ocrx_word' id='word_1_730' title='bbox 753 5045 986 5101; x_wconf 88' lang='lat' dir='ltr'><strong>nescio:</strong></span> <span class='ocrx_word' id='word_1_731' title='bbox 1038 5043 1133 5100; x_wconf 87' lang='lat' dir='ltr'><strong>hic</strong></span> <span class='ocrx_word' id='word_1_732' title='bbox 1182 5045 1352 5100; x_wconf 84' lang='lat' dir='ltr'><strong>debet</strong></span> <span class='ocrx_word' id='word_1_733' title='bbox 1403 5045 1685 5116; x_wconf 87' lang='lat' dir='ltr'><strong>accipere,</strong></span> <span class='ocrx_word' id='word_1_734' title='bbox 1745 5044 1854 5100; x_wconf 89' lang='lat' dir='ltr'><strong>iste</strong></span> <span class='ocrx_word' id='word_1_735' title='bbox 1904 5061 2038 5100; x_wconf 90' lang='lat' dir='ltr'><strong>con-</strong></span> 
     </span>
    </p>
   </div>
   <div class='ocr_carea' id='block_1_100' title="bbox 389 5132 2041 5204">
    <p class='ocr_par' dir='ltr' id='par_1_100' title="bbox 389 5132 2041 5204">
     <span class='ocr_line' id='line_1_100' title="bbox 389 5132 2041 5204; baseline 0.002 -18"><span class='ocrx_word' id='word_1_736' title='bbox 389 5133 593 5187; x_wconf 89' lang='lat' dir='ltr'><strong>temni.</strong></span> <span class='ocrx_word' id='word_1_737' title='bbox 625 5133 931 5189; x_wconf 89' lang='lat' dir='ltr'><strong>Imitemur</strong></span> <span class='ocrx_word' id='word_1_738' title='bbox 960 5135 1188 5190; x_wconf 90' lang='lat' dir='ltr'><strong>Patrem</strong></span> <span class='ocrx_word' id='word_1_739' title='bbox 1217 5139 1504 5201; x_wconf 91' lang='lat' dir='ltr'><strong>nostrum,</strong></span> <span class='ocrx_word' id='word_1_740' title='bbox 1531 5133 1628 5204; x_wconf 93' lang='lat' dir='ltr'><strong>qui</strong></span> <span class='ocrx_word' id='word_1_741' title='bbox 1661 5132 1842 5189; x_wconf 91' lang='lat' dir='ltr'><strong>solem</strong></span> <span class='ocrx_word' id='word_1_742' title='bbox 1866 5150 2041 5189; x_wconf 90' lang='lat' dir='ltr'><strong>suum</strong></span> 
     </span>
    </p>
   </div>
   <div class='ocr_carea' id='block_1_101' title="bbox 389 5220 2044 5296">
    <p class='ocr_par' dir='ltr' id='par_1_101' title="bbox 389 5220 2044 5296">
     <span class='ocr_line' id='line_1_101' title="bbox 389 5220 2044 5296; baseline 0.002 -21"><span class='ocrx_word' id='word_1_743' title='bbox 389 5220 526 5276; x_wconf 87' lang='lat' dir='ltr'><strong>oriri</strong></span> <span class='ocrx_word' id='word_1_744' title='bbox 561 5221 697 5278; x_wconf 81' lang='lat' dir='ltr'><strong>facit</strong></span> <span class='ocrx_word' id='word_1_745' title='bbox 724 5240 901 5296; x_wconf 91' lang='lat' dir='ltr'><strong>super</strong></span> <span class='ocrx_word' id='word_1_746' title='bbox 957 5223 1141 5280; x_wconf 91' lang='lat' dir='ltr'><strong>bonos</strong></span> <span class='ocrx_word' id='word_1_747' title='bbox 1171 5227 1230 5280; x_wconf 92' lang='lat' dir='ltr'><strong>et</strong></span> <span class='ocrx_word' id='word_1_748' title='bbox 1286 5222 1494 5294; x_wconf 90' lang='lat' dir='ltr'><strong>malos,</strong></span> <span class='ocrx_word' id='word_1_749' title='bbox 1549 5226 1607 5278; x_wconf 91' lang='lat' dir='ltr'><strong>et</strong></span> <span class='ocrx_word' id='word_1_750' title='bbox 1660 5220 1810 5294; x_wconf 88' lang='lat' dir='ltr'><strong>pluit</strong></span> <span class='ocrx_word' id='word_1_751' title='bbox 1867 5237 2044 5294; x_wconf 92' lang='lat' dir='ltr'><strong>super</strong></span> 
     </span>
    </p>
   </div>
   <div class='ocr_carea' id='block_1_102' title="bbox 463 5346 2044 5422">
    <p class='ocr_par' dir='ltr' id='par_1_102' title="bbox 463 5346 2044 5422">
     <span class='ocr_line' id='line_1_102' title="bbox 463 5346 2044 5422; baseline 0 -20"><span class='ocrx_word' id='word_1_752' title='bbox 463 5348 671 5403; x_wconf 70' lang='lat' dir='ltr'><strong>‘ldem</strong></span> <span class='ocrx_word' id='word_1_753' title='bbox 707 5365 839 5418; x_wconf 75' lang='lat' dir='ltr'><strong>nis.,</strong></span> <span class='ocrx_word' id='word_1_754' title='bbox 875 5351 1021 5422; x_wconf 85' lang='lat' dir='ltr'><strong>quod</strong></span> <span class='ocrx_word' id='word_1_755' title='bbox 1073 5349 1351 5420; x_wconf 87' lang='lat' dir='ltr'><strong>scribitur,</strong></span> <span class='ocrx_word' id='word_1_756' title='bbox 1412 5346 1553 5420; x_wconf 87' lang='lat' dir='ltr'><strong>quod</strong></span> <span class='ocrx_word' id='word_1_757' title='bbox 1605 5347 1847 5413; x_wconf 87' lang='lat' dir='ltr'><strong>emendo,</strong></span> <span class='ocrx_word' id='word_1_758' title='bbox 1899 5347 2044 5418; x_wconf 88' lang='lat' dir='ltr'><strong>quod</strong></span> 
     </span>
    </p>
   </div>
   <div class='ocr_carea' id='block_1_103' title="bbox 387 5420 2046 5580">
    <p class='ocr_par' dir='ltr' id='par_1_103' title="bbox 387 5420 2046 5580">
     <span class='ocr_line' id='line_1_103' title="bbox 387 5420 1660 5475; baseline -0.008 0"><span class='ocrx_word' id='word_1_759' title='bbox 387 5420 436 5475; x_wconf 82' lang='lat' dir='ltr'><strong>te</strong></span> <span class='ocrx_word' id='word_1_760' title='bbox 476 5435 524 5475; x_wconf 89' lang='grc' dir='ltr'><strong>ο.</strong></span> <span class='ocrx_word' id='word_1_761' title='bbox 884 5420 899 5422; x_wconf 66' lang='grc'>’</span> <span class='ocrx_word' id='word_1_762' title='bbox 1653 5459 1660 5465; x_wconf 90' lang='grc'><strong><em>.</em></strong></span> 
     </span>
     <span class='ocr_line' id='line_1_104' title="bbox 438 5437 2046 5580; baseline 0.001 -36"><span class='ocrx_word' id='word_1_763' title='bbox 438 5437 478 5525; x_wconf 63' lang='lat'><strong>9&#39;</strong></span> <span class='ocrx_word' id='word_1_764' title='bbox 506 5491 740 5580; x_wconf 72' lang='lat' dir='ltr'><strong>Vocem,</strong></span> <span class='ocrx_word' id='word_1_765' title='bbox 770 5509 907 5561; x_wconf 88' lang='lat' dir='ltr'><strong>sero,</strong></span> <span class='ocrx_word' id='word_1_766' title='bbox 935 5509 1086 5580; x_wconf 57' lang='lat' dir='ltr'><strong>mss.</strong></span> <span class='ocrx_word' id='word_1_767' title='bbox 1117 5491 1301 5580; x_wconf 71' lang='lat' dir='ltr'><strong>nostri</strong></span> <span class='ocrx_word' id='word_1_768' title='bbox 1351 5509 1465 5580; x_wconf 70' lang='lat' dir='ltr'><strong>pen</strong></span> <span class='ocrx_word' id='word_1_769' title='bbox 1515 5495 1864 5580; x_wconf 58' lang='lat' dir='ltr'><strong>agnoscunt.</strong></span> <span class='ocrx_word' id='word_1_770' title='bbox 1919 5495 2046 5545; x_wconf 82' lang='lat' dir='ltr'><strong>Mox</strong></span> 
     </span>
    </p>
   </div>
   <div class='ocr_carea' id='block_1_104' title="bbox 388 5562 2040 5708">
    <p class='ocr_par' dir='ltr' id='par_1_104' title="bbox 388 5562 2040 5708">
     <span class='ocr_line' id='line_1_105' title="bbox 388 5562 1744 5637; baseline -0.001 -19"><span class='ocrx_word' id='word_1_771' title='bbox 388 5579 621 5637; x_wconf 88' lang='lat' dir='ltr'><strong>quoque</strong></span> <span class='ocrx_word' id='word_1_772' title='bbox 640 5562 864 5637; x_wconf 84' lang='lat' dir='ltr'><strong>legunt,</strong></span> <span class='ocrx_word' id='word_1_773' title='bbox 900 5565 1105 5630; x_wconf 72' lang='lat' dir='ltr'><strong>Amici,</strong></span> <span class='ocrx_word' id='word_1_774' title='bbox 1147 5564 1304 5620; x_wconf 86' lang='lat' dir='ltr'><strong>hodie</strong></span> <span class='ocrx_word' id='word_1_775' title='bbox 1332 5564 1480 5619; x_wconf 85' lang='lat' dir='ltr'><strong>diem</strong></span> <span class='ocrx_word' id='word_1_776' title='bbox 1505 5562 1744 5634; x_wconf 79' lang='lat' dir='ltr'><strong>perdidi.</strong></span> 
     </span>
     <span class='ocr_line' id='line_1_106' title="bbox 396 5636 2040 5708; baseline -0.002 -16"><span class='ocrx_word' id='word_1_777' title='bbox 396 5707 402 5708; x_wconf 15' lang='grc' dir='ltr'><em>γ</em></span> <span class='ocrx_word' id='word_1_778' title='bbox 457 5636 478 5670; x_wconf 81' lang='grc'><strong>³</strong></span> <span class='ocrx_word' id='word_1_779' title='bbox 507 5639 741 5692; x_wconf 86' lang='lat' dir='ltr'><strong>Annum</strong></span> <span class='ocrx_word' id='word_1_780' title='bbox 776 5637 998 5692; x_wconf 88' lang='lat' dir='ltr'><strong>scilicet</strong></span> <span class='ocrx_word' id='word_1_781' title='bbox 1026 5637 1239 5708; x_wconf 81' lang='lat' dir='ltr'><strong>agebat</strong></span> <span class='ocrx_word' id='word_1_782' title='bbox 1261 5636 1705 5708; x_wconf 86' lang='lat' dir='ltr'><strong>nonagesimum</strong></span> <span class='ocrx_word' id='word_1_783' title='bbox 1739 5637 2040 5708; x_wconf 80' lang='lat' dir='ltr'><strong>quartum,</strong></span> 
     </span>
    </p>
   </div>
   <div class='ocr_carea' id='block_1_105' title="bbox 381 5705 2044 5784">
    <p class='ocr_par' dir='ltr' id='par_1_105' title="bbox 381 5705 2044 5784">
     <span class='ocr_line' id='line_1_107' title="bbox 381 5705 2044 5784; baseline 0.001 -21"><span class='ocrx_word' id='word_1_784' title='bbox 381 5707 552 5784; x_wconf 80' lang='lat' dir='ltr'><strong>juxta</strong></span> <span class='ocrx_word' id='word_1_785' title='bbox 582 5708 894 5783; x_wconf 86' lang='lat' dir='ltr'><strong>Epiphanii</strong></span> <span class='ocrx_word' id='word_1_786' title='bbox 927 5705 1184 5765; x_wconf 46' lang='lat' dir='ltr'><strong>ratio‘nes</strong></span> <span class='ocrx_word' id='word_1_787' title='bbox 1210 5706 1309 5763; x_wconf 89' lang='lat' dir='ltr'><strong>lib.</strong></span> <span class='ocrx_word' id='word_1_788' title='bbox 1344 5724 1383 5780; x_wconf 83' lang='lat'><strong>1,</strong></span> <span class='ocrx_word' id='word_1_789' title='bbox 1416 5705 1543 5781; x_wconf 76' lang='lat' dir='ltr'><strong>cap.</strong></span> <span class='ocrx_word' id='word_1_790' title='bbox 1598 5708 1684 5762; x_wconf 85' lang='lat'><strong>12.</strong></span> <span class='ocrx_word' id='word_1_791' title='bbox 1733 5705 1940 5763; x_wconf 84' lang='lat' dir='ltr'><strong>Confer</strong></span> <span class='ocrx_word' id='word_1_792' title='bbox 1987 5709 2044 5764; x_wconf 85' lang='lat' dir='ltr'><strong>et</strong></span> 
     </span>
    </p>
   </div>
   <div class='ocr_carea' id='block_1_106' title="bbox 2153 4685 3808 4761">
    <p class='ocr_par' dir='ltr' id='par_1_106' title="bbox 2153 4685 3808 4761">
     <span class='ocr_line' id='line_1_108' title="bbox 2153 4685 3808 4761; baseline 0.004 -22"><span class='ocrx_word' id='word_1_793' title='bbox 2153 4686 2306 4757; x_wconf 91' lang='lat' dir='ltr'><strong>quod</strong></span> <span class='ocrx_word' id='word_1_794' title='bbox 2340 4687 2435 4757; x_wconf 87' lang='lat' dir='ltr'><strong>qui</strong></span> <span class='ocrx_word' id='word_1_795' title='bbox 2470 4685 2656 4758; x_wconf 87' lang='lat' dir='ltr'><strong>legem</strong></span> <span class='ocrx_word' id='word_1_796' title='bbox 2689 4691 2977 4742; x_wconf 90' lang='lat' dir='ltr'><strong>assereret</strong></span> <span class='ocrx_word' id='word_1_797' title='bbox 3011 4687 3311 4757; x_wconf 88' lang='lat' dir='ltr'><strong>abolitam,</strong></span> <span class='ocrx_word' id='word_1_798' title='bbox 3361 4688 3484 4761; x_wconf 88' lang='lat' dir='ltr'><strong>ipse</strong></span> <span class='ocrx_word' id='word_1_799' title='bbox 3514 4689 3808 4746; x_wconf 87' lang='lat' dir='ltr'><strong>invenire-</strong></span> 
     </span>
    </p>
   </div>
   <div class='ocr_carea' id='block_1_107' title="bbox 2151 4773 3806 4852">
    <p class='ocr_par' dir='ltr' id='par_1_107' title="bbox 2151 4773 3806 4852">
     <span class='ocr_line' id='line_1_109' title="bbox 2151 4773 3806 4852; baseline 0.003 -22"><span class='ocrx_word' id='word_1_800' title='bbox 2151 4781 2248 4830; x_wconf 88' lang='lat' dir='ltr'><strong>tur</strong></span> <span class='ocrx_word' id='word_1_801' title='bbox 2276 4775 2336 4829; x_wconf 89' lang='lat' dir='ltr'><strong>in</strong></span> <span class='ocrx_word' id='word_1_802' title='bbox 2368 4773 2512 4848; x_wconf 88' lang='lat' dir='ltr'><strong>lege.</strong></span> <span class='ocrx_word' id='word_1_803' title='bbox 2578 4778 2730 4831; x_wconf 88' lang='lat' dir='ltr'><strong>llanc</strong></span> <span class='ocrx_word' id='word_1_804' title='bbox 2790 4777 3146 4848; x_wconf 83' lang='lat' dir='ltr'><strong>Opinionem,</strong></span> <span class='ocrx_word' id='word_1_805' title='bbox 3211 4777 3352 4849; x_wconf 90' lang='lat' dir='ltr'><strong>quia</strong></span> <span class='ocrx_word' id='word_1_806' title='bbox 3408 4795 3522 4834; x_wconf 91' lang='lat' dir='ltr'><strong>non</strong></span> <span class='ocrx_word' id='word_1_807' title='bbox 3577 4783 3806 4852; x_wconf 83' lang='lat' dir='ltr'><strong>poterat</strong></span> 
     </span>
    </p>
   </div>
   <div class='ocr_carea' id='block_1_108' title="bbox 2153 4863 3808 4941">
    <p class='ocr_par' dir='ltr' id='par_1_108' title="bbox 2153 4863 3808 4941">
     <span class='ocr_line' id='line_1_110' title="bbox 2153 4863 3808 4941; baseline 0.004 -23"><span class='ocrx_word' id='word_1_808' title='bbox 2153 4863 2368 4919; x_wconf 90' lang='lat' dir='ltr'><strong>Paulus</strong></span> <span class='ocrx_word' id='word_1_809' title='bbox 2400 4865 2553 4936; x_wconf 90' lang='lat' dir='ltr'><strong>apud</strong></span> <span class='ocrx_word' id='word_1_810' title='bbox 2587 4882 2789 4922; x_wconf 86' lang='lat' dir='ltr'><strong>omnes</strong></span> <span class='ocrx_word' id='word_1_811' title='bbox 2822 4882 3076 4939; x_wconf 70' lang='lat' dir='ltr'><strong>praesens</strong></span> <span class='ocrx_word' id='word_1_812' title='bbox 3107 4867 3234 4939; x_wconf 85' lang='lat' dir='ltr'><strong>ipse</strong></span> <span class='ocrx_word' id='word_1_813' title='bbox 3282 4869 3617 4925; x_wconf 91' lang='lat' dir='ltr'><strong>subvertere</strong></span> <span class='ocrx_word' id='word_1_814' title='bbox 3647 4872 3808 4941; x_wconf 86' lang='lat' dir='ltr'><strong>(pro-</strong></span> 
     </span>
    </p>
   </div>
   <div class='ocr_carea' id='block_1_109' title="bbox 2152 4952 3804 5028">
    <p class='ocr_par' dir='ltr' id='par_1_109' title="bbox 2152 4952 3804 5028">
     <span class='ocr_line' id='line_1_111' title="bbox 2152 4952 3804 5028; baseline 0.004 -22"><span class='ocrx_word' id='word_1_815' title='bbox 2152 4952 2464 5008; x_wconf 89' lang='lat' dir='ltr'><strong>hibebatur</strong></span> <span class='ocrx_word' id='word_1_816' title='bbox 2493 4954 2708 5027; x_wconf 90' lang='lat' dir='ltr'><strong>quippe</strong></span> <span class='ocrx_word' id='word_1_817' title='bbox 2740 4953 3010 5022; x_wconf 92' lang='lat' dir='ltr'><strong>vinculis,</strong></span> <span class='ocrx_word' id='word_1_818' title='bbox 3043 4972 3170 5027; x_wconf 71' lang='lat' dir='ltr'><strong>qua:</strong></span> <span class='ocrx_word' id='word_1_819' title='bbox 3202 4957 3274 5012; x_wconf 92' lang='lat' dir='ltr'><strong>ob</strong></span> <span class='ocrx_word' id='word_1_820' title='bbox 3325 4956 3536 5013; x_wconf 87' lang='lat' dir='ltr'><strong>Christi</strong></span> <span class='ocrx_word' id='word_1_821' title='bbox 3589 4961 3804 5028; x_wconf 78' lang='lat' dir='ltr'><strong>marty-</strong></span> 
     </span>
    </p>
   </div>
   <div class='ocr_carea' id='block_1_110' title="bbox 2153 5042 3808 5118">
    <p class='ocr_par' dir='ltr' id='par_1_110' title="bbox 2153 5042 3808 5118">
     <span class='ocr_line' id='line_1_112' title="bbox 2153 5042 3808 5118; baseline 0.002 -22"><span class='ocrx_word' id='word_1_822' title='bbox 2153 5042 2309 5096; x_wconf 91' lang='lat' dir='ltr'><strong>rium</strong></span> <span class='ocrx_word' id='word_1_823' title='bbox 2342 5043 2714 5112; x_wconf 84' lang='lat' dir='ltr'><strong>sustinebat),</strong></span> <span class='ocrx_word' id='word_1_824' title='bbox 2749 5045 3009 5116; x_wconf 87' lang='lat' dir='ltr'><strong>seipsum</strong></span> <span class='ocrx_word' id='word_1_825' title='bbox 3031 5062 3132 5118; x_wconf 92' lang='lat' dir='ltr'><strong>per</strong></span> <span class='ocrx_word' id='word_1_826' title='bbox 3162 5045 3385 5102; x_wconf 87' lang='lat' dir='ltr'><strong>litteras</strong></span> <span class='ocrx_word' id='word_1_827' title='bbox 3411 5048 3808 5117; x_wconf 63' lang='lat' dir='ltr'><strong>repraesentat.</strong></span> 
     </span>
    </p>
   </div>
   <div class='ocr_carea' id='block_1_111' title="bbox 2151 5131 3811 5207">
    <p class='ocr_par' dir='ltr' id='par_1_111' title="bbox 2151 5131 3811 5207">
     <span class='ocr_line' id='line_1_113' title="bbox 2151 5131 3811 5207; baseline 0.003 -22"><span class='ocrx_word' id='word_1_828' title='bbox 2151 5131 2221 5186; x_wconf 89' lang='lat' dir='ltr'><strong>Et</strong></span> <span class='ocrx_word' id='word_1_829' title='bbox 2255 5131 2325 5188; x_wconf 85' lang='lat' dir='ltr'><strong>ne</strong></span> <span class='ocrx_word' id='word_1_830' title='bbox 2356 5131 2554 5205; x_wconf 89' lang='lat' dir='ltr'><strong>aliqua</strong></span> <span class='ocrx_word' id='word_1_831' title='bbox 2588 5134 2901 5206; x_wconf 82' lang='lat' dir='ltr'><strong>suppositae</strong></span> <span class='ocrx_word' id='word_1_832' title='bbox 2944 5135 3212 5207; x_wconf 65' lang='lat' dir='ltr'><strong>Epistolas</strong></span> <span class='ocrx_word' id='word_1_833' title='bbox 3260 5134 3515 5207; x_wconf 90' lang='lat' dir='ltr'><strong>suscipio</strong></span> <span class='ocrx_word' id='word_1_834' title='bbox 3547 5149 3811 5190; x_wconf 87' lang='lat' dir='ltr'><strong>nascere-</strong></span> 
     </span>
    </p>
   </div>
   <div class='ocr_carea' id='block_1_112' title="bbox 2153 5223 3810 5296">
    <p class='ocr_par' dir='ltr' id='par_1_112' title="bbox 2153 5223 3810 5296">
     <span class='ocr_line' id='line_1_114' title="bbox 2153 5223 3810 5296; baseline 0.002 -20"><span class='ocrx_word' id='word_1_835' title='bbox 2153 5225 2270 5292; x_wconf 85' lang='lat' dir='ltr'><strong>tur,</strong></span> <span class='ocrx_word' id='word_1_836' title='bbox 2307 5223 2378 5278; x_wconf 89' lang='lat' dir='ltr'><strong>ab</strong></span> <span class='ocrx_word' id='word_1_837' title='bbox 2410 5223 2518 5278; x_wconf 93' lang='lat' dir='ltr'><strong>hoc</strong></span> <span class='ocrx_word' id='word_1_838' title='bbox 2563 5223 2689 5279; x_wconf 90' lang='lat' dir='ltr'><strong>loco</strong></span> <span class='ocrx_word' id='word_1_839' title='bbox 2721 5239 2909 5296; x_wconf 90' lang='lat' dir='ltr'><strong>usque</strong></span> <span class='ocrx_word' id='word_1_840' title='bbox 2940 5225 3011 5279; x_wconf 90' lang='lat' dir='ltr'><strong>ad</strong></span> <span class='ocrx_word' id='word_1_841' title='bbox 3061 5225 3259 5292; x_wconf 88' lang='lat' dir='ltr'><strong>ﬁnem,</strong></span> <span class='ocrx_word' id='word_1_842' title='bbox 3319 5240 3496 5280; x_wconf 89' lang='lat' dir='ltr'><strong>manu</strong></span> <span class='ocrx_word' id='word_1_843' title='bbox 3546 5239 3654 5278; x_wconf 87' lang='lat' dir='ltr'><strong>sua</strong></span> <span class='ocrx_word' id='word_1_844' title='bbox 3683 5223 3810 5295; x_wconf 89' lang='lat' dir='ltr'><strong>ipse</strong></span> 
     </span>
    </p>
   </div>
   <div class='ocr_carea' id='block_1_113' title="bbox 2155 5347 3808 5420">
    <p class='ocr_par' dir='ltr' id='par_1_113' title="bbox 2155 5347 3808 5420">
     <span class='ocr_line' id='line_1_115' title="bbox 2155 5347 3808 5420; baseline 0.001 -18"><span class='ocrx_word' id='word_1_845' title='bbox 2155 5353 2425 5420; x_wconf 78' lang='lat' dir='ltr'><strong>nostrum</strong></span> <span class='ocrx_word' id='word_1_846' title='bbox 2473 5348 2890 5420; x_wconf 82' lang='lat' dir='ltr'><strong>Hieronymum</strong></span> <span class='ocrx_word' id='word_1_847' title='bbox 2955 5350 3059 5405; x_wconf 89' lang='lat' dir='ltr'><strong>lib.</strong></span> <span class='ocrx_word' id='word_1_848' title='bbox 3133 5350 3204 5404; x_wconf 89' lang='lat' dir='ltr'><strong>de</strong></span> <span class='ocrx_word' id='word_1_849' title='bbox 3267 5352 3406 5406; x_wconf 77' lang='lat' dir='ltr'><strong>Viris</strong></span> <span class='ocrx_word' id='word_1_850' title='bbox 3447 5347 3808 5420; x_wconf 71' lang='lat' dir='ltr'><strong>illustribus,</strong></span> 
     </span>
    </p>
   </div>
   <div class='ocr_carea' id='block_1_114' title="bbox 2153 5419 3809 5492">
    <p class='ocr_par' dir='ltr' id='par_1_114' title="bbox 2153 5419 3809 5492">
     <span class='ocr_line' id='line_1_116' title="bbox 2153 5419 3809 5492; baseline 0.001 -18"><span class='ocrx_word' id='word_1_851' title='bbox 2153 5436 2280 5492; x_wconf 87' lang='lat' dir='ltr'><strong>cap.</strong></span> <span class='ocrx_word' id='word_1_852' title='bbox 2312 5420 2365 5473; x_wconf 86' lang='lat'><strong>9.</strong></span> <span class='ocrx_word' id='word_1_853' title='bbox 2403 5419 2579 5476; x_wconf 90' lang='lat' dir='ltr'><strong>Paulo</strong></span> <span class='ocrx_word' id='word_1_854' title='bbox 2612 5419 2744 5492; x_wconf 85' lang='lat' dir='ltr'><strong>post</strong></span> <span class='ocrx_word' id='word_1_855' title='bbox 2795 5438 2938 5477; x_wconf 89' lang='lat' dir='ltr'><strong>mss.</strong></span> <span class='ocrx_word' id='word_1_856' title='bbox 2995 5421 3272 5492; x_wconf 81' lang='lat' dir='ltr'><strong>suffragio</strong></span> <span class='ocrx_word' id='word_1_857' title='bbox 3322 5419 3711 5488; x_wconf 86' lang='lat' dir='ltr'><strong>restituimus,</strong></span> <span class='ocrx_word' id='word_1_858' title='bbox 3742 5419 3809 5476; x_wconf 80' lang='lat' dir='ltr'><strong>in</strong></span> 
     </span>
    </p>
   </div>
   <div class='ocr_carea' id='block_1_115' title="bbox 2146 5491 3812 5618">
    <p class='ocr_par' dir='ltr' id='par_1_115' title="bbox 2146 5491 3812 5618">
     <span class='ocr_line' id='line_1_117' title="bbox 2146 5491 3812 5616; baseline 0.003 -71"><span class='ocrx_word' id='word_1_859' title='bbox 2146 5491 2322 5616; x_wconf 54' lang='lat' dir='ltr'><strong>plaga</strong></span> <span class='ocrx_word' id='word_1_860' title='bbox 2350 5507 2526 5548; x_wconf 89' lang='lat' dir='ltr'><strong>vocem</strong></span> <span class='ocrx_word' id='word_1_861' title='bbox 2557 5491 2724 5547; x_wconf 79' lang='lat' dir='ltr'><strong>verba</strong></span> <span class='ocrx_word' id='word_1_862' title='bbox 2770 5497 3075 5556; x_wconf 73' lang='lat' dir='ltr'><strong>contexere,</strong></span> <span class='ocrx_word' id='word_1_863' title='bbox 3113 5508 3215 5563; x_wconf 90' lang='lat' dir='ltr'><strong>pro</strong></span> <span class='ocrx_word' id='word_1_864' title='bbox 3263 5507 3378 5562; x_wconf 90' lang='lat' dir='ltr'><strong>quo</strong></span> <span class='ocrx_word' id='word_1_865' title='bbox 3425 5495 3568 5558; x_wconf 84' lang='lat' dir='ltr'><strong>erat,</strong></span> <span class='ocrx_word' id='word_1_866' title='bbox 3614 5507 3812 5550; x_wconf 85' lang='lat' dir='ltr'><strong>vocum</strong></span> 
     </span>
     <span class='ocr_line' id='line_1_118' title="bbox 2155 5570 2480 5618; baseline -0.006 0"><span class='ocrx_word' id='word_1_867' title='bbox 2155 5579 2246 5618; x_wconf 86' lang='lat' dir='ltr'><strong>ver</strong></span> <span class='ocrx_word' id='word_1_868' title='bbox 2283 5581 2336 5618; x_wconf 83' lang='grc' dir='ltr'><strong>α.</strong></span> <span class='ocrx_word' id='word_1_869' title='bbox 2369 5570 2480 5618; x_wconf 89' lang='lat' dir='ltr'><strong>etc.</strong></span> 
     </span>
    </p>
   </div>
   <div class='ocr_carea' id='block_1_116' title="bbox 2155 5579 3799 5710">
    <p class='ocr_par' dir='ltr' id='par_1_116' title="bbox 2155 5579 3799 5710">
     <span class='ocr_line' id='line_1_119' title="bbox 2155 5579 2480 5618; baseline -0.006 0"><span class='ocrx_word' id='word_1_870' title='bbox 2155 5579 2314 5618; x_wconf 78' lang='lat' dir='ltr'><strong>verba</strong></span> <span class='ocrx_word' id='word_1_871' title='bbox 2369 5579 2480 5618; x_wconf 80' lang='lat' dir='ltr'><strong>etc.</strong></span> 
     </span>
     <span class='ocr_line' id='line_1_120' title="bbox 2224 5605 3799 5710; baseline 0.003 -18"><span class='ocrx_word' id='word_1_872' title='bbox 2224 5635 2244 5670; x_wconf 74' lang='lat'><strong>‘</strong></span> <span class='ocrx_word' id='word_1_873' title='bbox 2275 5605 2561 5692; x_wconf 75' lang='lat' dir='ltr'><strong>Rescribit</strong></span> <span class='ocrx_word' id='word_1_874' title='bbox 2585 5635 2892 5702; x_wconf 88' lang='lat' dir='ltr'><strong>Victorius,</strong></span> <span class='ocrx_word' id='word_1_875' title='bbox 2917 5643 2967 5692; x_wconf 90' lang='lat' dir='ltr'><strong>et</strong></span> <span class='ocrx_word' id='word_1_876' title='bbox 2987 5651 3150 5691; x_wconf 87' lang='lat' dir='ltr'><strong>suum</strong></span> <span class='ocrx_word' id='word_1_877' title='bbox 3173 5649 3332 5706; x_wconf 85' lang='lat' dir='ltr'><strong>opere</strong></span> <span class='ocrx_word' id='word_1_878' title='bbox 3350 5634 3653 5710; x_wconf 83' lang='lat' dir='ltr'><strong>destruere,</strong></span> <span class='ocrx_word' id='word_1_879' title='bbox 3688 5641 3799 5698; x_wconf 82' lang='lat' dir='ltr'><strong>etc.</strong></span> 
     </span>
    </p>
   </div>
  </div>
