4332 6636
559 420 677 518 λόει.

1809 438 1875 518 s'.
1921 422 2233 520 sussau
2279 422 2725 517 nisnouxm

3854 426 3970 519 1634

559 562 922 671 perscripsit,
975 572 1291 665 ostendens
1339 572 1635 663 Superiora
1691 590 1764 646 ab
1807 589 1921 647 alio
1951 595 2204 647 exarata.
2321 589 2580 646 sciamus
2616 589 2833 644 factum
2866 585 2967 643 Dei
2997 588 3127 643 esse
3157 570 3507 644 sermonem.
3534 587 3799 645 Grandes
3828 590 3973 646 Pau-

563 674 951 763 Quodautem
983 674 1094 761 sub
1125 677 1361 735 nomine
1408 678 1537 748 ejus
1584 697 1618 755 a
1663 676 1828 735 falsis
1872 678 2209 735 doctoribus

560 754 839 849 Epistolis
878 754 1279 849 mitterentur,
1337 764 1408 824 ad
1457 754 2009 824 TheSsaloniconses
2065 784 2207 839 quo-

565 842 697 943 qua
737 842 1101 937 demonstrat
1140 855 1469 939 scribens:
1531 862 1801 928 Rogamus
1857 860 2041 913 autem
2097 873 2209 925 vos,

560 924 911 1033 fratreshper
957 926 1250 1031 aduentum
1306 924 1536 1001 Domini
1584 924 1759 1001 nostri
1802 947 1927 1003 Jesu
1982 945 2208 1012 Chrisu',

565 1039 846 1117 etnostrae
868 1034 1303 1117 congregationis
1330 1035 1387 1088 in
1430 1034 1633 1106 ipsum,
1682 1038 1741 1089 ut
1795 1051 1906 1090 non
1963 1037 2065 1090 cito
2093 1050 2209 1089 mo-

563 1112 807 1205 veatuiui
846 1141 901 1205 α’
926 1120 1117 1201 vestro
1141 1112 1323 1196 sensu,
1364 1139 1462 1179 nec
1510 1124 1850 1192 terreami-ni,
1897 1139 2069 1195 neque
2110 1139 2212 1194 per

560 1198 1040 1290 spiritum,qu
1066 1198 1164 1285 per
1189 1228 1518 1279 sermonem,
1563 1228 1738 1284 neque
1759 1228 1863 1283 per
1908 1210 2212 1283 Epistolam

564 1292 827 1381 tanquam
853 1318 951 1377 per
976 1318 1073 1359 nos
1114 1304 1360 1375 missam,
1393 1303 1553 1374 quasi
1583 1301 1743 1357 instet
1790 1302 1912 1357 dies
1967 1302 2210 1367 Domini,

662 1374 928 1479 quisue:
982 1386 1225 1479 setiueat
1255 1390 1370 1446 ullo
1428 1389 1583 1446 modo
1642 1391 1715 1462 (11
1745 1391 1919 1446 Thess.
1955 1408 2017 1460 ιι,
2079 1390 2208 1479 1-3).

968 1454 1277 1557 epistolam
1308 1496 1486 1552 quam
1535 1451 1829 1546 mittebat,
1878 1451 2212 1551 suspicione

562 1553 793 1651 erueret
822 1553 1115 1651 falsitatis,
1150 1554 1329 1624 manu
1382 1586 1491 1624 sua
1547 1569 1608 1623 in
1666 1566 1782 1623 ﬁne
1839 1566 2210 1640 subscripsit,

564 1632 800 1729 dicens:
831 1632 1113 1729 salutata;
1133 1672 1258 1713 mea
1286 1674 1457 1723 manu
1484 1656 1669 1729 Pauli,
1699 1657 1839 1728 quod
1866 1665 1947 1713 est
1989 1657 2213 1727 signum

558 1722 806 1835 ita;
859 1746 1088 1833 epistola
1109 1764 1128 1802 :
1192 1747 1270 1821 ita
1295 1740 1470 1802 s'cribo
1502 1748 1518 1780 ¹
1540 1763 1559 1801 .·
1619 1741 1809 1801 Gratia
1864 1746 2086 1801 Domini
2112 1758 2211 1800 no-

563 1828 846 1915 aiﬂq'lesu
894 1828 1095 1909 Christi
1123 1851 1245 1890 cum
1301 1835 1554 1891 omnibus
1610 1837 1760 1892 vobis
1817 1836 1884 1907 (Il
1916 1836 2088 1890 Thess.
2126 1851 2211 1902 IIl,

687 1920 797 1997 18).
830 1923 916 1979 Ad
946 1920 1319 1991 ColosSenses
1351 1924 1524 1980 etiam
1576 1940 1725 1996 quas
1774 1924 2087 1980 dictaverat
2116 1923 2211 1978 lit-

564 1992 739 2101 teras,
788 2006 985 2091 manu,
1028 2008 1463 2095 sua'similiter
1506 2010 1880 2070 subnotavit:
1942 2013 2211 2069 Salutatio

562 2090 886 2185 incapinanu
906 2100 1123 2185 Pauli:
1157 2090 1410 2159 Mentorea
1457 2111 1620 2159 estote
1670 2103 2014 2158 vinculorum
2063 2118 2210 2158 meo-

563 2172 939 2279 runﬂqcoiosq.‘
972 2209 1050 2269 1v,
1083 2191 1193 2273 18).
1255 2191 1323 2248 Et
1380 2191 1716 2263 ubicunque
1774 2188 1996 2248 sciebat
2033 2186 2211 2247 falsos

564 2268 768 2363 adesse
794 2268 1085 2363 doctores,
1112 2268 1213 2353 qui
1245 2284 1483 2353 possent
1510 2297 1614 2354 per
1640 2279 1905 2353 Apostoli
1953 2280 2211 2336 auctori-

561 2354 744 2443 tatem
774 2354 923 2445 nova
964 2364 1243 2442 degmata
1292 2368 1603 2435 seminare,
1662 2368 1969 2442 epistolam
2030 2387 2209 2426 manu

560 2446 800 2543 propria
846 2450 1269 2543 subscribebat.
1321 2456 1585 2529 Denique
1642 2462 1699 2512 et
1754 2457 1828 2513 ad
1883 2457 2210 2514 Corinthios

564 2530 847 2627 scribens,
880 2536 939 2603 in
970 2538 1185 2619 quibus
1235 2551 1402 2603 erant
1453 2545 1775 2602 schismata
1828 2550 1885 2602 et
1936 2546 2206 2616 haereses,

564 2624 920 2711 unoquoque
950 2632 1401 2711 580Idicente:
1434 2635 1543 2707 Ego
1586 2653 1712 2691 sum
1770 2637 1955 2705 Pauli,
2012 2645 2062 2692 et
2116 2653 2209 2708 ego

563 2716 783 2800 Ᾱροιιο,
815 2718 912 2809 ego
941 2718 1138 2809 autem
1188 2724 1376 2809 Cephea
1426 2728 1475 2794 (Ι
1508 2728 1631 2782 Cor.
1666 2743 1706 2792 ι,
1744 2726 1853 2797 12),
1897 2724 2207 2798 epistolam

562 2831 734 2895 suam
811 2804 913 2895 tali
968 2804 1341 2895 annotatione
1407 2810 1695 2887 signavit:
1755 2814 2031 2871 Salutatio
2087 2831 2210 2871 mea

561 2888 733 2987 signa
760 2888 970 2987 Pauli;
1005 2888 1072 2961 Si
1126 2904 1248 2976 quis
1300 2919 1413 2960 non
1463 2911 1611 2959 amat
1670 2904 1959 2972 Dominum
2025 2904 2209 2960 Iesum

550 2978 863 3067 Christum,
915 2978 1211 3050 anathema
1264 2993 1362 3059 sit,
1423 2991 1758 3048 maranatha
1814 2997 1865 3063 (Ι
1921 2993 2045 3050 Cor.
2091 3010 2207 3061 xvr,

558 3072 801 3161 21,22),
829 3066 887 3137 et
915 3068 1412 3153 caetera.l’ropter
1454 3080 1561 3136 hoc
1621 3081 1799 3154 igitur
1854 3081 2054 3139 volens
2083 3100 2207 3139 om-

561 3156 699 3249 nem
726 3156 1103 3249 oec'aSiouem
1136 3166 1299 3224 falsis
1328 3168 1554 3225 auferre
1597 3170 1951 3243 doctoribus,
2002 3172 2103 3245 qui
2153 3177 2210 3227 et

552 3244 798 3337 Galatas
839 3274 873 3337 a
916 3256 1164 3337 veritate
1211 3255 1508 3331 Evangelii
1565 3259 1971 3332 depravarant,
2029 3260 2206 3316 finem

2316 674 2410 734 lus
2439 677 2664 733 litteras
2694 694 2807 732 non
2840 675 3030 732 solum
3063 679 3204 731 tunc
3233 675 3303 731 ad
3339 675 3599 747 Galatas,
3631 678 3734 734 sed
3772 679 3971 755 etiam

2317 767 2492 823 hodie
2523 766 2728 822 scribit
2757 764 2827 821 ad
2885 769 3150 836 cunctos,
3204 769 3259 820 et
3314 765 3583 839 quamvis
3634 766 3796 840 parvi
3852 766 3973 824 sint

2318 856 2511 929 apices
2541 856 2756 928 quibus
2785 855 2913 926 ejus
2945 853 3199 926 epistolis
3260 855 3736 927 conscribuntur,
3767 859 3969 937 tamen

2319 961 2543 1018 magnae
2575 949 2714 1000 sunt
2739 943 2967 1010 litterae,
3027 943 3168 1015 quia
3196 942 3254 999 in
3308 942 3522 1001 litteris
3582 948 3834 1018 magnus
3884 946 3974 1002 est

2320 1049 2549 1088 sensus.

2388 1120 2576 1191 (Vers.
2611 1122 2721 1192 12.)
2759 1144 2779 1170 u
2812 1120 3155 1194 Quicunque
3184 1120 3386 1177 volunt
3428 1122 3656 1194 placere
3687 1122 3746 1179 in
3778 1130 3972 1193 carne,

2317 1209 2377 1265 hi
2413 1215 2629 1282 cogunt
2658 1226 2760 1265 vos
2793 1210 3171 1266 circumcidi:
3196 1214 3426 1266 tantum
3460 1216 3523 1266 ut
3544 1211 3736 1268 crucis
3756 1213 3971 1269 Christi

2320 1297 2783 1369 persecutionem
2817 1316 2932 1355 non
2961 1300 2983 1333 ³
3030 1299 3348 1370 patiantur.
3383 1322 3410 1348 ››
3463 1300 3747 1371 Superius
3778 1305 3972 1357 osten-

2319 1388 2407 1442 dit
2436 1404 2504 1443 ex
2533 1404 2648 1460 quo
2673 1387 2800 1444 loco
2832 1405 2941 1444 sua
2970 1384 3385 1460 subscripserit
3415 1405 3596 1444 manu
3647 1390 3808 1462 (vers.
3844 1376 3967 1462 11):

2318 1493 2476 1533 nunc
2516 1474 2656 1550 quid
2718 1476 3037 1549 scripserit,
3097 1476 3360 1550 replicat.
3419 1476 3593 1536 Caius
3649 1479 3859 1549 Caesar,
3912 1462 3971 1537 et

2320 1565 2670 1621 Octavianus
2700 1570 3023 1638 Augustus,
3057 1569 3114 1621 et
3160 1566 3431 1622 Tiberius
3490 1584 3799 1625 successor
3854 1574 3971 1625 Au-

2318 1654 2499 1727 gusti,
2531 1655 2688 1727 leges
2721 1654 3253 1727 promulgaverant,
3279 1661 3344 1711 ut
3366 1657 3553 1712 Judaei
3587 1657 3685 1729 qui
3717 1662 3883 1715 erant
3910 1658 3970 1715 in

2319 1746 2440 1798 toto
2472 1743 2718 1798 Romani
2760 1743 2990 1816 imperii
3050 1743 3187 1799 orbe
3244 1744 3517 1818 dispersi,
3563 1747 3799 1820 proprio
3856 1732 3972 1809 ritu

2318 1829 2596 1901 viverent,
2629 1837 2685 1888 et
2743 1832 2946 1905 patriis
2977 1833 3339 1891 caeremoniis
3404 1834 3781 1893 deservirent.
3834 1836 3970 1901 Qui-

2320 1936 2551 1993 cunque
2605 1919 2749 1978 53]
2818 1921 2999 1993 igitur
3068 1920 3453 1978 circumcisus
3506 1927 3650 1993 erat,
3710 1923 3846 1981 licet
3911 1925 3971 1982 in

2321 2007 2616 2065 Christum
2648 2010 2923 2077 crederet,
2960 2009 3131 2082 quasi
3152 2011 3393 2067 Judaeus
3415 2011 3745 2069 habebatur
3769 2032 3804 2071 a
3830 2031 3970 2087 gen-

2318 2098 2497 2153 tibus;
2532 2098 2637 2164 Qui
2672 2115 2805 2154 vero
2840 2100 3059 2171 absque
3092 2100 3539 2157 circumcisione
3569 2119 3632 2158 se
3681 2118 3796 2159 non
3844 2120 3970 2160 esse

2319 2186 2588 2243 Judaeum
2617 2186 2900 2260 praeputio
2924 2188 3285 2261 praeferebat,
3313 2190 3817 2262 persecutionibus
3849 2196 3971 2252 tam

2320 2276 2647 2347 gentilium,
2682 2293 2856 2349 quam
2889 2275 3247 2346 Judreorum,
3281 2279 3458 2335 ﬁebat
3496 2281 3801 2337 obnoxius.
3853 2280 3969 2339 Has

2319 2364 2502 2437 igitur
2530 2365 2965 2437 persecutiones
2993 2364 3053 2421 hi
3088 2366 3189 2439 qui
3233 2366 3468 2425 Galatas
3513 2369 3970 2442 depravaverant

2320 2452 2611 2510 declinare
2669 2454 2991 2528 cupientes,
3051 2455 3555 2514 circumcisionem
3610 2475 3714 2532 pro
3769 2459 3969 2515 defen-

2319 2542 2481 2598 sione
2513 2543 2823 2615 discipulis
2856 2543 3291 2616 persuadebant
3320 2562 3497 2619 quam
3533 2564 3689 2603 nunc
3718 2549 3968 2623 Aposto-

2318 2630 2412 2687 lus
2445 2631 2860 2688 contidentiam
2886 2632 2943 2688 in
2976 2650 3150 2689 carne
3180 2640 3369 2700 vocat,
3403 2636 3559 2708 quod
3590 2635 3817 2694 scilicet
3847 2643 3967 2695 tam

2318 2722 2590 2793 gentibus
2621 2721 2732 2793 [ΑΙ.
2767 2723 3132 2795 gentilibus],
3158 2741 3305 2797 quos
3326 2725 3832 2799 timebant,‘fqua'm
3863 2728 3966 2783 Ju-

2314 2809 2479 2875 daeis,
2516 2811 2617 2883 qui
2638 2810 2908 2868 volebant
2932 2811 3179 2885 placere,
3214 2814 3723 2872 circumcisionem
3746 2816 3807 2872 in
3837 2834 3969 2889 per-

2319 2899 2618 2957 secutione
2646 2907 3057 2975 proponerent.
3102 2902 3250 2958 Nam
3303 2920 3407 2958 nec
3454 2903 3643 2959 Judaei
3695 2905 3968 2981 persequi

2318 3005 2416 3044 eos
2448 2993 2733 3061 poterant.
2767 3007 2870 3046 nec
2902 2991 3168 3063 gentiles,
3220 3008 3369 3062 quos
3411 2990 3689 3050 videbant
3735 2995 3841 3063 [AL
3871 3012 3966 3051 vo-

2318 3076 2535 3150 lebant]
2568 3083 2624 3133 et
2655 3079 2978 3151 prosclytos
3008 3079 3443 3153 circumcidere,
3495 3087 3551 3138 et
3606 3083 3767 3155 ipsos
3797 3082 3967 3157 Legis

2318 3173 2605 3240 praecepta
2634 3185 2883 3224 servare.

2388 3257 2574 3328 (Vers.
2612 3258 2721 3327 13.)
2754 3283 2779 3309 ‹‹
2815 3258 3013 3332 Neque
3042 3259 3199 3315 enim
3244 3260 3344 3332 qui
3394 3258 3722 3317 circumcisi
3756 3266 3894 3317 sunt
3921 3263 3963 3335 ἦ,

559 3336 825 3431 epistolas,
848 3332 1079 3425 manus
1128 3332 1244 3403 suae
1302 3346 1677 3403 adnotatione
1720 3348 2060 3421 complevit,
2119 3350 2204 3407 di-
2234 3334 2279 3402 Π
2316 3345 2377 3400 hi
2405 3344 2591 3420 legem
2611 3347 2969 3416 custodiunt,
3006 3349 3106 3405 sed
3133 3347 3336 3405 volunt
3365 3366 3465 3431 vos
3509 3349 3867 3423 circumcidi,
3901 3332 3967 3408 ut

560 3453 696 3503 cens
721 3452 774 3511 εκ*
800 3430 974 3494 Videte
1029 3435 1283 3510 qualibus
1340 3436 1539 3491 litteris
1589 3439 1788 3510 scripsi
1836 3438 1983 3493 vobis
2014 3455 2034 3499 ;
2093 3458 2206 3497 non

559 3518 718 3598 quod
748 3521 1002 3601 grandes
1022 3524 1232 3585 littera:
1266 3524 1482 3581 fuerint
1512 3525 1642 3597 (hoc
1673 3527 1890 3601 quippe
1921 3528 1980 3583 in
2010 3529 2206 3587 Graeco

554 3602 730 3697 sonat
756 3606 1064 3689 πηλίκοις),
1113 3615 1213 3670 sed
1246 3612 1401 3687 quod
1424 3606 1552 3671 suae
1609 3633 1820 3673 manus
1878 3623 2075 3675 essent
2120 3622 2206 3676 eis

552 3692 990 3781 \notavestigia,
1025 3710 1091 3758 ut
1126 3703 1269 3760 dum
1314 3696 1642 3760 litterarum
1686 3704 1879 3777 apices
1928 3724 2205 3781 recogno-

550 3780 754 3862 scunt,
788 3780 982 3871 ipsum
1013 3809 1076 3848 se
1125 3796 1397 3865 putarent
1450 3793 1664 3859 videre,
1721 3794 1817 3865 qui
1868 3780 2202 3868 scripserat.

550 3878 621 3961 _In
654 3881 763 3967 hoc
792 3876 918 3938 Ιοὰο
946 3879 1033 3937 vir
1070 3880 1335 3954 apprime
1365 3882 1582 3937 nostris
1614 3882 1974 3956 temporibus
2006 3886 2202 3942 erudi-

555 3975 653 4035 tus
680 3968 725 4041 ³,
756 3970 935 4028 miror
972 3969 1265 4043 quomodo
1314 3986 1435 4025 rem
1484 3968 1793 4027 ridiculam
1840 3970 2072 4029 locutus
2103 3976 2200 4031 sit.

546 4050 794 4141 Paulus,
823 4056 1037 4132 inquit,
1088 4058 1365 4117 Hebraeus
1412 4064 1555 4126 erat,
1606 4065 1664 4116 et
1713 4061 1940 4118 Graecas
1970 4062 2198 4122 litteras

540 4134 863 4227 nesciebat.
900 4150 966 4221 Et
991 4148 1128 4223 quia
1158 4148 1480 4207 necessitas
1528 4151 1854 4223 expetebat,
1907 4158 1972 4208 ut
2020 4171 2198 4212 manu

549 4228 659 4297 sua
687 4232 995 4315 epistolam
1028 4239 1444 4305 subscriberet,
1477 4245 1676 4295 contra
1709 4242 2195 4299 consuetudinem

526 4346 755 4406 ~curvos
780 4329 1045 4387 tramites
1091 4328 1441 4399 litterarum,
1500 4328 1594 4383 vix
1645 4329 1876 4401 magnis
1931 4331 2197 4403 apicibus

530 4406 908 4492 exprimebat
931 4436 953 4475 ιη
978 4417 1155 4475 etiam
1184 4416 1246 4472 in
1276 4415 1384 4473 hoc
1424 4432 1543 4472 suae
1576 4417 1649 4472 ad
1700 4417 1937 4474 Galatas
1982 4420 2197 4478 indicia

546 4500 851 4586 charitatis
881 4498 1215 4576 ostendens,
1245 4494 1397 4578 quod
1432 4508 1666 4578 propter
1707 4503 1838 4563 illos
1869 4508 1926 4564 id
1960 4526 2195 4583 quoque

2317 3435 2377 3491 in
2399 3452 2572 3492 carne
2601 3443 2792 3493 vestra
2820 3436 3162 3511 glorientur.
3204 3461 3231 3487 »
3262 3427 3505 3511 Propter
3536 3438 3963 3513 inﬁrmitatem,

2314 3523 2527 3598 inquit,
2562 3526 2772 3594 carnis,
2820 3526 2911 3583 lex
2956 3527 3186 3599 impleri
3244 3544 3360 3583 non
3419 3532 3628 3602 potest.
3689 3528 3853 3589 Unde
3910 3535 3968 3587 et

2314 3610 2500 3670 Judaei
2559 3619 2845 3689 praecepta
2900 3616 3090 3688 magis
3148 3616 3455 3673 hominum
3515 3621 3572 3674 et
3644 3618 3961 3691 doctrinas,

2315 3692 2493 3776 quam
2526 3705 2621 3760 Dei
2654 3704 2931 3761 mandata
2960 3705 3319 3774 custodiunt,
3368 3724 3558 3780 neque
3600 3698 3961 3780 corporalem

2313 3794 2588 3849 facientes
2624 3792 2836 3867 legem,
2896 3793 3263 3865 impossibile
3312 3794 3531 3867 quippe
3589 3800 3714 3851 est:
3774 3796 3963 3869 neque

2312 3881 2699 3954 spiritualem,
2732 3899 2911 3954 quam
2943 3900 3057 3939 non
3096 3880 3453 3956 intelligunt.
3504 3882 3665 3941 Unde
3712 3884 3822 3941 hoc
3874 3888 3963 3941 est

2313 3989 2484 4028 omne
2514 3974 2670 4045 quod
2703 3972 2961 4040 student,
3008 3974 3162 4047 quod
3213 3978 3412 4045 agunt,
3460 3975 3613 4047 quod
3666 3976 3958 4043 nituntur,

2310 4065 2376 4115 ut
2403 4060 2556 4132 apud
2586 4061 2821 4115 Judazos
2853 4059 2923 4115 de
2951 4065 3152 4116 vestrae
3201 4060 3394 4117 carnis
3444 4060 3662 4132 injuria
3708 4059 3960 4133 glorien-

2308 4154 2424 4221 tur,
2457 4155 2513 4206 et
2535 4150 2807 4223 jactitent
2834 4166 2942 4205 suo
2973 4155 3176 4224 gentes
3199 4150 3531 4224 magisterio
3552 4149 3952 4231 circumcisus.

2307 4238 2424 4294 Hoc
2456 4243 2651 4295 autem
2683 4243 2870 4293 totum
2905 4238 3142 4305 faciunt,
3193 4243 3259 4295 ut
3312 4238 3531 4296 Judazis
3579 4239 3866 4314 placeant,
3898 4243 3958 4297 et
4062 4308 4077 4317 ,

2305 4333 2645 4402 expugnatae
2668 4328 2813 4402 legis
2839 4328 3059 4385 invidia
3079 4330 3476 4401 conquiescat.

2376 4418 2563 4489 (Vers.
2600 4418 2710 4490 14.)
2748 4438 2769 4468 α
2801 4418 2941 4475 Mihi
2990 4423 3186 4474 autem
3235 4417 3391 4477 absit
3437 4418 3696 4491 gloriari,
3748 4419 3859 4476 nisi
3894 4421 3953 4501 in

2303 4524 2473 4563 cruce
2503 4507 2734 4562 Domini
2787 4506 2971 4563 nostri
2999 4506 3139 4564 Jesu
3192 4506 3427 4575 Christi,
3461 4524 3563 4582 per
3603 4524 3779 4582 quem
3811 4506 3955 4566 mihi

534 4582 708 4671 Aquod
740 4582 854 4672 non
910 4590 1157 4668 poterat,
1217 4595 1404 4651 tacere
1471 4599 1800 4652 conaretur.
1861 4582 2192 4657 Grandibus
2304 4598 2562 4653 mundus
2593 4597 2904 4653 crucifixus
2932 4601 3042 4665 est,
3079 4601 3135 4652 et
3175 4612 3278 4669 ego
3312 4598 3553 4654 mundo.
3592 4620 3619 4647 »
3649 4598 3821 4654 Solus
3852 4615 3953 4672 po-

534 4668 681 4771 ergo
710 4668 928 4777 Paulus
957 4684 1167 4777 litteris
1197 4682 1432 4777 scripsit
1459 4684 1789 4777 epistolam,
1812 4689 1951 4777 quia
1981 4706 2192 4746 sensus
2300 4690 2415 4777 test
2442 4687 2500 4741 in
2541 4702 2710 4777 cruce
2740 4686 2955 4742 Christi
2987 4668 3242 4759 gloriari,
3264 4686 3377 4777 qui
3410 4684 3563 4777 tollit
3593 4704 3745 4777 eam,
3776 4693 3833 4745 et
3852 4668 3953 4744 ise-

543 4762 668 4853 erat
690 4762 938 4851 grandis
969 4775 1027 4829 in
1068 4762 1300 4839 litteris,
1350 4778 1408 4829 et
1464 4776 1674 4848 spiritu
1726 4776 1829 4833 Dei
1887 4777 2016 4847 vivi,
2075 4796 2190 4835 non
2221 4762 2265 4777 ”
2303 4774 2503 4847 quitur
2542 4774 2899 4832 Salvatorem
2926 4777 3076 4846 (Luc.
3111 4793 3186 4844 IX,
3219 4776 3333 4849 23),
3367 4775 3465 4848 qui
3496 4774 3783 4833 cruciﬁxit
3830 4793 3953 4834 car-

536 4856 894 4937 :atramento,
957 4880 1061 4921 nec
1120 4862 1344 4922 calamo
1407 4865 1602 4941 fuerat
1654 4871 1947 4923 exaratus.
2027 4866 2189 4932 Quod
2304 4881 2434 4920 nem
2462 4881 2632 4920 suam
2665 4881 2799 4920 cum
2831 4863 2988 4921 vitiis
3018 4870 3077 4920 et
3122 4863 3611 4937 concupiscentiis
3656 4866 3856 4938 (Galat.
3892 4884 3946 4941 v,

530 4959 738 5029 autem
769 4953 1063 5027 apposuit,
1094 4970 1217 5010 mea
1244 4971 1434 5022 manu,
1477 4971 1653 5028 opera
1700 4954 2099 5028 intelligamus
2128 4957 2188 5012 in
2297 4954 2408 5027 24),
2444 4954 2545 5026 qui
2578 4958 2846 5010 mortuus
2877 4958 2965 5010 est
2996 4956 3236 5025 mundo,
3269 4959 3325 5009 et
3356 4971 3472 5009 non
3516 4954 3949 5029 contemplatur

541 5032 835 5102 manibus.
869 5044 1053 5117 Quam
1085 5045 1157 5101 ob
1189 5061 1425 5101 causam
1458 5045 1659 5101 crebro
1701 5049 1758 5100 et
1787 5043 1845 5099 in
1891 5043 2189 5117 pr0phetis
2294 5058 2365 5121 ea
2394 5059 2521 5114 qua:
2542 5043 2832 5110 videntur,
2865 5044 2965 5099 sed
3001 5061 3127 5117 quae
3163 5060 3279 5098 non
3308 5042 3579 5099 videntur
3615 5044 3685 5117 (II
3707 5048 3830 5101 Cor.
3866 5060 3944 5115 xv,

526 5132 1068 5213 _scribitur:ASermo
1104 5135 1204 5189 Dei
1257 5136 1355 5206 qui
1389 5137 1568 5206 factus
1622 5142 1703 5189 est
1760 5134 1821 5188 in
1876 5150 2045 5189 manu
2100 5137 2185 5191 Je-
2299 5133 2429 5199 18):
2463 5130 2666 5188 videns
2720 5133 3008 5189 mundum
3040 5132 3404 5199 cruciﬁxum,
3435 5136 3492 5187 et
3541 5136 3945 5213 transeuntem

535 5210 979 5297 (Jerem.
1029 5241 1248 5292 xxxvn,
1290 5224 1368 5296 2),
1420 5224 1540 5281 sive
1588 5223 1771 5294 Aggaei
1818 5220 1971 5294 (Agg.
2025 5224 2076 5291 1,
2107 5222 2183 5295 3),
2297 5221 2544 5294 ﬁguram
2603 5222 2730 5293 ejus
2790 5223 2838 5293 (Ι
2866 5223 2985 5279 Cor.
3018 5238 3121 5294 vn,
3164 5223 3276 5295 31).
3328 5220 3701 5295 Crucifigitur
3747 5210 3945 5279 autem

524 5300 598 5368 ut
626 5327 732 5386 per
753 5311 905 5370 hanc
936 5329 1170 5386 quoque
1202 5310 1652 5369 similitudinem
1697 5310 1759 5366 in
1792 5327 1970 5367 manu
2020 5311 2184 5368 Pauli
2284 5308 2448 5381 justo
2480 5312 2741 5367 mundus
2771 5309 2887 5381 ille,
2929 5310 3000 5368 de
3047 5328 3161 5382 quo
3208 5310 3473 5367 Salvator
3500 5309 3617 5367 ait:
3670 5311 3778 5382 Ego
3835 5311 3947 5368 vici

2289 5508 2499 5584 probat
2526 5511 2744 5584 textus,
2774 5507 2963 5564 nostri
2980 5507 3092 5584 hic
3112 5506 3385 5584 ignorant
3406 5524 3551 5584 mss.

2360 5580 2381 5613 ⁴
2412 5578 2603 5636 Nostri
2664 5594 2853 5651 mss,
2892 5580 2988 5651 qui
3041 5578 3555 5651 circumciduntur,-
3599 5578 3830 5651 variant
3885 5580 3945 5636 et

2288 5656 2485 5729 Graeca
2541 5647 2913 5729 exemplaria,
2987 5667 3238 5729 quorum
3295 5650 3408 5708 alia
3463 5647 3940 5729 περιτεμνόμενοι,

2287 5721 2405 5780 alia
2432 5738 2531 5796 περ
2542 5718 2728 5793 ιτετμή
2740 5718 2907 5792 μὲνοὶ
2925 5718 3258 5795 praeferunt.

588 5509 626 5553 ~‘
650 5490 903 5569 Palatia.
938 5500 1075 5576 ms,
1108 5510 1194 5567 ita
1220 5508 1515 5567 subscribo.
1554 5564 1557 5573 ,
2122 5552 2125 5553 ν

604 5580 626 5613 ³
654 5582 1003 5652 Quanquam
1048 5581 1158 5636 hoc
1213 5581 1396 5652 ferme
1445 5578 1898 5652 Cbrysostomus
1946 5584 2180 5652 sentiat,

531 5653 691 5725 Quod
710 5648 946 5723 Hieron.
980 5653 1311 5724 impugnat,
1340 5649 1507 5706 illum
1537 5648 1735 5705 tamen
1767 5648 1861 5705 hic
1892 5648 2178 5723 denotari,
2220 5682 2230 5695 .

532 5727 916 5871 noflfeugtgndi
945 5792 1318 5871 particulam,
1350 5809 1531 5869 quam
1577 5796 1775 5851 tamen
1830 5797 1888 5853 et
1945 5795 2179 5865 Graecus
