4332 6584
464 430 473 437 .,

386 609 437 621 τρο

987 524 1509 599 COMMENTAR.
1556 535 1634 600 IN
1679 535 1926 623 EPIST.
1977 537 2081 633 AD
2123 535 2411 603 GALAT.
2455 537 2606 603 LIB.
2651 536 2757 614 III,
2804 537 2976 604 CAP.
3021 535 3125 603 VI.

3650 535 3772 633 4.59

351 626 629 741 mundum
656 666 832 742 (Joan.
868 683 989 734 χιιι,
1031 667 1140 739 33).
1189 668 1294 723 Et:
1350 669 1530 726 Nolite
1571 669 1813 743 diligere
1839 686 2005 725 mun-
2118 672 2405 743 prwputio
2437 671 2732 729 custodire
2758 672 3022 731 Gentilis.
3056 673 3183 731 Non
3214 671 3369 747 quod
3402 670 3562 737 aliud
3594 626 3768 747 juxta

350 757 484 837 dum
515 758 561 837 (l
586 760 743 815 Joan.
780 773 841 825 ιι,
879 757 990 825 15).
1026 755 1128 812 Et:
1160 757 1279 812 Non
1329 760 1616 830 accepistis
1663 760 1923 832 spiritum
1973 776 2003 815 e

350 847 553 925 mundo
588 845 638 925 (ι
669 847 788 905 Cor.
844 864 904 914 ιι,
954 846 1063 919 12).
1109 844 1212 902 Cui
1243 847 1554 904 cruciﬁxus
1606 852 1693 905 est
1720 849 2000 915 mundus,

349 938 497 995 huic
536 936 794 994 mundus
843 940 901 992 et
960 940 1232 995 mortuus
1288 941 1417 993 est:
1470 942 1528 993 et
1565 939 1690 1010 jam
1742 938 1793 996 ei
1840 939 2005 995 venit

351 1026 556 1106 mundi
587 1020 1048 1092 consummatio,
1076 1030 1132 1081 et
1153 1025 1368 1098 dignus
1390 1027 1631 1084 eﬂectus
1660 1044 1806 1084 novo
1835 1028 1998 1099 coelo,

351 1114 408 1172 et
437 1133 585 1172 nova
614 1118 771 1173 terra
801 1114 985 1188 (Apoc.
1016 1132 1134 1183 xxx,
1188 1117 1265 1187 1),
1314 1120 1372 1171 et
1417 1116 1573 1174 Novo
1604 1118 2001 1187 Testamento,

347 1204 505 1285 canit
551 1204 850 1261 canticum
880 1221 1126 1272 novum,
1163 1209 1223 1260 et
1272 1205 1481 1278 accipit
1532 1223 1741 1263 nomen
1787 1224 2000 1264 novum

343 1294 631 1369 scriptum
662 1294 818 1373 532
849 1294 909 1349 in
970 1292 1213 1361 calculo,
1251 1294 1406 1366 quod
1466 1311 1637 1351 nemo
1698 1295 1858 1354 novit
1888 1290 2000 1353 nisi

343 1381 446 1457 qui
477 1383 769 1457 acceperit
796 1380 964 1438 illud.
999 1380 1289 1448 Quaeritur
1316 1384 1609 1456 quomodo
1638 1396 1815 1441 ‘nunc
1850 1385 1999 1441 Pau-

344 1468 443 1529 lus
474 1473 670 1529 dicat:
703 1471 855 1529 Mihi
897 1476 1083 1529 autem
1108 1474 1253 1547 absit
1278 1473 1533 1543 gloriari,
1582 1474 1699 1531 nisi
1747 1476 1808 1530 in
1843 1490 2002 1531 cruce

341 1562 577 1639 Domini
595 1569 765 1618 nostri
786 1563 916 1635 Iesu
936 1560 1139 1633 Christi
1189 1577 1323 1616 cum
1351 1561 1411 1616 in
1448 1558 1563 1617 alio
1610 1562 1737 1618 loco
1769 1561 1839 1621 de
1868 1560 2009 1620 aliis

342 1650 651 1726 glorietur,
686 1654 753 1706 ut
784 1649 863 1704 ibi
887 1650 1009 1705 ait‘
1040 1665 1053 1705 :
1085 1652 1191 1705 Per
1238 1657 1473 1707 vestram
1518 1650 1784 1721 gloriam,
1834 1669 2001 1723 quam

341 1740 507 1796 habeo
548 1739 606 1795 in
641 1738 819 1794 Crista
875 1728 1080 1811 Jequ
1130 1742 1257 1795 Cor.
1305 1756 1398 1807 xv,
1462 1739 1572 1808 31).
1624 1740 1693 1796 Et
1739 1739 1994 1797 iterum:

343 1828 607 1886 Libenter
631 1828 915 1907 gloriabor
951 1829 1013 1884 in
1064 1828 1482 1899 inﬁrmitatibus
1521 1830 1680 1897 meis,
1733 1833 1793 1885 ut
1843 1830 1999 1885 inha-

344 1910 474 1995 bitet
502 1920 564 1978 in
608 1933 693 1979 me
740 1919 916 1973 virtus
942 1917 1147 1974 Christi
1170 1919 1241 1990 (II
1269 1917 1390 1993 Cor.
1418 1936 1523 1974 xu.
1567 1918 1644 1990 9).
1692 1918 1763 1975 Et
1793 1918 1850 1974 in
1884 1919 1997 1975 alio

341 2006 508 2064 loco:
539 2009 755 2067 Bonum
782 2015 964 2064 autem
994 2008 1138 2079 mihi
1184 2011 1259 2062 est
1306 2009 1488 2079 magis
1534 2010 1678 2064 mori
1734 2008 1908 2083 quam
1939 2012 1999 2065 ut

341 2096 588 2171 gloriam
616 2112 799 2152 meam
850 2098 970 2169 quis
1014 2100 1246 2156 evacuet
1295 2097 1341 2169 (ι
1386 2097 1508 2152 Cor.
1553 2116 1629 2166 ιιι,
1668 2098 1777 2171 15),
1811 2101 1867 2154 et
1895 2115 1998 2154 cre-

342 2188 472 2243 tera
504 2178 630 2258 quae
657 2185 717 2241 in
749 2185 907 2242 hunc
936 2184 1178 2247 modum
1211 2185 1431 2259 scripta
1460 2190 1618 2243 sunt.
1665 2186 1776 2244 Sed
1808 2186 1996 2244 scien—

238 2299 247 2305 ι
345 2272 491 2330 dum
523 2275 678 2352 quod
712 2276 905 2330 omnis
936 2274 1035 2331 illa
1083 2274 1352 2347 gloriatio
1396 2276 1467 2332 ad
1519 2290 1754 2334 crucem
1792 2276 1995 2345 relata,

342 2361 533 2443 gloria
562 2362 754 2421 crucis
785 2363 904 2420 sit:
936 2369 992 2421 et
1040 2363 1323 2437 quidquid
1372 2363 1614 2437 dignum
1664 2366 1721 2422 in
1764 2365 1996 2421 virtuti-

344 2453 457 2531 bus
490 2457 878 2529 perpetratur,
909 2452 1025 2510 hoc
1053 2453 1176 2509 fieri
1208 2452 1282 2510 ob
1312 2452 1543 2510 Domini
1568 2452 1921 2527 passionem.

358 2551 367 2563 '
417 2541 584 2620 (Vers
635 2543 748 2606 15.)
805 2566 825 2591 α
878 2546 1080 2616 Neque
1128 2543 1284 2598 enim
1344 2542 1739 2600 circumcisio‘
1774 2542 1998 2621 aliquid

343 2636 451 2713 est,
483 2648 673 2707 neque
702 2631 1080 2709 praeputium,
1112 2632 1213 2688 sed
1264 2649 1412 2688 nova
1458 2633 1747 2689 creatura.
1787 2655 1814 2682 ››
1846 2636 1998 2700 Quo-

345 2722 520 2781 modo
549 2718 740 2776 lidelis
767 2725 822 2775 et
868 2719 1146 2789 infidelis,
1196 2737 1329 2777 cum
1382 2737 1536 2781 unus
1586 2722 1662 2777 sit
1708 2739 1811 2795 per
1858 2722 1996 2779 sub-

346 2809 647 2876 stantiam,
678 2809 737 2865 in
765 2810 914 2869 duos
944 2809 1228 2873 dividitur
1246 2809 1418 2882 juxta
1465 2810 1863 2884 intelligentia
1905 2812 1999 2867 di-

343 2896 701 2971 versitatem,
762 2897 1035 2972 Apostolo
1102 2899 1367 2959 dicente:
1459 2900 1847 2974 Exspoliantes
1908 2918 1999 2957 vos

347 2993 581 3045 veterem
610 2988 886 3045 hominem
930 3005 1058 3044 cum
1104 2988 1354 3061 aperibus
1410 2988 1546 3062 ejus,
1606 2996 1659 3044 et
1714 2989 2000 3046 induentes

348 3094 549 3134 novum
605 3078 703 3150 qui
725 3079 1023 3134 renovatur
1068 3079 1128 3132 in
1185 3080 1552 3147 cognitionem
1600 3080 1769 3152 juxta
1800 3080 1999 3151 imagi-

346 3185 475 3224 nem
521 3167 798 3224 Creatoris
848 3166 1072 3237 (Coloss.
1114 3184 1198 3235 ιιι,
1246 3168 1304 3238 9,
1352 3168 1478 3237 10):
1531 3167 1615 3224 sic
1654 3172 1710 3224 et
1740 3168 2000 3225 mundus

349 3273 484 3313 cum
514 3257 840 3314 secundum
893 3255 1288 3312 substantiam
1339 3273 1494 3312 unus
1542 3256 1638 3327 sit,
1673 3258 2000 3313 secundum

346 3361 591 3411 sensum
614 3344 768 3407 alius
788 3347 983 3417 atque
996 3344 1149 3409 alius
1171 3345 1441 3407 efﬁcitur.
1476 3346 1791 3416 Pecnatori,
1820 3364 1995 3405 mun-

2115 759 2507 839 substantiam
2541 762 2652 817 sit:
2687 762 2787 818 sed
2822 762 2973 835 quod
2999 764 3168 834 juxta
3196 756 3441 837 gloriam
3468 762 3547 819 sit
3573 761 3764 835 diver-

2114 867 2267 906 sum.
2296 850 2508 924 Oportet
2534 853 2683 907 enim
2727 853 2966 908 mortale
2994 850 3095 907 hoc
3153 851 3385 909 induere
3441 848 3767 935 immortali-

2111 944 2299 1010 tatem,
2332 950 2384 999 ct
2438 944 2814 1015 corruptivum
2869 944 2970 999 hoc
3026 944 3446 1016 incorruptione
3501 943 3693 1021 vestiri
3719 942 3768 1019 (l_

2114 1028 2236 1088 Cor.
2269 1048 2362 1100 xv,
2387 1029 2653 1105 53).Huic
2684 1028 2825 1103 quid
2858 1031 3056 1088 simile
3085 1036 3142 1089 et
3172 1020 3377 1090 beatus
3405 1024 3764 1117 evangelista

2110 1120 2371 1175 Joannes
2394 1119 2653 1177 sentiens
2684 1125 2772 1177 est
2808 1120 3041 1178 locutus
3067 1138 3079 1178 :
3116 1121 3459 1193 Charissimi,
3487 1138 3639 1180 nunc
3665 1123 3766 1195 Dei

2111 1208 2221 1285 ﬁlii
2247 1225 2456 1277 sumus,
2491 1213 2543 1264 et
2571 1209 2803 1265 necdum
2832 1211 3253 1281 manifestatum
3279 1217 3359 1267 est
3385 1198 3532 1283 quid:
3575 1210 3764 1289 futuri

2109 1299 2302 1355 simus.
2335 1297 2548 1355 Scimus
2579 1300 2719 1370 quia
2747 1301 2802 1356 si
2845 1299 3275 1381 manifestatum
3318 1301 3512 1375 fuerit,
3542 1292 3761 1381 similes

2110 1389 2163 1442 ei
2181 1390 2387 1443 erimus
2415 1390 2547 1463 quia
2566 1388 2877 1471 videbimus
2896 1405 3021 1447 eum
3057 1378 3200 1447 sicut
3247 1389 3365 1463 ipse
3410 1392 3491 1471 est
3521 1374 3571 1469 (l
3595 1374 3759 1473 Iouini.

2112 1494 2197 1544 ιιι,
2229 1478 2305 1548 2).
2340 1477 2486 1543 Quia
2514 1493 2651 1550 ergo
2702 1468 2948 1535 necdum
2998 1477 3441 1557 manifestatum
3470 1466 3593 1557 [At
3616 1466 3762 1553 ‘ma-

2111 1565 2415 1636 nifestum]
2468 1570 2560 1625 est
2610 1558 2759 1622 illud
2818 1583 3030 1639 corpus
3087 1556 3287 1645 glorise.
3336 1554 3754 1645 Jesu‘Christi,

2110 1654 2264 1737 quod
2298 1658 2355 1712 et
2382 1655 2626 1729 vestigia
2648 1654 2945 1723 clavorum
2967 1642 3101 1728 post
3118 1642 3760 1737 ressurrectionemha-

2110 1732 2238 1799 huit
2267 1744 2446 1816 (Joan.
2478 1762 2574 1815 xx,
2624 1744 2739 1819 27),
2789 1749 2847 1801 et
2895 1744 3113 1831 clausis
3153 1743 3359 1816 januis
3404 1749 3493 1827 est
3528 1732 3758 1831 ingress-

2110 1850 2241 1889 sum
2275 1835 2443 1905 (Ibid.
2475 1834 2611 1907 26):
2644 1851 2751 1891 nos
2784 1833 2883 1907 qui
2924 1826 3051 1905 jam
3103 1850 3260 1891 nunc
3312 1832 3371 1889 in
3394 1826 3760 1919 baptismate

2108 1921 2336 1979 Christo
2367 1923 2930 1996 conresurreximus,
2964 1922 3025 1979 in
3070 1939 3284 1980 novum
3333 1908 3759 2005 renatihhomi-

2108 2028 2241 2069 nem
2272 2012 2496 2086 (Coloss.
2531 2028 2617 2080 ιιι,
2652 2013 2761 2085 12),
2795 2028 2902 2069 nec
2948 1998 3406 2095 circumcisioni,
3434 1998 3579 2089 'nec
3601 1998 3759 2095 prea-

2108 2099 2270 2173 putio
2293 2100 2619 2158 serviamus
2642 2118 2656 2167 ;
2691 2100 2792 2159 sed
2825 2098 2978 2172 quod
3003 2096 3184 2165 futuri
3206 2090 3577 2179 sumus,jam
3600 2090 3757 2179 nunc

2107 2206 2213 2246 nos
2243 2204 2372 2246 esse
2401 2186 2733 2251 credamus.
3084 2182 3121 2189 ’“
3242 2176 3247 2185 ’
3316 2186 3321 2189 ⁷

2181 2277 2366 2352 (Vers.
2420 2281 2529 2348 16.)
2577 2302 2605 2330 ‹‹
2663 2281 2733 2336 Et
2774 2279 3112 2353 quicunque
3162 2280 3313 2338 hanc
3361 2278 3625 2354 regulam
3669 2296 3757 2346 se-

2108 2372 2394 2440 quuntur,
2429 2387 2540 2443 pax
2572 2387 2751 2443 super
2778 2369 2931 2441 illos,
2957 2374 3015 2426 et
3034 2358 3466 2459 misericordia,
3495 2354 3758 2459 'et'super

2110 2458 2286 2514 Israel
2336 2459 2460 2516 Dei.
2514 2482 2541 2509 »
2587 2460 2673 2515 Ad
2720 2476 2991 2518 normam
3022 2459 3238 2547 omnia
3283 2450 3756 2547 dirigunturz’et

2107 2551 2309 2603 utrum
2341 2566 2518 2621 prava
2538 2553 2763 2607 rectave
2786 2546 2926 2618 sint,
2959 2536 3315 2623 cum‘regula
3343 2536 3612 2629 apposita
3630 2546 3756 2629 fue-

2108 2637 2204 2706 rit,
2237 2620 2587 2712 arguuntur.
2622 2634 2705 2695 Ita
2735 2642 2792 2694 et
2815 2630 3081 2696 dcctrina
3126 2620 3225 2705 Dei
3274 2620 3758 2725 ᾳιιεᾷἇαωίιιξᾲᾲί

2110 2728 2317 2797 norma
2347 2726 2638 2784 sermonis
2663 2731 2771 2799 est,
2804 2722 2939 2800 quas
2962 2728 3117 2785 inter
3134 2721 3300 2811 j'rusta
3321 2720 3554 2815 judicat
3581 2720 3639 2814 et
3660 2720 3768 2807 ing

2101 2814 2306 2888 justa:
2339 2832 2516 2889 quam
2549 2814 2651 2889 qni
2683 2819 2921 2875 secutus
2952 2816 3147 2889 fuerit,
3182 2814 3422 2898 habebit
3460 2831 3663 2898 pacem
3694 2814 3756 2898 in

2109 2903 2428 2981 semetipso
2451 2922 2576 2979 quas
2599 2910 2836 2978 superat
2856 2922 3088 2963 omnem
3112 2892 3354 2991 sensum

2106 2980 2208 3066 7);
2253 2998 2310 3049 et
2358 2999 2491 3067 post
2550 3011 2775 3067 pacem,
2845 2980 3306 3079 misericordiam

2108 3062 2227 3156 pua
2255 3062 2427 3140 estin
2460 3062 2569 3139 Dei
2614 3083 2813 3140 Israel.
2864 3083 2965 3140 Dei
3014 3072 3148 3140 vero
3202 3062 3409 3139 lsrae‘l‘j
3426 3062 3758 3150 dicti—isile‘st,

2110 3174 2183 3228 ad
2215 3172 2652 3229 distinctionem
2683 3173 2813 3245 ejus
2855 3174 2956 3246 qui
2987 3172 3089 3229 D‘ei
3119 3170 3302 3243 Israel
3330 3188 3461 3229 esse
3490 3171 3758 3229 cessavit.

2110 3263 2325 3319 Dicunt
2351 3262 2510 3318 enim
2541 3278 2604 3319 se
2630 3278 2760 3318 esse
2779 3262 3036 3331 Judaeos,
3063 3265 3122 3318 et
3141 3278 3256 3318 non
3282 3265 3422 3317 sunt
3443 3278 3457 3329 ;
3478 3260 3579 3318 sed
3603 3277 3765 3318 men-

2108 3351 2357 3423 tiuntur,
2390 3368 2531 3407 cum
2552 3352 2797 3408 sintde
2842 3366 3143 3424 synagoga
3174 3351 3417 3407 Satana
3468 3349 3659 3422 talpae.
3684 3367 3756 3417 ιι,

347 3435 461 3492 dus
491 3438 661 3491 vetus
690 3438 815 3490 est:
877 3438 1080 3489 sancto
1132 3450 1335 3489 novus.
1394 3436 1538 3490 Cum
1595 3435 1753 3491 enim
1797 3439 1998 3492 sancto
2029 3417 2072 3484 (ἶ
2109 3441 2189 3514 9.)
2215 3417 2607 3507 Nec'mireris,
2632 3440 2680 3496 si
2703 3440 2774 3496 ad
2797 3417 3188 3496 imitationem
3211 3417 3758 3510 spiritualisvlsrael,

346 3525 610 3581 mundus
658 3522 836 3579 fuerit
869 3522 1208 3590 crucifixus,
1240 3538 1612 3596 nequaquam
1663 3528 1752 3580 est
1797 3526 1847 3580 ei
1890 3526 1999 3581 cir-

346 3612 631 3671 cumcisio
661 3616 718 3669 et
747 3610 1101 3685 praeputium
1135 3628 1147 3666 :
1183 3627 1299 3668 non
1330 3611 1593 3685 Judzsus,
1634 3628 1825 3686 neque
1851 3617 1999 3673 Gen-

344 3701 510 3759 tilis:
545 3702 646 3759 sed
680 3718 829 3758 nova
876 3704 1166 3767 creatura,
1217 3702 1276 3756 in
1327 3718 1505 3774 quam
1550 3704 2003 3776 transfiguratur

345 3809 558 3865 corpus
588 3790 942 3848 humilitatis
974 3795 1211 3856 nostris,
1244 3792 1545 3848 conformo
1572 3792 1837 3864 corporis
1876 3794 2000 3866 glo-

349 3882 447 3938 ria)
476 3880 689 3938 Christi
721 3879 998 3953 (Philipp.
1034 3897 1120 3947 ιιι,
1153 3881 1246 3948 21)
1274 3898 1293 3936 :
1320 3880 1530 3937 Vetera
1560 3881 1781 3954 quippe
1807 3868 1998 3939 trans-

349 3970 564 4040 ierunt,
614 3986 745 4026 ecce
797 3969 949 4024 facta
1010 3974 1149 4025 sunt
1196 3969 1395 4049 omnia
1444 3986 1592 4029 nova
1637 3972 1711 4043 (II
1765 3971 1884 4051 Cor.
1943 3989 1999 4051 ν,

351 4060 460 4133 17).
493 4060 562 4115 Et
587 4059 881 4132 quomodo
911 4057 1029 4114 alia
1076 4062 1168 4114 est
1210 4054 1399 4131 gleria
1450 4058 1615 4123 solis.
1650 4058 1794 4116 ‘a‘lia
1826 4061 1998 4132 lunia,

350 4148 468 4204 alia
497 4148 798 4204 stellarum
824 4164 837 4203 :
874 4147 1048 4204 Stella
1095 4148 1297 4220 quippe
1326 4165 1361 4203 a
1390 4149 1549 4205 stella
1572 4149 1756 4222 di/fert
1794 4151 1854 4205 in
1884 4151 2001 4220 glo-

351 4238 477 4293 ria:
516 4238 593 4292 sic
611 4241 666 4293 et
713 4239 1068 4293 ressurrectio
1113 4245 1454 4293 mortuorum
1499 4239 1545 4309 (ι
1596 4236 1715 4294 Cor.
1767 4256 1861 4308 xv,
1908 4241 1998 4309 41,

352 4327 465 4395 42).
499 4325 712 4398 Dequa
740 4329 796 4382 et
827 4323 1031 4382 Daniel
1062 4326 1189 4398 pari
1218 4341 1358 4381 voce
1392 4327 1727 4399 concordat,
1758 4328 1996 4384 dicens:

347 4414 1011 4497 Pturimidormientium
1048 4414 1115 4471 de
1166 4418 1333 4475 terra?
1371 4416 1606 4488 pulvere
1648 4423 1918 4487 surgent:
1942 4418 2002 4473 1η

348 4505 412 4561 in
440 4506 617 4562 vitam
645 4492 909 4575 seternam
941 4508 995 4562 et
1018 4503 1083 4560 hi
1122 4506 1185 4559 in
1236 4504 1600 4579 opprobrium
1642 4509 1690 4562 et
1721 4508 1779 4561 in
1810 4508 2002 4577 can/u-

348 4595 559 4652 sionem
598 4580 1121 4665 alternam-(Dan.
1171 4611 1273 4664 χιι,
1326 4595 1421 4662 2);
1473 4597 1564 4650 et:
1626 4596 2003 4664 Intelligentes

348 4685 638 4758 fulgebunt
661 4685 805 4740 sicut
832 4682 1091 4756 splendor
1138 4683 1477 4753 ﬁrmamenti
1523 4683 1683 4753 (Ibid.
1715 4685 1790 4756 3).
1833 4685 1900 4740 Et
1930 4685 2001 4743 de

345 4775 563 4846 justis:
613 4774 771 4830 Multi
822 4775 966 4829 sicut
1022 4774 1203 4830 stella
1247 4774 1308 4827 in
1358 4775 1749 4842 sempiternum
1790 4764 1997 4842 (Ibid).
2030 4794 2078 4859 Β
2108 4764 2161 4834 si
2190 4766 2367 4847 p’ecor

350 4863 550 4936 Neque
578 4863 737 4920 enim
770 4862 830 4919 in
861 4862 983 4919 sole
1014 4867 1071 4919 et
1101 4862 1263 4933 luna,
1297 4863 1667 4919 ﬁrmamento
1698 4868 1754 4919 et
1793 4862 1996 4934 stellis,

351 4952 724 5009 circumcisio
757 4951 980 5024 aliquid
1009 4951 1180 5020 valet,
1215 4955 1317 5008 ant
1355 4952 1706 5025 praeputium
1734 4971 1747 5020 ;
1781 4953 1882 5008 sed
1911 4956 2003 5008 est

353 5057 507 5097 nova
553 5041 811 5098 conditio
858 5040 986 5098 sine
1032 5041 1126 5098 his
1174 5041 1441 5115 partibus
1489 5058 1823 5115 corporum,
1873 5056 2002 5121 quae

352 5136 604 5204 possunt
649 5131 859 5188 secari.
911 5134 993 5187 Ita
1042 5130 1223 5204 igitur
1270 5135 1327 5187 et
1378 5147 1505 5196 nos,
1557 5129 1659 5203 qui
1697 5128 2001 5203 diligimus

353 5221 561 5288 Deum,
592 5223 649 5276 et
681 5225 1006 5293 praeparata
1034 5225 1176 5277 sunt
1202 5220 1373 5276 nobis
1404 5237 1531 5293 quae
1553 5237 1659 5276 nec
1689 5219 1895 5276 oculus
1918 5221 2001 5275 vi-

350 5307 457 5377 dit,
478 5322 585 5365 nec
611 5307 771 5364 auris
798 5308 1042 5378 audivit,
1065 5327 1171 5366 nec
1201 5308 1262 5365 in
1293 5326 1392 5366 cor
1422 5309 1681 5366 hominis
1720 5309 2001 5366 ascende-

350 5399 569 5469 ταυτα
595 5390 923 5472 Contigit),
955 5414 1088 5455 cum
1147 5400 1218 5455 de
1262 5398 1418 5457 583
1467 5412 1707 5470 corpore
1762 5397 1999 5453 humili-

348 5480 927 5546 tatis'transformati
955 5487 1247 5544 fuerimus
1294 5488 1355 5543 in
1399 5502 1612 5559 corpus
1660 5485 1857 5558 glorias
1887 5486 2001 5542 Do-

350 5576 655 5635 miniJesu
679 5574 897 5635 Christi
930 5578 1194 5650 (Philipp.
1225 5594 1307 5645 ιιι,
1330 5579 1445 5651 21),
1474 5576 1618 5633 illud
1650 5575 2000 5633 habebimus

349 5672 561 5741 corpus
584 5662 872 5741 quodtneo
893 5664 1352 5739 Judasus‘possit
1399 5666 1681 5735 incidere,
1704 5655 1834 5722 nec
1864 5683 1995 5723 cum

425 5813 442 5871 ‘.
474 5813 586 5885 Pro
613 5814 695 5871 ait
723 5812 929 5885 verbo,
956 5790 1114 5885 quod
1145 5827 1291 5869 mss.
1313 5812 1527 5885 nostri
1561 5828 1768 5871 omnes
1797 5812 2000 5885 praefe-

354 5886 514 5955 runt,
560 5880 740 5965 antea
776 5880 1090 5961 legebatur
1158 5883 1325 5956 quasi
1383 5880 1533 5943 sacri
1581 5888 1772 5943 textus
1797 5880 2001 5971 'parti-

2111 3529 2364 3587 carnalis
2396 3530 2473 3586 sit
2505 3528 2704 3599 Israel,
2737 3527 2838 3602 qui
2882 3544 2988 3584 nec
3018 3543 3219 3602 pacem
3264 3526 3479 3583 habeat
3507 3541 3614 3582 nec
3644 3525 3761 3582 mi-

2111 3616 2536 3687 scricordiam;
2592 3616 2663 3674 de
2709 3633 2824 3690 quo
2871 3620 2928 3673 et
2975 3615 3049 3673 ad
3078 3615 3408 3672 Corinthios
3438 3614 3755 3672 scribitur:

2114 3708 2311 3765 Videte
2366 3708 2539 3764 Israel
2586 3706 2883 3763 secundum
2948 3722 3169 3762 carnem
3227 3707 3278 3773 (1
3340 3704 3461 3761 Cor.
3527 3721 3585 3775 χ,
3646 3703 3758 3776 18),

2111 3815 2245 3869 cum
2278 3798 2353 3854 ad
2378 3796 2769 3867 imitationem
2802 3811 3036 3868 quoque
3064 3794 3166 3851 Dei
3197 3797 3254 3850 et
3297 3792 3556 3860 Domini,
3587 3791 3761 3849 multi

2111 3870 2233 3944 sint
2262 3886 2365 3955 dii,
2413 3892 2470 3942 et
2512 3884 2682 3941 multi
2738 3884 2987 3950 domini,
3040 3884 3163 3940 sive
3207 3882 3268 3939 in
3317 3881 3485 3954 coelo,
3540 3880 3662 3938 sive
3698 3882 3759 3938 in

2110 3981 2266 4051 terra
2292 3976 2351 4048 (1.
2371 3974 2491 4037 Cor.
2518 3991 2642 4047 vni,
2672 3975 2750 4047 5).
2778 3973 3032 4053 Pulchre
3073 3978 3269 4029 autem
3314 3988 3432 4028 uno
3470 3985 3759 4041 sermone,

2098 4070 2191 4121 ut
2208 4062 2517 4138 epistolam
2543 4063 2717 4134 juxta
2764 4060 3128 4134 propositum
3175 4063 3589 4132 argumentum
3626 4059 3767 4120 δαί-ι,

2111 4158 2217 4223 ret,
2267 4151 2444 4208 Israel
2494 4150 2595 4206 Dei
2640 4150 2901 4217 vocavit;
2957 4165 3073 4221 quo
3121 4147 3344 4204 scilicet
3388 4147 3582 4204 omnia
3632 4163 3760 4219 quos

2092 4244 2291 4315 supra
2320 4241 2476 4297 diota
2505 4244 2668 4307 sunt,
2702 4254 2818 4294 non
2852 4241 3015 4295 extra
3046 4252 3325 4304 causam;
3359 4234 3461 4291 sed
3491 4249 3562 4290 ex
3581 4250 3762 4290 causa

2110 4333 2411 4405 dispptata
2438 4330 2776 4385 doceantur.
3332 4374 3339 4379 ,

2181 4420 2369 4493 (Vers.
2404 4420 2515 4491 17).
2535 4440 2562 4469 «
2585 4423 2664 4474 De
2692 4421 2901 4487 caetero
2921 4432 3092 4474 nemo
3112 4413 3262 4487 mihi
3288 4412 3580 4493 molestus
3600 4412 3695 4470 sit.
3729 4434 3760 4463 ››

2104 4478 2238 4583 Non
2270 4506 2439 4584 quasi
2470 4478 2750 4583 defecerit
2780 4508 2839 4562 in
2869 4494 3127 4561 docendo
3159 4549 3170 4561 .
3224 4490 3326 4590 sed
3352 4478 3580 4590 liquhojat
3608 4500 3763 4575 agri-

2111 4598 2238 4655 cola
2267 4580 2425 4653 liunc
2455 4580 2669 4652 habeat
2699 4593 2959 4651 laborem
2983 4594 3026 4661 ²,
3058 4591 3107 4650 si
3154 4584 3282 4664 quis
3331 4580 3487 4650 6εῇ
3512 4580 3760 4664 “planta-

2108 4687 2256 4755 ,verit
2284 4685 2539 4757 virgulta
2570 4684 2905 4751 siccentur;
2938 4687 2997 4740 et
3046 4686 3246 4756 pastor
3282 4679 3761 4748 sollicitudinem,

2108 4702 2256 4755 ,verit
2284 4704 2372 4757 vir
2416 4702 2539 4741 una
2570 4702 2905 4751 siccentur;
2938 4702 2997 4740 et
3046 4702 3246 4756 paswr
3282 4702 3761 4748 souicuuumem,

2108 4758 2161 4834 si
2190 4702 2411 4846 pecori
2428 4791 2554 4846 quae
2605 4776 3061 4846 congregaverat
3112 4770 3401 4843 dissipata
3443 4767 3761 4826 lanientur.

2111 4863 2321 4927 Melius
2352 4880 2488 4935 ergo
2536 4862 2597 4918 in
2647 4862 2841 4919 Graeco
2890 4858 3127 4934 legitur,
3187 4860 3260 4915 De
3313 4867 3507 4917 caetero
3551 4858 3764 4915 labores

2109 4954 2251 5010 mihi
2279 4969 2437 5009 nemo
2466 4952 2766 5019 exhibeat;
2817 4967 2890 5006 ne
2940 4965 3178 5005 rursum
3227 4947 3450 5005 scilicet
3492 4946 3553 5003 in
3595 4945 3762 5003 vobis

2112 5042 2523 5131 pecassitatem
2545 5040 2794 5097 habeam
2825 5037 3150 5095 laborandi.
3202 5036 3480 5093 Laborem
3524 5036 3764 5108 prastat

2110 5125 2416 5205 magistro,
2451 5125 2551 5202 qui
2583 5128 2751 5185 aliter
2781 5132 2839 5184 et
2886 5127 3027 5184 vivit
3074 5131 3131 5183 et
3177 5125 3378 5193 sentit,
3426 5139 3603 5197 quam
3635 5138 3760 5179 ma-

2109 5220 2294 5295 gister
2339 5225 2396 5276 et
2444 5218 2644 5275 docuit
2692 5221 2751 5273 et
2796 5216 2949 5272 fecit.
2996 5218 3194 5271 Potest
3241 5218 3299 5270 et
3326 5210 3758 5270 contentionem

2110 5326 2334 5377 eorum,
2386 5309 2436 5364 si
2491 5307 2590 5379 qui
2643 5305 3071 5379 contradicere,
3108 5303 3383 5374 deinceps
3444 5297 3758 5379 vplueript,

2110 5373 2445 5473 pws-venire,
2496 5373 2653 5471 quod
2705 5395 2882 5451 etiam
2932 5394 3002 5450 ad
3055 5378 3386 5473 Corinthios
3416 5373 3760 5471 i'n’vél'an'do

2110 5464 2377 5544 mulieris
2406 5464 2618 5558 capite,
2652 5488 2710 5541 et
2740 5482 2987 5541 m’asculi
3029 5466 3145 5539 non
3174 5464 3419 5536 velando
3448 5478 3499 5550 (ι
3524 5464 3757 5558 adﬂixi,

2111 5577 2253 5649 4-7),
2286 5577 2443 5648 post"
2476 5573 2664 5630 multa
2716 5572 3055 5645 complexus
3103 5574 3213 5636 est,
3244 5566 3511 5625 'dlceus':
3534 5558 3615 5624 ἐἰ
3635 5564 3761 5642 quis

2110 5674 2291 5723 autem
2322 5664 2541 5721 videtur
2590 5663 2961 5721 contentiosus
3004 5674 3137 5726 esse,
3184 5670 3283 5715 nos
3322 5658 3498 5716 talem
3525 5658 3761 5753 ednst

2111 5809 2261 5878 cula,
2295 5812 2395 5865 ita.

2179 5872 2336 5947 *D'uo
2366 5895 2536 5949 mss.,
2568 5879 2715 5938 hunc
2736 5873 2934 5951 habeat
2961 5872 3223 5935 dolorem.
