4332 6594
526 568 642 635 46⁸1

1780 569 1845 632 S.
1892 568 2207 633 EUSEBII
2250 567 2696 636 HIERONYMI

3823 564 3945 632 468

532 705 784 764 tudinem
810 721 921 763 non
954 703 1238 776 habemus,
1262 721 1437 778 neque
1464 705 1706 762 Ecclesia
1737 704 1831 760 Dei
1858 704 2014 775 (Ibid.
2052 705 2178 774 16):
2210 706 2265 770 Α
2295 711 2453 773 sunt,
2483 707 3078 779 comprehendantur.
3109 704 3326 765 Anima
3353 701 3508 763 enim
3541 705 3599 761 et
3627 719 3763 760 caro
3801 704 3942 761 sub-

534 796 646 853 hoc
677 800 785 861 est,
814 813 920 852 nos
952 795 1208 851 diximus
1240 813 1366 869 quae
1418 796 1586 851 nobis
1634 795 1880 851 honesta
1907 793 2183 848 videban-

533 891 636 946 tur
664 891 719 943 et
741 887 947 957 justa;
981 885 1031 941 si
1062 885 1197 958 quis
1227 890 1423 941 autem
1458 884 1660 941 nolens
1691 883 2059 955 acquiescere
2089 899 2184 938 ve-

534 975 721 1042 ritati,
756 975 966 1047 quaerit
994 975 1136 1047 quid
1172 974 1541 1047 respondeat,
1576 982 1630 1028 et
1676 973 1893 1044 quibus
1924 971 2184 1027 nitantur

538 1060 765 1135 contra,
790 1062 937 1120 sciat
969 1080 1029 1119 se
1060 1063 1436 1135 responsione
1464 1078 1577 1117 non
1607 1061 1876 1133 dignum,
1910 1060 2007 1131 qui
2056 1077 2185 1115 ma-

543 1153 634 1227 gis
665 1152 1017 1209 contendere
1068 1157 1307 1224 paratus
1354 1154 1462 1217 est,
1513 1166 1690 1222 quam
1744 1149 1958 1204 doceri.
1997 1172 2016 1197 ι
2072 1153 2185 1221 Ego

544 1247 740 1299 autem
754 1241 1029 1314 stigmata
1044 1239 1274 1296 Domini
1291 1240 1430 1294 Jesu
1454 1238 1513 1294 in
1536 1254 1775 1310 corpore
1799 1254 1925 1293 meo
1944 1241 2128 1310 porto.
2159 1258 2186 1286 »

541 1330 649 1397 Qui
685 1334 814 1402 post
844 1330 1158 1385 adventum
1182 1326 1396 1384 Christi
1431 1328 1485 1382 in
1518 1343 1689 1382 carne
1724 1326 2188 1395 circumciditur,

539 1432 653 1475 non
686 1420 880 1490 portat
908 1417 1185 1489 stigmata
1216 1415 1444 1471 Domini
1473 1416 1613 1472 Jesu
1640 1433 1653 1483 ;
1706 1416 1807 1471 sed
1857 1415 2036 1471 habet
2065 1414 2187 1488 glo-

539 1507 683 1564 riam
717 1506 775 1562 in
808 1505 1152 1563 confusione
1176 1522 1285 1561 sua
1314 1506 1583 1577 (Philipp.
1622 1522 1707 1570 ιιι,
1778 1505 1881 1577 19).
1918 1505 2025 1569 Qui
2058 1521 2188 1561 vero

537 1597 598 1653 in
621 1596 809 1670 plagis
837 1613 1018 1669 supra
1047 1595 1311 1664 modum,
1344 1594 1403 1649 in
1445 1594 1778 1651 carceribus
1831 1594 2187 1665 frequenter,

539 1684 629 1743 ter
656 1686 834 1759 virgis
866 1702 1053 1742 caesus
1082 1688 1192 1751 est,
1226 1684 1407 1740 semel
1440 1684 1737 1757 lapidatus
1767 1688 1875 1755 est,
1901 1688 1957 1739 et
1987 1687 2193 1739 caetera

542 1774 669 1849 quis
699 1775 757 1830 in
792 1773 1055 1847 catalogo
1086 1774 1301 1847 scripta
1346 1778 1485 1829 sunt
1531 1772 1817 1845 gloriandi
1860 1774 1929 1841 (II
1958 1772 2079 1827 Cor.
2113 1789 2192 1840 χι,

542 1866 635 1938 23,
665 1864 949 1937 25seqq.),
976 1864 1074 1919 hic
1105 1864 1385 1937 stigmata
1414 1862 1645 1919 Domini
1673 1862 1816 1919 Jesu
1846 1862 1905 1917 in
1955 1878 2194 1934 corpore

543 1952 650 2011 suo
678 1957 888 2026 portat.
938 1953 1105 2010 Forte
1135 1958 1194 2007 et
1224 1952 1273 2008 is
1321 1952 1421 2024 qui
1455 1957 1711 2008 macerat
1751 1968 1964 2024 corpus
1994 1968 2193 2007 suum.

544 2042 603 2101 et
633 2042 873 2115 subjicit
901 2041 1188 2107 servituti,
1224 2057 1294 2097 ne
1326 2040 1457 2097 aliis
1489 2042 1809 2113 praedicans
1842 2041 1967 2113 ipse
1998 2056 2194 2113 repro-

546 2133 660 2188 bus
691 2132 1020 2188 inveniatur
1043 2132 1088 2203 (l
1118 2132 1239 2187 Cor.
1270 2148 1345 2196 ix,
1377 2131 1492 2201 27),
1530 2134 1723 2203 portat
1772 2129 2048 2203 stigmata
2086 2129 2196 2185 Do-

548 2221 695 2278 mini
722 2221 864 2278 Jesu
896 2221 957 2276 in
989 2236 1231 2293 corpore
1262 2237 1390 2276 suo.
1443 2220 1816 2276 Lzetabantur
1862 2224 1919 2274 et
1956 2218 2200 2292 apostoli

550 2308 706 2385 quod
738 2310 899 2383 digni
930 2310 1163 2366 fuerant
1192 2326 1297 2382 pro
1328 2308 1564 2366 nomine
1594 2309 1733 2365 Jesu
1784 2307 2199 2364 contumeliam

550 2400 670 2473 pati
702 2400 837 2472 (Aet,
872 2415 922 2466 ν,
957 2401 1031 2470 4).

570 2497 575 2503 ‘
620 2492 810 2558 (Vers.
865 2488 976 2559 18.)
1036 2486 1225 2543 Gratia
1288 2488 1513 2543 Domini
1570 2489 1745 2542 nostri
1798 2489 1923 2543 Jesu
1969 2486 2199 2555 Christi,

549 2575 675 2634 eum
723 2578 929 2651 spiritu
974 2584 1164 2647 vestro,
1213 2579 1438 2648 fratres,
1491 2578 1676 2631 Amen.
1726 2576 1851 2631 Non
1882 2576 2195 2644 dissensio,

551 2683 663 2723 non
698 2667 866 2739 Legis
897 2665 1168 2736 servitus,
1201 2682 1316 2720 non
1378 2665 1521 2730 rixa,
1578 2682 1693 2720 non
1749 2666 2036 2737 jurgium,
2097 2666 2197 2721 sed

549 2755 737 2829 gratia
770 2753 997 2811 Domini
1025 2753 1165 2810 Jesu
1196 2752 1406 2810 Christi
1442 2753 1517 2810 sit
1548 2771 1682 2810 cum
1743 2754 1953 2825 spiritu
1984 2759 2197 2810 vestro.

548 2846 935 2918 Nequaquam
967 2859 1102 2899 cum
1136 2859 1331 2911 carne,
1364 2860 1737 2915 nequaquam
1791 2860 1927 2900 cum
1963 2843 2199 2911 anima;

549 2933 670 2990 sive
701 2933 843 3007 quia
871 2931 1214 3006 spirituales
1240 2932 1396 2998 facti,
1431 2948 1563 2988 caro
1612 2937 1671 2989 et
1716 2933 1915 2988 anima
1950 2948 2079 2988 esse
2111 2933 2206 2989 de-

552 3021 748 3090 sistis,
771 3020 890 3079 sive
913 3020 1067 3094 quod
1100 3020 1158 3076 in
1182 3020 1491 3093 principali
1514 3020 1690 3076 etiam
1714 3037 1799 3092 ea,
1827 3037 1953 3093 quae
1980 3019 2206 3077 minora

572 3207 579 3216 .
622 3166 641 3201 ¹
672 3165 833 3221 Idem
865 3180 1035 3230 mss.,
1067 3163 1208 3235 quod
1235 3162 1458 3235 dieitur,
1493 3179 1596 3235 pro
1624 3162 1863 3219 docetur.

2288 794 2443 863 jecta
2471 797 2880 868 suntspiritui.
2909 802 2984 853 De
3016 814 3131 868 quo
3154 800 3212 852 et
3236 794 3613 851 Ecclesiastes
3642 792 3939 866 loquitur:

2295 884 2535 955 Spiritus
2563 891 2862 942 revertetur
2884 888 2959 942 ad
3013 903 3137 941 eum
3192 886 3289 957 qui
3340 884 3486 941 dedit
3542 884 3707 938 illum
3746 883 3940 954 (Eccle.

2296 990 2393 1040 xu,
2424 976 2503 1042 7).
2537 975 2603 1029 Et
2632 974 2850 1030 Paulus
2883 974 2942 1029 in
3002 973 3116 1030 alio
3173 973 3337 1029 loco:
3370 977 3490 1045 Ipse
3533 973 3761 1044 spiritus
3789 975 3941 1028 testi-

2294 1064 2545 1117 monium
2574 1064 2819 1134 perhibet
2846 1065 3071 1136 spiritui
3096 1067 3283 1119 nostra
3314 1062 3489 1133 (Rom.
3520 1079 3642 1133 νιιι,
3678 1062 3785 1133 16).
3811 1061 3942 1118 Hac

2297 1156 2494 1207 autem
2526 1153 2713 1223 gratia
2743 1152 2974 1209 Domini
3004 1153 3143 1209 Jesu
3175 1169 3291 1208 non
3340 1168 3473 1207 cum
3524 1150 3801 1207 omnibus
3830 1156 3942 1220 est,

2298 1241 2397 1296 sed
2431 1257 2561 1296 cum
2597 1241 2689 1297 his
2719 1243 2820 1314 qui
2843 1242 3052 1299 fratres
3074 1243 3147 1299 ab
3166 1239 3445 1313 Apostolo
3467 1244 3767 1297 merentur
3787 1241 3937 1299 585

2297 1328 2508 1398 vocari,
2544 1330 2751 1386 fratres
2804 1330 3027 1401 fideles,
3081 1330 3407 1402 fratresque
3454 1328 3742 1403 germani,
3788 1330 3942 1401 quod

2298 1435 2457 1474 ames
2482 1419 2725 1475 verbum
2759 1419 3052 1493 signiﬁcat
3079 1420 3409 1476 Hebraeum.
3446 1423 3629 1475 Amen
3663 1418 3820 1473 enim
3851 1418 3948 1475 Se-

2301 1508 2610 1579 ptuaginta
2629 1508 2999 1580 interpretes,
3030 1509 3126 1579 ﬁat
3151 1524 3166 1575 ;
3198 1506 3434 1580 Aquila,
3454 1506 3867 1580 Symmachus,
3890 1511 3950 1563 et

2301 1594 2647 1662 Theodotio,
2666 1596 2920 1667 ﬁdeliter,
2953 1597 3094 1668 sive,
3121 1612 3261 1667 vere,
3294 1595 3655 1668 interpretati
3691 1599 3847 1651 sunt.
3880 1596 3951 1652 Et

2302 1686 2595 1757 quomodo
2642 1685 2701 1741 in
2754 1686 2930 1741 veteri
2982 1687 3359 1741 Testamento
3408 1685 3663 1756 quadam
3706 1684 3947 1756 jurandi

2303 1774 2725 1831 consuetudine
2755 1775 2908 1831 Deus
2956 1791 3063 1831 sua
3113 1774 3293 1831 verba
3337 1775 3672 1843 conﬁrmat,
3703 1774 3945 1830 dicens:

2306 1864 2430 1919 Vivo
2460 1879 2573 1935 ego,
2605 1864 2741 1920 dicit
2772 1866 3039 1921 Dominus
3090 1865 3272 1936 (Num.
3323 1881 3439 1933 xxv,
3486 1864 3580 1934 98)
3605 1882 3624 1918 :
3668 1879 3772 1936 per
3812 1880 3949 1919 san-

2304 1958 2427 2009 ctos
2457 1954 2985 2025 quoquejuratur:
3043 1955 3179 2009 Vivit
3225 1954 3415 2009 anima
3469 1961 3565 2008 tua
3594 1951 3801 2021 (Iudith
3847 1969 3950 2019 xu,

2308 2043 2403 2113 li);
2434 2042 2515 2097 ita
2541 2047 2601 2098 et
2630 2042 2894 2099 Salvator
2939 2048 3135 2099 noster
3178 2042 3238 2098 in
3287 2040 3603 2115 Evangelia
3622 2042 3845 2112 (Matth.
3892 2060 3950 2109 v,

2314 2133 2401 2197 18,
2434 2140 2485 2187 et
2511 2134 2739 2201 passim)
2789 2149 2889 2205 per
2940 2132 3183 2189 verbum
3242 2132 3397 2189 586
3426 2133 3629 2202 Amen,
3655 2147 3797 2213 vera
3825 2147 3955 2188 esse

2312 2238 2437 2293 quae
2470 2220 2753 2292 loquitur,
2812 2221 3086 2277 ostendit.
3137 2222 3297 2286 Quod
3351 2225 3547 2278 autem
3602 2223 3780 2277 Amen
3812 2237 3956 2278 con-

2312 2326 2553 2365 sensum
2588 2309 2880 2382 signiﬁcet
2912 2310 3226 2378 audientis,
3260 2315 3318 2367 et
3342 2309 3421 2366 sit
3462 2309 3830 2382 signaculum
3861 2326 3958 2366 ve-

2315 2399 2527 2463 ritatis,
2559 2399 2630 2454 ad
2664 2399 2990 2456 Corinthios
3022 2416 3254 2472 quoque
3284 2400 3475 2472 prima
3521 2416 3628 2455 nos
3676 2399 3863 2465 docet,
3896 2398 3958 2454 in

2314 2505 2432 2560 qua
2486 2487 2703 2545 Paulus
2752 2489 2869 2545 ait:
2931 2492 3205 2546 Caeterum
3261 2491 3312 2544 si
3349 2488 3694 2545 benedixeris
3732 2489 3958 2559 spiritu,

2313 2579 2435 2648 quis
2463 2578 2677 2649 supplet
2709 2578 2887 2634 locum
2920 2577 3101 2633 idiota
3118 2577 3145 2632 ‘l
3166 2577 3435 2647 Quomodo
3455 2576 3597 2633 dicet
3616 2593 3778 2633 amen
3795 2593 3961 2650 super

2315 2676 2412 2722 tua
2443 2665 2821 2723 benedictione
2843 2685 2863 2721 :
2895 2669 3160 2739 quoniam
3186 2667 3408 2740 quidem
3436 2668 3607 2723 nescit
3647 2665 3780 2739 quid
3807 2667 3961 2723 dicas

2314 2755 2363 2824 (l
2390 2755 2514 2811 Cor.
2549 2772 2658 2823 xuv,
2692 2755 2825 2828 16)?
2857 2756 2937 2810 Ex
2967 2773 3081 2829 quo
3125 2756 3385 2813 ostendit
3432 2772 3548 2812 non
3600 2772 3772 2829 posse
3813 2754 3961 2812 idio-

2313 2848 2411 2900 ten
2441 2845 2762 2917 repondere
2794 2860 2997 2901 verum
3046 2862 3175 2902 esse
3223 2845 3378 2918 quod
3436 2845 3674 2913 dicitur,
3725 2844 3839 2901 nisi
3871 2844 3958 2900 in-

2315 2931 2598 2989 tellexerit
2628 2933 2785 3005 quod
2820 2935 3063 2991 docetur
3087 2936 3127 2989 ί.
3722 2924 3725 2927 ’

1257 3579 1381 3679 S.
1469 3576 2147 3680 BUSBBII
2233 3577 3255 3679 EIERONYMI

1697 3802 2266 3865 STRIDONENSIS
2321 3804 2813 3865 PRESBYTERI

1489 4004 3047 4104 COMMENTARIORUM

765 4418 2068 4585 EPISTOLAM
2194 4420 2484 4583 AD
2618 4402 3745 4589 EPHESIOS

1920 4718 2229 4793 LIBRI
2309 4719 2617 4794 TRES.

1834 5030 2681 5124 PROLOGUS.

625 5361 967 5420 587-588
1018 5360 1080 5417 Si
1130 5360 1453 5433 quidquam
1511 5366 1619 5432 est,
1660 5360 1844 5419 Paula
1890 5366 1947 5416 et
1994 5362 2203 5418 Eusto-
2236 5345 2279 5413 C
2319 5365 2467 5421 ratio
2497 5369 2692 5421 autem
2727 5364 2920 5421 omnis
2951 5369 3010 5421 et
3029 5381 3222 5421 sermo
3244 5364 3646 5424 divinislibris
3667 5366 3966 5424 continea-

554 5450 776 5524 chium,
810 5451 965 5524 quod
996 5450 1055 5506 in
1088 5449 1198 5507 hac
1225 5450 1343 5507 vita
1389 5451 1713 5523 sapientem
1760 5450 1950 5506 virum
1984 5455 2198 5520 teneat,

556 5544 615 5594 et
646 5539 799 5594 inter
824 5557 1136 5611 pressuras
1167 5544 1224 5596 et
1253 5540 1517 5596 turbines
1548 5540 1751 5595 mundi
1811 5556 1976 5612 aequo
2006 5541 2201 5598 animo

558 5644 793 5685 manere
838 5630 1202 5700 persuadeat,
1241 5630 1297 5684 id
1331 5646 1459 5684 esse
1490 5629 1573 5684 vel
1626 5630 1880 5702 primum
1916 5647 2062 5699 reor,
2088 5646 2203 5686 me-

555 5714 899 5771 ditationem
931 5723 989 5772 et
1017 5718 1325 5773 scientiam
1359 5717 1817 5787 Scripturarum.
1868 5723 2011 5772 Cum
2043 5720 2199 5775 enim

557 5820 591 5859 a
622 5803 846 5859 caeteris
877 5805 1279 5862 animantibus
1312 5804 1420 5859 hoc
1447 5802 1533 5858 vel
1569 5804 1818 5862 maxime
1839 5804 2199 5877 differamus,

557 5893 711 5966 quod
746 5893 1026 5950 rationale
1058 5893 1275 5950 animal
1308 5909 1521 5949 sumus
1550 5897 1607 5949 et
1636 5893 1794 5968 loqui
1835 5913 2154 5969 possumus
2185 5914 2207 5954 :.

2310 5456 2426 5519 tur,
2461 5470 2565 5525 per
2596 5470 2746 5526 quos
2778 5457 2835 5509 et
2863 5454 3050 5509 Deum
3098 5453 3409 5522 discimus,
3457 5459 3516 5510 et
3563 5471 3746 5527 quare
3785 5455 3966 5513 creati

2311 5558 2522 5598 sumus
2552 5560 2670 5598 non
2704 5544 3087 5617 ignoramus:
3123 5542 3306 5600 miror
3334 5546 3624 5616 quosdam
3669 5544 3967 5602 exstitisse

2313 5631 2412 5701 qui
2466 5635 2568 5686 aut
2614 5632 2725 5704 ipsi
2774 5650 2836 5689 se
2886 5633 3108 5691 inertiis
3156 5638 3212 5689 et
3261 5651 3467 5691 somno
3515 5635 3743 5700 dantes,
3777 5633 3966 5691 nolint

2313 5736 2440 5791 quae
2472 5720 2751 5791 praeclara
2801 5728 2942 5778 sunt
2984 5723 3254 5780 discere:
3308 5728 3411 5780 aut
3457 5726 3719 5787 cateros,
3761 5724 3865 5796 qui
3903 5724 3964 5780 id

2314 5807 2493 5865 studii
2527 5807 2764 5880 habent,
2796 5811 3310 5883 reprehendendos
3332 5815 3556 5885 putent.
3580 5810 3805 5879 Quibus
3825 5828 3961 5869 cum

2312 5898 2531 5972 possim
2565 5898 2891 5958 districtius
2919 5902 3296 5976 respondere,
3331 5905 3389 5959 et
3440 5901 3694 5960 breviter
3739 5917 3839 5960 eos
3868 5902 3958 5960 vel
