4332 6558
387 508 507 578 469

1107 522 1630 590 COMMENTAR.
1674 525 1753 587 IN
1797 519 2044 586 EPIST.
2095 518 2197 585 AD
2240 519 2518 585 EPHES.
2555 557 2631 570 —
2659 521 3094 589 PROLOGUS.

3689 522 3812 588 470

391 653 644 713 offensos
673 654 985 727 dimittere,
1018 657 1105 714 vel
1139 657 1421 731 placatos,
1450 659 1635 715 multo
1667 675 1795 715 esse
1829 658 2037 714 melius
2066 664 2118 727 Α
2149 673 2282 730 gere
2339 657 2701 728 saecularem,
2743 662 2799 714 et
2864 675 3011 730 pene
3067 661 3126 716 in
3185 657 3601 718 communibus
3658 648 3805 718 locis

392 745 720 817 Scripturas
766 745 974 819 legere,
1017 765 1195 820 quam
1241 749 1526 822 augendis
1575 755 1630 805 et
1670 747 2045 804 cumulandis

395 835 604 906 opibus
634 835 859 892 inhiare
895 855 906 892 :
941 836 1080 893 illud
1107 838 1482 910 dicam,quod
1507 839 1592 894 vel
1618 839 1770 911 apud
1799 837 2046 910 iniquis-

395 923 613 979 simum
663 925 926 995 judieem
996 927 1310 993 obtineam,
1365 928 1593 999 placere
1657 927 1801 982 mihi
1860 926 2044 982 otium

393 1029 610 1082 meum,
645 1020 700 1070 et
731 1015 1110 1072 solitudinem
1142 1017 1303 1072 omni
1356 1017 1690 1073 celebritate
1726 1015 2044 1088 jucundio-

391 1119 510 1158 rem
542 1103 746 1160 videri.
781 1106 851 1160 Et
884 1107 1178 1177 quomodo
1210 1123 1314 1175 ego
1363 1124 1478 1162 non
1513 1107 1893 1178 reprehendo,
1928 1121 2043 1160 non

390 1192 608 1249 damno
639 1195 797 1266 quod
831 1194 1056 1251 faciunt
1090 1214 1102 1250 :
1136 1194 1215 1251 ita
1259 1195 1389 1251 illos
1422 1195 1672 1267 ineptias
1705 1211 1866 1251 meas
1898 1193 2042 1249 mihi

388 1281 600 1339 debere
631 1285 968 1340 concedere.
1001 1289 1214 1340 Parum
1269 1284 1552 1357 eloquens
1600 1302 1754 1351 sum,
1797 1284 1938 1356 quid
1971 1283 2043 1339 ad

387 1371 492 1427 te?
524 1372 891 1430 disertiorem
923 1373 1068 1447 lege.
1093 1374 1216 1430 Non
1249 1374 1420 1447 digne
1451 1375 1648 1430 Graeca
1677 1375 1735 1429 in
1770 1373 2043 1429 Latinum

390 1462 677 1518 transfero
730 1480 742 1516 :
798 1468 898 1518 aut
941 1464 1169 1520 Graecos
1217 1463 1342 1536 lege
1395 1464 1467 1532 (si
1522 1465 1785 1535 ejusdem
1830 1461 2042 1534 linguae

389 1549 572 1607 babes
632 1552 1000 1623 scientiam):
1051 1557 1152 1607 aut
1195 1553 1242 1608 si
1293 1557 1459 1609 tantu
1512 1554 1755 1610 Latinus
1803 1569 1885 1620 es,
1921 1550 2040 1606 noli

389 1639 462 1695 de
491 1640 746 1710 gratuito
774 1657 1014 1696 munere
1036 1642 1326 1713 judicare,
1351 1646 1426 1709 et,
1455 1647 1516 1698 ut
1544 1641 1781 1715 vulgare
1811 1657 2040 1713 prover-

389 1728 551 1784 bium
585 1735 674 1786 est
705 1747 718 1786 :
753 1729 898 1802 Equi
959 1731 1163 1788 dentes
1195 1731 1481 1804 inspicere
1513 1732 1732 1788 donati.
1765 1729 2042 1801 Nunquid

389 1821 447 1874 te
477 1835 656 1874 manu
690 1824 960 1876 conserta
991 1820 1050 1875 in
1070 1821 1173 1892 jus
1189 1821 1523 1893 traho,quia
1545 1826 1744 1878 nostra
1770 1837 1884 1876 non
1907 1819 2047 1875 scri-

384 1906 494 1963 bas
525 1909 732 1980 [Forte
764 1908 946 1982 legas]
979 1909 1006 1964 ?
1039 1910 1130 1966 Me
1153 1910 1478 1982 imperitior
1507 1912 1756 1984 quisque
1786 1914 2043 1965 lecturus

387 2001 478 2054 est
510 2014 522 2052 :
560 2002 662 2096 tua
684 1998 927 2096 forsitan
954 1998 1108 2054 dicta
1129 2000 1178 2054 si
1201 1999 1764 2072 scripseris,Tullius
1794 1999 2044 2054 admira-
2074 2031 2122 2096 B

387 2088 566 2142 bitur.
592 2087 868 2159 Nunquid
900 2093 1004 2144 aut
1030 2088 1427 2145 Tertullianus
1456 2091 1696 2146 beatum
1731 2096 2041 2160 martyrem

386 2176 872 2248 Cyprianum,aut
899 2177 1221 2250 Cyprianus
1242 2179 1783 2244 Laetantinum,aut
1805 2179 2044 2233 Lactan-

380 2266 502 2320 tius
525 2265 814 2321 Hilarium
835 2267 1118 2322 deterruit
1139 2285 1172 2322 a
1203 2269 1508 2324 scribendo
1531 2268 1558 2323 ?
1581 2269 1766 2323 Taceo
1789 2268 1860 2323 de
1882 2271 2043 2322 caete-

326 2378 331 2384 -
384 2355 468 2410 ris
503 2354 1023 2427 minutalibus,qui
1048 2372 1277 2411 meeum
1307 2356 1366 2410 in
1397 2356 1564 2412 libris
1595 2356 1719 2412 suis
1751 2357 2036 2429 garriunt.

383 2443 508 2499 Nisi
539 2447 597 2498 et
626 2461 803 2515 parva
833 2444 1069 2510 fuerint,
1105 2461 1318 2517 magna
1348 2444 1604 2502 eminere
1634 2463 1748 2500 non
1768 2449 2035 2517 possunt.

385 2529 647 2588 Primum
699 2549 814 2588 non
863 2532 1099 2599 dicitur,
1151 2532 1262 2588 nisi
1316 2534 1640 2588 secundum
1674 2539 1954 2606 sequatur
1983 2537 2040 2588 et

381 2621 646 2677 tertium.
679 2622 765 2676 Ad
797 2633 1033 2677 summa
1063 2639 1178 2678 non
1209 2622 1570 2691 seandimus,
1594 2623 1708 2679 nisi
1739 2640 1840 2694 per
1862 2623 2040 2680 539-

384 2712 541 2768 540
572 2711 689 2766 ima
721 2709 1082 2782 gradiamur.
1137 2711 1526 2774 Quamobrem
1606 2712 1847 2767 obsecro
1915 2716 2038 2766 tam

383 2816 486 2855 vos
507 2817 637 2872 quis
665 2801 724 2854 in
749 2799 1190 2871 praesentiarum
1223 2800 1574 2872 estis,quam
1597 2806 1862 2856 sanetam
1886 2801 2036 2856 Mar-

385 2889 615 2961 cellam,
651 2889 892 2944 unieum
925 2888 1229 2944 viduitatis
1261 2889 1578 2961 exemplar,
1615 2906 1686 2945 ne
1719 2889 1888 2946 facile
1915 2907 2037 2945 ma-

382 2977 587 3035 ledicis
622 2984 679 3035 et
718 2978 930 3034 invidis
991 2977 1276 3050 opuscula
1334 2996 1462 3036 mea
1521 2980 1769 3035 tradatis
1804 2997 1815 3034 :
1851 2997 2040 3052 neque

382 3067 534 3124 detis
564 3071 831 3124 sanctum
865 3068 1132 3134 canibus,
1159 3071 1216 3122 et
1245 3069 1596 3140 margaritas
1627 3068 1876 3124 mittatis
1907 3073 2038 3124 ante

383 3173 590 3231 porcos
643 3157 860 3228 (Matth.
913 3175 1014 3228 vn,
1067 3158 1144 3226 6).
1183 3157 1290 3223 Qui
1323 3174 1456 3214 cum
1489 3158 1641 3213 bona
1670 3158 1888 3213 imitari
1922 3175 2037 3214 non

385 3250 622 3320 queant,
646 3248 801 3318 quod
835 3245 1028 3303 solum
1059 3246 1244 3302 facere
1272 3247 1807 3318 possunt,invident
1838 3265 1850 3302 :
1890 3252 1946 3302 et
1977 3247 2037 3302 in

382 3354 448 3393 eo
509 3353 572 3392 se
629 3337 828 3391 doctos
886 3335 1264 3407 eruditosque
1310 3337 1692 3402 arbitrantur,
1720 3338 1769 3392 si
1802 3337 1872 3392 de
1905 3336 2036 3392 aliis

2156 749 2554 820 pompaticum
2602 750 2824 819 jactare
2855 766 3184 806 sermonem
3219 769 3232 806 :
3266 749 3426 806 aliud
3470 750 3530 807 in
3564 767 3804 809 sensum

2156 837 2449 909 prophetae
2482 843 2539 892 et
2568 838 2818 910 apostoli
2862 838 3107 912 ingredi,
3148 839 3470 913 intelligere
3501 857 3606 896 cur
3662 841 3807 896 seri-

2156 926 2398 998 pserint,
2441 944 2557 999 qua
2594 927 2946 984 sententiam
3011 946 3180 986 suam
3260 929 3484 986 ratione
3538 930 3806 986 firmave-

2157 1016 2295 1083 rint,
2358 1017 2457 1088 qui
2520 1017 2773 1072 habeant
2831 1018 2889 1072 in
2938 1017 3132 1074 Veteri
3163 1019 3310 1091 Lege
3341 1018 3642 1092 proprium
3675 1021 3806 1075 Idu-

2157 1105 2306 1171 maei,
2341 1105 2627 1174 Moabitae,
2663 1108 3031 1175 Ammonitze,
3066 1108 3244 1180 Tyrii,
3278 1107 3612 1179 Philistiim,
3642 1109 3808 1182 {Egy-

2155 1191 2280 1264 ptii,
2314 1197 2369 1248 et
2397 1195 2618 1267 Assyrii
2652 1214 2665 1263 ;
2709 1195 2848 1267 quid
2881 1213 3115 1252 rursum
3148 1197 3206 1251 in
3243 1197 3400 1253 Novo
3431 1197 3805 1254 Testamento

2154 1281 2418 1353 Romani,
2461 1284 2764 1354 Corinthii,
2832 1284 3068 1354 Galatas,
3127 1285 3554 1358 Philippenses,
3623 1286 3805 1342 Thes-

2154 1370 2596 1445 salonicenses,
2656 1375 2928 1443 Hebraei,
2996 1374 3419 1441 Colossenses,
3486 1380 3546 1431 et
3623 1391 3803 1449 quam

2154 1476 2309 1516 nunc
2366 1463 2437 1518 ad
2491 1463 2772 1535 Ephesios
2827 1463 3150 1536 Epistolam
3207 1463 3494 1521 habemus
3545 1464 3606 1520 in
3675 1481 3801 1521 ma-

2153 1551 2348 1607 nibus.
2409 1553 2656 1610 Necesse
2708 1557 2797 1608 est
2852 1553 3030 1620 enim,
3094 1557 3156 1607 ut
3215 1553 3382 1625 juxta
3437 1553 3804 1611 diversitates

2152 1640 2412 1696 locorum
2453 1647 2512 1698 et
2549 1647 2903 1715 temporum,
2935 1645 2994 1699 et
3031 1642 3361 1708 hominum,
3404 1642 3622 1716 quibus
3657 1644 3802 1700 scri«

2156 1735 2265 1802 ptae
2322 1735 2518 1798 sunt,
2587 1731 2845 1787 diversas
2905 1736 2961 1787 et
3016 1748 3226 1788 causas
3262 1777 3276 1803 ,
3336 1735 3392 1788 et
3430 1737 3798 1805 argumenta,

2154 1824 2210 1875 et
2266 1820 2522 1893 origines
2581 1820 2852 1876 habeant.
2907 1821 2978 1876 Et
3033 1821 3325 1894 quomodo
3375 1821 3580 1877 beatus
3616 1823 3804 1879 Joan-

2155 1925 2258 1965 nes
2298 1910 2355 1964 in
2396 1910 2742 1983 Apocalypsi
2777 1927 2884 1966 sua
2922 1911 2993 1966 ad
3027 1914 3248 1983 septem
3289 1910 3553 1968 scribens
3607 1911 3803 1968 Eccle-

2153 1999 2273 2056 sias
2340 2001 2529 2071 (Apoc.
2588 2018 2664 2067 IV,
2726 2001 2800 2072 4),
2860 2000 2918 2055 in
2978 2017 3332 2073 unaquaque
3398 2017 3599 2057 earum
3670 2017 3802 2074 spe-

2153 2088 2340 2157 cialia,
2397 2088 2485 2144 vel
2535 2089 2675 2144 vitia
2733 2089 3124 2162 reprehendit,
3177 2090 3264 2145 vel
3303 2090 3555 2146 virtutes
3595 2091 3802 2163 probat

2152 2178 2332 2249 (Apoc.
2377 2196 2438 2248 II,
2482 2195 2566 2248 ru,
2620 2180 2851 2250 passim)
2913 2195 2925 2232 :
2987 2179 3068 2234 ita
3105 2183 3162 2234 et
3218 2183 3458 2235 sanctus
3497 2179 3802 2252 apostolus

2151 2267 2372 2323 Paulus
2415 2284 2512 2336 per
2559 2266 2822 2341 singulas
2870 2267 3157 2324 Ecclesiae
3213 2267 3556 2325 vulneribus
3603 2269 3804 2325 mede-

2151 2361 2244 2412 tur
2273 2355 2474 2422 illatis,
2508 2370 2612 2412 nee
2641 2357 2711 2413 ad
2745 2357 2931 2412 instar
2987 2356 3242 2428 imperiti
3275 2357 3486 2413 medici
3513 2375 3630 2414 uno
3682 2357 3803 2414 col-

2149 2445 2296 2519 lyrio
2353 2447 2618 2502 omnium
2650 2446 2850 2502 oculos
2901 2446 3024 2502 vult
3052 2463 3276 2503 curare.
3310 2448 3379 2502 Et
3409 2447 3547 2520 quia
3569 2448 3696 2522 jam
3728 2448 3802 2504 ad

2150 2535 2403 2602 Galatas,
2464 2535 2767 2591 orantibus
2821 2534 3007 2601 vobis,
3068 2539 3201 2592 ante
3240 2552 3457 2608 paucos
3497 2536 3620 2592 dies
3659 2535 3802 2609 quid

2150 2625 2319 2680 nobis
2348 2624 2662 2692 videretur,
2721 2625 3114 2696 expressimus
3156 2641 3169 2680 :
3215 2641 3370 2680 nunc
3409 2625 3481 2680 ad
3522 2623 3803 2697 Ephesios

2147 2715 2574 2770 transeundum
2615 2719 2722 2786 est,
2766 2713 3019 2770 mediam
3057 2714 3318 2787 Apostoli
3365 2712 3697 2786 epistolam,
3740 2717 3805 2769 ut

2149 2802 2351 2858 ordine
2383 2805 2458 2858 ita
2487 2808 2544 2859 et
2582 2803 2876 2859 sensibus.
2911 2803 3158 2881 Mediam
3211 2807 3405 2858 autem
3466 2802 3617 2870 dico,
3677 2819 3795 2859 non

2149 2909 2265 2964 quo
2298 2892 2518 2965 primas
2549 2909 2820 2965 sequens,
2855 2893 3130 2948 extremis
3158 2894 3346 2965 major
3373 2892 3488 2963 sit;
3522 2893 3622 2948 sed
3656 2908 3802 2964 quo-

2149 2973 2319 3038 modo
2351 3000 2450 3038 eor
2480 2982 2753 3038 animalis
2786 2983 2844 3036 in
2873 2983 3064 3038 medio
3087 2987 3175 3038 est
3209 3001 3220 3038 :
3255 2987 3322 3038 ut
3350 2997 3420 3037 ex
3447 2981 3558 3038 hoc
3584 2979 3799 3038 intelli-

2149 3072 2302 3146 gatis
2343 3071 2575 3143 quantis
2615 3070 3081 3138 difficultatibus,
3151 3076 3208 3127 et
3275 3087 3453 3144 quam
3494 3071 3803 3144 profundis

2149 3161 2573 3233 quaestionibus
2611 3160 2877 3216 involuta
2916 3159 3337 3217 sit.Scribebat
3395 3161 3466 3216 ad
3522 3159 3804 3234 Ephesios

2151 3251 2389 3306 Dianam
2425 3249 2680 3306 colentes
2712 3267 2825 3305 non
2857 3249 3009 3305 hanc
3035 3250 3408 3316 venatricem,
3442 3266 3569 3320 quae
3601 3265 3804 3306 arcum

2149 3344 2331 3408 tenet,
2377 3343 2551 3412 atque
2598 3337 2896 3394 succincta
2953 3343 3062 3405 est,
3112 3339 3213 3393 sed
3246 3337 3406 3392 illam
3440 3336 3806 3393 multimam-

383 3425 714 3483 detrahant.
748 3424 970 3490 Quibus
1015 3400 1255 3479 obsecro
1310 3400 1729 3497 respondeatis,
1764 3429 1827 3480 ut
1857 3427 2040 3498 ﬁgant
2070 3400 2112 3469 (ἶ
2154 3400 2332 3483 miam
2369 3429 2381 3462 ¹
2417 3400 2595 3499 quam
2628 3427 2810 3482 Graeci
2845 3400 3197 3498 πολύμᾷστον
3247 3430 3454 3482 vacant
3511 3427 3650 3497 (Act.
3708 3443 3806 3483 xxx

383 3513 497 3588 ipsi
529 3513 767 3586 stylum,
799 3514 912 3568 tria
960 3517 1024 3568 ut
1071 3513 1290 3568 dicitur
1326 3515 1500 3570 verba
1531 3518 1912 3588 conjungant,
1946 3533 2040 3570 su-

385 3605 524 3660 dent
552 3601 886 3676 paululum,
936 3602 1304 3675 experiantur
1357 3604 1726 3676 semetipsos,
1758 3608 1814 3660 et
1852 3621 1919 3660 ex
1948 3603 2037 3658 la-

384 3693 523 3749 bore
554 3691 788 3765 proprio
818 3692 1051 3747 discant
1080 3693 1379 3764 ignoscere
1411 3692 1833 3749 laborantibus.
1867 3693 2038 3748 Scitis

387 3781 545 3838 enim
578 3787 634 3838 et
661 3781 799 3854 ipsaa
832 3782 988 3854 quod
1007 3781 1078 3837 ad
1110 3781 1218 3837 hoc
1250 3799 1342 3838 me
1365 3783 1840 3854 explanationum
1867 3799 2036 3855 Opus,

381 3870 629 3927 invitum
661 3877 718 3927 et
750 3875 1164 3927 retractantem
1196 3872 1744 3945 compuleritis.Non
1777 3874 1932 3944 quod
1967 3874 2038 3928 ab

381 3959 791 4028 adolescentia,
826 3963 930 4015 aut
960 3959 1149 4032 legere
1181 3978 1465 4032 unquam,
1500 3966 1601 4017 aut
1653 3963 1855 4017 doctos
1886 3962 2039 4017 viros

379 4066 448 4106 ea
478 4067 605 4122 quae
637 4050 972 4106 nesciebam
1004 4051 1360 4122 interrogare
1409 4055 1780 4122 cessaverim,
1813 4060 1869 4107 et
1913 4067 2040 4108 me-

379 4137 578 4211 ipsum
611 4144 866 4208 tantum,
901 4145 966 4194 ut
996 4139 1279 4212 plerique,
1319 4140 1629 4196 habuerim
1664 4140 2036 4212 magistrum.

381 4228 642 4299 Denique
676 4245 861 4300 nuper
881 4229 954 4285 ob
985 4228 1138 4285 hanc
1160 4229 1248 4285 vel
1273 4229 1524 4285 maxime
1541 4246 1778 4285 causam
1801 4229 2040 4285 Alexan-

382 4316 573 4372 driam
621 4317 867 4390 perrexi,
923 4323 988 4372 ut
1027 4318 1284 4373 viderem
1321 4318 1660 4389 Didymum,
1693 4322 1751 4372 et
1779 4318 1850 4373 ab
1882 4334 1948 4372 eo
1980 4318 2036 4372 in

385 4406 700 4480 Seripturis
723 4407 998 4462 omnibus
1021 4423 1147 4478 quae
1171 4406 1460 4462 habebam
1484 4407 1664 4462 dubia
1690 4406 2038 4463 seiscitarer.

385 4497 496 4553 Sed
527 4513 660 4552 cum
692 4495 848 4552 aliud
882 4497 959 4552 sit
988 4496 1254 4569 proprios
1283 4495 1465 4552 libros
1494 4513 1863 4568 componere,
1883 4495 2041 4551 verbi

386 4585 595 4660 gratia,
632 4587 701 4642 de
732 4586 997 4651 avaritia,
1046 4591 1103 4641 et
1130 4587 1200 4641 de
1244 4586 1375 4655 fide,
1435 4586 1506 4641 de
1562 4585 1914 4657 virginitate,
1969 4585 2041 4641 de

383 4676 597 4746 viduis,
651 4681 710 4731 et
752 4692 929 4748 super
977 4692 1330 4748 unaquaque
1378 4677 1620 4731 materia
1685 4674 2039 4730 testimoniis

2147 3518 2260 3588 34),
2296 3522 2359 3573 ut
2388 3516 2608 3572 scilicet
2637 3534 2705 3572 ex
2737 3516 2866 3589 ipsa
2930 3516 3270 3572 541-542
3328 3531 3561 3587 quoque
3590 3515 3806 3588 efﬁgie,

2149 3607 2540 3662 mentirentur
2569 3604 2835 3660 omnium
2867 3621 2998 3660 eam
3026 3604 3350 3660 bestiarum
3399 3608 3455 3658 et
3481 3602 3799 3660 viventium

2147 3713 2279 3753 esse
2321 3695 2629 3751 nutricem.
2689 3694 2989 3750 Scribebat
3045 3698 3239 3750 autem
3299 3693 3370 3749 ad
3432 3691 3804 3765 metropolim

2148 3786 2296 3841 Asiae
2327 3784 2700 3851 civitatem,in
2723 3802 2839 3857 qua
2859 3784 2943 3840 ita
2963 3771 3373 3853 idololatria,et
3397 3783 3550 3856 quod
3575 3799 3807 3856 semper

2150 3875 2540 3931 idololatriam
2575 3873 3083 3946 sequitur,artium
3109 3872 3466 3944 magiearum
3494 3871 3802 3945 praestigias

2147 3964 2454 4036 viguerant
2501 3964 2542 4031 ³,
2604 3967 2669 4016 ut
2725 3962 3049 4017 Demetrius
3089 3963 3328 4029 diceret,
3359 3965 3410 4016 et
3437 3975 3658 4032 magna?
3684 3960 3803 4018 deae

2146 4054 2412 4125 templum
2458 4053 2653 4107 Diana:
2701 4053 2762 4105 in
2808 4051 3048 4105 nihilum
3096 4050 3464 4122 reputabitur,
3496 4049 3803 4106 destruetur

2150 4158 2358 4214 quoque
2405 4140 2729 4209 magnitudo
2777 4142 2922 4211 ejus,
2955 4154 3119 4209 quam
3165 4147 3364 4194 cuncta
3392 4139 3544 4205 Asia,
3588 4144 3644 4194 et
3670 4139 3799 4193 uni-

2148 4246 2336 4286 versus
2367 4229 2514 4285 orbi:
2560 4227 2687 4283 colit
2743 4226 2900 4295 (Ibid.
2963 4225 3074 4296 27).
3135 4224 3397 4297 Denique
3437 4223 3687 4280 triennio
3717 4224 3800 4280 ibi

2149 4318 2464 4392 Apostolus
2522 4319 2783 4372 moratus
2813 4318 2921 4382 est,
2956 4317 3121 4370 nocte
3178 4318 3235 4369 et
3289 4314 3402 4369 die.
3426 4312 3689 4385 Denique
3715 4312 3797 4369 ibi

2151 4408 2475 4482 praedicans
2532 4408 2664 4474 (Act.
2719 4421 2811 4472 xx,
2887 4404 2999 4472 31),
3025 4408 3110 4475 ut,
3142 4401 3481 4458 idololatriae
3539 4417 3669 4456 arce
3698 4402 3797 4458 de-

2151 4495 2566 4563 strueta,facile
2600 4493 2893 4550 minorum
2928 4493 3163 4548 urbium
3187 4491 3408 4564 templa
3429 4495 3795 4564 caperentur.

2152 4590 2267 4643 lloc
2305 4587 2499 4657 ipsum
2560 4584 2861 4656 Scriptura
2899 4583 3076 4638 refert
3115 4582 3407 4654 quomodo
3445 4580 3666 4637 Paulus
3725 4581 3798 4638 ad

2151 4675 2434 4747 Ephesios
2464 4671 3112 4740 sermocinetur,dieens
3138 4690 3149 4728 :
3177 4672 3519 4744 Quapropter
3545 4669 3798 4740 vigilate,

383 4766 821 4839 Seripturarum
853 4765 990 4821 hinc
1021 4764 1156 4821 inde
1187 4765 1450 4838 quasitis
1479 4765 1872 4836 eloquentiam
1898 4765 2039 4834 jun-
2072 4769 2118 4833 Ι)
2148 4764 2497 4821 recordantes
2553 4763 2685 4836 quia
2746 4765 2960 4817 trienno
3013 4769 3168 4818 nocte
3221 4777 3287 4817 ac
3322 4761 3412 4818 die
3445 4777 3559 4817 non
3595 4761 3805 4817 cessavi

456 4927 702 4984 ‘Sciunt
731 4926 840 4982 hoc
871 4926 1216 4994 certissime,
1249 4927 1348 4994 qui
1377 4933 1635 4983 veterum
1671 4925 2038 4982 ethnicorum

381 4999 650 5073 legerunt
679 4999 1041 5073 scripta,sive
1071 5000 1131 5054 in
1152 4999 1423 5073 antiquis
1445 4998 1799 5073 nummisac
1821 4998 2042 5073 statuis

386 5070 780 5127 mammosum
801 5070 962 5126 illud
988 5070 1371 5127 simulacrum
1400 5072 1590 5126 Diana;
1622 5070 1895 5141 Ephesi,a
1927 5087 2043 5141 qua

387 5142 500 5198 sibi
531 5143 675 5198 urbe
731 5148 787 5198 et
839 5159 1050 5199 nomen
1102 5144 1328 5212 ascivit,
1360 5141 1717 5199 venerationi
1750 5142 2038 5207 habitum,

385 5213 709 5295 etiamnum
730 5220 970 5295 spectat.
1006 5214 1397 5295 Nihilosecius
1421 5213 1771 5295 hancvulgo
1805 5213 2040 5295 notissi-

385 5302 545 5342 mam
566 5285 871 5342 historiam
897 5291 1144 5342 conatus
1166 5292 1255 5341 est
1275 5285 1478 5342 Petrus
1503 5286 1685 5341 Faber
1705 5285 1819 5339 acri
1841 5285 2039 5355 dispu-

379 5358 620 5430 tatione,
656 5355 881 5430 hocque
913 5359 1248 5430 Hieronymi
1274 5358 1678 5413 testimonium
1714 5357 2032 5430 lacessens,

385 5428 726 5497 convellere,
744 5428 1070 5503 pernegaris
1092 5428 1336 5486 Dianam
1368 5428 2041 5499 multimammiam.quae

384 5520 420 5560 a
445 5501 881 5559 venatrice‘alte
911 5501 1211 5574 succincta
1257 5503 1736 5574 distingueretur,
1780 5517 2039 5574 unquam

386 5575 714 5646 exstitisse;
747 5574 848 5646 sed
872 5591 974 5646 pro
995 5591 1063 5629 ea
1092 5573 1356 5646 Cererem
1390 5572 2044 5646 mammosamﬁ’gteres

388 5645 735 5718 appellasse.
770 5644 933 5708 Quod
969 5650 1033 5699 ut
1060 5645 1305 5718 evincat,
1340 5646 1533 5702 locum
1576 5645 1807 5718 Minucii
1841 5644 2044 5718 Felicis

389 5665 459 5718 ap
506 5665 735 5703 0118.886.
770 5665 933 5708 υιιοςι
969 5665 1033 5699 UL
1060 5665 1305 5716 ωτιηοᾶῐ,
1340 5665 1533 5702 locum
1576 5665 1807 5700 MlDUC-ll
1841 5665 2044 5699 I‘CllClS

389 5665 685 5788 soﬁicitat,
745 5718 861 5773 imo
921 5715 1288 5789 apertissime
1327 5717 1667 5789 corrumpit.
1710 5718 1852 5771 Cum
1889 5716 2044 5789 enim

391 5789 728 5863 scripsisset
758 5789 902 5863 ille:
941 5787 976 5863 ιζ
1000 5787 1187 5844 Diana
1217 5789 1464 5863 interim
1483 5787 1583 5863 est
1601 5788 1715 5845 alte
1747 5787 2047 5843 succincta

390 5860 739 5934 venatrix,et
767 5860 1020 5939 Ephesia
1039 5861 1317 5918 mammis
1349 5861 1635 5929 multis,et
1663 5863 1921 5916 verubus
1951 5875 2046 5915 ex-

2151 4930 2392 4992 structa,
2429 4945 2456 4972 »
2491 4921 2602 4995 legi
2635 4921 2759 4977 vult
2789 4921 2972 4978 Faber
3009 4940 3021 4978 :
3077 4943 3104 4970 «
3136 4909 3408 4995 Venatrix
3428 4920 3710 4995 Ephesia,
3744 4923 3800 4995 et

2151 4991 2427 5052 mammis
2478 4991 2682 5050 multis
2731 4995 2901 5049 Ceres
2951 4998 3246 5048 exstructa
3278 5016 3306 5043 »
3336 4991 3516 5048 Nobis
3563 4991 3798 5046 tametsi

2154 5069 2339 5124 multa
2361 5071 2668 5122 occurrant
2688 5067 2758 5121 ad
2774 5066 3192 5121 vindicandum
3215 5071 3512 5120 auctorem
3528 5067 3799 5120 nostrum

2153 5140 2482 5196 certissima
2514 5144 2773 5193 veterum
2805 5136 3161 5197 testimonia.
3187 5137 3329 5192 satis
3359 5136 3593 5191 abunde
3623 5133 3800 5188 fuerit

2150 5210 2690 5267 lueulentissimum
2727 5209 2883 5264 istud
2929 5208 3156 5281 Apuleii
3196 5208 3294 5281 lib.
3333 5225 3374 5262 ιι
3436 5204 3798 5281 Milesiarum

2152 5284 2497 5357 Opposuisse
2523 5300 2541 5357 :_
2585 5281 2792 5357 Phoebi
2816 5277 3362 5357 sororem(pr_ofeeto
3393 5293 3506 5357 non
3533 5277 3798 5357 Cererem

2152 5347 2248 5412 sed
2284 5355 2550 5424 Dianam)
2614 5361 2744 5409 artu
2768 5354 3036 5408 fmtarum
3062 5347 3303 5406 medelis
3335 5347 3688 5403 lenientibus
3710 5364 3797 5403 re-

2152 5434 2364 5479 creato.
2422 5371 2668 5479 nonulos
2721 5425 2986 5479 educare.
3057 5421 3468 5479 nrzeelarisaue
3536 5418 3797 5476 delubris

2151 5434 2365 5509 creato,
2422 5418 2668 5508 populos
2721 5425 2986 5488 educare,
3057 5421 3468 5494 praeclarisque
3536 5418 3800 5476 delubris

2151 5496 2678 5582 Ephesiveneriam1
2705 5518 2733 5548 »
2922 5565 2936 5582 ‘
3146 5568 3158 5582 ι
3467 5562 3501 5582 η
3531 5565 3542 5574 θ

2222 5573 2243 5605 ¹
2276 5571 2508 5646 Insigne
2539 5569 2680 5623 illud
2714 5565 3044 5646 exemplum
3076 5568 3184 5646 est,
3223 5579 3340 5646 quo
3371 5565 3648 5646 scribitur
3675 5565 3799 5646 A‘et.

2152 5634 2667 5714 xix,19,qbos_una
2696 5641 2789 5694 die
2819 5634 3076 5714 magicos
3107 5634 3286 5714 libros
3307 5635 3560 5714 flammis
3585 5635 3804 5714 Paulus

2156 5715 2365 5789 Ephesi
2389 5707 3120 5789 tradiderat,quiquaginta
3143 5707 3392 5789 millium
3427 5709 3802 5766 denariorum

2157 5780 2402 5859 pecunia
2432 5787 2765 5855 computato
2797 5780 2978 5851 pretio
3009 5780 3364 5836 constitisse.
