4332 6570
487 458 598 532 471

480 624 607 664 cum
639 607 927 687 .laerymis
963 625 1187 667 monere
1219 627 1659 685 unumquemque
1708 616 1945 668 vestrum

479 694 631 753 nunc
673 699 988 756 commendo
1040 716 1128 757 vos
1164 702 1290 768 Deo,
1332 705 1384 757 et
1419 701 1581 758 verba
1618 704 1820 773 gratia:
1856 702 1995 772 ejus,
2036 704 2134 774 qui

480 792 672 860 petens
721 790 798 843 est
833 786 1111 860 mdiﬁcare
1154 794 1207 845 et
1260 791 1393 847 dare
1444 792 1591 847 vobis
1638 790 2007 846 luereditatem
2071 793 2130 846 in

485 879 847 949 stinctiﬁcatis
919 882 1170 936 omnibus
1230 879 1386 951 (Ibid.
1447 881 1536 943 31,
1607 880 1717 949 42).
1790 880 2133 951 Indigebant

483 966 641 1043 enim
673 960 1178 1026 commendatione
1199 969 1460 1042 Apostoli
1491 972 1562 1025 ad
1595 974 1951 1041 Deum,quos
1971 974 2132 1027 tanto

484 1060 748 1133 tempore
780 1056 1111 1114 daemonum
1136 1075 1296 1114 error
1327 1061 1606 1125 tenuerat,
1631 1063 1687 1114 et
1717 1059 1977 1115 sciebant
2004 1074 2133 1113 esse

490 1141 829 1215 spirituales
859 1142 1088 1217 aliquas
1118 1149 1454 1216 potestates,
1486 1148 1542 1201 et
1562 1145 1618 1201 in
1652 1146 1797 1202 extis
1824 1151 1998 1218 atque
2029 1164 2099 1202 au
2119 1178 2132 1190 ο

490 1231 677 1306 guriis
734 1236 791 1289 et
845 1233 1299 1289 divinationibus
1332 1236 1651 1306 quamdam
1684 1234 2132 1293 similitudinem

486 1321 811 1379 divinitatis
841 1326 1215 1395 agnoverant.
1250 1321 1414 1379 Unde
1444 1340 1680 1381 rursum
1713 1326 1784 1380 ad
1817 1342 1916 1381 eos
1944 1324 2135 1398 loqui-

486 1412 586 1464 tur
616 1424 630 1465 :
663 1429 693 1459 κ
726 1409 966 1481 PrOpter
992 1409 1147 1487 quod
1195 1415 1489 1467 contestor
1506 1428 1607 1468 vos
1638 1411 1699 1467 in
1731 1412 1824 1468 die
1854 1413 2138 1487 hac,quia

485 1498 746 1554 mundus
785 1512 919 1554 sum
970 1513 1075 1571 ego
1131 1516 1165 1554 a
1190 1500 1478 1572 sanguine
1508 1501 1795 1557 omnium.
1824 1502 1948 1558 Non
1980 1501 2134 1558 enim

486 1584 749 1644 subtraxi
780 1586 1099 1667 quominus
1130 1589 1540 1645 annuntiarem
1568 1589 1734 1645 vobis
1765 1606 1998 1646 omnem
2037 1608 2136 1648 vo-

484 1676 773 1733 luntatem
808 1675 903 1732 Dei
933 1674 1097 1749 (ibid.
1153 1677 1209 1747 6,
1240 1678 1355 1748 27).
1392 1698 1421 1729 «
1452 1677 1518 1733 Et
1539 1680 1600 1734 in
1629 1677 1741 1736 alio
1772 1681 1876 1747 [ΑΙ.
1911 1683 2137 1753 eodem]

484 1767 651 1833 loco;
687 1786 716 1816 α
746 1764 1051 1829 Quomodo
1069 1764 1215 1822 nihil
1246 1767 1634 1823 subtraxerim
1658 1785 1859 1825 eorum
1882 1787 2008 1842 quae
2040 1788 2135 1828 vo-

488 1856 581 1912 bis
602 1854 1084 1928 proderant,quin
1108 1856 1605 1922 annuntiarem,et
1625 1857 1889 1915 docerem
1908 1859 2138 1931 publice

492 1945 813 2001 domestice
840 1936 999 2014 (Ibid.
1030 1944 1142 2016 20).
1174 1966 1203 1995 »
1240 1945 1476 2018 Legerat
1528 1945 1588 2002 in
1631 1946 1946 2017 Ezechiele,
1982 1949 2136 2021 quod

493 2034 829 2121 speculator
879 2033 979 2107 qui
1028 2032 1241 2106 populo
1300 2034 1559 2091 hostium
1603 2053 1719 2092 non
1777 2037 2140 2109 praedixisset

492 2124 829 2205 adventum,
886 2121 1128 2196 sanguis
1155 2123 1368 2180 civium
1398 2122 1724 2197 exigeretur
1767 2127 1836 2182 de
1865 2127 2141 2183 manibus

494 2214 623 2287 ejus
653 2212 869 2286 (Exacta.
897 2227 1097 2283 xxxm,
1127 2211 1204 2285 6),
1257 2214 1316 2268 et
1344 2218 1647 2285 propterea
1678 2231 1911 2271 omnem
1952 2233 2013 2273 se
2042 2233 2141 2272 vo-

491 2303 779 2361 luntatem
818 2300 940 2374 Dei,
1000 2304 1058 2357 et
1111 2300 1380 2358 universa
1439 2318 1567 2381 quas
1597 2303 1912 2389 illisutilia
1956 2306 2144 2363 forent

494 2392 881 2469 annuntiasse
908 2390 1270 2456 memoravit,
1304 2396 1369 2446 ut
1418 2390 1566 2447 liber
1611 2398 1763 2449 esset
1794 2410 1827 2449 a
1856 2395 2143 2467 sanguine

494 2496 720 2555 eorum.
771 2479 843 2537 Ut
886 2484 1082 2536 autem
1113 2479 1318 2536 sciatis
1349 2497 1447 2537 eos
1478 2481 1577 2553 qui
1617 2481 1676 2536 in
1706 2482 1932 2555 Epheso
1964 2484 2144 2539 credi-

496 2571 721 2639 derant,
756 2567 1129 2624 diemooiacis
1155 2567 1466 2642 praestigiis
1497 2574 1553 2625 et
1584 2571 1786 2644 magis:
1827 2571 2011 2629 fuisse
2048 2590 2141 2628 ar-

494 2658 654 2717 tibus
682 2656 994 2731 obligatos,
1052 2658 1113 2713 in
1171 2657 1390 2714 eisdem
1445 2660 1844 2732 apostolorum
1902 2661 2143 2718 Actibus

495 2746 834 2821 replicatur.
887 2748 943 2803 et
992 2744 1207 2802 dicitur
1236 2764 1249 2803 :
1282 2748 1526 2827 Plurimi
1577 2764 1788 2821 quoque
1823 2766 2010 2806 eorum
2047 2753 2147 2824 qui

495 2836 711 2895 curiosa
772 2842 1071 2909 gesserant,
1130 2837 1530 2908 comportantes
1595 2838 1781 2907 libros,
1842 2839 2145 2896 combusse-

495 2927 629 2984 funt
655 2940 841 2982 coram
890 2925 1162 2991 omnibus,
1213 2933 1265 2981 et
1309 2935 1756 2993 computaverunt
1788 2932 2029 3001 pretium
2058 2946 2148 2985 eo-

496 3026 644 3080 rum,
676 3022 730 3071 et
756 3014 1081 3070 invenerunt
1135 3016 1353 3083 argenti
1379 3016 1775 3090 quinquaginta
1803 3018 1993 3074 millia
2021 3036 2040 3073 :
2070 3020 2151 3074 sic

495 3107 725 3178 prapter
777 3101 1007 3158 verbum
1063 3103 1285 3158 Domini
1309 3104 1603 3170 crescebat,
1662 3108 1712 3161 et
1740 3108 2152 3179 confortahatur

500 3190 637 3266 (Act.
696 3208 813 3258 xxx,
874 3190 961 3256 19,
1017 3191 1130 3264 20).
1186 3190 1562 3249 Haecidcirco
1602 3193 1874 3251 universa
1912 3195 2151 3264 replica-

1734 476 1797 539 S.
1844 474 2157 553 EUSEBII
2201 472 2649 545 HIERONYMI

3783 471 3905 537 λιιι

2005 629 2018 667 :
2076 615 2128 665 et
2156 614 2211 680 Α
2241 607 2543 664 destructi.
2575 606 2654 663 De
2683 578 2901 680 quibus
2931 604 3012 663 ait
3043 622 3056 665 :
3089 606 3207 664 Non
3234 616 3314 664 est
3350 604 3506 663 nobis
3548 621 3737 678 pugna
3785 604 3917 689 ad"

2242 712 2457 752 versum
2485 713 2709 753 carnem
2749 706 2802 752 et
2846 698 3196 766 sanguinem,
3245 696 3340 751 sed
3368 695 3654 752 adversum
3680 696 3899 767 princi-

2238 790 2404 858 patus
2462 790 2513 842 et
2564 794 2878 858 postestates
2929 803 2948 840 :
2996 786 3251 842 adversus
3287 794 3516 841 rectores
3545 786 3900 842 tenebrarum

2242 876 2482 930 istarum
2513 894 2532 929 :
2568 874 2854 930 adversum
2881 875 3201 947 spirituatia
3229 876 3494 949 nequitia?
3514 875 3572 930 in
3597 874 3911 931 cmlestibus‘

2246 965 2464 1035 (Ephes.
2497 981 2575 1035 vx,
2611 965 2719 1036 12).
2751 962 2817 1019 Et
2862 964 2923 1019 in
2973 963 3084 1020 alio
3116 963 3241 1021 loco
3288 982 3301 1019 :
3351 966 3688 1021 Permanebo
3716 972 3897 1021 autem

2243 1053 2440 1123 Ephesi
2476 1066 2649 1124 usque
2695 1052 2766 1108 ad
2832 1054 3199 1109 Pentecosten.
3251 1054 3457 1110 Ostium
3542 1055 3691 1119 enim
3754 1053 3902 1109 mihi

2240 1146 2492 1213 apertum
2521 1145 2606 1198 est
2632 1151 2973 1214 magnum,et
3001 1144 3200 1215 efﬁcax
3227 1161 3246 1198 :
3273 1143 3370 1198 sed
3393 1141 3707 1200 adversarii
3738 1141 3903 1201 multi

2244 1231 2288 1299 (ι
2316 1232 2441 1287 Cor.
2476 1249 2588 1301 xvr,
2620 1233 2675 1303 8,
2698 1232 2776 1304 9).
2802 1233 3134 1288 Permansit
3155 1237 3348 1289 autem
3378 1231 3798 1306 Ephesiusque
3828 1233 3899 1291 ad

2245 1324 2648 1392 Pentecosten,
2712 1326 2949 1394 tempus
2996 1320 3209 1377 laetitiis
3257 1324 3432 1394 atque
3484 1320 3757 1391 victoriis,
3789 1312 3915 1391 quo'

2244 1426 2361 1465 non
2416 1410 2707 1465 ﬂectimus
2749 1426 2962 1482 genua,
3013 1427 3118 1467 nec
3174 1426 3488 1467 curvamur
3525 1410 3583 1465 in
3624 1415 3843 1467 terram
3884 1427 3898 1466 :

2246 1494 2346 1555 sed
2379 1514 2515 1553 eum
2547 1498 2795 1556 Domino
2819 1505 3194 1574 resurgentes
3224 1499 3292 1556 ad
3319 1499 3596 1556 caelorum
3625 1499 3742 1556 alta
3772 1517 3904 1563 sus-

2245 1585 2528 1643 tollimur.
2578 1587 2651 1643 Et
2699 1589 3025 1660 permansit
3076 1605 3089 1643 :
3145 1589 3286 1662 quia
3345 1593 3611 1661 apertum
3673 1588 3725 1644 ei
3781 1591 3906 1647 erat

2246 1668 2488 1747 ostium,
2520 1682 2577 1731 et
2606 1693 2722 1733 non
2754 1678 2970 1733 ostium
3008 1678 3329 1743 modicum,
3370 1679 3469 1737 sed
3504 1694 3808 1750 magnum,
3840 1682 3904 1736 ut

2244 1764 2443 1821 vincto
2470 1764 2600 1821 forti
2634 1770 2809 1839 atque
2837 1771 3130 1839 superato,
3160 1767 3405 1824 domum
3430 1767 3559 1838 ejus
3584 1767 3902 1839 invaderet,

2247 1853 2542 1925 spoliaret,
2599 1860 2883 1912 everteret
2934 1856 3161 1927 (Matth.
3219 1872 3321 1928 xu,
3369 1857 3462 1927 20)
3511 1860 3567 1911 et
3615 1857 3903 1930 captivam

2244 1943 2482 1999 duceret
2511 1944 2907 2016 captivitatem
2937 1964 2950 2002 :
2978 1945 3077 2019 qui
3111 1944 3431 2001 satellitum
3454 1960 3697 2003 suorum
3718 1944 3905 2018 agmi-

2242 2030 2425 2087 nibus
2470 2032 2814 2091 548-544
2858 2034 3245 2109 congregatis,
3278 2038 3398 2090 toto
3431 2039 3633 2090 contra
3659 2037 3906 2107 Aposto-

2249 2119 2372 2175 lum
2421 2120 2544 2177 acie
2591 2123 2909 2190 dimicavit,
2960 2129 3017 2181 et
3044 2123 3239 2180 victus
3270 2128 3377 2179 est.
3410 2123 3516 2190 Qui
3562 2125 3683 2180 sint
3712 2128 3907 2181 autem

2253 2208 2572 2281 Ephesii,et
2602 2210 2738 2268 hinc
2761 2212 2847 2268 vel
2871 2213 3123 2269 maxime
3149 2214 3567 2286 comprobatur
3582 2214 3733 2285 quod
3758 2206 3923 2270 sicut'

2246 2298 2501 2356 Joannes
2532 2301 2873 2373 mysterium
2920 2301 3242 2359 nativitatis
3272 2304 3523 2376 antiquae
3553 2301 3783 2360 Domini
3810 2319 3904 2358 re-

2248 2386 2497 2460 laturus,
2542 2389 2603 2445 in
2646 2395 2850 2463 pectus
2898 2394 3027 2464 ejus
3076 2392 3361 2462 recubuit,
3395 2398 3452 2448 et
3482 2392 3551 2448 de
3584 2390 3903 2465 purissimo

2252 2476 2407 2533 fonte
2438 2477 2638 2534 hausit
2667 2479 2920 2535 rivulum
2972 2481 3374 2537 doctrinarum
3408 2481 3581 2555 (Joan.
3608 2497 3735 2549 xm,
3765 2480 3858 2553 25)
3894 2500 3908 2539 :

2252 2565 2333 2621 ita
2367 2571 2425 2622 et
2470 2566 2529 2622 hi
2569 2568 2628 2623 in
2663 2569 2935 2625 abeuntis
2967 2569 3129 2625 Pauli
3161 2570 3385 2639 collum,
3439 2575 3698 2636 ruentes,
3734 2580 3923 2626 oscu-‘

2252 2654 2323 2712 lis
2388 2660 2563 2729 atque
2619 2656 3023 2730 complexibus
3075 2660 3201 2715 suis
3256 2657 3676 2715 indicaverunt
3716 2676 3906 2717 unum

2254 2761 2316 2800 se
2346 2761 2477 2800 cum
2520 2763 2586 2801 eo
2633 2745 2886 2803 scientia
2917 2746 3133 2804 habere
3176 2748 3521 2804 thesaurum
3551 2754 3608 2804 et
3638 2744 3909 2824 magistri

2255 2834 2613 2891 desiderium
2662 2835 2937 2910 lacrymis
2966 2836 3273 2895 contestati
3314 2842 3453 2894 sunt
3502 2836 3635 2911 (Act.
3669 2855 3762 2906 xx,
3795 2836 3907 2908 37),

2257 2921 2402 2978 Illud
2452 2939 2685 2996 quoque
2728 2926 2787 2981 in
2840 2924 3183 2982 Prazfatione
3214 2942 3577 2993 commoneo,
3613 2932 3677 2983 ut
3704 2926 3923 2991 sciatisj

2259 3010 2569 3085 Origenem
2604 3016 2621 3050 ¹
2653 3013 2769 3069 tria
2812 3013 3113 3072 volumina
3143 3016 3199 3070 in
3234 3014 3384 3072 hanc
3407 3016 3726 3087 Epistolam
3776 3031 3912 3072 con-

2257 3101 2762 3174 scripsisse,quem
2793 3109 2851 3159 et
2877 3120 2983 3164 nos
3013 3119 3082 3160 ex
3100 3110 3268 3179 parte
3290 3104 3473 3161 secuti
3504 3102 3914 3177 sumus.Apol-

2259 3190 2533 3248 linarium
2561 3192 2736 3248 etiam
2769 3198 2826 3249 et
2864 3194 3195 3267 Dydymnm
3229 3195 3513 3268 quosdam
3545 3200 3927 3251 commenta--

498 3279 715 3349 vimus,
766 3285 831 3336 ut
874 3280 1319 3355 ostenderemus
1376 3297 1556 3353 quare
1594 3287 1699 3354 Ap:
1726 3284 1911 3340 stolus
1950 3283 2007 3339 in
2042 3284 2151 3341 hac
2192 3354 2218 3357 _
2260 3280 2438 3336 riolos
2467 3280 2741 3349 edidisse,
2775 3299 2805 3337 e
2861 3282 3075 3356 quibus
3107 3282 3243 3339 licet
3289 3299 3475 3357 pauca
3505 3283 3908 3357 decerpsimus

497 3369 586 3428 vel
616 3368 992 3443 potissimum
1025 3352 1283 3442 Epistola
1312 3352 1593 3427 obscuros
1624 3352 1833 3428 sensus
1864 3378 1921 3429 et
1950 3373 2149 3446 ignota
2178 3354 2221 3422 C
2259 3372 2316 3426 et
2345 3368 2649 3438 nonnulla,
2683 3388 2809 3444 qua:
2840 3352 3009 3428 nobis
3038 3352 3403 3442 videbantur,
3436 3352 3912 3445 adjecim-us,sive

499 3448 725 3516 mculis
771 3462 1137 3515 sacramenta
1190 3459 1548 3535 congesserit
1579 3475 1591 3516 :
1622 3465 1680 3516 et
1709 3460 1780 3516 de
1810 3468 2146 3533 sanctarum

500 3548 1044 3623 contrariarumque
1071 3542 1354 3604 virtutum
1388 3550 1649 3605 docuerit
1684 3554 1968 3622 potestate
1999 3569 2013 3606 :
2049 3552 2149 3624 qui

500 3636 620 3695 sint
657 3638 971 3715 damones,
1005 3635 1145 3709 quid
1185 3636 1435 3713 valeant,
1467 3636 1606 3711 quid
1639 3644 1772 3696 ante
1827 3638 2063 3707 fuerint,
2096 3644 2154 3697 et

501 3726 792 3799 quomodo
820 3729 954 3799 post
984 3725 1296 3783 adventum
1328 3725 1540 3782 Christi
1580 3725 1701 3783 sint
1748 3727 1929 3784 diruti
1978 3733 2153 3801 atque

2258 3459 2681 3527 subtraximus,
2714 3464 2779 3516 ut
2808 3460 3112 3517 studiosus
3143 3461 3344 3517 statim
3375 3461 3433 3517 in
3465 3462 3753 3536 principio
3784 3460 3900 3523 lec-

2258 3555 2350 3605 tor
2408 3554 2687 3622 agnoscat
2732 3549 2841 3607 hoc
2879 3566 3047 3623 opus,
3080 3551 3167 3607 vel
3218 3550 3475 3608 alienum
3506 3566 3655 3624 esse,
3688 3550 3775 3608 vel
3806 3567 3911 3608 no-

2262 3642 2474 3695 strum.

578 3880 594 3915 ⁸
626 3876 839 3955 flfriutn
862 3876 1077 3955 horum
1126 3877 1477 3955 scriptorum
1526 3877 1816 3952 Origenis,
1846 3878 2211 3952 Apollinarii,
2246 3885 2304 3937 et
2361 3880 2588 3955 Didymi
2617 3880 3033 3943 Commentarii
3060 3882 3123 3938 in
3155 3881 3307 3939 hanc
3344 3881 3662 3955 Epistulam
3687 3881 3917 3955 jamdiu

491 3955 555 4011 et
583 3948 731 4011 olim
760 3948 1207 4015 interciderunt.

1688 4295 2090 4381 LIBER
2185 4295 2727 4385 PRIMUS.

571 4602 727 4674 (Cap.
782 4601 823 4658 Ι.
872 4632 944 4643 --
991 4605 1156 4658 Vere.
1202 4603 1279 4670 1).
1336 4624 1366 4653 ‹‹
1408 4603 1625 4660 Paulus
1675 4604 1975 4678 apostolus
2007 4606 2146 4663 Jesu

502 4686 745 4756 Christi,
802 4702 906 4762 per
954 4689 1317 4746 voluntatem
1358 4692 1477 4748 Dei.
1511 4712 1538 4745 ι
1598 4695 1655 4748 Si
1688 4710 1790 4764 per
1818 4696 2147 4768 praepositio

501 4778 892 4836 ministerium
924 4778 1054 4850 ejus
1080 4792 1188 4851 per
1218 4797 1390 4853 quem
1422 4798 1515 4838 res
1545 4784 1760 4856 agitur,
1792 4785 2149 4850 ostendit,vi-

499 4869 686 4935 detur,
719 4867 866 4939 mihi
911 4867 970 4922 in
1024 4867 1186 4933 illam
1236 4872 1585 4928 sententiam
1627 4890 1837 4937 sensus
1867 4874 1976 4930 iste
2008 4891 2147 4930 con-

498 4946 709 5030 gruere
741 4971 757 5021 ξ
789 4957 956 5013 Nemo
986 4959 1132 5013 venit
1161 4957 1231 5013 ad
1288 4974 1391 5026 me,
1422 4962 1536 5017 nisi
1578 4960 1744 5018 Pater
1793 4979 1948 5020 meus
1973 4971 2163 5039 aurae

497 5047 648 5104 xerit
673 5064 799 5117 eum
827 5046 904 5104 ad
931 5064 1017 5103 me
1049 5049 1226 5120 (Joan.
1260 5066 1337 5120 vx,
1373 5050 1483 5123 44).
1515 5057 1709 5126 Atque
1738 5054 1819 5109 ita
1850 5053 1964 5113 ﬁet.
2001 5059 2061 5108 ut
2091 5059 2147 5109 et

2255 4607 2399 4663 Jesu
2430 4608 2650 4664 Christi
2683 4608 2779 4663 sit.
2814 4608 2926 4663 Alii
2986 4623 3121 4664 vero
3151 4607 3232 4664 ita
3261 4607 3455 4665 locum
3485 4607 3667 4665 istum
3702 4607 3917 4666 intelli-

2256 4700 2423 4767 gunt,
2457 4702 2521 4753 ut
2550 4697 2796 4753 Paulum
2828 4696 3160 4771 apostolum
3183 4696 3215 4753 J
3222 4713 3324 4753 esu
3347 4696 3696 4770 Christi,per
3714 4694 3917 4754 volun-

2256 4790 2435 4841 tatem
2467 4786 2691 4858 Dei,qui
2715 4786 2793 4841 sit
2821 4786 3349 4853 Christus,ostendi
3376 4789 3585 4859 putent
3617 4803 3630 4842 :
3666 4790 3732 4842 ut
3760 4786 3917 4843 sicut

2256 4874 2543 4947 sapientia
2593 4880 2651 4929 et
2702 4876 2981 4940 Verbum,
3030 4880 3087 4931 et
3133 4874 3318 4931 virtus
3367 4875 3486 4939 Dei,
3520 4879 3578 4931 st
3607 4876 3821 4933 veritas
3850 4881 3910 4933 et

2257 4963 2628 5029 resurrectio,
2681 4970 2737 5019 et
2782 4963 2874 5020 via
2926 4965 3141 5022 dicitur
3188 4966 3234 5037 (l
3290 4962 3412 5021 Cor.
3462 4981 3502 5034 ι,
3532 4965 3640 5033 24;
3672 4965 3836 5023 Joan.
3874 4982 3914 5035 ι,

2264 5053 2329 5107 14
2358 5070 2371 5119 ;
2405 5069 2519 5120 xiv,
2542 5055 2614 5120 6;
2667 5070 2746 5122 χι,
2778 5054 2867 5124 25)
2904 5071 2916 5109 :
2954 5055 3034 5111 ita
3064 5052 3242 5113 etiam
3273 5052 3547 5110 voluntas
3562 5046 3935 5126 ampullatur.~

497 5134 645 5194 illud
676 5137 832 5209 quod
885 5136 946 5195 in
991 5137 1236 5195 Joannis
1273 5139 1581 5212 Evangelia
1632 5141 1848 5215 legitur
1887 5158 1899 5197 :
1948 5143 2146 5198 Omnia
2178 5143 2220 5207 D
2253 5141 2529 5201 Nonnulli
2563 5143 2707 5198 nihil
2738 5145 2953 5200 referre
2982 5144 3550 5209 existimantutrum
3580 5160 3687 5215 per
3706 5142 3916 5200 volun-

496 5238 599 5297 per
616 5226 757 5282 ittud
783 5228 940 5299 facta
966 5235 1092 5282 sunt
1120 5227 1304 5299 (Joan.
1335 5246 1371 5293 ι,
1402 5228 1478 5301 3),
1511 5229 1667 5285 haud
1725 5231 1970 5285 dubium
2001 5233 2143 5304 quin

488 5310 609 5387 per
656 5313 890 5391 Filium,
940 5332 1054 5372 non
1096 5316 1434 5389 praejudicet
1483 5318 1729 5375 Domino
1762 5324 1960 5376 nostro
2004 5319 2143 5377 Jesu

504 5402 753 5473 Christo,
787 5406 955 5477 quasi
985 5422 1055 5461 ex
1082 5422 1148 5462 eo
1174 5405 1369 5462 minor
1397 5406 1492 5475 sit,
1519 5406 1675 5479 quod
1707 5407 1894 5463 Patris
1924 5409 2144 5464 obtem-

502 5497 667 5563 peret
696 5493 982 5550 voluntati
1021 5512 1033 5549 :
1068 5496 1362 5568 quomodo
1394 5500 1450 5549 et
1479 5512 1633 5551 nunc
1666 5504 1781 5552 non
1808 5498 2149 5569 prmjudicat

506 5578 678 5648 Patri,
712 5576 867 5655 quod
898 5598 1001 5655 per
1029 5582 1389 5639 voluntatem
1413 5582 1573 5638 illius
1604 5582 1817 5641 Paulus
1850 5587 2148 5658 apostolus

575 5720 599 5752 ί
628 5718 709 5802 Ex
752 5720 1005 5802 inferiori
1041 5728 1161 5779 toto
1192 5730 1463 5781 contextu
1494 5724 1696 5802 liquet,
1722 5727 2148 5802 Hieronymum

506 5805 641 5845 cum
691 5790 837 5846 hanc
875 5794 984 5848 Sibi
1044 5803 1391 5868 proponeret
1435 5790 1833 5870 explicandam
1882 5790 2151 5873 Epistolas

2252 5233 2429 5286 tatem
2463 5232 2586 5299 Dei,
2642 5249 2713 5288 an
2755 5247 2824 5288 ex
2882 5233 2977 5288 Dei
3028 5232 3239 5288 dixerit
3288 5232 3613 5298 voluntate,
3655 5232 3794 5305 quia
3821 5232 3933 5289 his

2250 5320 2761 5392 praepositionibus
2815 5320 3128 5395 Apostolus
3188 5321 3585 5379 indifferenter
3650 5326 3852 5379 utatur
3898 5330 3911 5380 ξ

2253 5414 2310 5465 et
2338 5406 2597 5482 idipsum
2626 5409 2980 5482 signiﬁcare,
3010 5426 3114 5481 per
3146 5409 3510 5475 voluntatem
3541 5412 3655 5483 Dei,
3684 5412 3839 5483 quod
3864 5406 3916 5477 si

2255 5498 2516 5569 dixisset,
2571 5516 2641 5555 ea:
2666 5500 2950 5554 voluntate
2994 5499 3119 5555 Dei.
3146 5519 3176 5549 α
3230 5500 3466 5555 Sanctis
3506 5500 3785 5557 omnibus
3812 5500 3933 5571 qui.

2255 5593 2398 5643 sunt
2424 5587 2638 5659 Ephesi
2671 5589 2707 5640 ί.
2762 5609 2788 5632 υ
2822 5589 2972 5644 545
3008 5588 3256 5653 Quidam
3290 5588 3564 5645 curiosus
3596 5605 3775 5662 quam
3811 5604 3913 5644 ne-

2260 5728 2516 5804 Paulinae
2546 5728 2924 5802 epigrapben,
2972 5694 3186 5804 nomen
3220 5718 3910 5804 printermisissesphesi,

2260 5802 2459 5874 Neque
2487 5817 2555 5857 ex
2585 5815 2652 5857 eo
2682 5805 2913 5858 tantum
2954 5802 3103 5872 dico,
3144 5802 3299 5875 quod
3343 5802 3555 5860 scitum
3593 5802 3768 5878 vulgo
3796 5808 3925 5874 est,
