4332 6600
582 2 1633 31 :mgg

556 512 673 591 £75

1876 526 1942 590 S.
1990 518 2298 591 EUSEBII
2336 524 2806 595 HlERONYMI.

3848 516 3968 589 £76

561 663 835 734 urbibus,
865 663 1203 724 benedictos
1232 663 1291 723 in
1324 666 1503 741 agris,
1537 669 1595 723 et
1633 669 1837 724 caetera
1869 665 1962 721 his
1992 663 2209 721 similia
2237 663 2290 730 Α
2322 664 2650 721 Graecorum
2682 670 2737 722 et
2766 682 2959 724 sermo
3005 661 3176 723 latior
3202 666 3261 722 et
3286 662 3490 737 lingua
3517 657 3761 735 felicior,
3792 666 3971 721 conaé

562 755 736 821 (Deut.
769 771 969 820 xxvm,
1024 756 1203 827 3-12),
1251 756 1311 812 in
1369 757 1668 830 prophetis
1718 773 1830 812 non
1882 755 2211 810 videbimus

565 841 673 914 [AL
706 843 997 914 videmus]
1045 844 1292 917 expleta,
1327 844 1689 909 hominibus,
1723 843 1821 915 qui
1873 842 1931 897 in
1983 841 2211 896 melotis

563 936 621 987 et
650 933 705 986 in
743 933 1003 1004 caprinis
1053 933 1306 1006 pellibus
1356 934 1504 990 547
1556 936 1895 989 erraverunt
1927 926 1943 987 Ξ
1974 931 2031 986 in
2080 948 2211 1003 ege-

564 1024 737 1092 state,
768 1023 829 1077 in
861 1016 1152 1095 angustia,
1178 1024 1234 1078 in
1270 1024 1515 1078 desertis
1547 1022 1867 1086 montibus,
1890 1021 1950 1076 in
1983 1021 2210 1092 spelun-

567 1110 652 1166 cis
683 1115 742 1167 et
783 1111 1047 1168 cavernis
1096 1116 1412 1183 petrarum,
1468 1116 1908 1183 persecutorum
1956 1111 2212 1182 impetus

564 1199 923 1255 declinantes
984 1201 1165 1271 (Hebr.
1215 1217 1294 1268 x1,
1348 1201 1559 1270 35-39).
1623 1200 2017 1272 Spiritualiter
2075 1215 2211 1268 ergo

566 1284 906 1360 accipienda
937 1294 1075 1343 sunt
1118 1291 1334 1354 omnia,
1367 1295 1423 1346 et
1466 1290 1820 1363 spiritualia,
1855 1307 1971 1345 non
2005 1290 2062 1345 in
2092 1295 2208 1344 ter-

567 1376 722 1432 renis
767 1375 929 1440 locis.
963 1378 1061 1433 sed
1114 1378 1173 1433 in
1220 1380 1557 1435 ccelestibus
1605 1380 2014 1453 exspectanda.
2048 1380 2209 1445 Quod

564 1481 695 1521 vero
726 1464 807 1521 ait
839 1483 852 1521 :
888 1467 1181 1523 Benedixit
1223 1485 1324 1524 nos
1355 1470 1415 1524 in
1444 1471 1598 1525 omni
1626 1470 1994 1526 benedictione
2037 1470 2209 1541 spiri-

562 1555 706 1610 tuali
733 1556 791 1610 in
825 1558 1150 1628 oetestibus,
1184 1558 1354 1630 quasi
1400 1561 1523 1631 jam
1558 1560 1614 1614 in
1651 1560 1937 1631 praeterito
1992 1559 2208 1614 factum

561 1643 657 1712 sit,
688 1649 744 1700 et
776 1662 889 1701 non
923 1646 980 1702 in
1018 1647 1211 1703 futuro
1252 1648 1633 1720 promissum,
1666 1647 1721 1703 id
1754 1652 1861 1714 est,
1894 1646 2208 1713 benedixit,

561 1739 621 1790 et
651 1751 764 1789 non
798 1735 1216 1792 benedicturus
1247 1741 1356 1804 est,
1386 1738 1665 1809 quaeritur
1694 1738 1988 1809 quomodo
2019 1735 2210 1792 adhuc

562 1822 624 1879 in
671 1828 827 1880 terra
875 1842 979 1881 nos
1030 1825 1270 1897 positos,
1322 1826 1539 1882 cmlesti
1587 1827 1991 1882 benedictione
2036 1827 2207 1881 bene-

563 1912 795 1969 dixerit.
827 1914 957 1970 Sive
988 1914 1169 1988 igitur
1197 1917 1353 1988 quod
1385 1918 1744 1973 conversatio
1776 1920 1975 1971 nostra
2003 1914 2060 1969 in
2096 1931 2206 1969 coe-

563 2000 638 2101 lis
669 2005 759 2101 est
800 2002 1070 2077 (Philipp.
1101 2023 1181 2076 111,
1210 2007 1327 2076 20),
1358 2011 1414 2062 et
1453 2024 1565 2063 non
1617 2023 1824 2063 sumus
1872 2006 1943 2060 de
1988 2004 2209 2101 ῐιιυῐξάξτ
2241 2037 2288 2101 Β

566 2089 678 2146 isto
727 2092 913 2161 (Joan.
946 2111 1038 2161 xv,
1082 2095 1189 2166 19),
1241 2096 1342 2152 sed
1387 2095 1653 2167 deposita
1697 2095 1951 2168 imagine
1999 2092 2208 2159 cboici,

569 2185 872 2252 portamus
904 2181 1221 2256 imaginem
1270 2184 1699 2256 supercmlestis
1730 2188 1778 2257 (ι
1805 2186 1924 2241 Cor.
1959 2201 2034 2250 1v,
2070 2183 2158 2253 49)
2194 2198 2206 2237 :

561 2272 621 2323 et
667 2267 723 2323 in
777 2287 950 2327 carne
1008 2289 1123 2328 non
1181 2273 1451 2343 vivimus,
1502 2276 1601 2329 sed
1662 2275 1719 2329 in
1780 2274 1989 2347 spiritu
2034 2274 2206 2340 (Rom.

560 2371 685 2423 vm,
711 2356 796 2429 9);
830 2363 889 2414 et
918 2358 1386 2417 thesaurizamus
1420 2362 1587 2417 nobis
1618 2362 1675 2417 in
1709 2363 1867 2418 coelis
1898 2362 1998 2418 ubi
2028 2367 2085 2418 et
2114 2377 2214 2416 cor

563 2444 850 2502 habemus
881 2449 1092 2519 (Matth.
1126 2467 1199 2518 νι,
1232 2453 1322 2514 20,
1353 2452 1465 2524 21),
1497 2451 1751 2508 dicimur
1792 2469 1948 2507 nunc
1991 2442 2215 2507 ccclesti

566 2532 969 2593 benedictione
1000 2538 1316 2609 benedicti;
1353 2541 1472 2597 sive
1504 2546 1680 2609 certe,
1712 2542 1863 2613 quod
1899 2542 2090 2597 omnis
2120 2542 2213 2597 be-

564 2624 815 2681 nedictio
864 2626 1187 2698 spiritualis
1234 2629 1293 2685 in
1335 2629 1585 2697 Christo,
1613 2630 1750 2687 licet
1802 2631 1860 2686 in
1910 2634 2063 2687 terra
2111 2630 2208 2701 sit,

566 2717 755 2770 tamen
799 2715 871 2771 de
913 2715 1249 2775 coelestibus
1300 2725 1717 2793 computetur:
1755 2722 2043 2778 Benedixit
2090 2737 2208 2787 nos,

560 2802 774 2876 inquit,
808 2806 867 2859 in
897 2808 1049 2861 omni
1099 2807 1468 2865 benedictione
1496 2811 1781 2881 spirituali
1821 2812 1881 2867 in
1909 2812 2213 2866 amicalibus

562 2894 624 2948 in
653 2893 870 2951 Christo
899 2913 917 2949 .·
948 2895 1008 2951 in
1059 2911 1327 2953 sermone
1377 2897 1500 2963 Dei,
1533 2903 1591 2954 et
1620 2900 1927 2972 sapientia,
1959 2904 2016 2955 et
2061 2900 2208 2955 veri-

562 2985 700 3049 tate,
748 2982 1090 3056 cazterisque
1139 2984 1478 3042 virtutibus.
1529 2987 1847 3059 Dupliciter
1891 2993 2088 3043 autem
2137 2988 2215 3043 le-

566 3070 823 3143 gendum
858 3088 871 3125 :
909 3072 1225 3128 Benedictus
1273 3075 1413 3129 Deus
1460 3082 1514 3130 et
1558 3082 1722 3132 Pater
1772 3079 1996 3132 Domini
2035 3080 2214 3133 nostri

563 3161 701 3217 Jesu
731 3160 967 3228 Christi,-
998 3165 1063 3216 ut
1094 3162 1173 3217 sit
1199 3163 1541 3220 benedictus
1571 3164 1741 3233 Deus,
1777 3165 1875 3238 qui
1910 3165 2210 3223 universo-

565 3264 696 3303 rum
730 3249 997 3306 conditor
1020 3254 1127 3319 est,
1156 3255 1213 3308 et
1239 3251 1544 3325 hucusque
1575 3253 1902 3323 distinctio;
1936 3255 2211 3328 deinceps

565 3336 851 3394 inferatur
882 3356 895 3394 :
930 3341 1038 3409 Qui
1063 3346 1142 3396 est
1172 3350 1224 3398 et
1249 3344 1419 3398 Pater
1447 3344 1666 3400 Domini
1692 3346 1871 3401 nostri
1896 3349 2025 3402 Jesu
2046 3346 2209 3403 Chri-

2321 754 2521 811 bimur
2550 772 2663 811 non
2708 760 2825 812 tam
2858 756 3099 812 verbum
3144 754 3459 810 transferre
3488 753 3560 808 de
3590 753 3784 820 verbo,
3810 753 3966 824 quod

2320 844 2683 916 impossibile
2711 849 2817 914 est,
2852 861 3027 916 quam
3059 845 3174 899 vim
3205 842 3363 898 verbi
3395 842 3649 915 quodam
3680 842 3968 914 explicare

2321 933 2591 989 circuitu.
2624 927 2913 1001 Καταδολή
2968 932 3197 1005 proprie
3222 932 3457 1002 dicitur,
3491 948 3623 987 cum
3656 932 3756 1004 qui
3805 933 3969 987 deor-

2322 1039 2453 1078 sum
2496 1022 2734 1095 jacitur,
2768 1027 2825 1078 et
2872 1023 2930 1078 in
2981 1023 3313 1077 inferiorem
3365 1021 3556 1077 locum
3612 1021 3867 1077 mittitur
3896 1022 3967 1078 de

2294 1111 2583 1185 sublimi,
2608 1113 2695 1167 vel
2728 1129 2861 1167 cum
2894 1111 3093 1183 aliqua
3124 1128 3216 1167 res
3247 1110 3430 1167 sumit
3459 1110 3782 1167 exordium.
3804 1111 3967 1187 Unde

2318 1204 2376 1257 et
2405 1199 2462 1255 hi
2497 1200 2596 1272 qui
2645 1201 2857 1257 aedium
2910 1201 3239 1257 futurarum
3272 1201 3465 1274 prima
3505 1200 3736 1272 jaciunt
3764 1200 3968 1256 funda-
4028 1200 4035 1201 7

2321 1294 2518 1347 menta
2555 1284 3042 1359 καταϐεϐληκὲναι,
3074 1290 3132 1345 id
3172 1297 3281 1356 est,
3313 1291 3587 1346 deorsum
3638 1289 3804 1345 initia
3835 1291 3965 1346 fun-

2320 1381 2730 1436 damentorum
2766 1380 2983 1452 jecisse
3013 1380 3310 1436 dicuntur.
3346 1379 3552 1435 Volens
3591 1379 3786 1451 itaque
3816 1379 3965 1435 Pau-

2319 1468 2413 1524 lus
2444 1469 2749 1525 ostendere
2781 1470 2935 1539 quod
2967 1473 3119 1525 Deus
3162 1468 3434 1525 universa
3471 1469 3549 1525 sit
3596 1466 3967 1524 machinatus

2319 1575 2388 1614 ex
2415 1557 2620 1625 nihilo,
2653 1575 2769 1614 non
2816 1560 3219 1633 conditionem,
3265 1575 3380 1615 non
3432 1566 3744 1614 creaturam
3791 1564 3969 1630 atque

2317 1648 2621 1722 facturam,
2644 1648 2745 1703 sed
2774 1642 3111 1719 καταϐολὴν,
3134 1648 3193 1704 id
3223 1654 3331 1715 est,
3364 1649 3590 1704 initium
3615 1648 3970 1719 fundamenti

2320 1737 2391 1792 ad
2424 1754 2557 1792 eum
2590 1736 2789 1793 retulit
2821 1754 2834 1792 :
2868 1741 2934 1793 ut
2980 1755 3094 1793 non
3118 1738 3290 1809 juxta
3328 1736 3737 1809 Manicheum,
3770 1741 3827 1793 et
3865 1753 3968 1792 ca-

2318 1830 2474 1882 teras
2505 1826 2752 1882 haereses
2783 1829 2934 1899 (quae
2975 1827 3251 1882 factorem
3283 1831 3339 1882 et
3369 1826 3675 1883 materiam
3720 1828 3965 1898 ponunt)

2318 1915 2539 1988 aliquid
2573 1916 2678 1988 [AL
2713 1915 2893 1987 aliud]
2928 1916 3081 1972 unde
3125 1920 3401 1973 creaturae
3441 1916 3602 1971 factae
3634 1915 3771 1978 sint,
3806 1918 3967 1971 ante-

2320 2005 2556 2061 cesserit
2601 2008 2926 2073 creaturas;
2962 2006 3061 2061 sed
3094 2005 3293 2061 omnia
3335 2022 3402 2060 ex
3452 2003 3636 2060 nihilo
3685 2004 3969 2061 substite-

2322 2093 2458 2149 rint.
2493 2095 2652 2159 Quod
2689 2098 2883 2149 autem
2916 2094 3130 2151 electos
3162 2112 3269 2153 nos
3302 2099 3365 2150 ut
3394 2111 3661 2151 essemus
3692 2095 3881 2149 sancti
3913 2097 3970 2149 et

2323 2182 2684 2239 immaculati
2718 2200 2913 2239 coram
2962 2184 3111 2256 ipso,
3145 2184 3253 2240 hoc
3284 2187 3393 2251 est,
3426 2183 3563 2255 Deo,
3605 2188 3737 2239 ante
3786 2183 3970 2238 fabri—

2321 2289 2450 2330 cam
2484 2272 2687 2328 mundi
2719 2276 2967 2328 testatus
2996 2277 3103 2344 est,
3137 2273 3209 2329 ad
3250 2272 3677 2345 praescientiam
3713 2272 3808 2328 Dei
3839 2289 3970 2345 per-

2322 2362 2497 2429 tinet;
2532 2362 2623 2418 cui
2656 2362 2854 2417 omnia
2896 2362 3092 2417 futura
3129 2362 3257 2434 jam
3306 2362 3459 2417 facta
3488 2366 3627 2417 sunt
3656 2363 3843 2433 (Eccti.
3880 2380 3966 2430 111,

2325 2452 2432 2523 15),
2467 2456 2525 2507 et
2555 2455 2867 2523 antequam
2924 2451 3067 2506 tiant
3113 2450 3385 2507 universa
3429 2454 3572 2506 sunt
3617 2456 3753 2506 nota
3803 2452 3964 2522 (Dan.

2320 2542 2582 2611 $111,42),
2617 2541 2779 2595 Sicut
2830 2544 2887 2595 et
2948 2538 3163 2596 Paulus
3221 2539 3347 2612 ipse
3403 2540 3850 2612 prmdestinatur
3906 2539 3968 2595 in

2322 2634 2486 2686 utero
2544 2629 2752 2685 matris
2811 2645 2931 2685 suae
2982 2627 3185 2699 (Galat.
3235 2646 3275 2693 1,
3317 2630 3425 2697 15),
3476 2632 3533 2683 et
3576 2628 3859 2685 Jeremias
3907 2629 3967 2684 in

2320 2718 2494 2774 vulva
2524 2716 2925 2774 sanctificatur
2949 2719 3169 2789 (Jerem.
3202 2735 3242 2789 1,
3272 2717 3326 2788 5)
3359 2717 3614 2790 eligitur,
3638 2718 3966 2788 roboratur,

2292 2812 2379 2863 ~et
2408 2809 2465 2863 in
2498 2812 2632 2881 typo
2654 2806 2869 2863 Christi
2895 2807 3177 2879 propheta
3206 2807 3480 2879 gentibus
3512 2807 3785 2865 mittitur.
3805 2806 3969 2864 Alius

2320 2913 2452 2953 vero
2479 2897 2500 2932 ³
2531 2897 2628 2968 qui
2662 2897 2847 2953 Deum
2897 2897 3129 2967 justum
3180 2901 3428 2952 conatur
3456 2896 3779 2968 ostendere,
3812 2897 3964 2969 quod

2321 3003 2437 3043 non
2483 3002 2549 3040 ex
2599 2985 2938 3057 pra-judicio
2996 2984 3249 3042 scientiae
3308 3002 3448 3051 suae,
3482 2986 3585 3042 sed
3642 3002 3711 3041 ex
3762 2985 3968 3042 merito

2322 3075 2639 3132 electorum
2691 3091 3175 3148 unumquemque
3222 3074 3418 3148 eligat,
3456 3073 3616 3142 dicit,
3651 3078 3786 3130 ante
3830 3074 3970 3131 visi-

2322 3164 2468 3221 biles
2516 3169 2834 3231 creaturas,
2888 3163 3121 3234 coelum,
3161 3168 3402 3227 terram,
3434 3162 3623 3219 maria
3670 3168 3727 3219 et
3772 3164 3971 3220 omnia

2323 3271 2447 3327 quae
2478 3252 2631 3309 intra
2668 3269 2737 3309 ea
2765 3254 2870 3325 [AL
2904 3252 2964 3308 in
3015 3253 3121 3323 eis]
3154 3256 3313 3324 sunt,
3349 3252 3531 3309 fuisse
3578 3251 3725 3309 alias
3771 3252 3971 3308 invisi-

2326 3343 2473 3399 biles
2503 3349 2820 3409 creaturas,
2842 3341 2901 3398 in
2935 3342 3150 3414 quibus
3176 3347 3234 3398 et
3264 3342 3515 3408 animas,
3538 3359 3665 3415 quae
3690 3342 3762 3399 ob
3794 3358 3969 3414 quas-

566 3428 677 3490 sti;
709 3427 797 3484 vel
827 3428 907 3485 ita
939 3407 960 3485 τῇ
991 3434 1056 3487 ut
1087 3431 1239 3487 Deus
1286 3437 1343 3488 et
1390 3433 1578 3499 Pater,
1612 3434 1680 3490 ad
1714 3434 2026 3490 Dominum
2077 3453 2210 3492 nos-
2244 3407 2287 3474 Ο
2326 3433 2464 3489 dam
2498 3449 2729 3499 causas,
2763 3407 2867 3487 soli
2900 3407 3015 3486 Deo
3046 3434 3238 3502 notas,
3272 3407 3507 3502 dejectai
3536 3407 3656 3486 sint
3696 3407 3970 3487 deorsum

565 3519 747 3585 trum,
773 3518 828 3573 in
858 3535 1169 3577 commune
1195 3521 1499 3579 referatur.
1527 3524 1873 3581 Benedictus
1906 3530 2055 3581 Deus
2085 3526 2212 3597 ejus

567 3606 667 3681 qui
699 3612 1043 3681 assumptus
1091 3614 1180 3665 est
1225 3610 1503 3679 hominis,
1538 3616 1595 3668 et
1626 3613 1794 3669 Pater
1822 3613 1971 3685 ejus,
2004 3613 2104 3685 qui
2154 3614 2213 3668 in

567 3694 854 3768 principio
887 3698 1041 3769 apud
1074 3698 1255 3755 Deum
1300 3699 1409 3755 fuit
1453 3705 1605 3757 Deus
1631 3700 1910 3757 Verbum.
1941 3703 2065 3758 Non
2098 3718 2215 3774 quo

569 3781 724 3840 alius
754 3790 1100 3857 assumptus
1147 3786 1344 3859 homo,
1369 3793 1425 3845 et
1455 3789 1605 3845 alius
1635 3790 1711 3845 sit
1754 3807 1946 3847 sermo
1978 3793 2078 3864 qui
2128 3808 2217 3847 as-

569 3874 919 3946 sumpserit;
949 3875 1049 3930 sed
1084 3892 1199 3947 quo
1230 3893 1383 3932 unus
1415 3882 1589 3950 atque
1620 3878 1773 3934 idem
1806 3896 1909 3952 pro
1939 3880 2217 3936 varietate

569 3975 905 4031 causarum,
921 3979 1078 4019 nunc
1095 3962 1388 4031 sublimis,
1406 3982 1559 4021 nunc
1577 3965 2215 4042 humilis,praedicetur.

641 4051 825 4123 (Vers.
851 4054 929 4123 4.)
952 4076 980 4103 ‹‹
1014 4053 1178 4110 Sicut
1218 4053 1390 4128 elegit
1419 4072 1525 4111 nos
1574 4057 1631 4111 in
1678 4056 1806 4130 ipso
1837 4060 1971 4112 ante
2003 4058 2217 4114 consti-

569 4141 855 4199 tutionem
907 4144 1111 4201 mundi
1148 4160 1160 4200 :
1198 4148 1265 4201 ut
1293 4162 1559 4203 essemus
1590 4147 1775 4202 sancti
1824 4151 1881 4202 et
1932 4147 2216 4204 immacu-

568 4230 670 4289 lati
722 4248 918 4289 coram
974 4233 1175 4306 ipso.»
1212 4238 1322 4290 Pro
1379 4234 1797 4291 constitutione
1856 4235 2126 4304 mundi‘,
2159 4235 2218 4291 in

569 4319 766 4379 Graeco
789 4322 1074 4396 scriptum
1105 4322 1301 4393 habet,
1323 4322 1431 4397 πρὸ
1452 4325 1472 4357 ²
1496 4316 1802 4391 καταϐολῆι
1832 4322 2071 4396 κόσμους
2104 4341 2220 4380 non

570 4411 829 4484 idipsum
872 4417 1067 4468 autem
1114 4405 1421 4481 καταϐολὴ,
1463 4414 1617 4486 quod
1667 4417 1983 4469 constitutio
2029 4419 2218 4469 sonat.

574 4500 734 4557 Unde
763 4506 821 4556 et
850 4518 957 4561 nos
987 4511 1224 4575 propter
1246 4507 1649 4574 paupertatem
1679 4502 1915 4576 linguae,
1937 4508 1994 4559 et
2025 4520 2218 4559 rerum

574 4589 915 4657 novitatem,
974 4590 1125 4647 548
1184 4595 1241 4646 et
1287 4590 1442 4648 sicut
1489 4591 1728 4664 quidam
1787 4594 1887 4664 ait,
1939 4595 2093 4666 quod
2147 4594 2225 4650 sit

2322 3523 2379 3578 in
2412 3520 2618 3578 vallem
2650 3521 2824 3577 istam
2855 3519 3272 3592 lacrymarum,
3306 3519 3365 3574 in
3409 3519 3603 3576 locum
3635 3518 3970 3576 afﬂictionis

2323 3619 2379 3668 et
2407 3609 2894 3684 peregrinationis
2925 3612 3156 3677 nostris,
3181 3609 3239 3665 in
3274 3623 3391 3681 quo
3426 3612 3665 3665 sanctus
3686 3608 3967 3664 constitu-

2322 3706 2421 3757 tus
2453 3701 2656 3757 orabat
2683 3703 2751 3754 ut
2778 3699 2850 3755 ad
2883 3698 3078 3755 sedem
3112 3697 3420 3771 pristinam
3452 3701 3854 3763 reverteretur,
3888 3697 3970 3753 di-

2326 3808 2462 3847 cens
2495 3808 2507 3846 :
2544 3792 2655 3846 Heu
2702 3788 2879 3843 mihi!
2922 3790 3057 3859 quia
3101 3788 3377 3849 incolatus
3417 3801 3569 3842 meus
3614 3787 3969 3861 prolongata:

2326 3884 2439 3937 est!
2471 3879 2734 3934 habitavi
2776 3894 2901 3933 cum
2948 3876 3320 3933 habitantibus
3362 3873 3475 3947 [AL
3521 3874 3973 3947 habitationibus]

2328 3969 2531 4037 Cedar,
2548 3969 2787 4022 multum
2808 3968 3163 4039 peregrinata
3184 3972 3261 4021 est
3278 3966 3467 4021 anima
3484 3980 3607 4020 mea
3626 3964 3797 4035 (Psal.
3822 3981 3976 4030 cx1x,

2326 4060 2382 4126 5,
2412 4058 2489 4129 6).
2522 4057 2593 4112 Et
2619 4055 2680 4113 in
2712 4056 2827 4112 alio
2864 4055 2985 4111 loco
3018 4073 3030 4111 :
3066 4055 3228 4111 Miser
3274 4070 3366 4126 ego
3415 4053 3572 4110 homo
3600 4070 3619 4108 :
3651 4054 3773 4127 quis
3799 4070 3887 4109 me
3916 4054 3983 4108 ti-

2331 4146 2541 4202 berabit
2569 4145 2634 4199 de
2661 4160 2886 4216 corpore
2932 4145 3128 4200 mortis
3174 4142 3338 4211 huius
3367 4143 3538 4213 (Rom.
3572 4159 3673 4210 vn,
3703 4141 3832 4214 24)?
3862 4142 3931 4197 Et
3963 4157 3979 4197 :

2330 4234 2522 4290 Metius
2565 4237 2643 4289 est
2689 4234 2843 4290 549
2894 4234 3109 4301 reverti,
3158 4239 3211 4288 et
3254 4247 3367 4287 esse
3406 4246 3536 4289 cum
3582 4230 3796 4287 Christo
3825 4229 3982 4302 (Phi-
4072 4258 4085 4265 ι

2333 4325 2468 4396 tipp.
2516 4340 2556 4389 1,
2587 4324 2699 4393 23).
2746 4322 2813 4377 Et
2869 4321 3007 4377 alibi
3061 4337 3074 4376 :
3124 4322 3429 4394 Antequam
3486 4320 3841 4390 humiliarer,
3890 4334 3985 4389 ego

2328 4414 2548 4487 peccavi
2591 4411 2763 4484 (Psal.
2816 4428 3009 4479 cxvm,
3059 4410 3172 4481 67),
3223 4415 3281 4466 et
3336 4414 3545 4466 caetera
3599 4410 3692 4467 his
3743 4408 3984 4469 similia.

2333 4504 2535 4575 Itaque
2592 4501 2938 4574 priusquam
3003 4499 3235 4571 animae,
3295 4498 3593 4570 inquiunt,
3652 4498 3983 4572 praecipita-

2333 4597 2536 4649 rentur
2564 4591 2623 4646 in
2656 4589 3013 4657 mundum‘,
3047 4592 3104 4644 et
3147 4588 3408 4644 mundus
3436 4604 3507 4643 ex
3534 4586 3844 4643 animabus
3877 4586 3985 4658 [AL

648 4700 665 4733 ¹
690 4697 1079 4774 Hieronymus
1110 4714 1243 4774 cum
1290 4698 1501 4755 favoris
1543 4697 1601 4754 in
1617 4698 1931 4774 Origenem
1973 4716 2224 4774 purgare
2300 4752 2303 4759 λ
2333 4700 2447 4774 nis,
2477 4699 2577 4756 sed
2610 4714 2680 4755 ex
2697 4695 2944 4774 proprio
2976 4694 3211 4774 ingenio
3258 4693 3354 4774 hic
3387 4693 3684 4774 omittunt
3710 4691 3988 4774 praeposi-

578 4786 680 4827 sus
724 4764 973 4825 icionein
992 4769 1384 4837 voluit,hosce
1403 4764 2226 4843 cumprimis'Commenta'rios
2258 4778 2305 4844 Ι)
2336 4764 2559 4828 tionem
2614 4764 2741 4843 πρὸξ
2798 4764 3140 4840 adduntque
3197 4764 3512 4822 articulum
3567 4767 3685 4837 τοῦ,
3711 4764 3849 4837 ἱιιιῖ
3870 4781 3988 4821 non

578 4841 640 4896 in
672 4788 834 4896 lgauli
865 4840 1172 4896 enistolam
1200 4843 1269 4896 ad
1296 4842 1598 4896 Ephesios.
1624 4849 1823 4896 utnote
1845 4844 2061 4896 auibus
2094 4861 2223 4896 ιιι-ο-
2336 4842 2549 4896 legitur
2577 4840 2635 4896 in
2669 4841 2865 4896 Graeco
2898 4843 3170 4895 contextu
3195 4838 3254 4893 S.
3278 4836 3465 4896 Pauli.
3488 4853 3678 4896 neque
3709 4837 3768 4893 in
3796 4852 3988 4892 exem-

578 4858 640 4896 ιη

717 4840 834 4897 auli
865 4840 1173 4917 epistolam
1200 4843 1269 4897 ad
1284 4840 1823 4917 _Epl_1esioés,_utpo_te
1845 4844 2061 4917 quibus
2092 4861 2223 4917 pro-

579 4913 704 4987 beri
738 4930 847 4987 sua
876 4918 1074 4986 posset
1100 4913 1264 4987 ﬁdes,
1284 4913 1493 4971 Ruﬁno
1524 4913 1907 4970 calumnianti
1932 4913 2225 4987 opposuit.

585 4985 687 5059 Hic
714 4984 891 5059 avide'
927 4985 1229 5059 occasione
1250 4984 1511 5059 arrepta,
1536 4990 1625 5059 et
1645 5003 1912 5059 quaerens
1944 4984 2227 5059 iii—scirpo

580 5056 1083 5131 nodu_m,,hosme_t
1124 5058 1311 5131 libros
1358 5056 1732 5131 iniquissima
1780 5058 2083 5131 diligentia
2131 5056 2229 5115 e'x-

579 5128 1009 5201 pendit,'inque
1040 5128 1615 5201 Origenianisehsus
1644 5128 1923 5186 invidiam
1965 5146 2229 5201 perverse

579 5145 798 5201 pendit,
831 5145 1009 5200 inque
1040 5145 1373 5255 urigeniam
1404 5146 1615 5185 sensus
1644 5145 1923 5186 invmiam
1965 5146 2227 5201 perverse

578 5201 781 5270 trahit,
825 5200 973 5256 facto
1024 5201 1095 5255 ab
1189 5201 1237 5255 is
1284 5200 1475 5256 verbis
1523 5203 1837 5258 accusandi
1886 5201 2074 5257 initio.
2112 5202 2227 5257 Nos

576 5275 844 5344 quaadam
879 5273 1129 5329 subinde
1170 5289 1272 5343 pro
1302 5280 1359 5327 S.
1390 5273 1631 5330 Doctore
1671 5279 1873 5330 contra
1900 5272 2231 5344 Aquileien-

575 5362 700 5402 sem
759 5346 1162 5418 presbyterum
1221 5345 1781 5418 animadvertemus;
1834 5345 1935 5400 sed
1990 5344 2226 5414 quando

574 5418 706 5489 ipsa
736 5416 1360 5489 rationummomenta
1389 5417 1461 5472 ob
1508 5416 1709 5489 oculos
1741 5431 1957 5489 ponere
1988 5432 2091 5489 per
2120 5433 2227 5471 no-

575 5486 769 5560 tarum
818 5487 1122 5560 angustias
1153 5504 1269 5560 non
1298 5488 1453 5560 licet,
1487 5494 1550 5543 ut
1597 5486 1757 5560 ipsos
1805 5486 2225 5560 invectivarum

577 5559 773 5633 Rufini
803 5557 1001 5630 libros,
1035 5578 1069 5617 a
1098 5559 1309 5633 prioris
1338 5557 1602 5633 numero
1622 5557 1921 5633 'vicesimo
1951 5557 2122 5633 tertio
2153 5559 2226 5615 ad

577 5630 817 5703 alterius
847 5633 1023 5689 tinem
1074 5630 1284 5703 usque,
1336 5631 1580 5687 lectores
1627 5630 1961 5703 consulant,
1993 5630 2227 5702 ipsique

578 5702 922 5773 dijudicent,
956 5698 1223 5759 auctores
1254 5698 1481 5759 sumus.
1718 5698 1725 5705 ’

600 5771 785 5858 ςἰΕξ
810 5772 918 5827 hoc
959 5774 1084 5830 loco
1111 5773 1815 5858 intelligimus-quantum
1868 5771 1977 5858 sinbi
2008 5772 2227 5830 tribue-

585 5844 705 5900 rint
746 5844 1026 5901 Erasmus
1073 5849 1130 5901 et
1176 5843 1475 5903 Marianas
1504 5843 1562 5899 in
1593 5843 1848 5900 editione
1899 5843 2228 5901 Grecarum

583 5915 932 5986 lectionum;
968 5933 1155 5988 neque
1186 5934 1321 5974 vero
1369 5933 1437 5974 ex
1481 5915 1781 5974 codicibus
1829 5915 2227 5991 Hieronymia-

2336 4842 2549 4925 legitur
2577 4840 2635 4897 in
2658 4836 2865 4896 Graeco
2898 4836 3170 4925 cqntextu
3195 4838 3254 4923 S:
3278 4836 3678 4925 PauliLneque
3796 4852 3988 4925 citem:

2380 4908 2603 4970 laribus
2659 4908 3081 4984 manuscriptis
3150 4910 3399 4981 hujusce
3455 4908 3869 4965 Commentarii
3926 4908 3986 4964 S.

2382 4933 2603 4970 181⁵1ου8
2659 4933 2907 4968 1118111150

2337 4933 2701 5057 ﬁieronymi,
2714 4987 2909 5057 ,Mna'r.

2408 5066 2430 5099 ³
2455 5050 2621 5111 Hunc
2652 5053 2855 5127 alium,
2888 5055 3059 5127 cujus
3097 5050 3561 5127 hicAdissimulat
3588 5067 3825 5127 nomen,
3857 5050 3981 5107 Ori-

2377 5145 2545 5185 enem
2576 5143 2703 5183 esse
2733 5122 2850 5182 non
2880 5122 3166 5181 dil‘fitetur
3193 5124 3253 5180 S.
3288 5128 3460 5179 Pater
3487 5123 3547 5178 in
3578 5122 3839 5195 Apologia
3868 5138 3991 5195 con-

2354 5193 2428 5257 ῦυα
2458 5201 2716 5271 Ruﬁnum
2742 5216 2761 5253 :
2792 5213 2973 5271 seque
3001 5196 3105 5261 ita,
3132 5195 3288 5267 quod
3319 5210 3531 5271 nomen
3550 5193 3691 5271 ejus
3718 5193 3988 5271 tacuerit,

2336 5264 2578 5330 excusat
2612 5287 2625 5327 :
2659 5293 2688 5320 ιι
2720 5264 3380 5334 Οιιίιίοοωωειὶῑειονὶε
3410 5264 3668 5323 ofﬁcium
3699 5271 3811 5335 est,
3844 5264 3990 5322 mul-

2338 5350 2531 5423 torum
2566 5342 2914 5423 Asententias
2973 5355 3207 5423 ponere,
3269 5341 3327 5423 et
3377 5337 3499 5423 Ι]οε
3541 5354 3639 5420 me
3676 5338 3989 5423 facturum

2340 5417 2399 5497 in
2432 5413 2773 5497 Praefatione
2813 5408 3428 5497 promiseramnetiam
3458 5408 3726 5483 Origenis
3772 5410 3993 5497 absque

2339 5488 2557 5545 invidia
2614 5480 2874 5543 nominis
2942 5483 3071 5556 ejus
3127 5480 3599 5556 explanationem
3658 5481 3851 5555 posui,
3898 5480 3988 5536 di-

2337 5577 2475 5617 cens
2509 5577 2522 5616 :
2556 5558 2714 5615 Alius
2744 5572 2878 5613 vero
2910 5555 3011 5629 qui
3042 5555 3226 5612 Deum
3251 5555 3488 5628 justum
3520 5560 3765 5611 conatur
3792 5557 3990 5611 osten-

2335 5632 2683 5702 dere,»etc.
2797 5700 2803 5702 _
2932 5628 2941 5629 ί
3255 5697 3326 5702 __
3657 5644 3757 5702 -’
3868 5628 3873 5634 ’

2409 5704 2429 5736 ⁸
2472 5700 2843 5758 Cisteriencis
2896 5716 3030 5770 ms.,

2340 5773 2495 5829 dum.
2556 5773 2733 5830 Porro
2797 5772 3185 5828 conferendus

2336 5861 2501 5910 num.
2536 5846 2626 5902 26.

3128 5697 3600 5825 raecipitarentun
3646 5697 3705 5754 in
3753 5698 3988 5825 prgam-

3128 5787 3185 5825 1s
3303 5769 3501 5825 utinus
3564 5766 3668 5825 11b.
3727 5767 3823 5825 lau
3871 5772 3988 5825 ato.

3303 5769 3501 5826 utinus
3564 5766 3668 5825 lib.
3727 5766 3989 5837 laudato,
