4332 6572
329 541 448 610 477

1027 547 1548 612 COMMENTAR.
1593 545 1674 610 IN
1720 547 1967 610 EPIST.
2013 545 2117 609 AD
2161 543 2442 608 EPHES.
2489 546 2635 608 LIB.
2683 545 2731 618 Ι,
2778 540 2952 606 CAP.
2998 536 3050 602 Ῐ.

3628 526 3749 591 478

331 677 715 756 animalibus]
750 682 911 739 ﬁeret
940 700 1075 740 eum
1109 683 1556 740 babitatricibus
1589 685 1733 748 suis,
1767 685 1823 738 in
1859 683 1987 738 inli-
2016 683 2071 748 Α
2101 682 2378 747 diximus,
2413 679 2714 753 eliguntur
2751 677 2986 745 Paulus,
3021 680 3077 732 et
3120 672 3219 748 qui
3252 672 3301 729 ei
3335 670 3558 729 similes
3588 668 3747 734 sunt’

337 787 502 826 mum
535 772 658 842 ipse
689 771 974 840 dejectus,
999 771 1172 843 elegit
1205 772 1450 827 Paulum
1482 778 1634 828 Deus
1665 777 1721 828 et
1750 772 1800 828 ei
1833 772 1993 828 simi-

335 859 425 920 les
477 876 668 915 coram
733 876 815 928 se,
876 859 975 931 qui
1031 865 1196 915 erant
1254 862 1440 916 sancti
1493 868 1550 917 et
1604 860 1988 917 immaculati.

339 948 518 1004 Nemo
551 953 749 1004 autem
782 948 1018 1021 eligitur
1047 949 1160 1005 nisi
1189 951 1259 1006 de
1292 949 1600 1022 pluribus;
1633 955 1688 1005 et
1724 951 1820 1006 ubi
1853 955 1994 1006 sunt

338 1036 517 1110 aliqui
569 1038 826 1104 viliores,
881 1039 960 1093 ibi
1012 1039 1216 1094 electio
1265 1044 1650 1112 perpetratur.
1692 1039 1991 1102 Quomodo

338 1120 530 1181 autem
557 1125 614 1182 in
640 1126 956 1199 Babylonia
977 1127 1334 1200 captivitate,
1363 1131 1597 1198 quando
1629 1144 1662 1180 a
1683 1127 1988 1182 Nabucho-

337 1213 591 1271 donosor
622 1216 679 1271 in
714 1215 1042 1271 Chaldteam
1078 1216 1364 1272 abductus
1395 1221 1483 1272 est
1516 1216 1787 1288 populus,
1823 1215 1990 1272 missi

335 1309 472 1360 sunt
496 1305 794 1378 prophetae
816 1305 1096 1377 Ezechiel,
1122 1305 1342 1370 Daniel,
1367 1310 1484 1362 tres
1509 1307 1696 1379 pueri,
1721 1310 1992 1378 Aggzeus,

334 1390 668 1465 Zacharias,
703 1411 816 1451 non
849 1413 964 1467 quo
996 1401 1051 1451 et
1081 1395 1190 1467 ipsi
1219 1397 1538 1451 meruerint
1571 1395 1990 1467 captivitatem,

337 1485 439 1540 sed
475 1488 539 1538 ut
569 1488 765 1540 essent
795 1485 853 1539 in
895 1484 1101 1541 solatio
1147 1485 1549 1556 captivorum:
1603 1485 1686 1540 ita
1716 1489 1771 1540 et
1805 1484 1860 1538 in
1897 1484 1994 1539 illa

339 1573 662 1644 dejectione
692 1574 897 1628 mundi
941 1591 1060 1644 eos,
1096 1574 1198 1646 qui
1249 1579 1566 1645 antequam
1602 1575 1860 1629 mundus
1893 1574 1992 1628 fie-

339 1667 447 1727 ret,
470 1663 638 1718 electi
663 1667 829 1718 erant
854 1680 887 1718 a
906 1663 1044 1734 Deo,
1073 1664 1284 1718 missos
1307 1680 1434 1719 esse
1455 1663 1511 1718 in
1536 1663 1924 1720 eruditionem
1940 1667 1995 1718 et

341 1751 747 1823 magisterium
793 1752 1124 1808 animarum
1165 1753 1604 1824 peccatricium,
1653 1758 1718 1808 ut
1748 1754 1816 1807 ad
1847 1769 1992 1825 prae-

342 1839 695 1896 dicationem
749 1858 951 1897 eorum
1012 1847 1437 1898 reverterentur
1496 1843 1566 1914 ad
1619 1860 1750 1898 eum
1801 1842 1993 1898 locum

342 1930 499 1985 unde
531 1935 870 1987 corruerant
895 1949 908 1998 ;
935 1936 991 1988 et
1013 1932 1120 1987 hoc
1143 1949 1271 1988 esse
1293 1932 1446 2005 quod
1471 1949 1502 1986 a
1527 1931 1723 2005 Moyse
1750 1933 1808 1987 in
1839 1936 1994 1987 octo-

342 2020 567 2093 gesimo
619 2036 772 2077 nono
817 2021 1049 2077 Psalmo
1097 2021 1363 2077 dicatur:
1416 2024 1664 2091 Domine,
1717 2023 1998 2093 refugium

339 2109 530 2182 factus
560 2126 612 2165 es
641 2110 795 2166 nobis
839 2112 898 2165 in
928 2113 1285 2182 generatione
1336 2115 1385 2167 ct
1413 2113 1824 2182 generationem
1850 2129 1861 2167 :
1895 2129 1997 2165 an-

342 2208 563 2271 tequam
588 2207 797 2255 montes
840 2201 1218 2270 ﬁrmarentur,
1252 2209 1305 2256 et
1350 2201 1506 2270 fieret
1553 2205 1724 2271 terra,
1768 2210 1818 2256 et
1848 2202 2004 2256 orbis

342 2295 619 2344 terrarum
641 2289 812 2360 (Psal.
837 2307 1058 2360 Lxxx1x,
1087 2291 1230 2362 1,2).
1258 2291 1418 2354 Quod
1443 2289 1665 2345 scilicet
1687 2295 2001 2362 antequam

341 2377 603 2432 mundus
653 2377 834 2444 fieret,
897 2383 954 2433 et
1005 2379 1274 2434 universa
1302 2379 1600 2452 generatio
1647 2379 2002 2451 principium

343 2470 622 2532 sumeret,
656 2467 878 2522 sanctis
923 2467 1048 2522 suis
1083 2467 1237 2523 Deus
1291 2468 1584 2540 refugium
1621 2469 1808 2523 luerit.
1842 2468 2003 2532 Quod

345 2561 540 2612 autem
572 2556 674 2622 ait,
724 2561 784 2611 ut
829 2573 1066 2612 essemus
1113 2559 1295 2612 sancti
1337 2562 1390 2612 et
1447 2559 1796 2613 immaculati
1823 2575 2005 2614 coram

343 2647 480 2720 ipso,
514 2645 666 2700 inter
696 2651 966 2701 sanctum
1000 2651 1056 2701 et
1107 2645 1554 2702 immaculatum
1605 2647 1712 2703 hoc
1745 2648 2004 2717 interest,

345 2735 500 2808 quod
529 2739 768 2790 sanctus
799 2739 856 2790 et
902 2734 1323 2790 immaculatus
1371 2752 1604 2806 quoque
1637 2735 1879 2808 intelligi
1913 2753 2008 2808 po-

345 2828 480 2891 test;
540 2823 959 2880 immaculatus
1016 2840 1148 2879 vero
1195 2841 1306 2880 non
1374 2825 1573 2879 statim
1633 2831 1689 2880 et
1745 2831 2005 2882 sanctus.

349 2912 579 2970 Parvuli
613 2914 828 2986 quippe
859 2913 1224 2969 immaculati
1261 2918 1421 2984 sunt,
1461 2914 1598 2986 quia
1630 2915 1849 2987 intrgro
1882 2932 2006 2970 cor-

347 3019 487 3075 pore
517 3001 748 3058 nullum
776 3002 959 3058 fecere
1003 3007 1305 3074 peccatum
1336 3021 1348 3070 ;
1401 3010 1458 3058 et
1496 3008 1693 3059 tamen
1727 3020 1842 3058 non
1874 3021 2006 3060 san-

337 3091 448 3159 cti,
478 3091 618 3164 quia
650 3091 931 3147 sanctitas
961 3091 1261 3148 voluntate
1291 3097 1348 3148 et
1381 3093 1578 3149 studio
1611 3099 2005 3166 comparatur.

347 3184 416 3236 Et
446 3181 602 3254 quod
652 3180 1070 3237 immaculatus
1119 3181 1231 3237 dici
1264 3187 1455 3254 potest
1500 3181 1597 3238 ille
1641 3183 1740 3254 qui
1774 3188 2010 3256 peccata

350 3287 466 3326 non
500 3269 653 3337 fecit,
688 3274 926 3326 sanctus
959 3273 1154 3326 autem
1189 3271 1282 3327 his
1313 3271 1412 3343 qui
1453 3271 1770 3328 virtutibus
1800 3272 2010 3344 plenus

356 3356 455 3429 sit,
480 3358 654 3430 juxta
694 3357 840 3413 illud
872 3357 972 3430 qui
1007 3357 1066 3412 in
1126 3360 1378 3430 quodam
1429 3359 1658 3415 Psalmo
1691 3360 2005 3417 scribitur:

355 3448 461 3517 Qui
513 3447 759 3503 ambulat
812 3449 935 3503 sine
997 3449 1239 3515 macula,
1320 3457 1370 3504 et
1426 3457 1682 3520 operatur
1730 3436 2086 3520 justitiamC

353 3537 533 3607 (Psal.
594 3553 710 3603 xiv,
763 3537 841 3608 2).
901 3537 971 3591 Et
1025 3536 1085 3592 in
1145 3537 1379 3592 Cantico
1435 3538 1834 3595 canticorum:
1896 3541 2018 3596 Tota

355 3628 607 3699 speciosa
637 3642 711 3695 es,
740 3628 997 3697 proxima
1057 3642 1197 3692 mea,
1230 3633 1282 3682 et
1338 3626 1564 3683 macula
1616 3646 1726 3684 non
1771 3635 1852 3685 est
1882 3632 1942 3685 in
1973 3638 2021 3687 te

359 3715 540 3786 (Cant.
577 3731 655 3783 Iv,
699 3716 776 3786 7).
823 3715 1116 3779 Quaeritur
1172 3716 1464 3788 quomodo
1511 3722 1752 3773 sanctus
1802 3717 1934 3790 quis
1965 3723 2022 3773 et

362 3803 784 3860 immaculatus
813 3803 890 3860 sit
939 3821 1134 3860 coram
1167 3808 1301 3870 Deo,
1354 3822 1486 3861 cum
1531 3806 1814 3878 propheta
1845 3811 2021 3863 teste-

365 3899 482 3963 tur,
537 3894 777 3950 dicens:
839 3894 956 3949 Non
1013 3895 1413 3966 justiﬁcabitur
1469 3897 1529 3951 in
1585 3900 1878 3968 eonspactu
1930 3905 2021 3952 tuo

364 3985 542 4039 omnis
572 3985 758 4039 vivens
805 3983 982 4054 (Psal.
1041 4001 1208 4051 cxnu,
1257 3985 1334 4054 2).
1389 3989 1505 4040 Aut
1552 3985 1704 4041 enim
1749 3985 1934 4042 sancti
1967 3989 2024 4041 et

367 4071 730 4128 immaculati
762 4089 958 4129 coram
995 4074 1108 4129 Deo
1138 4073 1373 4146 Ephesii
1410 4079 1567 4146 sunt,
1600 4079 1657 4130 et
1690 4074 1902 4131 falsum
1935 4079 2025 4130 est

370 4161 525 4232 quod
583 4161 832 4219 dicitur:
890 4163 1009 4219 Non
1048 4164 1450 4234 justiﬁcabilur
1489 4165 1557 4219 in
1604 4173 1889 4238 conspectu
1934 4173 2022 4220 tuo

368 4249 542 4305 omnis
575 4251 779 4306 vivens.
813 4252 929 4306 Aut
957 4251 1005 4307 si
1040 4252 1593 4322 nemojustiticatur
1619 4254 1772 4311 550
1802 4254 1859 4308 in
1892 4270 2024 4309 con-

367 4343 570 4411 spectu
605 4338 728 4406 Dei,
764 4339 976 4396 falsum
1025 4346 1114 4396 est
1145 4341 1300 4412 quod
1352 4341 1666 4414 praecessit,
1700 4348 1936 4398 sanctos
1969 4346 2026 4398 et

367 4425 782 4484 immaculatos
813 4445 942 4484 esse
979 4429 1037 4484 in
1071 4436 1382 4501 conspectu
1425 4431 1547 4500 Dei,
1581 4432 1652 4486 ad
1688 4433 1843 4502 quod
1871 4432 2022 4486 bifa-

367 4516 513 4574 riam
547 4521 638 4574 est
694 4519 1189 4591 respondendum.
1246 4519 1369 4576 Non
1431 4520 1588 4575 enim
1649 4521 1729 4575 ait
1766 4519 2019 4577 Paulus:

367 4607 554 4681 Elegit
570 4624 679 4664 nos
701 4613 838 4664 ante
857 4608 1333 4666 constitutionem
1354 4609 1580 4678 mundi,
1601 4627 1735 4666 cum
1758 4627 2023 4667 essemus

367 4697 553 4753 sancti
583 4702 642 4753 et
691 4695 1056 4754 immaculati
1083 4716 1095 4764 ;
1149 4698 1270 4763 sed,
1303 4698 1478 4772 elegit
1523 4716 1629 4755 nos
1661 4704 1728 4754 ut
1758 4716 2024 4756 essemus

2103 771 2241 844 quia
2273 774 2438 826 erant
2469 769 2653 825 sancti
2686 772 2742 823 et
2785 764 3143 822 immaculati
3175 783 3188 833 ;
3233 764 3332 819 sed
3366 761 3666 834 eliguntur
3695 763 3752 815 et

2106 861 2616 934 praedestinantur,
2670 862 2734 913 ut
2763 857 2821 912 in
2871 853 3251 926 consequenti
3291 852 3409 908 vita
3449 867 3550 923 per
3579 866 3754 921 opera

2102 954 2276 1020 atque
2307 949 2550 1004 virtutes
2601 946 2785 1003 sancti
2826 949 2882 1002 et
2930 941 3289 999 immaculati
3339 941 3501 996 fiant.
3537 938 3753 995 Deinde

2101 1043 2158 1094 et
2190 1039 2274 1093 sic
2305 1037 2676 1094 sentiendum
2723 1039 2830 1102 est,
2887 1035 3024 1106 quia
3074 1050 3190 1088 non
3238 1031 3468 1086 dixerit.
3519 1031 3636 1085 Non
3657 1029 3753 1099 ju-

2099 1127 2431 1198 stiﬁcabitur
2482 1127 2540 1180 in
2589 1133 2875 1197 conspectu
2923 1131 3013 1178 tuo
3062 1123 3336 1194 quispiam
3385 1121 3608 1179 vivens:
3649 1117 3750 1174 secl

2100 1219 2278 1273 omnis
2330 1218 2534 1285 vivens,
2569 1215 2623 1269 id
2681 1217 2789 1278 est,
2846 1229 2961 1268 non
3006 1211 3496 1283 justiﬁcabuntur
3524 1223 3754 1273 omnes,

2094 1307 2583 1379 justiticabuntur
2610 1319 2745 1358 vero
2776 1302 2979 1374 aliqui.

2175 1396 2362 1469 (Vers.
2423 1397 2475 1458 5)
2541 1417 2561 1444 ι
2600 1395 2660 1448 ln
2717 1392 3003 1448 cbaritate
3063 1390 3486 1462 praedestinans
3541 1403 3649 1443 nos
3694 1385 3752 1441 in

2103 1485 2476 1557 adoptionem
2552 1484 2801 1539 filiorum
2883 1499 2983 1553 per
3056 1485 3085 1535 ι]
3127 1497 3259 1536 sum
3335 1477 3634 1534 Christum
3692 1475 3752 1530 in

2102 1575 2320 1648 ipsum.
2358 1596 2384 1623 »
2420 1572 2732 1645 Dupliciter
2761 1572 3095 1645 legendum,
3121 1574 3185 1625 ut
3214 1567 3468 1624 charitas
3499 1565 3587 1620 vel
3619 1581 3756 1620 cum

2105 1663 2528 1736 superioribus,
2561 1661 2648 1717 vel
2699 1661 3074 1717 inferioribus
3123 1657 3449 1730 cOpuletur.
3483 1660 3621 1710 Cum
3655 1670 3755 1709 su-

2105 1753 2433 1827 perioribus
2490 1752 2608 1807 ita:
2671 1760 2730 1806 ut
2788 1767 3020 1807 essemus
3074 1749 3253 1804 sancti
3307 1754 3358 1804 et
3418 1744 3759 1801 immaculati

2105 1861 2288 1901 coram
2317 1845 2430 1914 ipso
2465 1845 2519 1897 in
2572 1841 2857 1908 charitate,
2911 1843 2968 1896 ct
3015 1842 3215 1911 postea
3266 1839 3566 1910 sequatur.
3601 1838 3756 1888 Praz-

2105 1934 2383 1989 destinans
2440 1948 2540 1988 nos
2597 1934 2660 1986 in
2717 1931 3062 2002 adoptionem
3117 1927 3365 1999 ﬁliorum
3419 1941 3518 1996 per
3569 1927 3761 1980 Jesum

2109 2025 2386 2079 Christum
2415 2023 2477 2078 in
2500 2024 2680 2093 ipsum
2721 2019 2832 2092 [ΑΙ.
2866 2019 3024 2092 ipso].
3077 2018 3219 2074 Cum
3253 2013 3626 2072 inferioribus
3658 2029 3759 2067 au-

2111 2120 2228 2170 tem
2259 2113 2379 2168 sic:
2414 2113 2473 2166 In
2522 2111 2789 2167 charitate
2832 2109 3231 2181 praedestinans
3276 2121 3374 2161 nos
3421 2106 3482 2158 in
3511 2102 3760 2173 adoptio-

2113 2221 2234 2260 nem
2264 2204 2508 2273 ﬁliorum
2542 2218 2641 2271 per
2681 2203 2862 2256 Iesum
2917 2197 3199 2254 Christum
3248 2197 3310 2250 in
3359 2195 3556 2265 ipsum.
3587 2189 3762 2247 Diﬂ‘e-

2114 2292 2362 2348 rentiam
2397 2307 2530 2346 vero
2563 2289 2741 2345 Graeci
2775 2287 3062 2344 sermonis
3094 2282 3388 2361 προορίσας
3440 2285 3495 2338 et
3526 2278 3761 2354 ὁρισθέν-

2111 2403 2205 2444 τος
2237 2384 2258 2416 ²
2287 2381 2533 2438 Datinus
2561 2396 2753 2435 sermo
2785 2395 2899 2434 non
2931 2376 3200 2450 explicat.
3241 2373 3519 2445 Superior
3548 2370 3765 2444 quippe

2115 2489 2308 2528 sermo
2341 2473 2412 2526 ad
2445 2488 2543 2527 eos
2594 2470 2860 2534 refertur,
2907 2467 3007 2540 qui
3057 2470 3228 2522 antea
3255 2481 3371 2520 non
3422 2463 3678 2525 fuerunt,
3711 2462 3769 2514 et

2115 2563 2462 2636 priusquam
2499 2561 2724 2624 fierent,
2754 2559 2825 2614 de
2854 2557 2946 2613 his
2996 2555 3308 2628 cogitatum
3339 2556 3448 2619 est,
3481 2556 3538 2606 et
3567 2553 3770 2623 postea

2116 2652 2530 2708 substiterunt.
2567 2647 2809 2704 Inferior
2838 2663 2970 2702 vero
3010 2646 3080 2700 de
3111 2661 3178 2700 eo
3211 2659 3385 2716 quem
3417 2639 3580 2696 nulla
3608 2637 3768 2710 cogi-

2116 2742 2281 2810 tatio,
2312 2740 2583 2796 voluntas
2613 2737 2776 2794 nulla
2809 2735 3126 2810 prmcessit,
3160 2735 3260 2789 sed
3289 2747 3521 2802 semper
3549 2728 3678 2794 fuit,
3712 2731 3772 2783 et

2119 2848 2422 2903 nunquam
2455 2835 2516 2885 ut
2565 2832 2738 2896 esset,
2787 2827 3009 2899 accepit
3055 2824 3378 2881 exordium.
3425 2819 3588 2876 Unde
3619 2821 3772 2872 recte

2118 2937 2274 2976 nunc
2300 2920 2370 2974 de
2401 2919 2495 2974 his
2525 2917 2624 2989 qui
2651 2933 2784 2972 cum
2832 2920 2962 2970 ante
2995 2931 3108 2969 non
3154 2914 3370 2976 essent,
3405 2911 3606 2981 postea
3636 2906 3772 2962 sub-

2118 3009 2415 3075 stiterunt,
2449 3006 2662 3062 dicitur
2707 3003 3138 3079 προορισθέντες.
3196 3005 3272 3055 De
3304 2998 3446 3056 Filio
3477 3013 3634 3062 vero,
3663 2993 3773 3050 hoc

2118 3103 2226 3166 est,
2260 3099 2331 3154 de
2364 3095 2606 3153 Domino
2658 3099 2858 3150 nostro
2906 3093 3044 3149 Jesu
3095 3089 3346 3157 Christo,
3397 3086 3457 3142 in
3506 3083 3619 3141 alio
3647 3082 3774 3139 loco

2119 3186 2404 3258 scriptum
2466 3190 2522 3242 et
2553 3184 2877 3257 ὁρισθέντος,
2936 3183 3076 3256 quia
3127 3195 3360 3252 semper
3417 3192 3551 3233 cum
3607 3173 3775 3228 Patre

2122 3272 2248 3327 fuit.
2313 3275 2458 3330 551
2512 3280 2568 3329 et
2624 3288 2928 3344 nunquam
2985 3286 3121 3326 eum
3179 3271 3243 3323 ut
3292 3269 3462 3332 esset,
3507 3261 3776 3318 voluntas

2121 3367 2362 3434 paterna
2411 3363 2723 3434 praecessit.
2776 3362 2854 3417 Ex
2902 3376 3017 3433 quo
3067 3356 3361 3428 colligitur
3409 3367 3641 3424 semper
3673 3351 3774 3407 Pa-

2125 3455 2299 3520 trem,
2330 3468 2564 3524 semper
2594 3449 2774 3506 fuisse
2802 3449 3034 3515 Filium,
3067 3451 3124 3502 et
3151 3445 3209 3500 in
3241 3443 3457 3517 quibus
3483 3439 3776 3496 aeternitas

2130 3539 2441 3612 coaequalis
2497 3545 2606 3608 est,
2639 3539 2906 3596 eamdem
2970 3551 3100 3592 esse
3157 3537 3456 3589 naturam.
3489 3529 3604 3584 Nec
3657 3543 3775 3582 non

2129 3630 2307 3684 etiam
2339 3629 2447 3684 hoc
2480 3628 2872 3696 inferendum,
2901 3625 3054 3698 quod
3079 3640 3213 3680 cum
3245 3619 3618 3694 praedestinet
3646 3633 3774 3684 nos,

2130 3719 2249 3774 sive
2279 3718 2565 3792 praﬁniat
2619 3719 2726 3791 [AL
2759 3715 3019 3786 definiat]
3069 3714 3242 3779 Deus,
3289 3709 3348 3765 in
3404 3705 3778 3780 adoptionem

2131 3807 2385 3864 ﬁliorum
2419 3825 2522 3880 per
2549 3803 2748 3862 Jesum
2781 3805 3102 3869 Christum,
3134 3807 3330 3858 tamen
3363 3814 3477 3854 non
3511 3800 3644 3852 ante
3674 3792 3780 3849 filii

2131 3912 2260 3952 esse
2293 3913 2610 3968 possumus
2643 3895 2749 3967 [AL
2783 3891 3146 3966 possumus],
3197 3889 3310 3945 nisi
3356 3886 3458 3942 ﬁlii
3487 3886 3616 3970 ejus
3642 3885 3781 3940 Jesu

2131 3985 2340 4040 Christi
2374 3985 2548 4040 fidem
2585 3989 2642 4040 et
2683 3980 3129 4055 intelligentiam
3181 3977 3554 4049 recipiamus.
3587 3974 3656 4029 Et
3684 3972 3783 4028 ille

2133 4074 2368 4146 quidem
2400 4078 2608 4129 natura
2639 4073 2816 4128 Filius
2847 4077 2956 4139 est,
2999 4085 3106 4124 nos
3146 4083 3280 4123 vero
3310 4065 3640 4138 adoptione.
3677 4061 3782 4118 llle

2133 4179 2435 4235 nunquam
2473 4162 2654 4218 Filius
2685 4178 2800 4216 non
2836 4159 2982 4215 fuit:
3010 4174 3117 4214 nos
3144 4162 3456 4228 antequam
3488 4167 3778 4218 essemus,

2132 4252 2528 4325 praadestinati
2583 4268 2812 4319 sumus,
2865 4253 2920 4305 et
2948 4253 3087 4304 tunc
3133 4244 3402 4318 spiritum
3449 4239 3781 4313 adoptionis

2132 4341 2488 4412 accepimus,
2522 4341 2757 4413 quando
2791 4337 3149 4394 credidimus
3180 4336 3238 4389 in
3271 4332 3481 4389 Filium
3513 4329 3636 4386 Dei.

2205 4456 2230 4480 ‹‹
2268 4431 2598 4487 Secundum
2632 4429 2910 4503 placitum
2943 4424 3258 4483 voluntatis
3289 4440 3426 4479 suae.
3464 4443 3492 4470 »
3522 4419 3780 4474 Verbum

2134 4518 2402 4585 εὐδοκίαν,
2436 4521 2589 4592 quod
2642 4521 2883 4575 Latinus
2928 4533 3119 4576 sermo
3159 4515 3180 4547 ’
3221 4514 3638 4586 interpretatus
3669 4517 3780 4578 est,

2126 4610 2421 4680 plaatum,
2456 4610 2607 4681 apud
2643 4609 2869 4665 Graecos
2903 4609 3289 4682 compositum
3324 4611 3412 4661 est
3454 4622 3522 4660 ex
3552 4602 3783 4660 duobus

2132 4698 2399 4771 integris,
2435 4698 2538 4751 ἀπὸ
2579 4702 2676 4751 τοῦ
2735 4697 2827 4766 Εὖ,
2883 4699 2972 4751 καὶ
3001 4702 3097 4752 τοῦ
3157 4694 3368 4765 Δοκέίν,
3401 4713 3435 4750 a
3485 4695 3636 4758 bene,
3670 4698 3726 4748 et
3750 4708 3786 4748 a

367 4785 558 4842 sancti
587 4789 645 4842 et
676 4785 1065 4853 immaculati,
1099 4786 1209 4842 hoc
1239 4791 1346 4854 est,
1382 4787 1482 4859 qui
1515 4788 1701 4844 sancti
1729 4793 1786 4844 et
1814 4789 2022 4844 imma-
2054 4812 2101 4876 Ι)
2128 4789 2350 4860 placito,
2403 4788 2555 4858 quod
2610 4804 2716 4843 nos
2766 4805 3083 4860 possumus
3132 4789 3322 4844 dicere
3353 4784 3781 4858 beneplacitum,

368 4873 543 4931 culati
574 4879 711 4930 ante
752 4892 866 4930 non
917 4876 1159 4945 fuimus,
1201 4880 1267 4931 ut
1314 4880 1516 4950 postea
1543 4894 1829 4934 essemus.
1861 4879 2024 4946 Quod

369 4968 428 5021 at
447 4965 518 5021 de
541 4963 948 5038 peccatoribus
972 4966 1044 5021 ad
1067 4964 1308 5022 meliora
1329 4967 1625 5023 conversis
1673 4967 1784 5023 dici
1809 4973 2020 5040 potest,

370 5057 428 5108 et
459 5054 638 5110 stabit
697 5053 797 5110 illa
853 5054 1174 5112 sententia:
1209 5058 1333 5112 Non
1365 5056 1769 5129 justiﬁcabitur
1808 5060 1869 5112 in
1897 5075 2022 5114 con-

369 5147 559 5214 spectu
593 5147 685 5199 tuo
716 5145 895 5200 omnis
949 5147 1154 5212 vivens,
1210 5145 1266 5200 id
1299 5151 1410 5215 est,
1454 5146 1511 5200 in
1571 5151 1693 5202 tota
1746 5147 1865 5202 vita
1894 5165 2022 5214 sua,

369 5229 431 5286 in
463 5231 624 5287 omni
653 5247 768 5304 quo
793 5233 852 5288 in
884 5235 1104 5290 mundo
1146 5234 1256 5290 isto
1288 5241 1663 5291 conversatus
1694 5237 1798 5308 (At.
1835 5252 2024 5292 versa-

370 5319 490 5394 tus]
520 5324 610 5376 est
640 5324 922 5393 tempore.
964 5324 1126 5388 Quod
1177 5323 1503 5395 quidemita
1550 5324 1936 5393 intellectum,
1967 5330 2026 5382 et

370 5410 681 5494 adversum
713 5427 850 5467 eum
883 5411 1040 5481 facit,
1075 5413 1173 5484 qui
1207 5417 1521 5485 antequam
1547 5414 1805 5471 mundus
1839 5416 2020 5482 fieret,

367 5501 595 5557 animas
654 5502 798 5558 dicit
856 5502 1070 5559 electas
1099 5520 1230 5559 esse
1285 5508 1520 5577 propter
1568 5505 1935 5562 sanctitatem
1967 5511 2025 5562 et

369 5589 597 5648 nullum
631 5592 840 5648 vitium
863 5597 1256 5662 peccatorum.
1285 5598 1406 5651 Non
1436 5595 1614 5663 enim,
1647 5601 1712 5652 ut
1742 5600 1875 5651 ante
1904 5597 2021 5664 jam

444 5826 656 5953 itidem
718 5843 831 5884 ms.
891 5823 1307 5902 προορίσθέντος
1354 5833 1412 5886 et
1469 5827 1793 5903 ὁρισθέντος,
1845 5829 2025 5886 ferme

444 5914 462 5953 3
494 5913 606 5953 lus.

370 5913 606 5955 rectius.

2133 4877 2272 4949 quia
2303 4893 2417 4933 non
2446 4877 2643 4932 statim
2699 4893 2871 4932 omne
2903 4879 3055 4950 quod
3107 4877 3350 4948 placuit,
3391 4880 3447 4931 et
3478 4875 3624 4930 bene
3654 4872 3783 4946 pla-

2133 4983 2258 5022 cere
2291 4971 2506 5039 potest,
2541 4967 2640 5023 sed
2675 4967 2751 5022 ibi
2792 4972 3018 5023 tantum
3072 4964 3308 5030 εὐδοκία,
3342 4966 3450 5022 hoc
3480 4968 3589 5029 est,
3623 4964 3782 5018 bene-

2129 5059 2395 5128 placitum
2426 5055 2657 5124 dicitur,
2691 5057 2789 5112 ubi
2834 5057 2989 5128 quod
3031 5056 3272 5128 placuit,
3324 5059 3471 5111 recte
3501 5052 3780 5125 placitum

2132 5146 2566 5217 comprobatur.
2599 5145 2765 5200 Hunc
2796 5149 2990 5201 autem
3044 5160 3372 5201 sermonem
3405 5143 3474 5197 de
3501 5139 3780 5196 Hebraico

2134 5251 2316 5289 aeson
2348 5244 2492 5323 31m,
2541 5233 2924 5308 Septuaginta
2951 5235 3297 5307 interpretes
3330 5227 3780 5323 transtulerunt,

2134 5324 2309 5380 rebus
2342 5318 2507 5380 novis
2535 5341 2682 5380 nova
2710 5324 2885 5379 verba
2934 5325 3234 5397 fingentes.
3272 5321 3557 5376 Invadunt
3585 5318 3782 5388 itaque

2132 5413 2192 5468 in
2255 5415 2358 5470 hoc
2413 5414 2536 5470 loco
2594 5414 2980 5479 occasionem,
3035 5413 3134 5486 qui
3195 5416 3329 5467 ante
3387 5407 3780 5464 conditionem

2135 5505 2362 5575 mundi,
2396 5505 2626 5560 animas
2657 5508 2867 5577 putant
2897 5519 3028 5558 cum
3076 5499 3298 5572 angelis
3327 5503 3387 5554 et
3415 5495 3637 5553 caeteris
3667 5497 3785 5553 vir-

2132 5596 2328 5649 tutum
2361 5592 2702 5664 nominibus
2732 5593 2791 5648 in
2825 5591 3039 5647 ccelesti
3089 5590 3414 5645 Jerusalem
3450 5585 3631 5643 fuisse
3657 5603 3781 5643 ver-

2204 5831 2226 5863 ²
2254 5827 2556 5898 Voculam,
2604 5843 2800 5899 sermo,
2857 5842 2982 5899 quae
3032 5824 3250 5895 deerat,
3312 5823 3500 5881 nostri
3538 5822 3784 5880 interse-

2134 5906 2274 5960 runt
2301 5918 2446 5959 mss.
