4332 6576
547 492 665 556 4⁷19

1794 498 1860 601 ε.
1906 500 2218 565 EUSEBII
2260 494 2703 575 HIEBONYMI

3834 492 3959 587 4.30

539 631 719 705 satas,
749 629 904 703 quod
930 646 1052 709 nec,
1078 630 1509 708 beneplacitum
1543 635 1644 693 Dei
1676 638 1715 707 ¹;
1740 655 1844 695 nec
1864 638 1923 695 in
1955 640 2187 699 laudem

2302 650 2386 693 ra.
2424 633 2645 690 Dicitur
2674 630 2889 705 quippe
2911 630 2982 687 ad
3014 629 3200 688 Deum
3230 628 3337 703 [Αἰ.
3361 632 3515 699 eum]
3544 645 3558 686 :
3589 627 3789 702 Diligis
3834 644 3952 687 om-

540 715 737 797 εισι-ἰὼ
769 719 919 788 ejus,
950 724 1007 775 et
1035 722 1235 793 gratiae
1269 724 1454 795 possit
1500 724 1768 799 intelligi,
1803 728 1946 785 alios
1980 732 2189 803 nudos,

539 806 844 873 barbaros,
877 824 1094 876 servos,
1127 811 1349 869 debiles
1377 833 1390 883 ;
1424 814 1569 871 alios
1613 816 1838 887 divites,
1873 819 2186 887 Romanos,

540 892 776 965 liberos,
828 914 1036 956 sanos:
1090 900 1397 973 ignobiles,
1447 907 1535 959 vel
1587 907 1810 962 nobiles
1860 907 1917 965 in
1963 910 2191 967 diversa

543 985 703 1043 orbis
734 992 901 1059 parte
941 990 1227 1061 generari,
1247 992 1357 1047 nisi
1390 1010 1577 1049 causze
1626 999 2027 1067 praecesserint
2058 999 2190 1070 qui-

542 1076 654 1159 bus
683 1093 752 1132 ex
781 1077 1006 1133 meritis
1038 1079 1159 1134 haec
1206 1081 1535 1139 animarum
1588 1102 1953 1157 unaquaeque
1983 1088 2189 1145 sortita

544 1165 640 1249 sit.
673 1166 744 1221 Et
774 1164 915 1222 illud
950 1170 1102 1240 quod
1129 1172 1200 1226 ad
1226 1171 1520 1227 Romanos
1541 1172 1827 1245 scriptum
1857 1192 1919 1231 se
1943 1177 2183 1250 quidam

542 1259 751 1325 putant
781 1273 971 1322 nosse,
1023 1275 1126 1313 nec
1172 1264 1423 1316 norunt:
1472 1264 1553 1317 An
1601 1281 1712 1319 non
1758 1265 1915 1321 habet
1940 1275 2188 1338 potesta-

536 1346 645 1400 tem
672 1345 872 1416 ﬁgulus
899 1346 965 1400 de
1012 1346 1198 1405 eadem
1240 1366 1421 1407 massa
1448 1352 1638 1420 facere
1683 1353 1841 1409 aliud
1870 1372 1964 1409 vas
1993 1358 2053 1411 in
2088 1356 2185 1412 ho-

535 1447 745 1498 norem,
802 1434 963 1495 aliud
1018 1439 1079 1491 in
1132 1440 1521 1495 contumeliam
1578 1443 1750 1512 (Rom.
1803 1461 1876 1511 ix,
1926 1445 2067 1516 21)?
2114 1446 2185 1501 ad

537 1522 808 1579 eumdem
842 1541 1084 1583 sensum
1116 1527 1377 1584 referunt
1402 1545 1414 1584 :
1450 1535 1514 1584 ut
1544 1533 1837 1599 quomodo
1863 1533 1981 1591 vita
2010 1533 2183 1605 bona,

535 1609 655 1665 sive
687 1609 861 1687 mala,
923 1613 1236 1687 laboriosa,
1295 1614 1382 1673 vel
1433 1616 1643 1682 facilis,
1696 1618 1913 1675 frustra
1968 1620 2026 1675 in
2073 1618 2184 1676 isto

535 1694 756 1785 mundo
782 1700 997 1771 agitur,
1019 1700 1131 1759 nisi
1156 1703 1465 1760 credamus
1484 1704 1587 1761 Dei
1612 1708 1872 1763 futurum
1889 1707 2183 1777 judicium

535 1798 664 1842 esse
691 1806 703 1855 ;
735 1786 817 1843 ita
847 1793 904 1845 et
950 1788 1258 1848 diversitas
1308 1793 1367 1849 in
1402 1792 1511 1850 hoc
1555 1798 1776 1853 mundo
1816 1799 2182 1867 nascentium

526 1873 823 1947 justitiam
856 1876 957 1933 Dei
1009 1885 1236 1952 arguat,
1270 1881 1383 1937 nisi
1426 1884 1759 1941 animarum
1797 1889 2004 1944 merita
2035 1907 2184 1962 prae-

536 1966 923 2043 cesserint.Si
954 1968 1132 2039 enim,
1183 1968 1479 2042 inquiunt,
1530 1972 1652 2030 haec
1696 1992 1809 2031 non
1856 1976 1939 2033 ita
1969 1978 2237 2071 accipi-B

538 2060 692 2116 mus.
742 2072 849 2119 nec
897 2055 1327 2130 beneplacitum
1360 2062 1514 2118 552
1558 2062 1874 2120 voluntatis
1925 2066 2023 2121 Dei
2055 2066 2181 2131 erit,

535 2159 642 2200 nec
670 2143 729 2201 in
762 2141 995 2207 laudem
1041 2146 1239 2220 gloriae
1284 2154 1340 2206 et
1389 2150 1588 2222 gratiae
1638 2152 1766 2225 ejus
1812 2155 1851 2221 ²,
1886 2154 2032 2212 alios
2065 2156 2183 2211 ele-

533 2231 690 2305 gisse
721 2238 855 2293 ante
884 2236 1360 2295 constitutionem
1410 2241 1636 2307 mundi,
1669 2247 1735 2298 ut
1772 2249 1969 2300 essent
1998 2245 2183 2302 sancti

534 2326 589 2378 et
619 2321 1003 2405 immaculati,
1035 2331 1091 2383 et
1119 2325 1405 2391 haberent
1444 2329 1814 2402 adoptionem
1847 2350 1949 2406 per
1982 2335 2181 2390 Jesum

534 2408 870 2468 Christum:
907 2410 1052 2469 alios
1090 2414 1307 2472 ultima)
1358 2418 1699 2489 cenditioni,
1732 2426 1789 2477 et
1837 2424 2023 2495 poenis
2055 2441 2183 2494 per-

472 2562 475 2573 ]
536 2500 728 2585 petuis
759 2501 1103 2560 destinasse.
1152 2496 1155 2501 ’

606 2589 793 2661 (Vers.
825 2592 903 2661 6).
941 2614 961 2641 α
1003 2592 1064 2648 In
1096 2592 1332 2651 laudem
1361 2596 1557 2668 gloriae
1584 2601 1781 2671 gratiae
1805 2619 1945 2668 suae,
1980 2603 2036 2657 in
2069 2620 2185 2675 qua

535 2676 885 2763 gratiﬁcavit
934 2696 1043 2738 nos
1089 2682 1146 2737 in
1196 2684 1438 2763 delecto.
1491 2689 1624 2752 Quae
1681 2689 1832 2756 laus,
1883 2684 2185 2763 inquiunt,

536 2764 733 2851 gloriae
763 2762 961 2841 gratia:
991 2769 1091 2827 Dei
1142 2777 1251 2843 est,
1284 2762 1429 2843 alios
1482 2777 1809 2849 gratiticare
1842 2780 1899 2835 in
1930 2762 2182 2845 Christo,

536 2853 681 2913 alios
711 2860 941 2941 aeternis
990 2876 1319 2943 praeparare
1360 2864 1706 2943 suppliciis:
1755 2886 1951 2925 amare
1979 2868 2180 2939 Jacob,

538 2946 855 3017 antequam
877 2949 1099 3007 oriatur
1128 2967 1198 3007 ex
1219 2957 1382 3013 utero
1407 2972 1420 3021 ;
1445 2956 1637 3012 odisse
1660 2954 1813 3014 Esau
1837 2958 2181 3032 priusquam

537 3032 716 3104 digna
744 3034 876 3091 odio
911 3043 1266 3110 perpetraret
1289 3041 1467 3111 (nam.
1503 3062 1578 3116 ix,
1614 3046 1816 3118 11-13),
1850 3047 1961 3102 nisi
1995 3064 2183 3105 causa:

537 3124 940 3197 praecesserint
983 3143 1110 3199 quae
1150 3118 1445 3199 justitiam
1493 3130 1593 3188 Dei
1641 3134 1931 3206 probent?
1980 3134 2185 3192 Omnis

536 3224 673 3289 ergo
703 3210 888 3284 gratia
919 3229 1097 3287 quam
1130 3218 1547 3290 consequimur
1576 3220 1633 3276 in
1670 3222 1941 3295 gloriam,
1971 3230 2028 3283 et
2057 3224 2185 3282 lau-

539 3295 672 3385 dem
703 3300 831 3371 ejus
864 3301 988 3373 'qui
1036 3320 1142 3365 nos
1181 3302 1531 3376 justilicavit
1579 3308 1684 3381 [Αἰ.
1730 3310 2097 3385 gratiﬁcavit]
2125 3312 2183 3367 in

2300 725 2417 795 nia,
2449 728 2501 778 et
2529 723 2675 777 nihil
2704 721 2903 792 abjicis
2950 737 3136 775 eorum
3164 735 3293 792 quae
3336 720 3563 788 fecisti:
3591 719 3772 790 Neque
3799 721 3952 776 enim

2299 811 2432 867 odio
2463 811 2595 885 quid
2622 811 2824 866 habens
2854 807 3150 865 condidisti
3194 808 3343 877 (Sap.
3378 823 3454 873 χι,
3487 806 3597 878 25).
3631 813 3747 861 Aut
3777 806 3827 862 si
3857 824 3951 863 es-

2300 904 2387 955 set
2418 900 2773 972 oppositum,
2806 901 2867 953 in
2896 915 3005 970 qua
3033 898 3367 969 gratiﬁcavit
3399 912 3496 951 nos
3528 897 3584 950 in
3616 895 3807 953 dilecto
3832 914 3952 969 prae

2299 991 2571 1057 omnibus,
2609 988 2917 1044 universus
2949 990 3262 1060 scrupulus
3293 985 3503 1040 fuisset
3526 983 3779 1056 ablatus,
3812 986 3953 1058 quia

2298 1081 2354 1133 et
2384 1077 2742 1151 patriarchas
2773 1081 2829 1132 et
2874 1074 3211 1148 prophetas,
3251 1078 3309 1129 et
3356 1090 3559 1129 omnes
3598 1078 3832 1130 sanctos
3867 1075 3950 1131 vi-

2298 1184 2393 1222 ros
2426 1166 2649 1222 scimus
2678 1184 2712 1222 a
2743 1166 2858 1222 Deo
2893 1164 3074 1220 fuisse
3119 1164 3383 1219 dilectos.
3416 1162 3583 1219 Nunc
3630 1180 3762 1219 vero
3796 1162 3851 1219 in
3883 1155 3965 1221 eo'

2297 1255 2452 1331 quod
2486 1254 2752 1311 absolute
2798 1254 3032 1310 locutus
3082 1257 3190 1319 est,
3222 1250 3482 1307 dicens:
3534 1254 3590 1307 in
3624 1251 3835 1320 dilecto,
3870 1252 3953 1310 ita

2298 1345 2464 1413 mihi,
2488 1340 2932 1417 intelligendum
2956 1342 3203 1410 videtur,
3230 1346 3291 1397 ut
3314 1338 3723 1409 subaudiatur,
3750 1342 3817 1397 ab
3839 1360 3952 1399 om-

2295 1434 2480 1507 nibus.
2516 1432 2573 1489 Si
2600 1431 2755 1488 enim
2786 1432 3071 1500 Christus,
3107 1435 3171 1486 ut
3201 1448 3352 1505 saepe
3376 1429 3502 1502 jam
3551 1428 3829 1496 diximus,
3861 1450 3951 1488 sa-

2297 1521 2517 1596 pientia
2572 1526 2681 1593 est,
2728 1520 2982 1593 justitia,
3051 1537 3184 1593 pax,
3218 1520 3523 1591 gaudium,
3594 1519 3951 1578 continentia

2296 1612 2345 1683 (I
2374 1612 2501 1667 Cor.
2557 1630 2595 1681 ι,
2646 1612 2757 1682 30),
2800 1615 2856 1667 et
2902 1612 3126 1680 caetera,
3179 1608 3299 1664 haec
3346 1608 3629 1664 virtutum
3670 1609 3949 1666 vocabula

2294 1700 2468 1757 etiam
2503 1698 2560 1756 hi
2609 1700 2709 1775 qui
2759 1699 2924 1773 sequi
2974 1704 3274 1772 nequeunt
3321 1695 3595 1772 diligunt,
3640 1702 3696 1754 et
3747 1697 3948 1755 nullus

2293 1795 2416 1846 tam
2447 1790 2696 1846 confessi
2729 1788 2963 1845 sceleris
3002 1794 3092 1843 est
3138 1792 3203 1843 ut
3232 1805 3348 1843 non
3396 1785 3743 1860 sapientiam
3776 1790 3831 1843 et
3852 1789 3949 1858 ju-

2293 1878 2516 1935 stitiam
2549 1895 2743 1935 amare
2775 1895 2839 1934 se
2864 1876 3038 1933 dicat.
3072 1877 3372 1941 Quomodo
3403 1879 3459 1932 et
3485 1876 3818 1932 substantia
3846 1874 3947 1933 Dei

2292 1968 2557 2024 omnium
2589 1966 2898 2024 hominum
2950 1965 3241 2021 consentit
3287 1964 3508 2038 opinio,
3557 1965 3711 2038 quod
3752 1964 3947 2021 divina

2294 2059 2389 2125 s’it,
2424 2062 2481 2113 et
2513 2056 2734 2113 nullius
2772 2073 2950 2113 sensu
2994 2053 3159 2110 facile
3208 2053 3759 2127 comprehendatur,
3791 2058 3947 2111 errat

2293 2164 2425 2204 vero
2448 2147 2877 2219 unusquisque,
2902 2146 3043 2201 dum
3066 2143 3263 2211 talem,
3287 2144 3372 2198 vel
3396 2140 3571 2199 talem
3594 2160 3719 2198 eam
3746 2148 3938 2216 putat:

2296 2236 2378 2292 ita
2401 2238 2457 2291 et
2477 2236 2796 2301 Christum,
2847 2233 3172 2290 secundum
3212 2232 3366 2290 558
3414 2230 3472 2286 id
3503 2232 3659 2305 quod
3689 2232 3946 2288 diversas

2293 2325 2537 2382 virtutes
2568 2329 2757 2394 sonat,
2803 2339 3008 2378 omnes
3058 2321 3331 2395 diligunt,
3383 2320 3517 2377 licet
3549 2321 3745 2393 plures
3778 2314 3944 2377 factis

2294 2432 2409 2470 non
2442 2412 2668 2486 possint
2697 2412 2941 2485 probare
2965 2410 3117 2485 quod
3149 2408 3421 2483 diligunt.
3448 2411 3560 2465 Iste
3579 2415 3667 2465 est
3696 2407 3943 2465 dilectus

2293 2518 2467 2577 quem
2498 2503 2721 2558 aestimo
2752 2505 2808 2557 et
2839 2500 2898 2557 in
2922 2500 3074 2556 Isaia
3102 2498 3422 2572 significari
3448 2515 3461 2552 :
3492 2499 3726 2569 cantabo
3755 2498 3945 2556 dilecto

2291 2593 2564 2649 canticum
2590 2592 2776 2647 dilecti
2822 2592 3003 2647 vineae
3058 2604 3196 2645 meae
3253 2590 3379 2657 (15a.
3413 2606 3468 2657 v,
3516 2588 3606 2659 l);
3649 2590 3739 2643 et:
3779 2588 3949 2644 Vinea

2290 2683 2439 2752 facta
2471 2682 2546 2736 est
2576 2680 2770 2736 dilecto
2803 2678 3023 2751 (Il/id);
3059 2683 3115 2734 et
3145 2677 3203 2732 in
3251 2674 3528 2733 vicesimo
3557 2681 3757 2733 octavo
3790 2676 3945 2748 psal-

2294 2788 2388 2826 mo
2416 2787 2427 2826 :
2464 2769 2711 2825 Conleret
2741 2769 3003 2824 Dominus
3049 2766 3233 2823 cedro:
3266 2767 3485 2835 Libani,
3536 2770 3585 2821 et
3614 2768 3949 2822 comminuet

2293 2868 2401 2930 eas,
2436 2863 2493 2914 ut
2522 2860 2759 2914 vitulum
2802 2857 3021 2930 Libani,
3080 2866 3131 2913 et
3170 2856 3395 2912 dilectus
3449 2855 3591 2911 sicut
3636 2856 3786 2927 ﬁlius
3814 2856 3947 2911 uni-

2293 2950 2553 3005 cornium
2584 2947 2754 3018 (Psal.
2788 2963 2984 3011 xxvui,
3015 2947 3067 3001 5.
3100 2945 3176 3016 6).
3336 2936 3341 2941 ’

2365 3037 2550 3110 (Vers.
2584 3038 2664 3105 7.)
2696 3060 2723 3086 «
2761 3037 2822 3093 In
2857 3052 2973 3107 quo
3022 3035 3310 3091 habemus
3354 3033 3817 3106 redemptionem
3847 3050 3949 3106 per

2293 3126 2642 3199 sanguinem
2677 3124 2887 3197 ipsius,
2916 3124 3325 3180 remissionem
3360 3128 3750 3196 peccatorum.
3787 3144 3815 3171 »
3846 3121 3947 3180 Ille

2295 3216 2603 3272 redimitur
2634 3214 2732 3287 qui
2763 3213 3030 3287 captivus
3077 3217 3185 3281 est,
3217 3217 3274 3270 et
3311 3213 3370 3268 in
3414 3212 3678 3269 hostium
3709 3212 3946 3268 veniens

2294 3309 2641 3379 potestatem
2672 3302 2821 3360 liber
2870 3320 2999 3361 esse
3046 3301 3291 3359 desivit:
3326 3300 3409 3358 ita
3457 3308 3515 3358 et
3567 3319 3675 3358 nos
3707 3301 3946 3373 quidam

539 3383 766 3455 dilectO,
797 3388 908 3445 hoc
956 3396 1062 3460 est,
1114 3394 1172 3453 in
1222 3392 1469 3452 Domino
1518 3381 1757 3470 nostra;
1783 3405 1841 3456 et,
1891 3381 2187 3458 salvatore
2217 3381 2259 3447 C
2298 3395 2503 3449 dicunt
2531 3394 2589 3451 in
2620 3392 2731 3449 hoc
2763 3394 2983 3449 mundo
3014 3408 3139 3449 esse
3184 3392 3462 3464 captivos,
3506 3395 3563 3447 et
3592 3390 3701 3447 sub
3734 3389 3949 3463 princi-

539 3475 900 3563 completur:
936 3476 1075 3552 quia
1112 3483 1334 3557 absque
1372 3486 1681 3559 sapientia,
1724 3489 1979 3559 veritate,
2004 3492 2181 3563 justi-

536 3562 831 3637 tia,‘pace,
864 3568 1284 3643 redemptione,
1316 3574 1656 3648 caeterisque
1689 3562 2029 3647 virtutibus,
2062 3578 2187 3636 nul—

538 3650 661 3708 lum
696 3655 913 3717 bonum
936 3656 1182 3732 intelligi
1205 3665 1415 3733 potest.
1440 3662 1554 3721 Nec
1584 3667 1907 3737 putandum
1942 3668 2097 3740 quod
2124 3668 2184 3723 in

543 3740 761 3797 Latinis
791 3740 1091 3803 codicibus
1119 3745 1370 3805 habetur
1398 3752 1507 3809 scri
1519 3757 1681 3825 ptum
1724 3771 1875 3822 esse,
1906 3758 1965 3811 in
1995 3755 2187 3811 dilecto

540 3827 681 3913 Filio
710 3846 827 3901 suo,
862 3833 963 3888 sed
1012 3833 1377 3908 simpliciter,
1418 3842 1477 3894 in
1507 3839 1739 3903 dilecto;
1784 3848 1840 3898 et
1868 3843 1915 3898 si
1949 3844 2188 3916 quidem

540 3922 696 3993 esset
726 3919 1017 3993 additum,
1050 3923 1244 3982 dilecto
1287 3927 1401 3993 Dei,
1448 3927 1537 3985 vel
1567 3930 1763 3987 dilecto
1793 3933 2002 3997 Patris,
2035 3935 2191 3988 esset

480 4063 495 4083 ,
541 4007 790 4081 simplex
819 4009 1226 4097 intelligentia,
1258 4020 1315 4072 et
1346 4019 1611 4075 omnium
1633 4019 1903 4094 opinione
1932 4002 2189 4093 vulgata;

541 4096 695 4183 thd
727 4097 1012 4179 Dominus
1046 4094 1241 4159 noster
1267 4106 1440 4162 Jesus
1471 4106 1739 4163 Christus
1772 4107 2114 4183 diligeretur
2157 4123 2192 4163 a

540 4186 749 4243 Patre:
780 4187 883 4257 sed
914 4202 1029 4246 non
1080 4204 1361 4265 magnum
1416 4192 1634 4268 aliquid
1691 4194 2025 4271 preprietati
2061 4195 2188 4252 Filii

542 4276 1014 4361 Consederemus,
1047 4295 1182 4337 cum
1212 4281 1296 4338 sic
1328 4274 1510 4339 Filius
1542 4283 1899 4359 diligeretur,
1940 4290 2003 4340 ut
2029 4290 2192 4341 caete—

616 4402 1131 4481 1AVerius__legerit,
1176 4409 1608 4481 neci-secundum
1650 4410 2047 4481 beneptacitum
2076 4412 2189 4475 Dei,

546 4470 1242 4556 Rnﬁpusllibiinnum.
1272 4480 1351 4556 27:
1372 4485 1431 4556 et
1459 4496 1605 4556 seq.,
1639 4470 1814 4553 quem
1845 4482 2081 4538 vidcsis.

616 4544 639 4628 ξ
668 4544 1026 4628 ﬁd‘lditjdem
1060 4546 1430 4628 Ruﬁnushic
1460 4544 1725 4628 verbum,
1756 4556 2045 4628 iga/eretur.

616 4615 639 4648 ⁸
668 4615 1066 4697 ἒξχεςτὶριοῐιὲξ
1103 4620 1331 4697 antiqui
1386 4615 1722 4678 nescierunt
1769 4615 1971 4681 Decios
2010 4624 2195 4682 fuisse

548 4687 974 4768 gogqiminaws
1003 4693 1195 4768 Mures
1224 4687 1406 4768 (utgP.
1438 4697 1634 4750 Decius
1666 4700 1786 4768 llius
1816 4698 1969 4768 apud
2001 4697 2190 4755 Valer.

547 4751 923 4840 maximxlib.
956 4778 975 4815 1
1005 4762 1088 4840 de,
1115 4751 1372 4840 Soniniis.
1426 4783 1555 4838 cap.
1583 4769 1638 4838 7)
1664 4751 2190 4840 i'rideo‘separatim
2223 4751 2269 4815 Ῑ)

548 4826 753 4911 legunt
783 4828 957 4887 Mures
1011 4828 1401 4911 inter_'clades
1446 4826 1593 4910 quas
1622 4826 1799 4895 'Decii
1853 4845 1905 4896 et
1939 4826 2036 4897 alii
2067 4841 2192 4897 suis

547 4898 839 4983 mortibus
871 4904 1272 4983 represserint.
1297 4898 1736 4983 Hunc'errorem
1760 4928 1865 4967 nec
1892 4913 2188 4979 Erasmus,

546 4988 652 5056 nec
684 4970 984 5056 Marianas
1012 4975 1303 5056 Yictorius
1334 4982 1638 5056 castigavit
1686 4980 1745 5056 in
1778 5000 1885 5038 sua
1915 4970 2190 5051 editione,

547 5044 647 5101 sed
680 5045 751 5100 de
766 5044 1170 5126 inemendatis
1212 5044 1587 5126 inemend‘ata
1627 5054 1990 5126 scripserunt
2018 5044 2193 5111 ambo

546 5116 814 5208 quamvis
844 5117 1103 5199 alioquin
1143 5122 1380 5208 eruditi.
1402 5125 1530 5180 viri:
1550 5195 1562 5208 θ
1583 5116 1806 5208 Codrus
1837 5127 2063 5208 itaque,
2096 5144 2193 5182 rex

543 5187 1174 5272 Atheniensium—mpm
1236 5194 1431 5264 patriae
1482 5187 2072 5272 salute',icertissimsé
2132 5214 2193 5254 se

546 5260 718 5345 morti
749 5258 1089 5345 objectavit:
1128 5258 1492 5345 Responsum
1528 5258 1685 5323 enim
1716 5272 2191 5345 acceperant_Pe~

544 5330 914 5404 loponens'es,
945 5333 1028 5389 ita
1057 5330 1293 5412 domum
1328 5339 1826 5412 seiimperaturos,
1850 5330 1899 5395 si
1932 5340 2192 5412 hostium

544 5419 739 5490 regem
784 5420 902 5487 non
962 5406 1332 5490 occidissent.
1393 5406 1618 5467 Fefellit
1662 5406 1823 5490 ergo'
1859 5426 1957 5490 eos
1986 5411 2193 5467 habitu

546 5476 820 5555 mendici,
851 5494 1069 5555 eosque
1097 5479 1156 5535 in
1189 5497 1355 5555 suam
1397 5498 1594 5555 necem
1643 5476 1965 5555 peFjurgia
1993 5499 2194 5555 provo-

544 5545 749 5629 cando,
783 5565 814 5601 a
846 5545 1003 5629 nullo
1035 5552 1332 5629 cognitus,
1360 5554 1491 5629 fecit
1537 5545 1711 5629 (idem
1744 5545 2192 5613 o’racblofUnde

543 5610 827 5687 Virgilius
848 5610 1053 5693 ecloga
1083 5610 1290 5695 quinta
1312 5610 1442 5680 haec
1466 5610 1681 5681 habet:

1042 5781 1095 5846 Si
1126 5786 1388 5846 quosaut
1411 5771 1667 5846 Phyllidis
1695 5782 1864 5846 ignes.

660 5866 667 5872 -
700 5838 803 5889 Ant
831 5839 1042 5891 Alconis
1070 5838 1239 5894 habes
1266 5844 1472 5905 laudes,
1489 5838 1592 5894 'aut
1614 5838 1809 5911 iurgia
1826 5842 2003 5897 Codri.

2297 3482 2468 3555 pibus
2499 3486 2555 3537 et
2585 3481 2974 3554 potestatibus
2984 3481 3131 3555 jugo
3162 3480 3462 3539 servitutis
3483 3479 3688 3547 teneri,
3713 3496 3816 3537 nec
3846 3496 3948 3534 an-

2294 3575 2350 3648 te
2380 3570 2606 3626 vinctas
2637 3570 2860 3625 catenis
2889 3569 3177 3643 explicare
3226 3586 3460 3641 manus,
3482 3574 3485 3577 ’
3506 3571 3561 3624 et
3589 3566 3793 3623 oculos
3812 3584 3950 3623 sur-

2296 3675 2430 3715 sum
2462 3658 2748 3727 attollere,
2776 3657 2890 3714 nisi
2938 3659 3273 3729 redemptor
3316 3657 3631 3727 advenerit.
3672 3657 3784 3711 Sed
3816 3655 3949 3729 quis

2296 3750 2407 3804 iste
2437 3749 2622 3818 aiunt,
2655 3752 2853 3803 tantus
2882 3750 2941 3803 et
2967 3747 3122 3817 talis,
3156 3746 3257 3819 qui
3293 3745 3479 3822 possit
3507 3744 3688 3817 pretio
3720 3746 3826 3800 suo
3858 3740 3943 3798 to-

2298 3838 2424 3893 tum
2449 3836 2649 3892 orbem
2672 3835 2961 3891 redimere
2981 3836 3009 3891 ?
3032 3836 3202 3893 Jesus
3218 3833 3483 3893 Christus
3508 3830 3682 3889 Filius
3705 3830 3805 3887 Dei
3826 3848 3957 3904 pro-

2298 3926 2494 4003 prium
2527 3923 2875 3999 sanguinem
2936 3924 3117 3993 dedit,
3176 3929 3234 3981 et
3272 3940 3378 3981 nos
3420 3922 3490 3993 de
3537 3919 3814 3979 servitute
3836 3920 3952 3976 'eri-

2299 4014 2466 4091 piens
2497 4014 2763 4071 libertate
2801 4014 3057 4070 donavit.
3109 4014 3173 4069 Et
3204 4020 3400 4071 revera
3450 4012 3498 4068 si
3528 4006 3786 4068 historiis
3816 4027 3957 4083 gen-

2298 4102 2489 4160 tilium
2522 4103 2839 4171 credimus,
2875 4104 3029 4175 quod
3061 4101 3305 4165 Codrus,
3337 4104 3395 4158 et
3416 4101 3672 4177 Curtius,
3707 4104 3765 4156 et
3794 4096 3956 4160 Decii

2299 4192 2494 4251 Mures
2524 4192 2547 4227 ³
2577 4190 2941 4267 pestilentias
2965 4192 3224 4258 urbium,
3258 4196 3314 4247 et
3342 4190 3546 4261 fames,
3578 4194 3636 4246 et
3654 4180 3809 4246 bella
3829 4188 3953 4245 suis

2300 4282 2589 4340 mortibus
2640 4281 3045 4355 represserint,
3095 4285 3316 4361 quanto
3367 4279 3557 4354 magis
3596 4276 3705 4335 hoc
3740 4272 3954 4333 ‘in'Dei

2300 4406 2535 4466 Curtius
2563 4421 2697 4463 vero
2731 4404 3088 4471 praenomine
3115 4408 3365 4471 Marcus,
3412 4404 3465 4460 is
3492 4407 3584 4461 est
3613 4401 3953 4467 adolescens

2303 4423 2535 4466 Curtius
2563 4423 2697 4463 vero
2772 4423 3088 4463 rmnomine
3115 4423 3365 4471 marcus,
3412 4423 3465 4460 is
3492 4423 3584 4461 est
3613 4423 3953 4467 women:

2303 4423 3033 4558 Romanusnobiliskgui
3081 4492 3164 4558 se,
3196 4492 3310 4558 pro.
3357 4474 3546 4558 salute
3588 4472 3808 4558 patriae,
3831 4472 3953 4558 diis

2302 4550 2575 4607 Manibus
2605 4549 2851 4605 devovit.
2904 4544 3051 4602 Nam
3109 4544 3241 4602 cum
3295 4550 3451 4603 terra
3507 4546 3567 4601 in
3588 4544 3798 4602 inedio
3829 4544 3951 4603 foro

2300 4622 2525 4707 ingenti
2553 4620 2717 4707 hiatu
2748 4619 3096 4707 desedisset,
3128 4616 3953 4707 responsumque-essetnam}

2301 4686 2588 4769 coituram
2610 4710 2613 4717 '
2632 4692 2851 4769 labem,
2880 4691 3002 4769 nisi
3043 4686 3476 4769 quisquam}:
3504 4686 3708 4769 prima
3726 4686 3953 4769 speciei

2300 4765 2783 4845 adolescentibus
2813 4760 3305 4845 sesehin'hiat'um
3350 4760 3693 4845 .dejeo'is‘set,
3719 4760 3954 4845 (ζωή-ηε

2306 4842 2605 4911 acceptam
2640 4853 2672 4891 a
2693 4835 2882 4907 patria
2902 4833 3104 4901 vitam,
3137 4834 3324 4890 eidem
3348 4832 3685 4905 impendere
3702 4848 3822 4891 non
3856 4832 3960 4891 du-

2302 4906 2527 4963 bitavit.
2561 4906 2890 4985 Co‘iiscenso
2922 4904 3102 4985 igitur
3134 4918 3321 4985 equo,
3344 4903 3492 4985 sine
3541 4920 3706 4985 nigra
3735 4902 3809 4985 in
3827 4901 3952 4985 hia:

2302 4985 2427 5035 tum
2462 4976 2822 5051 praecipitem
2848 4968 3349 5051 se_p_'rojecit.'Liv.‘
3372 4974 3475 5031 lib.
3497 4990 3572 5029 vr.
3592 4968 3737 5051 Tres
3767 4973 3955 5029 Curtii

2304 5068 2366 5108 se
2397 5048 2499 5123 pro
2530 5048 2719 5123 salute
2743 5048 3501 5123 ιξεξίιξιιιὶξιὶιιειδ-ᾀςθιιονθιέιωῑ,Δ
3532 5048 3955 5123 Duorum‘tam

2301 5119 2430 5191 tum
2462 5122 2731 5179 meminit
2757 5119 3047 5191 Valerius,
3096 5119 3201 5185 lib.
3232 5138 3267 5177 v
3312 5122 3384 5185 de
3430 5120 3638 5191 Rietate
3662 5134 3819 5191 ergo
3844 5119 3955 5191 Ra:

2303 5189 2492 5269 trium,
2525 5210 2650 5265 cap.
2685 5195 2737 5259 4.
2772 5192 2899 5269 ejus
2949 5189 3321 5269 scilicetgqu‘i
3355 5190 3745 5269 consulatqu
3773 5190 3841 5251 in
3869 5189 3954 5245 fa-

2304 5261 2529 5323 miliam
2561 5261 2729 5323 suam
2761 5261 2989 5334 primus
3015 5261 3318 5334 intulitfet
3346 5261 3503 5319 illius
3525 5261 3790 5334 ejusdem
3823 5277 3955 5319 con-

2302 5338 2469 5409 sulis,
2501 5336 2602 5410 qui
2625 5333 2808 5410 patris
2838 5333 3433 5410 exemplum‘secutus
3458 5336 3577 5410 est.
3599 5334 3678 5389 De
3705 5337 3955 5410 utroque

2302 5402 2570 5467 Valerius
2625 5402 2913 5464 Maximus
2944 5402 3115 5479 ilo'co-
3148 5405 3364 5479 citato:
3402 5427 3424 5456 α
3478 5402 3953 5479 Itaque-ignosci

2301 5483 2552 5539 arduum
2581 5488 2691 5549 est,
2714 5484 2915 5537 utrum
2939 5478 3203 5536 Romana
3226 5478 3431 5538 civitas
3456 5474 3665 5539 utili—us
3684 5474 3957 5535 habuerit

2300 5554 2503 5619 Decios
2530 5553 2730 5625 duces,
2765 5568 2839 5625 an
2863 5550 3165 5625 amiserit.
3186 5550 3472 5625 Quoniam
3505 5550 3627 5625 vita
3646 5562 3957 5625 eorumne

2300 5616 2631 5680 vinceretur
2668 5615 2924 5692 obstitit,
2976 5616 3322 5680 mo'rs‘fecit
3369 5626 3434 5679 ut
3474 5615 3757 5678 vinderet.‘
3794 5615 3952 5678 Decii

2299 5700 2494 5752 tamen
2527 5700 2644 5751 tres
2690 5696 2947 5766 fuerunt,
2998 5698 3165 5766 pater
3212 5693 3371 5753 illius
3416 5697 3473 5751 et
3519 5709 3722 5766 nepos.
3755 5692 3952 5766 Cicero

2301 5767 2681 5845 iTuscutan.:
2720 5790 2741 5817 α
2790 5765 2937 5821 Nam
2987 5765 3120 5843 cum
3169 5766 3394 5824 Latinis
3439 5765 3746 5841 decertans
3776 5765 3958 5891 .pagler

2301 5838 2529 5891 Decius-
2561 5855 2698 5891 cum
2746 5836 3305 5891 Hetruscis‘lllius..'
3330 5836 3508 5891 etiam
3551 5836 3703 5891 cum‘
3730 5832 3874 5891 PVrr
3918 5850 3953 5891 ο

2298 5838 2530 5912 Decius,
2560 5842 2698 5896 eum
2746 5837 3050 5896 Hetruscis
3066 5840 3073 5849 ’“
3092 5836 3305 5910 illius,‘
3330 5836 3508 5897 etiam
3551 5832 3953 5915 cum‘Pirrho
