4332 6620
317 410 439 502 ιιι

1018 438 1538 502 COMMENTAR.
1586 441 1665 500 IN
1712 422 1958 541 aris'r.
2002 436 2107 501 AD
2154 438 2429 501 EPHES.
2476 441 2626 502 LIB.
2672 442 2722 514 ι,
2766 443 2943 505 CAP.
2990 444 3038 503 1.

3615 412 3735 540 4’82

318 566 463 632 Filio
494 568 771 646 possibile
792 552 1181 659 judicandum
1214 576 1321 644 est,
1366 552 1521 647 quod
1580 589 1785 629 cruore
1842 587 1970 638 suo,
2089 564 2555 645 magnitudinem
2589 590 2705 629 non
2732 576 3066 643 recordans,
3094 566 3172 634 ad
3229 578 3517 653 deteriora
3573 574 3729 638 dela-

321 684 440 724 non
472 664 677 723 urbem
709 662 906 731 unam,
942 661 1039 717 sed
1080 659 1268 723 totum
1303 661 1568 734 purgarit
1597 661 1795 718 orbem
1825 661 1837 716 l
1863 661 1975 719 Du-

325 756 556 831 pliciter
581 770 714 810 vero
745 738 988 826 sanguis
1017 750 1253 818 Christi,
1315 755 1372 807 et
1415 750 1547 807 'caro
1605 746 1974 823 intelligitur,

324 838 411 903 vel
438 836 767 921 Spiritualis
791 839 892 896 illa
923 844 1097 923 atque
1118 841 1318 897 divina
1350 842 1390 913 ¹,
1417 840 1625 914 deque
1662 841 1785 914 ipse
1806 841 1971 901 dixit.

327 928 471 995 Care
494 950 622 991 mea
655 944 780 987 vere
807 932 886 986 est
923 926 1095 1001 cibus,
1150 933 1202 985 et
1255 930 1477 1001 sanguis
1529 946 1683 986 meus
1738 946 1866 986 vere
1901 938 1980 987 est

323 1018 674 1099 petus'Uban
725 1012 803 1091 vi,
837 1004 1092 1090 56);et:
1154 1019 1271 1099 Nisi
1322 1019 1800 1075 manducaveritis
1856 1035 1977 1075 car-

327 1130 453 1171 nem
476 1129 674 1181 meam,
707 1119 761 1167 et
789 1108 1121 1180 sanguinem
1141 1116 1324 1164 meum
1371 1108 1639 1180 biberitis,
1671 1124 1782 1163 non
1813 1106 1977 1164 habe-

324 1198 455 1277 bitis
482 1203 661 1277 vitam.
682 1202 945 1273 aeternam
975 1196 1232 1270 (Ibidéli)
1258 1216 1270 1265 ;
1300 1198 1388 1253 vel
1420 1215 1553 1254 caro
1613 1203 1670 1255 et
1712 1197 1977 1272 sanguis,

327 1290 453 1367 quae
484 1289 760 1347 cruciﬁxa
789 1291 896 1355 est,
929 1291 988 1343 et
1017 1278 1115 1360 qui
1149 1286 1353 1343 militis
1382 1286 1603 1343 effusus
1635 1292 1725 1344 est
1779 1287 1982 1343 lancea

325 1382 503 1455 (Joan.
540 1386 658 1449 xxx,
689 1378 778 1451 33,
811 1378 924 1450 34).
971 1376 1144 1433 Juxta
1190 1376 1345 1433 hanc
1402 1376 1748 1435 divisionem
1805 1382 1862 1433 et
1920 1377 1981 1433 in

328 1470 549 1529 sanctis
571 1470 700 1542 ejus
719 1466 1028 1523 diversitas
1052 1464 1357 1538 sanguinis
1379 1470 1435 1522 et
1455 1465 1648 1522 carnis
1678 1465 1983 1539 accipitur,

330 1565 395 1617 ut
427 1559 542 1617 alia
569 1558 647 1614 sit
676 1573 809 1613 caro
832 1572 959 1629 quae
1009 1555 1208 1611 visura
1255 1559 1342 1610 est
1387 1555 1644 1611 salutare
1697 1554 1798 1611 Dei
1833 1556 1980 1627 (Luc.

329 1668 419 1722 ιιι,
451 1650 545 1723 6):
579 1646 695 1704 alia
724 1648 942 1719 caroet
971 1634 1212 1716 sanguis
1245 1660 1371 1715 qua:
1414 1660 1660 1717 regnum
1722 1643 1816 1699 Dei
1871 1659 1985 1700 non

336 1742 557 1813 queant
610 1724 910 1810 possidere
968 1734 1018 1806 (I
1071 1734 1199 1789 Cor.
1231 1751 1326 1800 xv,
1385 1730 1497 1806 50).
1557 1724 1991 1806 consequenter

339 1830 534 1886 autem
566 1827 697 1899 post
724 1820 1184 1895 redemptionem
1218 1823 1523 1903 sanguinis
1547 1822 1783 1891 Christi,
1834 1822 1992 1882 554

2088 659 2261 728 bitur,
2294 659 2355 716 in
2388 661 2500 717 isto
2531 662 2692 747 dives
2721 664 2911 734 gratia
2940 664 3062 732 Dei,
3095 670 3151 722 et
3181 664 3461 739 opulenta
3491 663 3734 742 largitio

2086 755 2426 822 paupertate
2458 754 2753 806 tenuatur.

2159 926 2341 1000 (Vers.
2364 928 2444 997 9.)
2481 951 2500 977 α
2540 928 2600 983 In
2633 929 2792 985 omni
2860 931 3149 1004 sapientia
3176 939 3233 989 et
3263 936 3572 1007 prudentia
3628 930 3735 996 no-

2086 1016 2213 1094 tum
2248 1016 2417 1083 nobis
2445 1016 2665 1077 faciens
2696 1021 3041 1092 mysterium
3064 1020 3377 1082 voluntatis
3403 1043 3543 1095 suae.
3578 1051 3605 1078 ››
3637 1020 3736 1084 Sac

2088 1106 2367 1178 pientiam
2402 1111 2459 1161 et
2486 1109 2861 1185 prudentiam
2887 1125 3015 1165 esse
3047 1110 3323 1181 diversas,
3359 1104 3533 1171 Stoici
3592 1134 3736 1188 quo-

2090 1211 2203 1266 que
2258 1194 2592 1268 opinantur,
2625 1197 2922 1253 dicentes:
2969 1222 2997 1250 υ
3045 1194 3343 1273 Sapientia
3395 1210 3485 1261 est
3542 1222 3737 1264 rerum

2090 1280 2421 1340 divinarum
2454 1285 2963 1359 humanarumque
2985 1290 3240 1361 cognitio
3264 1307 3276 1345 :
3305 1286 3741 1363 prudentiaveg

2090 1390 2155 1429 ro
2184 1377 2414 1429 tantum
2476 1374 2834 1432 mortalium.
2878 1398 2905 1425 ››
2962 1376 3139 1433 Juxta
3189 1372 3338 1435 hanc
3394 1381 3740 1449 divisionem

2092 1480 2412 1536 possumus
2451 1463 2801 1535 sapientiam
2858 1460 3263 1537 iuvisihilium,
3317 1474 3374 1523 et
3428 1464 3750 1531 visibilinni

2095 1550 2372 1623 accipere,
2407 1548 2779 1624 prudentiam
2808 1571 2939 1609 vero
2974 1554 3199 1611 tantum
3225 1552 3753 1626 visibilium.Qu'ae-

2095 1640 2249 1695 ritur
2278 1641 2472 1714 itaque
2494 1643 2785 1713 quomodo
2809 1643 2978 1700 nobis
3012 1649 3182 1711 Deus,
3215 1645 3275 1700 in
3309 1648 3469 1705 omni
3520 1651 3756 1722 sapien-

2098 1728 2199 1800 tia,
2234 1735 2290 1785 et
2318 1728 2630 1801 prudentia
2668 1736 2875 1801 notum
2932 1724 3088 1789 555
3149 1732 3353 1803 fecerit
3412 1740 3754 1811 mysterium

2101 1816 2416 1898 voluntatis
2444 1834 2585 1876 sum.
2622 1818 2685 1875 Et
2708 1816 2944 1891 quidem
2979 1822 3237 1893 primum
3270 1822 3620 1898 simpliciter
3670 1836 3761 1884 ac-

337 1894 745 1974 remissienem
764 1894 1058 1987 accepisse
1080 1894 1397 1980 scribimur
1419 1894 1785 1983 peccatorum
1815 1937 1829 1979 ;
1855 1910 1995 1984 quia
2025 1938 2070 2011 Β
2102 1894 2457 1994 cipiendum,
2491 1904 2645 1982 quod
2687 1915 3031 1982 mysterium
3091 1894 3414 1969 voluntatis
3471 1910 3621 1989 ejus,
3679 1924 3761 1972 re;

338 2003 454 2071 nisi
482 2002 766 2075 redempti
800 2001 1108 2071 fuerimus,
1143 2000 1363 2057 frustra
1394 2001 1562 2058 nobis
1596 2006 1832 2074 peccata
1890 2000 1991 2057 do-

339 2098 574 2151 nantur.
605 2091 722 2147 Nec
752 2093 887 2146 ante
917 2086 1146 2145 veniam
1181 2089 1441 2163 accipere
1469 2086 1787 2163 possumus
1819 2088 1995 2147 delic-

339 2188 561 2250 torum,
590 2185 647 2253 et
674 2179 827 2237 servi
859 2194 987 2235 esse
1019 2195 1346 2250 cessamus,
1403 2178 1518 2234 nisi
1578 2178 1831 2253 pretium
1894 2195 1998 2251 pro

342 2271 514 2327 nobis
545 2271 822 2337 cruentus
850 2260 1148 2339 quendam
1179 2267 1367 2323 victor
1395 2269 1700 2346 acceperit.
1736 2324 1745 2327 _

419 2359 602 2432 (Vers.
626 2348 715 2433 ‘8.)
741 2380 769 2407 ‹‹
796 2356 1129 2413 Secundum
1160 2356 1391 2412 divitias
1443 2355 1642 2429 gratiae
1699 2357 1827 2429 ejus
1884 2374 2002 2429 qua

346 2450 454 2523 [Αι.
488 2445 641 2522 quae]
671 2444 989 2519 abundavit
1018 2445 1077 2501 in
1111 2445 1299 2501 nobis.
1337 2468 1365 2495 »
1398 2445 1505 2510 Qui
1563 2438 1837 2521 intelligit
1892 2447 2002 2502 hoc

348 2537 505 2613 quod
536 2536 760 2592 dictum
790 2538 919 2591 est:
955 2534 1145 2590 Gratia
1183 2536 1310 2590 estis
1364 2534 1586 2603 saluati,
1647 2541 1700 2591 et
1759 2551 1870 2592 non
1934 2552 2004 2592 ex

348 2614 601 2701 operibus
629 2625 849 2697 (Ephes.
881 2642 943 2692 ιι,
974 2624 1052 2696 8),
1085 2628 1142 2679 et
1171 2616 1600 2698 quinquaginta
1639 2629 1697 2680 et
1727 2624 2002 2697 quingin-

349 2721 544 2789 torum
574 2713 949 2770 denariorum
977 2713 1037 2767 in
1078 2710 1387 2786 Evangelio
1446 2712 1765 2770 debitorem
1799 2731 1811 2768 :
1850 2712 2005 2786 quod

352 2800 451 2880 qui
485 2802 987 2878 plusdimittitur,
1020 2800 1153 2874 plus
1184 2800 1391 2874 diligat
1429 2806 1587 2872 (Luc.
1619 2820 1718 2874 vn,
1752 2805 1813 2858 41
1874 2804 2004 2873 43);

355 2896 467 2950 iste
500 2894 688 2967 potest
718 2891 866 2947 scire
895 2890 1049 2963 quod
1082 2891 1408 2947 secundum
1440 2891 1672 2949 divitias
1713 2908 1851 2948 suas
1911 2891 2008 2947 Dei

356 2972 547 3056 gratia
574 2978 888 3037 abundarit
914 2979 973 3034 in
1005 2976 1195 3045 nobis,
1237 2979 1490 3036 maxime
1533 2980 1592 3035 in
1626 2980 1881 3036 Ecclesia
1940 2974 2009 3035 de

354 3071 630 3145 gentibus
660 3072 1029 3143 congregata,
1066 3085 1193 3140 quae
1227 3067 1418 3125 aliena
1448 3068 1557 3139 fuit
1588 3086 1622 3124 a
1660 3073 2010 3125 testamento

358 3165 417 3217 et
445 3158 938 3239 promissionibus
974 3156 1167 3227 lsrael,
1198 3159 1366 3230 cujus
1397 3157 1608 3214 delicto
1633 3176 1739 3229 nos
1761 3156 2012 3225 salutem

361 3248 660 3307 conseCuti
690 3264 921 3305 sumus.
949 3250 1157 3303 Annon
1180 3252 1268 3305 est
1288 3248 1633 3322 magnitudo
1687 3248 2010 3321 gratiarum

358 3340 419 3396 in
444 3338 645 3406 Paulo,
678 3342 736 3393 et
767 3338 826 3392 in
858 3336 1079 3393 caeteris
1112 3337 1350 3403 sanctis,
1383 3318 1455 3392 de
1493 3318 1717 3409 quibus
1755 3336 2007 3397 dicitur:
2041 3318 2085 3384 Ο

355 3428 588 3487 Nescitis
645 3429 908 3501 quoniam
961 3426 1183 3496 angelos
1227 3425 1600 3497 judicabimus
1656 3429 1704 3499 (Ι
1755 3426 1875 3483 Cor.
1930 3447 2009 3500 VI,

356 3517 461 3593 3)?
490 3521 540 3573 ei
570 3515 631 3572 in
662 3514 777 3571 alio
809 3513 968 3584 loco;
1001 3504 1063 3569 ιη
1093 3530 1255 3586 quem
1292 3514 1601 3571 desiderant
1638 3518 1824 3589 angeli
1888 3534 2012 3574 con~

355 3607 611 3663 siderare
644 3605 697 3676 (Ι
719 3605 863 3661 Petr.
902 3621 936 3675 ι,
972 3603 1099 3674 l2);
1144 3610 1200 3660 et
1256 3620 1535 3660 rursum:
1596 3605 1780 3673 Pater,
1832 3604 1903 3662 da
1958 3617 2018 3667 ut

359 3696 627 3770 quomodo
656 3709 754 3765 ego
783 3698 834 3749 et
863 3698 923 3749 tu
953 3710 1127 3749 unum
1154 3710 1363 3764 sumus,
1396 3697 1476 3750 sic
1502 3696 1553 3750 et
1582 3694 1693 3767 ipsi
1746 3698 1803 3751 in
1861 3699 2018 3753 nobis

361 3801 539 3843 unum
567 3785 682 3840 sint
710 3785 891 3854 (Joan.
925 3784 1204 3855 “11.24).
1239 3783 1356 3839 Has
1403 3782 1636 3840 divitias
1693 3785 2015 3857 gratiarum

365 3876 464 3932 ille
486 3874 550 3931 in
581 3872 785 3930 senon
817 3872 955 3928 facit
983 3888 1215 3944 vacuas,
1249 3873 1350 3945 qui
1380 3878 1667 3945 quantum
1698 3874 1853 3931 valet
1908 3875 2017 3931 hu-

372 3979 549 4021 mana
586 3962 893 4035 fragilitas,
921 3962 1146 4030 nititur,
1178 3962 1424 4033 laborat,
1472 3969 1648 4034 atque
1700 3966 2019 4032 contendit,

372 4052 591 4111 etcum
623 4051 901 4125 Apostolo
931 4051 1231 4124 loquitur:
1266 4052 1456 4108 Gratia
1511 4054 1632 4124 ejus
1670 4055 1733 4108 in
1775 4070 1862 4111 me
1912 4070 2020 4110 non

372 4144 482 4217 fuit
540 4142 763 4198 υασιιαθ
821 4142 870 4212 (ι
897 4142 1023 4198 Cor.
1076 4156 1169 4208 xv,
1230 4140 1339 4211 10).
1402 4142 1509 4208 Qui
1567 4148 1700 4199 vero
1756 4143 2023 4200 beneficii

376 4254 582 4323 nepos,
616 4264 678 4323 se
703 4248 963 4322 hostium
996 4247 1127 4305 telis
1167 4242 1537 4323 obiecissent,
1575 4271 1609 4323 ››Δ
1658 4254 1771 4323 etc.
1835 4252 2023 4310 Man'r.

377 4320 751 4395 —-’Notatum
783 4326 841 4377 et
864 4320 1202 4379 Martiaan
1234 4321 1421 4395 Deciis
1450 4321 1560 4377 hoc
1587 4321 1782 4395 fuisse,
1810 4328 2026 4395 cogno-

376 4408 514 4465 men
554 4390 769 4460 Mures,
814 4402 1163 4466 veteresque
1224 4393 1366 4466 adeo
1428 4408 1664 4463 peccare
1718 4390 2025 4465 editio'nes,

380 4481 507 4539 qua:
537 4465 852 4541 separatim
882 4465 1085 4541 legunt
1112 4465 1306 4541 Nares,
1349 4465 1621 4537 interque
1666 4482 1765 4521 cas
1822 4483 2027 4541 nume-

379 4533 513 4593 rant
544 4533 756 4611 clades,
790 4533 1014 4610 quas'e
1063 4537 1421 4611 _Deciis_sua
1478 4533 1633 4592 unus
1686 4539 2030 4608 represserit

377 4615 588 4664 morte.
621 4606 839 4666 Nos’ad
870 4609 1240 4667 verissimam
1277 4606 1586 4663 lectionem
1651 4606 2027 4665 asserendam

2105 1996 2362 2078 demptio
2397 1998 2596 2053 nostra
2626 1997 2724 2063 sit,
2754 1994 2860 2071 per
2887 1998 3237 2072 sanguinem
3272 1998 3400 2057 Filii
3442 2003 3652 2077 ipsius,
3706 2010 3762 2061 et

2107 2084 2377 2156 remissio
2428 2084 2816 2158 peccatorum,
2876 2084 3203 2145 secundum
3265 2088 3500 2150 divitias
3557 2095 3760 2165 gratiae

2108 2176 2237 2248 ejus
2267 2172 2383 2249 qu'a
2412 2176 2516 2247 [ΑΙ.
2552 2175 2701 2247 quae)
2727 2170 3046 2233 abundavit
3066 2177 3124 2233 in
3150 2176 3320 2235 nobis
3343 2181 3563 2251 (Ephes'.
3598 2200 3659 2252 ιι,
3680 2174 3759 2255 7).

2109 2262 2271 2330 Quod
2328 2263 2550 2320 sciliCet
2608 2281 2715 2320 nos
2764 2265 2823 2322 in
2884 2264 3115 2322 Domini
3157 2266 3429 2340 passione
3459 2268 3762 2335 credentes

2111 2353 2260 2426 (quae
2292 2360 2383 2409 est
2412 2351 2661 2419 stultitia
2690 2370 2803 2409 non
2836 2357 3212 2412 credentibus
3256 2354 3327 2429 (ll
3382 2350 3510 2416 Ger.
3544 2352 3611 2429 ἰ,
3669 2361 3762 2433 23)

2112 2441 2461 2516 sapientiam
2494 2438 2900 2513 possideamus
2921 2438 3096 2519 atque
3116 2447 3511 2518 prudentiam.
3546 2436 3764 2513 Deinde

2113 2532 2269 2605 quod
2304 2550 2404 2605 per
2435 2526 2767 2605 Scripturas
2799 2550 2937 2589 suas
2969 2535 3137 2591 nobis
3192 2542 3333 2593 'nota
3390 2532 3585 2595 fecerit
3638 2539 3767 2595 uni-

2112 2639 2283 2680 versa
2315 2622 2595 2694 mysteria
2626 2638 2639 2677 :
2673 2622 2968 2694 quomodo
3004 2623 3261 2696 primum
3290 2626 3521 2697 coelum,
3550 2623 3608 2684 et
3656 2633 3767 2684 ter-

2116 2729 2241 2766 ram
2274 2708 2640 2765 machinatus
2667 2710 2762 2775 sit,
2796 2716 2852 2766 et
2881 2714 3078 2768 omnia
3116 2730 3241 2786 quae
3273 2714 3427 2772 intra
3477 2733 3545 2773 ea
3598 2708 3766 2786 sunt,

2118 2799 2338 2867 fecerit,
2367 2797 2652 2855 ordinarit
2679 2806 2855 2872 atque
2887 2799 3252 2859 distinxerit:
3316 2810 3383 2860 ut
3439 2798 3768 2877 plasmatus

2119 2886 2317 2956 homo,
2349 2894 2406 2944 et
2464 2905 2653 2962 usque
2710 2890 2781 2945 ad
2843 2891 3180 2963 passionem
3237 2888 3453 2953 Christi
3511 2896 3770 2953 mundus

2119 2976 2398 3051 impletus
2430 2976 2524 3045 sit,
2560 2976 2852 3049 quomodo
2882 2995 2950 3034 ex
2978 2978 3309 3038 visibilibus
3340 2999 3408 3038 ea
3451 3000 3576 3056 quae
3635 2990 3773 3041 sunt

2121 3065 2440 3122 invisibilia
2499 3071 2947 3138 cognoscantur.
3034 3066 3119 3124 Ad
3210 3076 3557 3140 extremum,
3615 3073 3770 3145 quod

2123 3154 2296 3211 etiam
2329 3172 2398 3212 ea
2426 3173 2554 3227 quae
2587 3154 2647 3211 in
2695 3162 2852 3215 terra
2911 3163 3070 3228 sunt,
3130 3158 3419 3232 sapientia
3472 3158 3775 3236 indigeant

2124 3252 2299 3319 atque
2331 3244 2665 3317 prudentia.
2706 3247 2928 3314 Quotus
2971 3244 3141 3325 enim
3200 3248 3448 3325 quisque
3504 3242 3773 3308 nostrUm

2125 3335 2236 3391 scit
2296 3333 2435 3407 quid
2494 3332 2571 3391 sit
2628 3330 2765 3390 illud
2802 3337 2955 3408 quod
2988 3324 3121 3411 aves
3165 3338 3222 3393 in
3254 3355 3388 3399 aera
3430 3330 3773 3414 suspendat,

2124 3425 2311 3497 pisces
2342 3423 2399 3478 in
2434 3422 2732 3491 ﬂuctibus,
2778 3422 2883 3480 nec
2941 3420 3055 3481 non
3088 3425 3110 3460 ⁴
3166 3423 3475 3483 hominum
3533 3444 3774 3502 gressus

2126 3517 2483 3586 promoveat,
2507 3511 2565 3567 et
2594 3510 2815 3568 rabiem
2844 3510 3049 3569 incitet
3088 3515 3458 3572 bestiarum?
3513 3514 3623 3573 Sed
3672 3517 3775 3590 qui

2126 3602 2377 3675 diligens
2408 3601 2590 3657 lector
2617 3606 2725 3670 est,
2756 3605 2953 3658 statim
2986 3598 3156 3659 nobis
3194 3594 3337 3661 illud
3368 3611 3624 3679 Opponet
3654 3624 3668 3663 :
3720 3598 3776 3673 Si
3870 3664 3875 3668 ,

2126 3692 2194 3749 ex
2225 3696 2386 3765 parte
2418 3690 2713 3763 cognoscit
2745 3686 2982 3764 Paulus,
3014 3698 3071 3749 et
3107 3710 3176 3749 ex
3226 3710 3387 3765 parte
3445 3680 3779 3769 prophetat,

2127 3788 2184 3839 et
2211 3782 2365 3837 nunc
2396 3780 2551 3837 videt
2577 3798 2677 3852 per
2717 3780 3022 3852 speculum
3078 3782 3137 3837 in
3191 3782 3498 3858 aenigmate
3556 3784 3604 3857 (Ι
3656 3784 3778 3842 Cor.

2129 3890 2252 3937 xui,
2281 3872 2337 3937 9,
2374 3871 2481 3940 12),
2516 3869 2806 3941 quomodo
2839 3871 2924 3927 vel
2954 3869 3090 3944 ipsi,
3116 3872 3200 3929 vel
3235 3870 3524 3945 Ephesiis,
3568 3873 3627 3930 in
3659 3890 3781 3930 om-

2133 3961 2192 4018 ni
2222 3958 2506 4033 sapientia
2538 3965 2714 4031 atque
2735 3958 3046 4031 prudentia
3075 3959 3177 4017 Dei
3217 3963 3561 4036 mysterium
3619 3974 3781 4020 reve-‘

2133 4051 2317 4107 latum
2350 4049 2483 4105 est?
2539 4042 2655 4103 l-lac
2713 4049 2907 4119 itaque
2966 4044 3315 4107 necessitate
3371 4048 3784 4123 compellimur

2134 4134 2361 4195 mutare
2410 4135 2672 4192 ordinem
2732 4132 3016 4210 lectionis,
3075 4143 3132 4193 et
3187 4136 3413 4195 facere:
3474 4132 3784 4196 Secundum

2135 4250 2229 4303 cat
2255 4245 2662 4315 Hieronymus,
2695 4243 2835 4315 quia
2873 4244 2933 4298 in
2988 4252 3353 4313 sacramento
3402 4236 3784 4313 Eucharistiaa

2135 4318 2331 4398 div-ina
2358 4316 2571 4398 virtute
2629 4319 3043 4398 consecratur;
3102 4316 3538 4398 spiritualisnet
3580 4316 3783 4398 invisi-

2139 4390 2272 4446 bilis
2294 4387 2499 4463 existit
2523 4388 2588 4463 in
2620 4404 2684 4442 eo
2708 4403 2822 4463 ;_ac
2848 4387 3103 4463 denique
3133 4387 3567 4463 indivisibiliter
3593 4394 3652 4463 et
3671 4389 3786 4463 spi-

2136 4460 2428 4521 ritualiter
2447 4460 2559 4531 sub
2588 4459 2780 4531 specie
2809 4459 3024 4531 visibili
3053 4460 3311 4516 sumitur
3362 4467 3419 4517 et
3475 4459 3791 4528 manduca»;

2138 4540 2253 4591 tur.
2287 4529 2560 4597 Quamvis
2589 4526 2786 4586 autem
2820 4526 2910 4586 his
2942 4532 3216 4589 omnibus
3249 4533 3438 4589 modis
3483 4531 3560 4589 sit
3592 4526 3788 4591 divina

2139 4618 2271 4661 earo
2301 4610 2357 4659 et
2387 4601 2711 4675 spiritualis
2736 4619 2748 4659 :
2773 4610 2906 4657 vera
2936 4608 3132 4659 tamen
3165 4603 3670 4665 ac‘substantial‘is
3694 4611 3788 4675 est

379 4682 646 4753 quaedam
680 4682 1054 4738 laudabimus
1074 4681 1450 4753 antiquorum
1480 4679 1836 4753 testimonia.
1869 4681 2027 4737 Cice-
2059 4684 2105 4749 Π
2127 4680 2299 4753 juxta
2328 4672 2823 4753 comparationem
2858 4691 3035 4753 quam
3065 4672 3793 4753 consequenter‘iustituit

381 4750 467 4832 ﬁt},
490 4751 812 4832 ﬂbilippica
833 4771 968 4832 _x1u,
996 4750 1268 4832 n_._13__:_«
1301 4751 1403 4832 Est
1446 4751 1625 4832 etiam
1683 4750 1765 4832 ibi
1823 4755 2030 4832 Decius

383 4824 457 4899 ab
486 4824 624 4896 illis,
650 4822 723 4882 ut
752 4822 978 4899 opinor,
1022 4826 1289 4899 Muribus
1341 4822 1549 4899 Deciis.
1576 4846 1598 4872 υ
1661 4829 1773 4899 e_t_c.
1838 4824 2032 4881 Livius

382 4894 486 4951 lib.
517 4892 621 4954 vni
648 4925 662 4967 ;
696 4920 723 4948 ‹‹
757 4892 1030 4955 (Γιίεθιινθίθ
1060 4915 1211 4954 coss.
1244 4895 1320 4968 Τ.Δ
1346 4892 1628 4968 Manlium
1668 4895 2032 4968 Torquatum

389 4984 473 5036 ιιι,
505 4974 563 5026 et
592 4964 659 5027 Ρ.
682 4969 927 5026 Decium
957 4972 1199 5026 Murem.
1234 4991 1262 5018 ››
1305 4966 1454 5023 Tum
1515 4964 1616 5020 lib.
1649 4982 1678 5021 κ
1712 4982 1726 5022 :
1788 4964 1819 5017 (ἱ
1872 4972 2030 5023 Coss.

384 5040 616 5108 noviQ.
664 5042 885 5098 Fabius
941 5043 1231 5098 Maximus
1290 5055 1372 5107 ιιι,
1427 5037 1762 5094 Ρ.’-1)ροίιιε
1820 5040 1969 5096 Mus.
2005 5062 2033 5089 ››

381 5110 636 5184 Domum
664 5111 1569 5184 antinus,deAqaaaduclibus:
1635 5133 1656 5160 α
1716 5111 1903 5183 Appia
1960 5112 2033 5168 M.

384 5180 618 5256 Valerio
674 5185 945 5256 Maximo,
983 5180 1067 5243 Ῥ.
1129 5180 1522 5256 DeciomMure
1551 5196 1701 5238 coss.
1735 5180 1887 5239 anno
1916 5200 2035 5251 xxx,

420 5252 801 5338 {rost‘initium
860 5252 1165 5338 Samnitici
1228 5254 1360 5312 belli
1421 5253 2036 5338 inductaestnAppio

451 5326 647 5395 audio,
686 5353 706 5381 ιι
743 5334 852 5387 etc.
889 5332 1064 5388 Porro
1095 5330 1318 5401 absque
1348 5332 1730 5451 cognomento
1782 5326 2035 5383 Murium

451 5398 686 5451 ιιὶεεὶιηί
714 5405 832 5451 tres
863 5409 1003 5451 sunt
1033 5404 1090 5451 in
1126 5406 1387 5451 Romana
1457 5396 1661 5451 istoria
1699 5397 1875 5451 Decii.
1940 5414 2035 5451 oa-

388 5398 687 5471 n'otissimi
714 5405 832 5459 tres
863 5409 1003 5460 sunt
1032 5404 1092 5458 in
1125 5396 1387 5458 Romana
1415 5396 1664 5471 historia
1699 5397 1875 5467 Decii,
1938 5414 2035 5471 pa-

2141 4746 2297 4821 idem
2337 4746 2745 4821 Hieronymus,
2770 4746 2860 4821 de
2878 4746 3215 4804 diversitate
3243 4746 3549 4821 sanguinis
3579 4754 3636 4804 et
3664 4765 3791 4806 car-

2142 4820 2327 4877 nisiu
2358 4815 2595 4873 homine
2650 4815 3245 4893 Christiano.__MAa'r.
3304 4815 3385 4861 -ῗ
3428 4826 3620 4893 Atque
3680 4821 3789 4879 hoc

2148 4907 2354 4965 rursus
2405 4894 2670 4945 notatum
2704 4894 2838 4945 ante
2878 4905 2982 4965 nos
3014 4891 3369 4965 Martianaao,
3414 4891 3793 4965 spiritualem

2149 4960 2253 5020 abs
2284 4958 2631 5036 Hieronymo
2660 4975 2894 5036 carnem
2926 4961 3061 5028 dici,
3090 4964 3248 5036 quod
3294 4958 3791 5036 inbEucharistiaa

2149 5030 2517 5092 sacramento
2542 5030 2887 5104 spiritualis,
2920 5038 3092 5104 atque
3112 5030 3437 5091 invisibilis
3468 5036 3563 5100 sit,
3598 5032 3795 5089 divina

2146 5115 2341 5179 tamen
2374 5111 2432 5160 et
2462 5120 2596 5179 vera
2626 5120 2781 5175 caro,
2815 5112 2880 5159 ut
2918 5121 2986 5179 ex
3016 5108 3143 5179 ipso
3177 5113 3445 5163 contextu
3477 5107 3683 5177 liquet.

2216 5178 2448 5249 UEque
2485 5177 2634 5232 bene
2696 5192 2851 5232 unus
2901 5177 3307 5235 Cisterciensis
3359 5195 3493 5247 ms.,
3554 5182 3620 5235 Et
3669 5191 3795 5248 qua:

2145 5252 2343 5309 militis
2372 5250 2562 5321 e/fossa
2585 5256 2670 5321 est
2701 5249 2913 5321 lancea.
3468 5320 3471 5321 ν
3809 5252 3815 5263 ’

2216 5318 2529 5377 3Notanda
2584 5318 2756 5377 lectio
2813 5321 3034 5378 codicis
3109 5320 3532 5381 Cisterciensis.
3592 5335 3790 5389 parva,

2148 5412 2252 5469 pro
2280 5409 2492 5469 vacua;
2522 5407 2659 5469 nam
2689 5396 2746 5447 et
2787 5392 3009 5469 scimus
3058 5394 3373 5469 vetustiora
3425 5389 3647 5469 lustius!
3702 5389 3798 5446 ius

389 5474 499 5538 ter,
532 5470 712 5542 ﬁlius,
737 5479 794 5532 et
822 5490 1023 5548 nepos,
1057 5474 1178 5548 qui
1235 5471 1326 5548 ad_
1357 5484 1480 5548 ηοηΔ
1523 5468 1783 5548 εζιιὺίαιη.
1810 5462 2041 5527 niortem
2148 5462 2582 5548 terpretationis
2612 5464 2967 5548 eaemplaria
3005 5465 3330 5548 praetulisse
3387 5462 3577 5548 olim,”
3604 5478 3793 5548 parca,

386 5541 775 5612 cucurrerunt,
806 5550 870 5602 ut
898 5541 982 5604 ait
1006 5541 1202 5603 Cicero
1233 5561 1250 5597 ι
1287 5542 1498 5598 Tuscul.
1530 5541 1836 5612 disputat,
1872 5559 2037 5598 num.

389 5612 495 5685 37:
525 5637 554 5665 «
588 5620 729 5674 Cum
764 5619 985 5675 Latinis
1042 5620 1348 5674 decertans
1404 5617 1567 5686 pater

392 5831 692 5894 heminam
722 5831 926 5893 latent.

428 5924 433 5930 ·
462 5902 483 5947 ¹
512 5901 784 5969 Divinam
812 5905 911 5968 hic
939 5907 997 5967 et
1042 5899 1409 5983 spiritualem
1436 5902 1672 5959 carnem
1703 5895 1916 5972 Christi
1934 5894 2041 5961 ‘vo-

389 5628 453 5685 5,1
481 5629 495 5670 :
525 5637 554 5665 «
588 5628 729 5674 cum
764 5628 985 5675 Latinis
1042 5628 1348 5674 decertans
1404 5628 1567 5686 pater
1620 5628 1850 5681 uecius,
1905 5632 2040 5670 cum

388 5686 692 5762 Hetruscis
722 5690 901 5762 ﬁlius,
935 5706 1069 5762 cum
1101 5686 1321 5762 Pyrrho
1352 5700 1554 5762 nepos.
1588 5685 1843 5762 »_C_odri_
1872 5687 2043 5762 Athe-

392 5756 690 5839 niensium
723 5754 901 5839 regis,
933 5766 992 5818 et
1020 5754 1203 5818 Curtii
1234 5754 1480 5814 Romani
1514 5756 1729 5830 e’quitis
1784 5756 2042 5816 historiae

2149 5556 2217 5596 ex
2239 5533 2362 5610 quo
2396 5533 2844 5601 Ambrosiaster,
2872 5533 3144 5610 paupera,
3181 5535 3386 5605 legisse
3444 5533 3681 5610 dicitur,
3740 5542 3813 5598 et

2170 5605 2638 5692 {nuper..Graacus
2698 5605 2931 5692 quoque
2970 5605 3155 5692 variat
3212 5611 3404 5691 textus
3457 5606 3515 5661 in
3576 5605 3800 5679 aliquot

2144 5629 2373 5738 pauper.
2405 5629 2638 5689 υιωιξιιδ
2698 5629 2931 5689 (ιυοίῖυβ
2970 5629 3155 5663 variat
3212 5629 3404 5691 ιϐξιξυδ
3460 5629 3515 5661 Ill
3576 5629 3733 5679 ιιιιειυ

2176 5684 2337 5749 ibris,
2370 5680 2433 5753 in_
2461 5679 2678 5753 quibus
2709 5684 2801 5753 est
2829 5677 3050 5753 πτωχὴ,
3084 5694 3187 5749 pro
3217 5696 3388 5753 κενῃ.Δ
3518 5752 3521 5753 ν
3712 5730 3735 5753 7,

2221 5755 2243 5787 ⁸
2273 5746 2831 5826 Perplaeuitisthaac
2862 5746 3195 5826 nostrorum
3244 5746 3414 5826 codd.
3460 5752 3649 5826 atque
3676 5820 3681 5826 ί
3706 5752 3798 5813 iu-

2152 5820 2867 5915 venisseesse
2890 5820 3079 5915 13992:
3090 5825 3377 5915 3368931,;
3394 5820 3659 5915 aeoliae.
3676 5820 3802 5915 es

2154 5891 2216 5959 in
2236 5893 2488 5971 vulgatis
2512 5896 2682 5953 antea
2700 5891 2869 5952 libris
2889 5891 3481 5972 incommodos‘eusu,
3498 5891 3609 5953 min
3626 5895 3816 5958 necet.‘
