4332 6614
558 0 597 3 ⁴·’
658 0 1033 15 l—Z—ﬂ‘—
1036 8 1055 15 -

594 402 711 467 483

1844 392 1909 459 s.
1957 382 2265 457 EUSEBII
2310 388 2755 457 HIERONYMI

3886 402 4009 465 484

591 539 858 614 placitum
878 532 1175 591 voluntatis
1229 549 1362 600 suae,
1415 532 1477 587 in
1531 529 1755 587 tandem
1800 530 1991 601 gloria:
2045 529 2240 600 gratiae
2271 529 2326 595 Α
2354 528 2642 583 recordari
2673 528 3279 602 eorumincipiatqute
3301 529 3539 588 audivit.
3563 531 3783 588 Sensus
3804 531 4007 607 itaque

597 646 731 694 suae,
765 628 822 681 in
862 642 973 698 qua
1008 622 1339 696 gratiﬁcavit
1367 637 1464 677 nos
1496 623 1556 675 in
1580 620 1777 675 dilecto
1797 638 1818 673 .·
1850 620 1911 673 in
1942 634 2046 691 quo
2080 619 2242 673 tiabe—

593 735 717 775 mus
743 716 1169 787 redemptionem
1192 728 1293 785 per
1327 712 1652 783 sanguinem
1705 710 1898 781 ipsius,
1956 709 2241 769 remissio-

591 825 720 867 nem
770 809 1135 880 peccatorum,
1192 800 1490 858 secundum
1560 799 1784 855 divitias
1834 798 2041 867 gratiae
2105 798 2257 867 ejus,

587 915 697 971 qua
727 894 1032 953 abundavit
1062 895 1125 948 in
1146 892 1301 947 nobis
1333 892 1391 944 in
1420 890 1572 945 omni
1598 889 1871 959 sapientia
1896 894 1947 942 et
2000 885 2241 957 pruden-

586 988 688 1054 tia,
720 990 779 1041 et
808 1000 942 1041 cum
974 983 1279 1052 hucusque
1310 977 1771 1042 distinxerimus,
1823 991 1937 1047 quo
1995 973 2237 1041 scilicet,

587 1076 741 1132 omni
768 1074 1041 1145 sapientia
1069 1075 1120 1126 et
1144 1069 1459 1141 prudentia,
1491 1067 1563 1121 ad
1623 1065 1926 1136 superiora
1975 1064 2235 1135 jungen-

587 1171 705 1232 tur,
738 1163 1010 1233 deinceps
1040 1159 1359 1214 inferamus
1395 1175 1407 1212 :
1440 1157 1635 1213 Notum
1661 1154 1872 1228 faciens
1900 1153 2057 1208 nobis
2113 1169 2233 1223 my-

583 1255 812 1310 sterium
856 1249 1151 1306 voluntatis
1206 1261 1324 1303 suae
1376 1244 1676 1301 secundum
1726 1245 1995 1316 placitum
2047 1258 2232 1298 suum.

587 1343 777 1398 Potest
809 1343 1003 1395 autem
1037 1341 1093 1391 et
1123 1336 1232 1391 hac
1262 1341 1531 1391 manente
1578 1331 1890 1401 sententia,
1952 1331 2108 1404 quod
2167 1347 2236 1386 ex

584 1436 744 1504 parte
765 1428 1019 1495 videant,
1052 1433 1104 1481 et
1126 1441 1194 1480 ex
1218 1429 1382 1496 parte
1412 1422 1779 1496 prophetent,
1814 1437 1969 1476 nunc
1990 1421 2049 1475 in
2072 1420 2234 1476 omni

580 1517 865 1591 sapientia
906 1521 965 1572 et
1025 1512 1356 1587 prudentia,
1414 1512 1526 1567 dici
1587 1510 1905 1566 revelatum
1964 1509 2048 1565 eis
2104 1526 2232 1564 esse

579 1607 944 1682 mysterium.
978 1604 1105 1660 Non
1164 1618 1279 1674 quo
1339 1601 1454 1674 ipsi
1501 1600 1561 1655 in
1613 1599 1770 1655 omni
1832 1597 2118 1671 sapientia
2176 1601 2233 1653 et

577 1696 890 1771 prudentia
913 1691 1261 1766 mysterium
1292 1689 1624 1754 didicerint,
1658 1689 1759 1743 sed
1792 1688 1947 1743 Deus
1976 1687 2036 1742 in
2068 1686 2228 1742 omni

576 1785 867 1859 sapientia
894 1799 1004 1839 sua
1021 1786 1195 1853 atque
1217 1778 1547 1852 prudentia,
1566 1778 1737 1849 juxta
1760 1777 1914 1849 quod
1947 1774 2228 1847 consequi

577 1877 865 1948 poterant,
897 1871 982 1928 eis
1015 1868 1356 1943 mysterium
1407 1866 1765 1924 revelaverit.
1823 1866 1978 1923 556
2034 1888 2060 1915 ‹‹

578 1963 835 2019 cundum
870 1960 1150 2033 placitum
1184 1974 1358 2013 suum
1389 1957 1543 2030 quod
1574 1954 1876 2029 proposuit
1932 1955 1989 2009 in
2040 1972 2106 2010 eo
2164 1954 2223 2009 in

576 2050 1009 2124 dispensatione
1040 2045 1423 2120 plenitudinis
1455 2050 1807 2119 temporum.
1840 2064 1865 2096 ι»
1916 2045 2105 2116 Supra
2136 2043 2223 2098 di-

576 2148 756 2209 xerat,
796 2138 1091 2196 secundum
1150 2137 1416 2208 placitum
1473 2135 1766 2189 voluntatis
1821 2148 1991 2198 suae;
2047 2149 2221 2203 nunc,

573 2229 867 2286 secundum
890 2227 1162 2300 placitum
1190 2241 1372 2293 suum,
1404 2222 1701 2279 voluntate
1756 2224 2014 2279 detracta
2040 2222 2078 2277 ¹.
2140 2222 2222 2276 Ibi

571 2315 932 2393 προορισμὸν,
965 2316 1025 2371 id
1057 2319 1165 2382 est,
1194 2312 1731 2386 prwdestinationem
1785 2312 1846 2366 in
1876 2310 2225 2381 adoptionem

572 2408 818 2477 ﬁliorum
872 2421 971 2477 per
1022 2404 1202 2460 Iesum
1260 2402 1542 2458 Christum
1598 2400 1825 2472 posuit:
1904 2399 1998 2455 hic
2085 2416 2220 2454 vero

571 2494 845 2569 πρόθεσιν,
879 2495 933 2548 id
998 2497 1087 2548 est
1139 2492 1586 2563 propositionem.
1646 2491 1800 2545 [nter
1848 2488 2224 2561 praedestina-

571 2585 789 2641 tionem
822 2588 1016 2639 autem
1050 2590 1105 2637 et
1135 2579 1522 2654 propositum,
1556 2578 1615 2634 hi
1670 2576 1765 2651 qui
1825 2577 2016 2632 solent
2075 2576 2226 2632 inter

567 2675 745 2730 verba
800 2672 1110 2739 discutere,
1172 2670 1279 2725 hoc
1345 2673 1618 2725 asserunt
1700 2668 2004 2733 interesse,
2064 2666 2220 2737 quod

569 2761 1000 2836 praedestinatio
1032 2759 1283 2829 alicujus
1333 2759 1412 2814 rei
1474 2756 1658 2812 multo
1717 2763 1850 2812 ante
1909 2756 1968 2810 in
2028 2759 2223 2810 mente

570 2854 698 2923 ejus
730 2851 829 2924 qui
870 2850 1123 2907 destinet
1169 2848 1311 2920 quid
1368 2847 1631 2903 futurum
1692 2846 1788 2915 sit,
1852 2846 2219 2917 praefigeret:

570 2940 936 3013 Propositum
970 2944 1186 3003 autem,
1221 2954 1355 2992 cum
1372 2938 1496 3007 jam
1527 2936 1717 2995 vicina
1739 2935 1815 2990 sit
1842 2933 2218 2998 machinatio,

571 3035 630 3085 et
660 3045 807 3102 pene
831 3027 1241 3098 cogitationem
1272 3029 1555 3097 sequatur
1584 3024 1847 3080 effectus.
1878 3022 2038 3087 Quod
2086 3038 2220 3079 vero

572 3118 671 3185 ait,
700 3118 985 3190 proposuit
1016 3117 1072 3170 in
1104 3130 1185 3181 eo,
1210 3114 1282 3169 ad
1317 3113 1656 3185 mysterium
1694 3112 2059 3168 referendum
2091 3117 2215 3169 est:

568 3205 864 3278 siquidem
903 3221 1083 3276 supra
1110 3203 1374 3259 dixerat:
1440 3203 1501 3259 Ut
1558 3209 1747 3257 notum
1801 3204 2006 3272 faceret
2059 3201 2217 3257 nobis

565 3266 889 3367 my'sterium
917 3266 1216 3349 voluntatis
1246 3307 1385 3359 suae,
1418 3291 1569 3363 quod
1605 3266 1944 3363 mysterium
1979 3289 2213 3363 dispen-
2248 3266 2289 3333 (ἶ

566 3384 715 3440 satio
747 3388 836 3440 est
868 3381 1251 3455 plenitudinis
1282 3386 1637 3453 temporum,
1672 3385 1736 3434 ut
1788 3384 2006 3435 statuto
2065 3385 2218 3435 tem-

562 3490 702 3545 pore
732 3472 930 3529 omnia
980 3470 1402 3543 compleantur.
1463 3470 1762 3534 Quomodo
1819 3468 1976 3524 enim
2037 3468 2216 3525 hzeres

561 3562 824 3635 quandiu
859 3560 1135 3634 parvulus
1165 3565 1273 3627 est,
1302 3559 1437 3616 licet
1479 3558 1665 3632 ipsius
1723 3558 1877 3614 bona
1932 3558 2072 3625 sint,
2129 3563 2214 3614 ta-

561 3668 698 3709 men
728 3652 979 3708 necdum
1011 3651 1061 3707 ei
1089 3651 1332 3706 debetur
1354 3648 1666 3704 haereditas
1696 3647 1901 3719 (Colat.
1938 3664 2013 3718 ιν,
2050 3648 2170 3719 1,2)
2198 3663 2211 3701 :

562 3742 645 3795 ita
673 3746 731 3795 et
758 3740 1104 3812 mysterium
1136 3739 1290 3809 quod
1315 3737 1790 3809 prmdestinatum
1826 3735 2015 3791 fuerat
2041 3753 2074 3790 a
2099 3736 2214 3791 Deo

564 3828 622 3881 in
655 3827 1025 3899 adoptionem
1061 3824 1316 3880 ﬁliorum
1347 3825 1496 3895 ejus,
1529 3827 1661 3879 ante
1692 3840 1805 3878 non
1845 3823 2033 3895 potuit
2088 3823 2214 3877 dis-

561 3915 818 3988 pensari,
854 3914 966 3971 nisi
996 3931 1103 3970 suo
1134 3913 1355 3969 veniret
1384 3919 1664 3985 tempore.
1704 3914 1776 3967 De
1808 3928 1924 3983 quo
1963 3916 2021 3967 et
2075 3911 2213 3967 alibi

555 4021 800 4061 numero
831 4003 1118 4076 singulari
1150 4002 1369 4059 Paulus
1402 4002 1523 4058 ait:
1559 4002 1620 4058 Ut
1666 4003 1854 4057 autem
1902 4003 2049 4057 venit
2100 4002 2211 4073 pte-

552 4093 746 4150 nitudo
780 4094 1060 4165 temporis,
1091 4094 1247 4148 misit
1276 4092 1414 4147 Deus
1442 4091 1652 4146 Filium
1705 4106 1869 4145 suum
1924 4090 2079 4163 (Ibid.
2114 4090 2206 4162 4):

557 4184 656 4256 qui
688 4188 822 4239 ante
850 4181 1046 4238 venire
1079 4198 1193 4238 non
1226 4181 1439 4253 potuit,
1491 4179 1602 4236 nisi
1661 4178 2006 4252 mysterium
2060 4183 2206 4233 tem-

554 4273 714 4345 poris
742 4271 1102 4345 impleretur.

621 4392 807 4466 (Vere.
843 4395 954 4466 10.)
985 4418 1012 4444 ‹‹
1051 4392 1453 4466 Recapitulare
1476 4391 1675 4447 omnia
1708 4390 1767 4445 in
1799 4390 2044 4457 Christo,
2078 4408 2204 4463 qua":

552 4485 613 4540 in
647 4484 829 4551 caelis,
857 4489 915 4539 et
945 4499 1072 4555 quae
1104 4483 1164 4537 in
1191 4486 1346 4536 terra
1376 4481 1481 4549 [Αἰ.
1516 4479 1666 4535 addit
1696 4480 1878 4550 sunt],
1914 4479 1969 4533 in
2000 4479 2147 4551 ipso.
2175 4503 2203 4530 ››

553 4575 662 4629 Pro
690 4572 1057 4644 re’capitulare
1086 4570 1144 4625 in
1177 4569 1398 4625 Latinis
1427 4568 1728 4625 codicibus
1758 4569 2043 4641 scriptum
2088 4573 2197 4634 est,

2355 618 2414 673 in
2446 618 2715 690 prmsenti
2741 617 2866 674 loco
2897 619 3005 675 iste
3033 622 3157 674 est:
3192 619 3397 676 Omnis
3451 620 3814 693 dispensatio
3872 638 4002 695 qua

2353 710 2410 760 et
2434 712 2567 762 ante
2600 707 2909 774 mundum,
2942 711 2999 762 et
3029 711 3230 779 postea
3259 724 3387 763 esse
3417 709 3590 780 cmpit
3637 708 3695 764 in
3754 711 4000 783 mundo,

2356 802 2472 849 tam
2505 795 2887 850 invisibilium
2907 812 3083 867 quam
3115 795 3433 851 visibilium
3457 800 3881 869 creaturarum,
3905 801 4002 855 ad-

2351 888 2586 938 ventum
2621 882 2720 939 Dei
2751 885 2898 941 557
2939 883 3064 939 Filii
3123 882 3526 956 pollicebatur.
3589 886 3748 950 Quod
3809 888 3998 945 Adam

2350 973 2447 1044 qui
2483 974 2553 1028 de
2585 974 2853 1045 paradiso
2874 975 3198 1045 ejectusest
3228 975 3377 1047 (Gen.
3410 992 3494 1043 ιιι,
3523 977 3635 1048 24),
3662 993 3764 1049 per
3799 977 3995 1036 Salva-

2347 1065 2530 1116 torem
2563 1063 2921 1117 revocandus
2949 1067 3089 1119 erat.
3120 1064 3282 1129 Quod
3313 1064 3373 1119 in
3440 1065 3821 1122 fabricatione
3873 1071 3999 1123 tur-

2347 1148 2450 1216 ris,
2480 1149 2817 1221 linguarum
2852 1151 3044 1207 unitas
3076 1154 3261 1210 scissa
3290 1158 3379 1209 est
3407 1154 3559 1222 (Gen.
3595 1173 3675 1225 χι,
3737 1157 3878 1227 4-8),
3940 1158 3996 1214 in

2346 1238 2587 1296 Actibus
2618 1240 3012 1312 apostolorum
3048 1243 3432 1314 portendebat
3460 1244 3615 1300 dona
3657 1244 3996 1318 linguarum

2344 1330 2481 1400 (Act.
2518 1346 2577 1394 ιι,
2609 1332 2685 1399 3).
2716 1330 2877 1395 Quod
2912 1330 3070 1385 Isaac
3130 1331 3187 1385 in
3252 1336 3389 1404 typo
3452 1332 3707 1404 Domini,
3764 1350 3992 1392 crucem

2343 1434 2512 1473 suam
2544 1417 2668 1491 ipse
2703 1419 2950 1490 portavit
2980 1420 3189 1490 (Cenes.
3223 1438 3359 1487 xm,
3390 1423 3467 1490 6).
3523 1422 3685 1486 Quod
3746 1424 3993 1482 Samson

2344 1511 2604 1562 sanctam
2633 1524 2861 1563 comam
2894 1509 3180 1577 nutriens,
3216 1508 3411 1565 Dalilae
3463 1511 3736 1583 pauperis
3796 1512 3995 1569 dilexit

2341 1595 2665 1668 amplexus,
2699 1602 2757 1652 et
2787 1598 2985 1653 omnia
3016 1598 3207 1655 cordis
3257 1599 3346 1654 sui
3411 1605 3631 1655 secreta
3688 1602 3991 1659 confessus

2340 1690 2429 1740 est
2461 1685 2780 1753 (Indiam,
2817 1688 2924 1757 i7),
2958 1687 3272 1743 Salvatoris
3306 1692 3365 1743 et
3389 1688 3657 1744 Ecclesiae
3716 1707 3785 1746 ex
3837 1691 3986 1748 Gen-

2343 1774 2496 1830 tibus
2527 1790 2657 1830 vere
2688 1776 2962 1848 pauperis
2988 1780 3043 1831 et
3076 1793 3266 1847 egente
3300 1778 3647 1849 mysterium
3695 1778 3986 1852 significa-

2126 1866 2224 1965 se-
2258 1900 2306 1965 B
2338 1863 2457 1918 bat.
2494 1865 2556 1964 in
2590 1880 2757 1965 cruce
2791 1866 2988 1937 itaque
3018 1865 3269 1965 Domini,
3303 1871 3362 1922 et
3420 1866 3477 1922 in
3532 1867 3812 1965 passione.
3859 1868 3988 1941 ejus

2336 1952 2720 2025 recapitulata
2744 1958 2884 2009 sunt
2922 1955 3121 2010 omnia
3173 1956 3347 2026 (Joan.
3410 1972 3528 2023 xxx,
3586 1955 3699 2029 30),
3758 1957 3814 2012 id
3875 1963 3984 2030 est,

2335 2041 2607 2099 universa
2655 2042 2713 2097 in
2775 2043 2883 2098 hac
2914 2039 3373 2120 ἀνακεφαλαιῶσει
3432 2050 3771 2118 supputata.
3822 2046 3986 2111 Quod

2336 2135 2399 2186 ut
2424 2131 2792 2187 manifestius
2823 2132 2942 2199 ﬁat,
2973 2133 3326 2205 quotidiana:
3376 2135 3821 2192 consuetudinis
3877 2135 3983 2191 ali-

2334 2220 2487 2292 quod
2516 2236 2806 2292 ponamus
2864 2221 3218 2294 exemplum:
3251 2221 3425 2279 Verbi
3483 2240 3660 2281 causa
3694 2216 3721 2281 ί
3765 2224 3990 2299 Viginti

2333 2309 2603 2365 denarios
2635 2310 2886 2382 erogavi,
2920 2328 3156 2367 rursum
3188 2312 3468 2385 quinque,
3502 2318 3560 2369 et
3603 2312 3749 2371 alios
3806 2313 3980 2387 quin-

2332 2398 2559 2465 decim;
2591 2398 2831 2469 triginta
2858 2415 3091 2471 quoque
3122 2405 3178 2455 et
3206 2404 3294 2455 ter
3334 2400 3545 2468 decies,
3606 2419 3708 2474 per
3754 2402 3988 2460 diversa

2334 2494 2593 2559 tempora
2621 2487 2773 2543 dedi.
2804 2492 2936 2543 Haec
2967 2488 3016 2544 si
3050 2489 3107 2543 in
3140 2506 3323 2544 unum
3356 2489 3590 2547 voluero
3639 2497 3982 2565 supputare,

2333 2576 2647 2631 centenarii
2680 2577 2825 2631 mihi
2856 2577 3085 2633 numeri
3134 2595 3368 2635 summa
3425 2581 3759 2649 succrescit,
3815 2585 3872 2637 et
3925 2582 3987 2639 in

2334 2681 2449 2720 uno
2484 2682 2727 2721 numero
2759 2666 2984 2722 habebo
3010 2666 3209 2723 omnia
3239 2685 3365 2740 qua:
3398 2674 3531 2725 ante
3553 2670 3858 2743 descripsi.
3887 2671 3984 2728 Sic

2334 2754 2530 2826 itaque
2563 2755 2837 2810 universa
2870 2756 3145 2828 mysteria
3176 2762 3231 2812 et
3258 2758 3451 2813 omnis
3484 2758 3842 2831 dispensatio
3889 2776 3984 2817 ve-

2332 2844 2570 2899 tustatis
2596 2861 2712 2900 non
2745 2844 2937 2901 solum
2971 2863 3096 2918 quae
3133 2846 3188 2901 in
3220 2846 3409 2915 terris,
3460 2849 3570 2927 sed,
3615 2848 3794 2905 etiam
3852 2866 3980 2923 qua

2331 2932 2390 2986 in
2422 2932 2579 2988 ccelis
2609 2938 2771 3004 gesta
2800 2939 2909 2999 est,
2947 2933 3005 2989 in
3038 2935 3251 2990 Christi
3308 2938 3580 3009 passione
3635 2938 3980 3011 completur.

2330 3022 2473 3078 Cum
2507 3023 2664 3077 enim
2696 3022 2873 3078 semel
2910 3023 3052 3079 mihi
3084 3024 3349 3080 Christus
3408 3044 3619 3097 passus
3680 3027 3873 3098 fuerit,
3925 3033 3983 3086 et

2331 3111 2618 3184 sepultus,
2641 3116 2698 3167 et
2719 3114 3053 3184 resurrexit,
3076 3118 3133 3168 ct
3158 3114 3227 3169 ad
3254 3118 3483 3171 Patrem
3500 3116 3683 3173 victor
3707 3119 3982 3175 ascende-

2330 3201 2405 3256 rit
2441 3218 2452 3256 :
2489 3218 2602 3257 non
2635 3218 2869 3257 necesse
2902 3202 3087 3258 habeo
3136 3208 3385 3260 veterem
3447 3223 3782 3275 numerum,
3840 3207 3978 3280 quia

2330 3289 2387 3345 in
2446 3307 2560 3345 uno
2594 3290 2791 3345 omnia
2843 3295 3031 3347 teneo.
3092 3292 3409 3364 Diligenter
3462 3295 3766 3361 attendite,
3820 3296 3970 3369 quod

2328 3394 2441 3434 non
2475 3378 2665 3434 solum
2699 3396 2901 3435 omnes
2925 3380 3179 3436 historiae
3220 3382 3677 3456 Scripturarum,
3711 3401 3859 3457 quas
3916 3385 3975 3441 in

2329 3473 2477 3523 terra
2509 3473 2703 3541 gestas
2734 3468 2986 3541 Spiritus
3018 3476 3255 3527 sanctus
3282 3477 3588 3529 enumerat
3619 3490 3632 3529 :
3669 3474 3769 3529 sed
3795 3474 3974 3534 etiam

2325 3557 2381 3612 in
2410 3556 2743 3613 cmlcstibus
2774 3575 2923 3630 qum,
2957 3559 3123 3613 nobis
3152 3558 3391 3616 occulta:
3422 3568 3579 3626 sunt,
3642 3562 3699 3617 in
3758 3561 3970 3619 Christi

2324 3645 2704 3717 recapitulata
2732 3648 3005 3719 passione
3041 3653 3366 3705 teneantur.

2394 3770 2579 3840 (Vers.
2616 3772 2724 3838 11.)
2764 3790 2785 3818 ι
2819 3775 2882 3826 In
2915 3788 3031 3842 quo
3061 3777 3117 3827 et
3144 3778 3298 3829 sorte
3331 3774 3512 3830 vocati
3542 3790 3787 3831 sumus:
3822 3793 3971 3847 pra-

2322 3860 2595 3915 destinati
2627 3860 2950 3915 secundum
2980 3863 3346 3933 propositum
3391 3863 3518 3935 ejus
3574 3864 3676 3935 qui
3699 3865 3973 3923 universa

2320 3954 2596 4020 cperatur
2634 3949 2960 4005 secundum
3010 3950 3317 4007 consilium
3387 3953 3702 4009 voluntatis
3767 3970 3908 4013 suae.
3940 3977 3967 4004 ιι

2324 4038 2577 4092 Verbum
2619 4036 2976 4094 haereditatis
3008 4044 3063 4094 et
3093 4041 3290 4111 sortis,
3324 4057 3427 4113 per
3463 4058 3610 4113 quas
3641 4042 3699 4097 in
3755 4043 3969 4102 Christi

2317 4131 2544 4198 partem
2574 4127 2863 4193 venimus,
2897 4129 3155 4185 ostendit
3184 4147 3291 4185 nos
3322 4131 3392 4187 de
3422 4129 3538 4186 alia
3581 4136 3864 4202 potestate
3893 4134 3966 4191 ad

2318 4215 2493 4271 aliam
2508 4216 2958 4289 transmigrasse
2978 4235 2989 4273 :
3005 4223 3062 4273 et
3083 4212 3407 4275 secundum
3424 4218 3565 4275 illud
3581 4221 3736 4292 quod
3753 4222 3809 4277 in
3823 4222 3970 4278 Deu-

2316 4306 2641 4361 teronomio
2656 4306 2938 4378 scriptum
2956 4312 3070 4363 est:
3107 4307 3330 4375 Quando
3361 4309 3633 4365 dividebat
3657 4311 3970 4368 Altissimus

2313 4404 2521 4465 gentes,
2540 4412 2661 4450 cum
2687 4395 3070 4451 disseminaret
3088 4396 3231 4466 ﬁlios
3252 4397 3456 4469 Adam(
3468 4403 3628 4455 Deut.
3660 4416 3837 4467 χχχιι,
3886 4402 3965 4471 8),

2315 4485 2386 4540 de
2416 4484 2757 4555 angelorum
2789 4485 3009 4541 ditione
3030 4486 3101 4541 ad
3130 4491 3351 4558 partem
3382 4487 3609 4543 Domini
3630 4504 3759 4545 esse
3781 4493 3968 4545 trans-

2312 4579 2492 4635 latos.
2520 4575 2585 4629 Et
2607 4573 2688 4629 illi
2712 4573 2949 4646 quidem
2978 4573 3190 4640 aliena,
3214 4580 3270 4631 ct
3289 4575 3402 4631 sibi
3424 4575 3512 4632 vel
3535 4576 3968 4646 commissa,vel

552 4639 865 4717 instaurare
896 4660 1004 4726 [ΑΙ.
1036 4661 1401 4728 restaurare].
1438 4662 1504 4713 Et
1535 4655 1714 4713 miror
1743 4674 1848 4713 cur
1878 4639 2001 4730 ipso
2025 4660 2198 4715 verbo
2230 4639 2276 4704 Ῑ)
2309 4668 2591 4735 usurpata
2614 4639 2945 4717 tenuerunt.
2974 4663 3089 4718 Ista
3110 4680 3243 4719 vero
3271 4664 3489 4738 recepit
3511 4682 3617 4721 sua
3642 4684 3655 4714 =
3684 4670 3742 4723 et
3760 4682 3970 4724 ascen-

547 4750 744 4805 Graaco
779 4766 890 4806 non
926 4748 1015 4803 usi
1050 4748 1168 4804 sint
1215 4746 1619 4812 translatores,
1679 4764 1811 4802 cum
1864 4747 2199 4805 istiusmodi

548 4838 783 4895 licentia
814 4837 1116 4894 dialectica
1145 4844 1202 4893 et
1233 4835 1599 4909 philosOphia
1624 4837 1776 4893 sicut
1803 4837 1858 4892 in
1877 4841 2071 4893 Graeco
2094 4837 2197 4893 ha-

546 4928 783 5000 bentur,
816 4932 1133 5000 assumptus
1165 4926 1303 4981 sint.
1337 4927 1481 4980 Nam
1514 4931 1569 4981 et
1597 4931 1856 4981 oratores
1896 4925 1956 4980 in
2016 4927 2196 4998 epilo-

545 5017 656 5090 gis,
688 5017 775 5073 vel
809 5023 942 5073 ante
973 5016 1079 5088 [ΑΙ.
1113 5016 1285 5086 inter]
1319 5014 1597 5087 epilogos,
1631 5015 1687 5069 in
1723 5015 1835 5070 line
1885 5031 2197 5070 causarum

544 5112 782 5180 propter
811 5106 1154 5162 memoriam
1178 5105 1447 5176 judicum
1481 5108 1537 5161 et
1564 5120 1765 5159 eorum
1803 5104 1900 5174 qui
1962 5103 2197 5159 audiere

541 5197 793 5270 negotia,
827 5195 1259 5265 recordationem
1279 5195 1319 5258 ²,
1354 5194 1411 5248 id
1457 5197 1567 5259 est,
1605 5188 2071 5266 ἀνακεφαλαίωσιν
2103 5209 2194 5247 so-

543 5285 663 5341 lent
692 5285 904 5354 facere,
941 5290 1004 5341 ut
1032 5301 1159 5356 quae
1192 5284 1355 5355 prius
1387 5281 1563 5339 latius
1592 5281 1983 5353 disputarant,
2038 5280 2196 5336 brevi

542 5378 746 5446 postea
775 5388 1045 5430 sermons
1096 5370 1614 5444 comprehendant,
1672 5373 1730 5425 et
1786 5368 2195 5441 unusquisque

612 5644 630 5713 ξ
663 5641 725 5697 In
759 5659 874 5699 uno
906 5641 1609 5713 Cisterciensi,voluntate
1636 5638 1937 5695 destructa.

609 5706 630 5738 ³
659 5713 857 5769 Malim
890 5714 1129 5770 rescribi
1159 5706 1291 5769 cum
1326 5729 1393 5768 ex
1414 5712 1696 5768 orationis
1720 5712 2037 5783 proposito,
2061 5718 2188 5771 tum

2311 4754 2455 4808 dens
2484 4751 2543 4806 in
2576 4750 2761 4807 altum
2792 4752 3082 4823 captivam
3114 4753 3278 4809 duxit
3333 4753 3728 4827 captivitatem
3788 4756 3963 4827 (Psat.

2313 4857 2484 4907 van,
2520 4841 2624 4895 19:
2659 4842 2864 4911 Eplies.
2901 4857 2978 4909 IV,
3008 4843 3088 4909 8),
3121 4841 3179 4897 id
3210 4846 3318 4909 est,
3351 4858 3450 4899 eos
3483 4842 3584 4915 qui
3615 4848 3752 4899 ante
3808 4845 3965 4917 capti

2310 4930 2544 4984 fuerant
2574 4929 2632 4983 in
2667 4929 3079 5001 perditionem,
3112 4930 3234 5003 ipse
3264 4930 3417 5004 cepit
3446 4931 3517 4987 ad
3550 4932 3749 5001 vitam,
3784 4939 3847 4988 ut
3867 4949 3966 4989 re-

2310 5018 2547 5073 duceret
2582 5017 2732 5075 558
2793 5017 2853 5073 in
2911 5019 3226 5087 excelsum,
3286 5025 3344 5077 et
3400 5021 3835 5093 quodammodo
3873 5026 3968 5078 est

2307 5111 2477 5178 capta
2508 5107 2838 5179 captivitas,
2872 5108 3011 5162 dum
3041 5125 3144 5180 per
3187 5110 3504 5168 secundam
3565 5110 3964 5183 captivitatem

2307 5196 2407 5266 qui
2439 5196 2602 5268 prius
2624 5196 2775 5267 capti
2808 5196 3063 5267 fuerant,
3084 5196 3424 5254 liberantur.
3457 5199 3964 5255 Considerandum

2306 5286 2459 5356 quod
2522 5291 2578 5341 et
2635 5285 2731 5341 hic
2788 5284 3128 5359 προορισμὸς
3187 5292 3245 5342 et
3285 5286 3556 5361 πρὲθεσις,
3592 5288 3648 5343 id
3681 5294 3787 5355 est,
3819 5301 3967 5360 ρνεεο

2304 5373 2594 5432 destinatio
2623 5379 2679 5430 et
2705 5377 3070 5447 propositum,
3122 5374 3302 5431 simul
3356 5378 3548 5449 posita
3599 5377 3739 5445 sint,
3788 5376 3964 5448 juxta

2299 5644 2432 5719 loci,
2464 5644 2848 5719 recapitulare,
2884 5643 3035 5717 quod
3070 5645 3650 5719 Hieronymohmagis
3709 5644 3951 5719 arridet,

2289 5718 2465 5787 juxta
2494 5716 2758 5772 Graecum
2784 5716 3045 5774 textum:
3080 5719 3209 5774 dico
3241 5716 3695 5784 Tertullianum,
3728 5717 3830 5773 lib.
3889 5727 3955 5784 v,‘

535 5800 604 5842 ex
633 5783 1028 5867 Graecieyocis
1057 5784 1421 5867 significatu,
1446 5783 2189 5867 ηεεαρριαζαιίοηεηιφφιᾳ-
2291 5783 2867 5867 ξοηενςι-Μανείοηεηι,
2897 5804 3025 5863 cap.
3059 5790 3125 5845 17
3151 5815 3165 5860 ;
3196 5796 3255 5847 et
3281 5790 3341 5851 S.
3403 5789 3602 5848 lrenai
3659 5783 3953 5867 interpres

532 5872 666 5924 rum
687 5861 745 5921 et
763 5855 999 5919 Latinos
1019 5853 1144 5921 ιιοιῖ
1156 5854 1353 5917 nullos
1381 5853 1584 5917 Patres
1604 5853 1816 5937 legisse
1845 5860 2076 5918 constat
2091 5858 2187 5923 hic
2296 5863 2416 5919 tem
2447 5859 2551 5932 lib,
2582 5877 2623 5934 ι,
2656 5876 2782 5937 cap.
2817 5853 2868 5921 1.
2968 5853 2987 5863 ’
3153 5853 3162 5860 ’
3813 5853 3833 5867 ’
3899 5853 3904 5855 ⁷
3941 5870 3947 5876 ’
