4332 6598
313 413 431 477 485

1011 410 1533 476 COMMENTAR.
1582 406 1657 475 ΙΝ
1707 416 1957 476 EPIST.
2002 416 2104 475 AD
2151 413 2428 477 EPHES.
2477 418 2622 478 LIB.
2672 419 2720 495 Ι,
2767 411 2936 480 CAP.
2986 420 3031 478 Ι.

3609 420 3728 485 486

318 565 447 621 qua
479 553 756 620 operatur
784 543 982 603 omnia
1009 543 1164 601 Deus
1187 547 1514 602 secundum
1538 546 1850 603 consilium
1876 564 1968 603 vo-
1995 549 2050 614 Α
2081 546 2344 618 (Philipp.
2380 565 2418 614 1,
2455 550 2540 619 18)
2576 568 2588 604 :
2620 551 2941 607 dummodo
2973 552 3138 621 sciat,
3163 561 3217 608 et
3247 561 3570 627 sperans,et
3592 561 3728 616 ante

316 637 568 694 luntatis
599 655 737 693 sua).
770 635 893 691 Non
921 652 1035 707 quo
1067 634 1266 690 omnia
1296 652 1421 707 quae
1453 635 1512 690 in
1538 637 1759 691 mundo
1803 636 1966 703 fiant,

321 727 422 783 Dei
454 727 746 784 voluntate
792 728 848 780 et
897 723 1139 780 consilio
1170 729 1527 796 peraguntur
1559 742 1571 780 :
1607 724 1867 798 alioquin
1915 730 1972 780 et

326 816 482 873 mala
503 816 614 872 Deo
637 819 911 888 poterunt
931 814 1239 884 imputari;
1275 815 1375 869 sed
1410 831 1524 885 quo
1551 814 1824 870 universa
1847 832 1971 886 quas

326 905 484 972 facit,
516 902 756 960 consilio
788 902 963 957 faciat
992 906 1047 958 et
1075 901 1390 967 voluntate,
1439 904 1593 973 quod
1643 902 1863 958 scilicet
1915 908 1973 958 et

329 994 546 1050 ratione
579 992 748 1063 plena
794 992 933 1055 sint,
983 996 1039 1046 et
1082 993 1366 1063 potestate
1398 991 1680 1046 facientis.
1726 991 1840 1046 Nos
1868 992 1971 1046 ho~

329 1083 515 1138 mines
540 1081 816 1153 pleraque
857 1080 1132 1136 volumus
1183 1078 1369 1134 facere
1417 1078 1658 1135 consilio
1694 1096 1706 1134 :
1740 1080 1837 1135 sed
1874 1096 1971 1135 ne-

327 1187 623 1243 quaquam
655 1169 1014 1226 voluntatem
1065 1168 1330 1240 scquitur
1367 1169 1624 1225 effectus.
1659 1168 1743 1224 Illi
1777 1175 1970 1226 autem

327 1260 522 1316 nullus
557 1261 827 1316 resistere
859 1263 1048 1331 potest
1080 1260 1250 1329 (Psal.
1283 1275 1442 1327 Lxxv,
1475 1259 1550 1328 8),
1585 1258 1726 1331 quin
1775 1260 1972 1314 omnia

324 1367 451 1422 qua
505 1349 754 1407 voluerit
809 1349 982 1404 faciat
1037 1347 1216 1417 (Psal.
1266 1365 1422 1414 cxm,
1472 1349 1547 1416 3).
1604 1348 1737 1402 Vult
1778 1353 1973 1404 autem

322 1455 391 1494 ea
421 1454 786 1510 quaecunque
816 1442 956 1492 sunt
989 1447 1159 1509 plena
1208 1437 1450 1493 rationis
1495 1442 1669 1508 atque
1722 1435 1974 1503 consilii,

324 1527 451 1585 vult
481 1527 693 1584 salvari
725 1543 948 1593 omnes,
973 1531 1031 1582 ct
1061 1526 1118 1580 in
1151 1526 1508 1598 agnitionem
1538 1525 1798 1582 veritatis
1824 1530 1976 1584 veni-

327 1635 389 1674 re
420 1619 464 1689 (1
496 1619 626 1672 Tim.
661 1634 721 1686 11,
755 1617 827 1684 4).
866 1615 997 1684 Sed,
1032 1614 1170 1686 quia
1217 1613 1418 1671 nullus
1470 1616 1692 1687 absque
1741 1617 1976 1690 propria

327 1707 622 1764 voluntate
652 1704 910 1761 salvatur
936 1704 1126 1776 (liberi
1150 1704 1306 1760 enim
1338 1705 1561 1760 arbitrii
1593 1706 1977 1777 sumus),vult

328 1813 434 1852 nos
465 1795 683 1850 bonum
715 1793 880 1863 velle,
916 1799 979 1848 ut
1019 1810 1153 1849 cum
1203 1794 1582 1862 voluerimus,
1614 1794 1752 1850 velit
1780 1796 1838 1851 in
1872 1815 1974 1854 no-

329 1885 418 1941 bis
449 1889 506 1940 et
530 1885 654 1957 ipse
687 1901 861 1940 suum
893 1882 1134 1956 implere
1164 1883 1495 1939 consilium.

403 1973 586 2045 (Vers.
626 1973 768 2043 12.)«
805 1972 877 2028 Ut
907 1971 1093 2027 simus
1125 1973 1182 2026 in
1214 1972 1446 2028 laudem
1479 1972 1674 2045 gloria:
1706 1976 1858 2045 ejus,
1880 1976 1978 2047 qui

331 2069 465 2120 ante
497 2061 863 2134 speravimus
897 2062 955 2117 in
987 2062 1236 2118 Christo.
1275 2085 1296 2110 ι
1332 2062 1393 2117 Si
1440 2066 1804 2134 speravimus,
1850 2070 1978 2121 tan-

331 2158 461 2208 tum
493 2153 599 2220 [Αι.
633 2154 788 2221 ante)
819 2150 1081 2217 dixisset,
1099 2153 1158 2206 in
1187 2151 1627 2222 Christo,et_n0n
1661 2155 1979 2225 praemisis-

331 2246 440 2313 set,
467 2250 594 2297 ante
623 2242 990 2312 speravimus,
1025 2241 1178 2311 quod
1212 2240 1403 2296 Graece
1434 2241 1648 2297 dicitur
1694 2239 1945 2316 προηλπι

326 2330 506 2398 κὸτες,
538 2334 692 2386 esset
717 2330 1085 2386 manifestior
1106 2331 1570 2402 sensus,eos,qui
1601 2336 1981 2403 speraverant

327 2422 390 2477 in
423 2421 651 2477 Christo
701 2424 856 2475 sorte
905 2423 1139 2474 vocatos
1180 2435 1307 2475 esse
1340 2419 1450 2491 [AL
1484 2424 1541 2475 et
1571 2424 1720 2491 esse]
1755 2427 1811 2476 et
1840 2439 1982 2493 prte-

325 2509 650 2566 destinatos
681 2509 1006 2565 secundum
1040 2509 1405 2580 pr0positum
1437 2510 1586 2580 ejus,
1620 2511 1718 2581 qui
1753 2511 1978 2567 univer-

325 2618 393 2658 sa
422 2601 883 2672 operaturjuxta
911 2596 1225 2654 consilium
1257 2597 1573 2654 voluntatis
1623 2617 1759 2655 suae.
1810 2601 1976 2657 Nunc

328 2707 460 2746 vero
479 2687 908 2762 praepositionis
931 2687 1178 2754 adjectio
1205 2688 1321 2758 ‘,ad
1345 2686 1503 2743 illam
1525 2705 1633 2744 nos
1655 2689 1980 2763 intelligen-

329 2779 474 2833 tiam
509 2778 706 2848 trahit,
739 2778 810 2834 de
840 2795 956 2850 qua
986 2777 1258 2849 superius
1305 2777 1760 2850 disputavimus,
1809 2796 1980 2852 expo-

330 2873 534 2924 nentes
587 2867 696 2924 hoc
755 2867 907 2938 quod
970 2866 1256 2938 scriptum
1315 2872 1404 2922 est
1462 2884 1474 2921 :
1535 2869 1640 2934 Qui
1702 2869 1980 2926 benedixit

326 2973 419 3014 vos
475 2959 538 3012 in
590 2960 742 3013 omni
812 2956 1180 3012 benedictione
1247 2957 1554 3028 spirituali,
1623 2959 1682 3012 in
1748 2960 1980 3015 cwlesti~

333 3048 432 3103 bus
466 3048 526 3100 in
558 3046 793 3118 Christo,
841 3048 988 3102 sicut
1028 3047 1190 3117 elegit
1236 3062 1334 3101 nos
1381 3048 1439 3100 in
1492 3048 1608 3118 ipso
1654 3052 1780 3102 ante
1825 3065 1978 3105 cons-

335 3137 648 3192 titutionem
675 3136 896 3203 mundi,
930 3139 990 3190 ut
1019 3151 1256 3190 essemus
1297 3138 1477 3190 sancti
1521 3141 1572 3191 et
1628 3139 1983 3195 immaculati

336 3243 521 3282 coram
549 3228 664 3298 ipso
696 3227 858 3297 (vers.
915 3226 967 3293 3,
1021 3226 1076 3292 4)
1125 3242 1136 3279 :
1191 3225 1346 3296 quod
1396 3225 1614 3282 scilicet
1661 3227 1815 3282 sicut
1851 3230 1978 3300 jam

2081 639 2507 708 sperans,quod
2530 655 2632 709 pro
2664 638 3002 695 diversitate
3032 641 3154 714 spei
3183 643 3412 699 diversa
3441 644 3558 700 sint
3588 663 3733 718 pras-

2081 726 2200 780 mia
2231 727 2540 797 recepturi.

2154 815 2337 885 (Vers.
2377 817 2486 887 13.)
2515 839 2542 866 ι(
2576 815 2638 871 In
2670 833 2784 888 quo
2839 823 2895 873 et
2939 835 3038 876 vos
3087 822 3284 876 audito
3317 823 3488 877 verbo
3521 824 3726 880 verita-

2081 903 2156 957 tis
2189 903 2476 976 Evangelii
2509 905 2714 961 salutis
2745 911 2969 973 vestrae,
3025 909 3080 963 in
3125 926 3241 980 quo
3291 912 3592 968 credentes
3646 913 3730 968 si-

2083 993 2241 1063 gnati
2276 994 2416 1048 estis
2447 994 2665 1066 Spiritu
2709 1000 2910 1050 sancto
2961 998 3389 1068 promissionis.
3427 1022 3454 1048 η
3487 1001 3546 1055 1η
3575 1018 3683 1073 quo
3714 1021 3734 1058 .°

2084 1082 2238 1136 haud
2270 1082 2514 1137 dubium
2545 1084 2687 1154 quin
2722 1084 2778 1138 in
2813 1084 3225 1143 Christo.lnter
3249 1095 3487 1144 caeteros
3510 1091 3606 1162 qui
3636 1109 3738 1146 au-

2083 1171 2443 1234 dierunt,vos
2466 1173 3226 1243 quoque,Ephesii,verbum
3254 1177 3511 1234 veritatis
3534 1180 3734 1236 audis-

2084 1259 2564 1331 tis,h‘vangelium
2589 1261 2798 1315 salutis
2823 1265 3143 1333 vestrm,c‘ui
3165 1265 3490 1334 credentes,
3516 1268 3733 1340 signati

2084 1349 2228 1403 estis
2257 1349 2472 1420 Spiritu
2506 1350 2982 1420 repromissionis
3012 1358 3237 1407 sancto.
3272 1354 3509 1409 Videtur
3537 1362 3733 1414 autem

2078 1439 2248 1508 juxta
2280 1438 2542 1492 ordinem
2571 1437 2833 1493 lectionis
2857 1457 2970 1494 non
3005 1446 3158 1496 stare
3190 1443 3498 1511 sententia,
3532 1461 3637 1501 nec
3681 1448 3733 1502 ei

2086 1526 2238 1597 quod
2274 1526 2575 1597 praelatum
2603 1534 2692 1582 est
2725 1545 2736 1582 :
2773 1530 2835 1583 In
2864 1545 2969 1600 quo
2998 1538 3048 1584 et
3079 1546 3169 1585 vos
3199 1532 3386 1588 audito
3439 1534 3595 1590 verba
3643 1552 3731 1591 ve-

2085 1618 2268 1671 ritatis
2294 1617 2582 1685 Evangelii
2594 1617 2791 1672 salutis
2808 1619 3312 1683 vestrw,redditum
3336 1620 3555 1693 aliquid
3577 1625 3732 1695 quod

2088 1704 2226 1776 quia
2259 1709 2557 1782 sequatur,
2582 1706 2721 1776 quia
2752 1706 2949 1760 statim
2982 1709 3239 1763 secundo
3262 1709 3583 1782 ponitur,in
3605 1730 3729 1785 quo,

2087 1794 2243 1864 quod
2276 1795 2528 1866 superﬂu
2543 1813 2637 1849 um
2669 1801 2777 1865 est,
2795 1795 3091 1851 sublatum
3120 1814 3149 1852 e
3180 1799 3370 1853 medio
3402 1805 3594 1871 potest
3615 1805 3731 1857 tax-

2088 1887 2215 1938 tum
2251 1885 2489 1938 reddere
2521 1883 2900 1940 lectioniJloc
2933 1889 3128 1941 autem
3160 1887 3489 1958 patiebatur
3519 1889 3735 1948 Paulus

2092 1973 2161 2027 de
2192 1972 2373 2028 nimio
2403 1990 2600 2028 amore
2631 1973 2865 2051 Christi,
2900 1980 2963 2029 ut
2984 1992 3117 2031 eum
3149 1993 3380 2049 semper
3406 1995 3580 2049 quem
3611 1979 3740 2036 dili-

2090 2061 2464 2133 gebat,etiam
2497 2062 2790 2134 superflue
2821 2067 2878 2117 et
2903 2064 3360 2121 extraordinario
3383 2068 3734 2126 nominaret.

2091 2151 2250 2217 Quod
2305 2156 2497 2222 potest
2546 2152 2767 2222 absque
2820 2152 2987 2207 nobis
3039 2152 3098 2207 in
3147 2154 3423 2211 omnibus
3463 2156 3738 2228 Epistolis

2090 2239 2216 2307 ejus
2248 2238 2426 2294 lector
2455 2239 2704 2311 diligens
2736 2240 3180 2296 invenire.Unde
3210 2247 3265 2297 et
3298 2260 3450 2298 nunc
3478 2246 3736 2302 secundo

2092 2327 2368 2400 positum,
2411 2332 2466 2383 in
2513 2345 2616 2400 quo
2666 2329 2930 2384 ordinem
2982 2330 3440 2402 deprehenditur
3467 2334 3738 2391 turbasse

2092 2417 2412 2484 sententia},
2447 2422 2502 2470 et
2532 2419 2882 2472 anteriorem
2917 2418 3372 2490 propositionem
3429 2422 3739 2493 reliquisse

2092 2506 2460 2577 pendentem.
2482 2507 2677 2578 Neque
2699 2523 2830 2562 vero
2855 2524 3030 2578 parva
3051 2506 3181 2564 laus
3211 2508 3595 2580 Ephesiorum
3627 2516 3736 2578 est,

2093 2611 2205 2649 non
2242 2596 2732 2666 praedicationem,
2763 2596 2861 2650 sed
2894 2596 3133 2652 verbum
3167 2597 3429 2654 veritatis
3478 2599 3734 2658 audisse.

2091 2683 2388 2754 Siquidem
2426 2685 2576 2738 inter
2605 2684 3074 2756 praedicationem
3107 2690 3164 2740 et
3192 2687 3433 2742 verbum
3478 2688 3737 2744 veritatis

2092 2771 2340 2827 multam
2372 2789 2499 2828 esse
2518 2773 2944 2840 distantiam,et
2965 2774 3022 2828 in
3045 2773 3160 2830 alia
3181 2775 3696 2849 epistolalegimus
3722 2796 3735 2834 :

2091 2863 2152 2915 Et
2201 2863 2448 2930 verbum,
2484 2861 2696 2932 inquit,
2729 2878 2912 2916 meum
2940 2867 2990 2917 et
3018 2862 3338 2933 pra’dicalio
3370 2881 3506 2932 mea,
3537 2883 3647 2921 non
3679 2869 3739 2922 in

2087 2950 2541 3021 persuasibilibus
2586 2952 2867 3022 sapientiae
2925 2952 3125 3018 verbis,
3180 2953 3271 3007 sed
3317 2955 3378 3008 in
3433 2957 3741 3012 ostensione

2087 3041 2316 3111 spiritus
2371 3048 2424 3094 et
2478 3040 2690 3094 virtutis
2729 3042 2772 3110 (1
2819 3040 2937 3095 Cor.
2973 3058 3035 3107 11,
3087 3042 3160 3111 4).
3195 3042 3536 3105 Quaeramus
3584 3045 3740 3102 500

2091 3127 2558 3200 diligentius,ubi
2579 3127 2714 3184 alibi
2740 3129 3023 3201 scriptum
3051 3130 3312 3203 sit,quod
3337 3133 3579 3189 verbum
3603 3135 3738 3207 quis

2090 3219 2340 3273 audierit
2372 3218 2650 3288 veritatis,
2709 3222 2772 3272 ut
2820 3234 2888 3272 ex
2940 3217 3250 3274 collatione
3299 3237 3500 3277 eorum
3555 3223 3744 3295 possit

334 3332 448 3372 non
499 3297 862 3372 benedixerit
907 3315 1068 3370 omni
1115 3313 1518 3370 benedictione
1574 3297 1871 3388 spirituali
1921 3318 1979 3373 in
2014 3297 2055 3362 Ο
2095 3308 2399 3379 perspicue
2432 3306 2590 3362 ΡθουῘί
2626 3307 3076 3379 560303431!)eriri
3113 3325 3124 3362 ε
3162 3308 3258 3363 Ubi
3292 3326 3522 3381 quoque
3552 3313 3742 3368 Evan-

332 3404 689 3472 coelestibus,
720 3410 777 3459 et
814 3403 1052 3474 elegerit
1098 3407 1231 3458 ante
1280 3404 1755 3461 constitutionem
1809 3423 1978 3462 mun-

330 3493 389 3548 di
445 3511 458 3549 :
508 3495 588 3548 ita
635 3491 808 3548 etiam
871 3508 1026 3546 nunc
1083 3508 1349 3563 sperasse
1406 3497 1537 3548 ante
1596 3493 1861 3550 dicamur
1922 3497 1980 3551 in

332 3583 563 3641 Christo
623 3598 689 3638 ex
745 3599 810 3637 eo
870 3585 1129 3653 tempore
1186 3598 1299 3652 quo
1355 3580 1520 3636 electi
1579 3588 1634 3637 et
1692 3585 1984 3654 praedesti-

336 3673 479 3737 nati,
539 3676 597 3727 et
649 3671 939 3726 benedicti
993 3687 1203 3726 sumus
1275 3670 1332 3725 in
1394 3670 1748 3728 coelestibus.
1818 3674 1982 3730 Alius

336 3779 473 3818 vero
520 3761 631 3818 hoc
677 3761 891 3832 dogma
949 3777 1062 3816 non
1118 3761 1440 3828 sustinens,
1491 3762 1645 3832 quod
1691 3767 1824 3817 ante
1865 3764 1983 3819 lue-

334 3852 521 3907 rimus
609 3856 666 3907 et
747 3849 1114 3922 speravimus
1199 3848 1257 3903 in
1343 3849 1594 3916 Christo,
1679 3867 1854 3922 quam
1922 3851 1982 3908 in

334 3941 446 3997 isto
474 3956 712 4013 corpore
743 3941 1112 4011 degeremus,
1162 3938 1260 3994 illo
1309 3938 1757 4010 intelligentiam
1791 3947 1981 3996 trans-

337 4033 479 4087 feret
508 4031 612 4101 [Αι.
646 4031 971 4098 taansfer.],
1007 4034 1072 4083 ut
1102 4029 1257 4083 dicat
1290 4045 1302 4083 :
1337 4029 1398 4083 In
1450 4029 1701 4085 adventu
1748 4030 1980 4086 Domini

336 4116 829 4190 Salvatoris,559
864 4118 1098 4189 quando
1129 4117 1188 4173 in
1220 4118 1456 4173 nomine
1477 4119 1606 4187 ejus
1635 4136 1807 4174 omne
1827 4135 1980 4191 genu

335 4205 602 4261 flectetur
631 4207 972 4274 caelestium,
1006 4206 1372 4262 terrestrium
1404 4211 1461 4262 et
1490 4207 1876 4277 infernarum,
1927 4213 1984 4265 et

332 4294 525 4351 omnis
572 4295 777 4369 lingua
823 4296 1214 4365 confitebitur,
1265 4297 1402 4367 quia
1466 4297 1750 4354 Dominus
1808 4298 1983 4354 Jesus

330 4384 603 4440 Christus
634 4385 692 4440 in
724 4385 910 4458 gloria
938 4390 1026 4441 est
1050 4385 1150 4440 Dei
1183 4385 1368 4440 Patris
1401 4386 1665 4459 (Philipp.
1702 4388 1859 4458 11,10,
1893 4387 1981 4458 11)

331 4490 465 4530 cum
497 4473 548 4530 ei
582 4474 800 4531 fuerint
829 4476 1104 4531 universa
1134 4475 1402 4545 subjecta
1454 4474 1499 4545 (ι
1549 4474 1676 4530 Cor.
1727 4493 1818 4542 xv,
1865 4477 1981 4547 28),

330 4563 476 4619 alios
506 4563 824 4635 voluntate,
875 4563 1020 4620 alios
1067 4563 1413 4620 necessitate
1462 4564 1882 4636 subjiciendos,
1926 4570 1982 4620 et

331 4668 429 4708 eos
450 4653 546 4724 qui
573 4659 706 4709 ante
728 4653 1096 4726 praesentiam
1121 4652 1448 4724 majestatis
1471 4654 1598 4722 eius
1621 4653 1981 4726 Speraverint
2015 4669 2060 4732 D

334 4741 393 4797 in
424 4759 579 4813 eum,
613 4744 842 4799 futuros
872 4759 1001 4799 esse
1032 4743 1088 4797 in
1121 4741 1356 4798 laudem
1388 4742 1583 4814 gloriae
1614 4743 1762 4813 ejus,
1796 4749 1853 4799 et
1881 4760 1984 4799 vo-

334 4832 452 4886 cari
483 4828 865 4901 ἀπηλπικὸτας
898 4834 952 4900 ²;
988 4849 1086 4889 eos
1107 4849 1240 4888 vero
1290 4832 1388 4904 qui
1418 4833 1628 4903 reperti
1654 4833 1870 4888 fuerint
1892 4850 1984 4888 ne-

336 4919 604 4976 cessitate
634 4920 956 4986 credentcs,
988 4937 1055 4976 eo
1087 4925 1349 4992 tempore
1378 4937 1493 4993 quo
1540 4937 1646 4977 nec
1691 4920 1984 4990 diabolus,

335 5013 392 5062 et
435 5009 625 5080 angeli
680 5011 809 5080 ejus
858 5014 1132 5081 poterunt
1179 5025 1391 5081 negare
1440 5014 1804 5082 regnantem,
1857 5029 1984 5067 esse

335 5103 637 5166 sperantes
670 5115 682 5153 :
716 5100 818 5155 sed
852 5116 966 5155 non
995 5099 1053 5154 in
1087 5099 1318 5154 laudem
1370 5099 1564 5171 gloriae
1616 5102 1764 5171 ejus.
1818 5101 1982 5165 Quod

333 5186 573 5258 quidem
606 5192 663 5242 et
695 5204 849 5244 nunc
880 5205 945 5244 ex
979 5195 1142 5261 parte
1172 5188 1440 5244 videmus
1471 5188 1852 5261 expleri,quia
1870 5190 1986 5246 alia

332 5275 412 5331 sit
443 5293 664 5332 merces
694 5278 958 5350 ejus,qui
993 5278 1286 5334 voluntate
1320 5283 1601 5351 sequatur
1634 5284 1835 5350 Deum,
1869 5279 1986 5334 alia

329 5365 431 5436 qui
465 5365 832 5422 necessitate.
858 5367 1278 5423 Verumtamen
1311 5366 1430 5423 sive
1463 5384 1565 5440 per
1594 5368 1982 5438 occasionem,

329 5455 450 5510 sive
481 5471 584 5528 per
613 5456 937 5528 veritatem,
972 5461 1201 5513 tantum
1254 5456 1552 5513 Christum
1604 5458 1986 5514 annuntietur

405 5619 418 5652 ¹
455 5616 722 5691 Rufinus,
761 5634 938 5691 quem
971 5618 1256 5691 conferas,
1289 5617 1389 5691 lib.
1425 5619 1666 5691 I,Anum.
1699 5621 1790 5687 29,
1823 5620 1892 5674 30
1930 5623 1986 5674 et

333 5705 454 5765 seq.
490 5689 584 5765 hic
617 5689 931 5765 interserit,
966 5690 1132 5765 idest
1170 5695 1316 5765 ante.
1353 5689 1530 5765 Paulo
1557 5707 1806 5765 (quoque
1856 5697 1987 5765 post

336 5761 704 5838 benedixerat,
737 5767 795 5820 et
824 5762 1078 5840 elegerat,
1113 5778 1218 5837 pro
1247 5761 1608 5833 benedwcerit,
1635 5767 1694 5820 et
1713 5761 1982 5839 elegerit,

2092 3397 2306 3468 gelium
2343 3396 2706 3452 nominatum
2743 3397 2839 3461 sit,
2872 3396 2992 3451 sive
3026 3413 3157 3451 cum
3191 3398 3742 3466 additamento,sive

2092 3484 2557 3542 absolute.Verbi
2579 3485 2766 3557 gratia
2787 3501 2922 3541 cum
2946 3483 3366 3552 additamenta,
3384 3489 3742 3558 Evangelium

2091 3591 2273 3630 meum
2304 3575 2479 3645 (llam.
2513 3591 2624 3644 xvr,
2659 3574 2770 3641 25),
2805 3582 2855 3628 et
2888 3575 3254 3642 Evangelium
3282 3577 3405 3631 Jesu
3433 3576 3643 3632 Christi
3670 3579 3744 3648 (ΙΙ

2098 3665 2219 3719 Cor.
2255 3681 2314 3730 ιι,
2351 3664 2438 3733 12)
2471 3671 2525 3717 et
2557 3663 2912 3733 Evangelium
2940 3672 3216 3719 aeternum
3267 3665 3450 3736 (Apoc.
3501 3682 3614 3734 xxv,
3646 3668 3738 3739 6);

2102 3753 2184 3808 vel
2205 3753 2356 3825 quod
2383 3770 2537 3807 nunc
2558 3752 2772 3807 dicitur
2794 3752 2863 3807 ad
2891 3752 3558 3827 Ephesios,Evangelium
3588 3758 3738 3814 salu-

2090 3846 2160 3899 tis
2190 3852 2400 3900 vestra".
2438 3841 2711 3898 Absolute
2742 3859 2892 3908 vero,
2926 3847 2991 3897 ut
3021 3859 3152 3898 cum
3187 3842 3448 3915 loquitur
3467 3845 3538 3901 de
3561 3845 3738 3914 Luca,

2093 3933 2262 4004 Cujus
2293 3933 2414 3987 laus
2446 3933 2504 3986 in
2533 3932 2826 4002 Evangelia
2853 3948 2952 4002 per
2976 3948 3162 3987 omnes
3194 3934 3470 3989 Ecclesias
3494 3936 3565 4006 (ll
3606 3936 3738 3992 Car.

2091 4039 2210 4085 vm,
2250 4020 2652 4092 1~).Signatur
2681 4025 2873 4075 autem
2911 4020 3009 4092 qui
3043 4021 3296 4075 audierit
3326 4024 3563 4078 verbum
3593 4024 3738 4080 veri-

2090 4111 2249 4174 tatis,
2275 4113 2331 4164 et
2354 4107 2662 4164 crediderit
2685 4107 2741 4161 in
2765 4123 2850 4177 eo,
2872 4107 3090 4178 Spiritu
3115 4111 3581 4180 repromissionis
3605 4129 3740 4167 san-

2092 4197 2352 4261 cto.Quia
2384 4195 2553 4252 multi
2585 4202 2723 4250 sunt
2755 4197 2851 4268 qui
2887 4197 3282 4264 audierunt,et
3303 4197 3590 4254 increduli
3618 4217 3744 4272 per-

2094 4293 2418 4354 manentes,
2456 4302 2826 4358 nequaquam
2853 4285 3220 4356 signaculum
3273 4289 3459 4343 sancti
3492 4288 3744 4360 Spiritus

2091 4377 2386 4434 consecuti
2419 4375 2808 4432 sunt.Dicitur
2845 4380 2902 4430 et
2943 4375 3012 4430 ad
3037 4375 3358 4447 principem
3389 4377 3546 4450 Tyri,
3584 4379 3657 4433 Tu
3685 4394 3740 4434 es

2092 4467 2442 4538 signaculum
2497 4464 2895 4520 similitudinis
2952 4465 3054 4520 Dei
3102 4465 3312 4536 (Esech.
3372 4484 3570 4538 xxvm,
3633 4469 3740 4538 12).

2093 4555 2472 4628 Signaculum
2507 4559 2702 4609 autem
2752 4553 2853 4610 Dei
2903 4560 3012 4621 est,
3060 4560 3125 4609 ut
3172 4556 3466 4626 quomodo
3515 4557 3744 4630 primus

2094 4646 2267 4701 homo
2297 4644 2568 4699 conditus
2609 4648 2696 4699 est
2737 4644 2808 4698 ad
2855 4643 3173 4716 imaginem
3204 4650 3261 4699 et
3290 4645 3741 4705 similitudinem

2099 4735 2192 4790 Dei
2229 4751 2241 4789 :
2276 4733 2359 4788 sic
2389 4733 2448 4787 in
2482 4733 2740 4788 secunda
2772 4733 3205 4804 regeneratione
3237 4735 3576 4808 quicunque
3613 4738 3738 4810 Spi-

2095 4824 2272 4878 ritum
2305 4827 2574 4878 sanctum
2626 4823 2800 4876 fuerit
2848 4828 3216 4893 consecutus,
3253 4825 3519 4895 signetur
3549 4826 3619 4880 ab
3651 4843 3739 4892 eo,

2094 4918 2152 4968 et
2182 4913 2427 4985 ﬁguram
2460 4911 2782 4966 conditoris
2829 4910 3094 4982 accipiat.
3147 4913 3533 4977 Qumrendum
3565 4914 3738 4970 etiam

2096 5002 2195 5056 ubi
2227 5000 2363 5056 alibi
2399 4999 2682 5070 scriptum
2719 5000 2798 5055 sit
2830 5017 2842 5055 :
2877 5000 3114 5070 Spiritus
3144 5004 3586 5072 repromissionis
3609 5019 3736 5057 san-

2093 5098 2241 5142 ctus:
2259 5086 2344 5141 vel
2377 5087 2517 5158 quid
2551 5087 2983 5160 signiﬁcetEgo
3006 5088 3160 5142 enim
3185 5090 3408 5145 aestimo
3431 5091 3568 5160 quia
3587 5091 3741 5144 sicut

2095 5177 2351 5249 Spiritus
2383 5180 2622 5232 sanctus
2651 5180 2922 5231 sanctum
2959 5177 3095 5232 facit
3124 5193 3256 5233 eum
3302 5177 3394 5234 cui
3447 5179 3618 5233 fuerit
3650 5179 3738 5233 in-

2095 5267 2264 5322 fusus
2299 5282 2310 5319 :
2347 5270 2403 5321 et
2433 5266 2678 5336 spiritus
2725 5265 3042 5338 sapientiae,
3080 5267 3404 5339 sapientem
3438 5286 3451 5322 :
3485 5271 3541 5322 et
3572 5266 3739 5321 intel-

2094 5354 2368 5427 ligentite,
2403 5354 2825 5427 intelligen‘tem
2864 5373 2876 5410 :
2910 5359 2966 5410 et
2996 5354 3244 5420 consilii,
3279 5362 3516 5411 cautum
3569 5359 3741 5428 atque

2095 5443 2428 5499 consultum
2481 5461 2494 5501 :
2547 5449 2602 5498 et
2652 5443 3034 5512 fortitudinis,
3083 5443 3289 5499 fortem
3329 5461 3341 5498 :
3375 5449 3432 5498 et
3461 5442 3739 5520 scientias,

2093 5623 2185 5679 his
2233 5639 2302 5679 ue
2333 5622 2552 5678 similia
2585 5621 2798 5678 rectius
2828 5623 3006 5677 ferme
3037 5621 3197 5694 legit.

2162 5640 2280 5752 'qln
2308 5695 2673 5752 Cisterciens.
2710 5711 2844 5752 ms..
2877 5689 3197 5752 προηλπικόι

2162 5696 2183 5730 ³
2207 5689 2280 5752 Ὶη
2308 5695 2673 5753 Cisterciens.
2710 5711 2844 5766 πλε..
2877 5689 3310 5767 προηλπῖκότας.
