4332 6594
603 441 716 499 487

1850 435 1917 494 S.
1962 431 2276 496 EUSEBII
2322 421 2765 492 HIERONYMI

3889 423 4010 485 188

598 571 878 627 scientem
915 585 927 625 :
961 573 1017 624 et
1045 566 1299 640 pietatis.
1331 566 1496 639 pium
1528 583 1540 622 :
1577 571 1632 622 et
1662 565 1914 632 timoris,
1945 565 2243 628 timidum,
2275 563 2329 630 Α
2359 562 2710 618 haereditatis
2737 564 2967 623 nostrae,
2999 558 3210 613 idcirco
3251 573 3409 612 nunc
3458 557 3678 613 sanctis
3710 558 3904 627 datur,
3939 561 4008 614 ut

599 660 727 730 (Isa.
759 676 838 723 χι,
868 660 923 728 '2,
955 659 1030 727 3).
1064 657 1278 726 Deique
1334 656 1544 711 timore
1597 655 1985 728 trepidantem
2021 671 2034 708 :
2071 654 2150 708 ita
2191 657 2248 707 et

600 747 844 819 spiritus
875 745 1344 818 repromissionis
1376 745 1461 798 vel
1496 745 1736 816 spiritus
1773 745 2245 813 Dei,sponsorem

602 843 660 891 et
693 841 871 892 Deum
905 835 1039 889 facit
1085 850 1218 889 eum
1271 833 1329 887 in
1381 849 1496 903 quo
1544 832 1913 886 habitaverit.
1947 830 2246 894 Quomodo

603 923 924 979 econtrario
959 921 1300 978 immundus
1329 920 1578 991 Spiritus
1612 919 1985 973 immundum
2016 919 2170 984 facit,
2191 920 2247 972 et

601 1027 878 1084 spurcam
911 1011 1022 1067 sibi
1051 1011 1292 1066 domum
1327 1012 1611 1082 praeparat
1641 1024 1892 1079 spurcus
1923 1007 2239 1062 habitator:

601 1101 1002 1156 fornicationis
1031 1115 1262 1171 quoque
1293 1097 1534 1170 spiritus
1562 1097 1740 1151 eflicit
1770 1099 2139 1158 scortatores,
2174 1095 2246 1148 de

601 1189 820 1262 quibus
849 1195 905 1244 et
937 1188 1217 1260 propheta
1263 1187 1524 1258 loquitur
1557 1203 1568 1239 ε
1606 1185 1816 1256 Spiritu
1860 1183 2245 1253 fornicationis

592 1279 801 1335 seducti
823 1282 948 1333 sunt
979 1278 1148 1347 (Osee,
1185 1293 1257 1340 ιν,
1294 1277 1378 1346 12)
1415 1294 1428 1332 :
1463 1280 1519 1330 et
1550 1289 1798 1344 nequam
1832 1271 2093 1343 spiritus,
2145 1277 2241 1326 n'e-

594 1383 775 1439 quem
807 1365 944 1420 facit
974 1365 1242 1419 homines
1272 1367 1445 1434 atque
1479 1377 1779 1435 perversos
1812 1379 1824 1416 :
1859 1361 2243 1416 etdoemonia-

593 1473 694 1512 cus
731 1457 768 1523 ¹,
801 1458 1094 1510 daemones
1127 1472 1140 1511 :
1178 1453 1487 1526 qualisque
1511 1453 1687 1507 fuerit
1714 1451 1929 1522 liquor,
1953 1451 2051 1522 qui
2084 1467 2242 1505 novae

590 1551 751 1602 testa:
781 1545 1015 1600 infusus
1044 1549 1153 1610 est,
1187 1542 1359 1598 talem
1394 1542 1495 1596 diu
1527 1546 1677 1597 testa
1731 1546 1786 1595 et
1837 1541 2073 1596 odorem
2107 1540 2240 1594 reti-

591 1639 712 1701 net,
744 1639 803 1689 et
833 1649 1124 1704 saporem.

659 1722 847 1793 (Vere.
883 1722 989 1791 14.)
1022 1744 1050 1769 ‹‹
1085 1721 1190 1784 Qui
1223 1725 1313 1776 est
1358 1719 1574 1791 pignus
1625 1718 1980 1774 hereditatis
2029 1722 2239 1773 nostrae

591 1813 650 1866 in
703 1811 1158 1881 redemptionem
1215 1809 1568 1880 adOptionis,
1631 1809 1688 1862 in
1747 1808 1981 1862 laudem
2045 1807 2239 1879 gloriae

588 1899 801 1971 ipsius.
842 1923 861 1947 ι
900 1901 1107 1968 Pignus
1163 1899 1404 1953 Latinus
1450 1898 1733 1968 interpres
1783 1913 1887 1968 pro
1937 1897 2242 1952 arrhabone
2271 1929 2317 1996 Β

587 1989 800 2059 posuit.
836 1989 961 2044 Non
993 1987 1249 2060 idipsum
1303 1993 1499 2042 autem
1533 1987 1791 2051 arrhabo,
1825 1986 1979 2056 quod
2032 1988 2240 2058 pignus

589 2082 778 2134 sonat.
811 2076 1072 2130 Arrhabo
1103 2076 1259 2131 enim
1291 2075 1498 2129 futurae
1531 2074 1810 2146 emptioni
1844 2074 2013 2145 quasi
2053 2076 2240 2145 quod-

591 2167 728 2222 dam
759 2165 907 2222 56]
955 2164 1380 2228 testimonium,
1432 2168 1489 2219 et
1534 2163 1994 2234 obligamentum
2045 2164 2235 2219 datur.

588 2253 808 2326 Pignus
841 2269 995 2318 vero,
1029 2253 1136 2307 hoc
1167 2257 1274 2322 est,
1310 2249 1588 2325 ἐνέχυρον,
1624 2268 1726 2322 pro
1761 2261 1964 2304 mutua
1996 2251 2242 2322 pecunia

592 2343 907 2414 opponitur
939 2360 951 2396 :
988 2347 1052 2396 ut
1081 2358 1213 2396 cum
1251 2340 1350 2396 illa
1380 2340 1606 2395 reddita
1637 2339 1830 2403 fuerit,
1855 2340 2115 2394 reddenti
2140 2341 2237 2394 de-

595 2431 784 2486 bitum
818 2431 1030 2502 pignus
1057 2447 1090 2484 a
1119 2431 1404 2485 creditore
1447 2429 1738 2482 reddatur.
1794 2428 2050 2483 Rursum
2081 2428 2141 2482 in
2173 2444 2238 2483 eo

591 2519 717 2574 ubit
744 2521 827 2574 ait
856 2537 874 2573 :
906 2524 968 2574 In
1003 2519 1427 2590 redemptionem
1458 2519 1790 2588 adoptionis,
1828 2534 1940 2572 non
1973 2517 2148 2572 habet
2179 2517 2237 2572 in

590 2609 788 2664 Graeco
818 2606 1105 2676 υἱοθεσίαν,
1163 2610 1261 2663 sed
1313 2605 1733 2681 περιποίησιν¹,
1764 2623 1940 2677 quam
1993 2623 2098 2661 nos
2149 2623 2235 2661 ac-

587 2699 958 2768 quisitionem,
993 2697 1114 2752 sive
1145 2699 1555 2768 possessionem,
1607 2711 1926 2767 possumus
1977 2696 2169 2750 dicere
2221 2712 2232 2749 :

589 2801 694 2840 nec
723 2791 921 2840 tamen
951 2784 1068 2840 vim
1103 2785 1394 2840 sermonis
1423 2783 1838 2855 expressimus.
1865 2782 2048 2837 Multa
2077 2783 2234 2838 enim

589 2875 769 2929 verba
797 2879 956 2944 sunt,
990 2891 1115 2944 quae
1147 2889 1250 2929 nec
1274 2874 1346 2929 de
1377 2874 1570 2928 Graeco
1617 2873 1674 2926 in
1729 2872 2000 2927 Latinum
2043 2877 2233 2926 trans-

589 2963 726 3017 ferri
775 2961 993 3027 valent,
1042 2979 1146 3018 nec
1197 2963 1266 3016 de
1319 2962 1596 3016 Hebraico
1623 2960 1684 3015 in
1716 2961 1977 3016 Graecum
2013 2978 2025 3014 :
2060 2965 2117 3015 et
2150 2977 2234 3015 re-

592 3051 821 3122 ciproce
851 3067 955 3104 nec
987 3051 1056 3105 de
1089 3050 1294 3105 Latino
1342 3050 1400 3104 in
1451 3052 1733 3115 Graecum,
1769 3066 1870 3103 nec
1921 3050 1992 3103 de
2041 3051 2234 3104 Graeco

587 3138 650 3194 in
677 3139 1004 3194 Hebraeum.
1037 3138 1381 3210 Quicunque
1413 3138 1592 3210 igitur
1641 3155 1753 3192 non
1805 3142 2032 3192 tantum
2064 3139 2237 3209 Spiri-

585 3231 710 3282 tum
745 3232 1037 3295 sanctum,
1073 3228 1172 3282 sed
1207 3229 1494 3298 Spiritum
1526 3232 1790 3282 sanctum
1825 3227 2230 3299 repromissio-

2358 653 2720 708 redimantur
2767 658 2820 706 et
2871 647 3214 720 copulentur
3263 652 3374 702 Deo
3417 647 3474 702 in
3528 647 3761 702 laudem
3807 647 4004 720 gloria:

2358 740 2565 812 ipsius.
2598 741 2720 795 Non
2753 739 2904 812 quod
2938 738 3089 793 Deus
3119 735 3289 791 laude
3317 735 3571 806 alicujus
3601 735 4001 808 indigeat,sed

2356 847 2470 901 quo
2501 829 2629 884 laus
2657 829 2754 884 Dei
2787 826 3188 883 laudatoribus
3221 825 3422 896 prosit,
3456 829 3514 878 et
3543 824 3685 880 dum
3732 842 3836 897 per
3886 826 4006 883 sin-

2355 919 2493 991 gula
2522 935 2697 989 Opera
2729 917 3094 988 majestatem
3129 914 3314 985 ipsius
3346 914 3814 984 magnitudinem
3865 929 3999 988 cog-

2355 1006 2622 1075 nbscunt,
2686 1006 2754 1059 ad
2819 1004 3176 1060 laudandum
3232 1017 3367 1057 eum
3418 1001 3698 1057 miraculo
3737 1005 4000 1075 stuporis

2353 1099 2680 1165 erumpant.

2425 1183 2606 1255 (Vers.
2644 1183 2858 1253 15-18.)
2890 1182 3042 1239 56!
3078 1197 3090 1236 :
3129 1205 3154 1230 ‹‹
3189 1181 3495 1253 Propterea
3525 1186 3582 1236 et
3612 1195 3718 1253 ego
3747 1181 3997 1240 audiens

2351 1274 2525 1328 ﬁdem
2560 1276 2811 1327 vestram
2841 1273 2897 1326 in
2932 1271 3172 1325 Domino
3201 1271 3359 1336 Jesu,
3393 1276 3448 1324 et
3481 1270 3534 1324 in
3567 1285 3773 1325 omnes
3825 1288 3993 1327 sanc-

2351 1367 2462 1429 tos,
2492 1379 2605 1417 non
2636 1378 2798 1417 cesso
2828 1360 3046 1432 gratias
3078 1375 3254 1430 agens
3301 1375 3401 1430 pro
3431 1359 3615 1426 vobis,
3650 1360 3994 1417 memoriam

2349 1451 2523 1506 vestri
2552 1451 2766 1506 faciens
2800 1451 2858 1504 in
2890 1449 3250 1504 orationibus
3282 1447 3463 1503 meis:
3492 1453 3555 1502 ut
3589 1453 3737 1504 Deus
3760 1448 3990 1506 Domini

2352 1539 2536 1595 nostri
2560 1541 2697 1595 Jesu
2728 1539 2966 1604 Christi,
2999 1538 3164 1593 Pater
3192 1537 3408 1609 gloriae,
3461 1538 3556 1593 det
3607 1536 3770 1594 vobis
3820 1539 3992 1613 spiri-

2349 1633 2474 1684 tum
2525 1629 2821 1700 sapientize
2865 1633 2922 1683 et
2972 1626 3339 1682 revelationis
3390 1626 3447 1679 in
3507 1625 3801 1698 agnitione
3843 1630 3992 1698 ejus,

2350 1717 2713 1773 illuminatos
2762 1717 2962 1773 oculos
3009 1715 3200 1771 cordis
3247 1714 3441 1770 vestri.
3475 1737 3504 1766 ››
3541 1715 3695 1771 Licet
3731 1716 3887 1772 verbi
3917 1718 3991 1773 ad

2348 1807 2588 1862 verbum
2621 1821 2895 1876 expressa
2925 1803 3228 1859 translatio
3260 1802 3444 1874 possit
3471 1803 3813 1875 Apostolum
3859 1804 3991 1859 dili-

2350 1897 2507 1967 genti
2538 1911 2812 1950 excusare
2845 1893 3064 1963 lectori,
3098 1893 3251 1964 quod
3299 1893 3569 1946 videatur
3613 1893 3807 1949 omnis
3855 1910 3987 1950 sen-

2348 1983 2540 2040 tentiae
2573 1989 2791 2038 scatere
2819 1986 3214 2048 contextus,et
3244 1981 3610 2037 solmcismus
3641 1980 3990 2050 ﬁeri,tamen

2349 2079 2405 2128 et
2461 2072 2519 2126 in
2575 2076 2768 2126 Graeco
2817 2071 3018 2126 vitium
3070 2074 3258 2125 sonat.
3309 2070 3467 2125 Unde
3516 2075 3570 2124 et
3623 2086 3727 2126 nos
3774 2072 3985 2128 Grtccis

2351 2161 2542 2232 potius
2581 2161 3105 2216 calumniatoribus
3154 2159 3593 2230 respondentes,
3643 2162 3992 2217 conabimur

2348 2251 2620 2322 itajuxta
2660 2266 2897 2305 sensum
2944 2255 3271 2321 temperare
3327 2266 3338 2303 :
3393 2248 3656 2304 ordinem
3691 2249 3991 2321 lectionis,

2350 2345 2413 2393 ut
2455 2340 2719 2394 dicamus
2754 2355 2765 2393 :
2799 2338 3056 2393 Audiens
3107 2338 3276 2392 fidem
3327 2343 3580 2393 vestram
3633 2339 3690 2392 in
3743 2339 3991 2396 Domino

2347 2429 2508 2498 Jesu,
2542 2434 2599 2483 et
2629 2428 2684 2482 in
2717 2443 2921 2482 omnes
2952 2430 3183 2483 sanctos
3212 2428 3340 2497 ejus
3397 2443 3410 2480 :
3461 2427 3777 2498 vidensque
3826 2428 3987 2484 dill‘e-

2348 2518 2596 2572 rentiam
2632 2517 2761 2572 fidei
2812 2521 3014 2572 vestrae
3062 2516 3120 2570 in
3181 2516 3513 2582 Dominum,
3562 2519 3617 2571 et
3674 2516 3730 2570 in
3785 2531 3992 2574 omnes

2347 2610 2581 2661 sanctos
2611 2608 2758 2676 ejus,
2790 2621 2904 2660 non
2946 2620 3110 2658 cesso
3157 2605 3375 2676 gratias
3421 2619 3612 2676 agere,
3667 2611 3722 2659 et
3771 2619 3990 2660 memo-

2347 2695 2492 2749 riam
2525 2694 2698 2749 vestri
2734 2696 2918 2748 l‘acere
2950 2694 3006 2747 in
3041 2693 3403 2748 orationibus
3433 2693 3609 2760 meis;
3644 2699 3710 2748 ut
3757 2693 3989 2749 Domini

2346 2783 2531 2839 nostri
2563 2783 2699 2838 Jesu
2733 2783 2943 2837 Christi
2983 2787 3150 2851 Deus,
3197 2783 3364 2838 Pater
3410 2788 3604 2838 autem
3643 2782 3861 2855 gloriae,
3895 2784 3991 2839 det

2345 2871 2508 2926 vobis
2537 2869 2813 2943 spiritum
2845 2871 3142 2942 sapientiae
3175 2875 3231 2926 et
3261 2870 3645 2926 revelationis.
3689 2873 3852 2937 Quod
3884 2889 3987 2928 au-

2343 2965 2460 3016 tem
2494 2961 2759 3032 sequitur
2792 2978 2805 3015 :
2838 2960 3180 3015 lliuminatos
3227 2960 3407 3014 oculos
3453 2961 3630 3015 cordis
3679 2963 3865 3032 vestri,
3908 2961 3990 3016 ita

2345 3067 2446 3122 per
2479 3050 2834 3121 hyperbaton
2869 3050 3028 3103 recidi
3063 3052 3250 3119 potest
3283 3064 3295 3102 :
3331 3049 3641 3120 Propterea
3669 3054 3726 3104 et
3751 3061 3860 3122 ego
3891 3065 3992 3106 au-

2345 3139 2513 3193 diens
2545 3139 2718 3192 ﬁdem
2753 3143 3000 3192 vestram
3036 3137 3090 3191 in
3126 3137 3370 3192 Domino
3399 3139 3537 3192 .Iesu
3582 3137 3641 3192 in
3691 3138 3988 3210 agnitione

2344 3229 2490 3298 ejus,
2527 3227 2887 3281 illuminatos
2927 3225 3126 3282 oculos
3157 3225 3350 3281 cordis
3381 3225 3576 3292 vestri,
3610 3232 3666 3282 et
3691 3227 3750 3282 in
3783 3244 3988 3283 omnes

587 3317 682 3372 nis
713 3317 1019 3388 acceperit,
1059 3316 1233 3373 simul
1288 3321 1697 3388 consequetur,
1745 3321 1799 3370 et
1846 3316 2230 3372 arrhabonem
2263 3301 2304 3367 (Σ
2345 3322 2598 3381 sanctos,
2627 3333 2740 3371 non
2773 3331 2958 3380 cesso,
2991 3316 3209 3387 gratias
3266 3330 3443 3387 agens
3495 3332 3596 3387 pro
3644 3317 3826 3383 vobis,
3862 3333 3987 3372 me-

589 3405 1100 3476 haereditatis,quze
1123 3405 1428 3460 haereditas
1446 3406 1564 3460 vita
1587 3409 1863 3476 perpetua
1887 3407 2068 3461 est.Et
2087 3423 2230 3478 quo-

585 3495 757 3550 modo
791 3510 859 3550 ex
887 3494 1211 3550 arrhabone
1239 3495 1565 3549 aestimatur
1585 3494 1775 3565 qualis
1797 3496 2014 3566 emptio
2038 3495 2233 3552 futura

584 3585 680 3651 sit,
715 3588 772 3640 et
803 3601 928 3656 quae
962 3583 1256 3656 possessio
1294 3601 1305 3637 :
1339 3585 1497 3655 verbi
1527 3601 1726 3650 causa,
1778 3601 1846 3638 ex
1896 3585 2094 3640 decem
2137 3603 2230 3640 so-

582 3672 742 3742 lidis,
775 3677 1009 3728 centum
1041 3673 1355 3728 solidorum
1386 3672 1548 3742 villa,
1577 3677 1632 3727 et
1660 3688 1729 3727 ex
1758 3678 1991 3728 centum
2025 3674 2228 3730 solidis

583 3760 744 3816 mille
775 3759 1096 3817 solidorum
1130 3763 1454 3833 possessio;
1488 3761 1568 3815 ita
1605 3777 1674 3815 ex
1716 3762 1989 3817 varietate
2029 3762 2225 3830 arrha-

583 3850 774 3920 bonis,
810 3849 1427 3921 haereditatie,quoque
1457 3855 1656 3921 postea
1688 3856 1972 3906 secuturae
2003 3853 2227 3923 magni-

581 3939 724 3994 tudo
756 3937 1146 4010 cognoscitur.
1182 3939 1457 4003 Quamvis
1487 3943 1685 3994 autem
1719 3946 1960 3996 sanctus
2000 3941 2076 3996 sit
2124 3940 2229 3996 ali-

585 4027 718 4098 quis
750 4031 926 4098 atque
956 4028 1268 4099 perfectus,
1303 4032 1359 4083 et
1389 4027 1652 4084 omnium
1673 4028 1899 4098 judicio
1923 4029 2230 4085 beatitudi-

585 4131 659 4170 ne
679 4115 894 4188 dignus
918 4122 1154 4188 putetUr
1186 4134 1199 4173 :
1235 4122 1428 4173 tamen
1453 4118 1522 4173 ad
1551 4118 1806 4173 futuram
1831 4117 2227 4174 haereditatem

582 4222 738 4261 nunc
770 4205 1156 4262 arrhabonem
1179 4212 1268 4262 cet
1287 4208 1540 4278 Spiritus
1565 4207 1998 4262 consecutus.Si
2032 4212 2226 4262 autem

581 4291 830 4351 arrhabo
860 4301 1082 4362 tantus,
1111 4301 1333 4368 quanta
1381 4295 1491 4350 erit
1543 4297 1669 4367 ipsa
1717 4297 2047 4366 possessio?
2078 4298 2226 4361 Quo-

580 4385 754 4440 modo
785 4390 982 4440 autem
1015 4385 1265 4439 arrhabo
1299 4385 1398 4455 qui
1430 4385 1599 4439 nobis
1632 4383 1930 4450 tribuitur,
1980 4401 2093 4439 non
2140 4390 2229 4440 est

580 4479 741 4528 extra
772 4489 912 4540 nos;
946 4475 1044 4529 sed
1079 4475 1231 4528 intra
1265 4489 1368 4528 nos
1399 4478 1523 4528 est:
1554 4473 1638 4527 sic
1659 4479 1716 4528 et
1739 4479 1866 4545 ipsa
1898 4474 2223 4542 hereditas,

579 4560 689 4615 hoc
720 4565 809 4615 est
836 4575 1082 4632 regnum
1116 4561 1215 4616 Dei
1247 4562 1403 4631 quod
1431 4562 1587 4616 intra
1620 4578 1724 4616 nos
1767 4569 1857 4618 est
1885 4567 2036 4630 (Luc.
2088 4579 2224 4630 xvn,

2343 3406 2589 3460 muriam
2621 3406 2792 3460 vestri
2827 3405 3013 3460 facere
3045 3405 3101 3459 in
3135 3405 3494 3461 orationibus
3529 3406 3694 3473 meis,
3727 3411 3793 3461 ut
3831 3407 3985 3462 Deus

2340 3495 2568 3550 Domini
2606 3494 2785 3549 nostri
2812 3494 2950 3549 Jesu
2985 3493 3200 3548 Christi
3236 3494 3405 3549 Pater
3433 3494 3628 3566 gloriae
3659 3495 3680 3530 ³
3701 3495 3798 3550 det
3827 3496 3990 3552 vobis

2341 3583 2611 3657 spiritum
2662 3583 2980 3654 sapientize,
3015 3588 3068 3637 et
3101 3582 3470 3638 revelationis
3502 3584 3558 3638 in
3593 3584 3984 3656 agnitionem;

2341 3680 2405 3728 ut
2435 3673 2633 3728 sciatis
2662 3690 2790 3744 qua;
2821 3673 2896 3727 sit
2925 3688 3060 3743 epes
3091 3672 3406 3728 vocationis
3439 3678 3657 3740 vestrm,
3692 3675 3987 3730 etc.Porro

2342 3767 2490 3818 Deus
2525 3761 2752 3816 Domini
2787 3761 2969 3817 nostri
3001 3761 3139 3816 Jesu
3173 3762 3409 3827 Christi,
3444 3763 3612 3819 Pater
3639 3769 3837 3819 autem
3861 3763 3981 3836 glo-

2340 3851 2456 3919 riae,
2490 3851 2571 3905 ita
2601 3849 3036 3922 intelligendus,
3067 3858 3131 3906 ut
3160 3853 3450 3923 quomodo
3481 3853 3764 3908 Dominus
3789 3858 3988 3909 noster

2337 3940 2511 3995 Jesus
2539 3939 2811 3994 Christus
2854 3940 2978 4011 ipse
3026 3947 3113 3994 est
3161 3957 3374 4012 sermo,
3409 3941 3716 4013 sapientia,
3747 3941 3988 4010 veritas,

2339 4045 2472 4101 pax,
2516 4028 2772 4098 justitia,
2825 4029 3100 4083 fortitudo
3149 4031 3325 4099 (Joan.
3384 4048 3419 4098 ι,
3472 4032 3531 4096 1;
3563 4032 3765 4097 x1v,6;
3801 4034 3823 4087 Ι
3854 4031 3978 4087 Cor.

2338 4120 2448 4189 30),
2497 4118 2620 4190 ipse
2669 4119 2744 4189 sit
2790 4117 2965 4172 etiam
3023 4118 3228 4189 gloria,
3259 4119 3582 4174 secundum
3631 4119 3775 4176 illud
3828 4121 3984 4192 quod

2339 4207 2476 4261 alibi
2507 4206 2720 4261 dicitur
2753 4224 2764 4261 :
2798 4209 3092 4278 Apparebit
3122 4209 3229 4278 glm
3247 4210 3304 4264 ia
3356 4210 3461 4264 Dei
3510 4209 3701 4281 (Levii.
3733 4227 3808 4276 ix,
3841 4211 3930 4282 23)
3966 4227 3979 4266 :

2337 4302 2396 4351 et
2425 4295 2482 4350 in
2514 4296 2671 4350 omni
2706 4311 2851 4367 pene
2892 4297 3068 4351 veteri
3121 4297 3289 4369 Lege,
3340 4297 3622 4370 scriptum
3669 4303 3759 4354 est
3807 4315 3984 4370 super

2337 4383 2779 4440 tabernaculum
2810 4386 3128 4440 testimonii
3173 4387 3356 4442 visam
3401 4404 3528 4443 esse
3585 4388 3827 4460 gloriam
3880 4387 3978 4443 Dei

2337 4474 2532 4545 (Num.
2567 4491 2642 4531 1x.
2679 4475 2745 4527 15
2772 4475 2963 4546 seqq.).
3008 4475 3077 4529 Et
3119 4474 3431 4531 Psalmista
3478 4478 3635 4532 canit
3666 4495 3679 4532 :
3713 4478 3976 4551 Exsurge,

2334 4563 2514 4632 gloria
2545 4579 2667 4618 mea.
2694 4580 2926 4634 exsurge
2957 4563 3127 4634 (Ρδαι.
3161 4581 3294 4632 cvn,
3327 4567 3399 4634 3).
3435 4569 3568 4632 Quae
3619 4566 3806 4639 gloria
3852 4566 3984 4622 illu-

577 4649 692 4716 21),
725 4650 784 4702 in
817 4648 986 4704 nobis
1019 4655 1287 4705 versatur
1334 4649 1704 4706 intrinsecus.
1740 4652 1872 4714 Quae
1923 4653 2078 4707 enim
2124 4670 2222 4724 ρο·
2259 4673 2302 4737 D
2337 4653 2569 4708 minans
2601 4670 2707 4708 suo
2739 4653 2960 4725 fulgore
2993 4655 3305 4725 mundum,
3331 4656 3615 4728 templum
3646 4657 3756 4712 sibi
3780 4658 3850 4712 de
3871 4656 3982 4713 vir-

579 4741 696 4792 test
725 4753 854 4792 esse
886 4740 1075 4809 major
1123 4738 1450 4807 haereditas,
1506 4757 1683 4811 quam
1743 4742 2124 4813 contemplari
2169 4747 2227 4797 et

576 4825 770 4881 videre
796 4841 971 4881 sensu
1012 4826 1522 4897 pulchritudinem
1574 4829 1907 4902 Sapientim,
1937 4835 1996 4886 et
2036 4831 2222 4898 Verbi,

577 4921 635 4970 et
667 4914 963 4983 Veritatis,
997 4923 1054 4971 et
1084 4917 1370 4982 Luminis,
1423 4925 1479 4973 et
1529 4919 1715 4990 ipsius
1761 4919 2137 4986 ineffabilem,
2170 4926 2226 4975 et

578 5003 953 5076 magnificam
985 5005 1084 5060 Dei
1121 5007 1488 5062 considerare
1523 5013 1817 5075 naturam,
1841 5010 2224 5080 omniumque

582 5111 707 5167 quae
758 5094 863 5164 [AL
910 5094 1034 5165 qui]
1086 5096 1156 5149 ad
1208 5095 1654 5152 similitudinem
1704 5097 1805 5152 Dei
1856 5099 2086 5153 condita
2117 5099 2220 5170 [Αἰ.

578 5184 820 5255 conditi]
878 5188 1038 5252 sunt,
1101 5185 1490 5240 substantiam
1549 5187 1992 5243 contueri?Iste
2026 5193 2220 5243 autem

577 5273 822 5346 spiritus
853 5272 1328 5345 repromissionis
1376 5277 1635 5342 sanctus,
1687 5275 1787 5346 qui
1837 5281 1925 5331 est
1973 5276 2222 5333 arrhabo

649 5472 663 5504 ¹
725 5469 940 5541 Regius
992 5486 1101 5525 ms.
1167 5470 1366 5535 codex,
1425 5477 1478 5526 et
1521 5471 1905 5534 daemoniacos,
1965 5471 2220 5534 daemon.-

575 5541 878 5615 gnatisque,
900 5548 1018 5615 _etc.
1056 5559 1204 5613 quae,
1240 5542 1407 5598 lectio
1454 5559 1569 5597 non
1614 5545 1806 5614 potest
1854 5544 2087 5615 penitus
2137 5563 2220 5601 re-

575 5612 827 5684 probari.
863 5613 1043 5668 MART.

644 5684 670 5758 3A
726 5682 992 5739 Veterem
1040 5684 1320 5758 Latinam
1381 5684 1925 5758 interpretationem
1985 5687 2066 5742 ita
2116 5687 2216 5745 ha-

572 5753 792 5831 buisse,
835 5755 1100 5813 nonnulli
1148 5759 1476 5817 etiamnum
1525 5753 1774 5832 codices,
1836 5759 2218 5835 auctoresque

2333 4742 2514 4814 ginali
2545 4748 2709 4798 utero
2745 4743 3026 4798 fabricata
3055 4749 3162 4799 est.
3209 4744 3388 4814 Cujus
3417 4745 3621 4817 templi
3653 4746 3824 4802 Pater
3850 4745 3974 4819 glo-

2334 4832 2432 4886 ria:
2464 4831 2718 4886 efficitur
2748 4832 2921 4887 Deus.
2959 4833 3027 4887 Et
3057 4833 3152 4886 ubi
3186 4833 3454 4890 Christus
3506 4835 3693 4908 gloria
3741 4840 3848 4901 est,
3897 4836 3977 4891 ibi

2332 4925 2562 4976 tantum
2592 4921 2760 4977 Pater
2789 4922 3047 4976 dicitur:
3085 4921 3182 4978 ubi
3223 4922 3416 4993 Jesus,
3470 4925 3569 4980 ubi
3621 4925 3776 4982 Deus
3824 4927 3975 4998 ejus,

2334 5009 2556 5081 absque
2585 5010 2981 5085 additamenta
3013 5010 3207 5082 aliquo
3248 5014 3604 5070 nominatur.
3661 5015 3811 5070 503
3862 5017 3980 5071 lete

2331 5097 2509 5170 igitur
2533 5100 2687 5155 Deus
2721 5100 3010 5172 assumpti
3042 5101 3318 5168 hominis,
3365 5103 3533 5159 Pater
3575 5119 3708 5160 vero
3755 5103 3975 5176 glorize,

2332 5189 3045 5260 sapientiaa,veritatis,dat
3075 5192 3448 5248 credentibus
3480 5193 3538 5247 in
3561 5192 3773 5249 Filium
3801 5210 3977 5248 suum

2331 5279 2604 5350 spiritum
2646 5279 2966 5350 sapientiz‘e,
3023 5284 3080 5334 et
3129 5281 3518 5348 revelationis,
3571 5286 3635 5338 ut
3679 5282 3976 5355 sapientes

2333 5479 2625 5551 testantur
2656 5492 2669 5530 :
2698 5474 3228 5551 __Claremontanus,
3261 5478 3807 5551 Sangarmanensis,
3839 5481 3978 5532 Am-

2328 5548 2664 5628 brpsiasteﬁr,
2698 5547 3206 5628 ilieronymiaster,
3234 5547 3471 5624 aliique.

2328 5691 2354 5746 ἴ
2398 5620 2419 5652 ³
2451 5624 2572 5745 Ι)ΐο
2601 5620 3010 5675 Cistercienses
3041 5635 3185 5678 mss.
3217 5620 3437 5694 gratiae,
3471 5638 3572 5696 pro
3603 5623 3800 5698 gloriae
3837 5637 3980 5703 prae-

2351 5706 2492 5746 erun
2529 5732 2540 5745 .
