4332 6578
342 436 468 519 ζέε

1047 457 1563 522 COMMENTAR.
1611 458 1687 519 IN
1732 450 1984 520 EPIST.
2031 446 2135 518 AD
2180 458 2453 520 EPHES.
2502 458 2652 519 LIB.
2701 461 2749 532 Ι,
2797 461 2968 521 CAP.
3014 461 3063 522 Ι.

3650 462 3767 527 490

350 586 515 654 ﬁant,
578 592 634 644 et
677 576 924 645 revelata
967 586 1112 643 facie
1160 588 1407 661 gloriam
1458 590 1685 645 Domini
1734 594 1994 646 contem-
2105 584 2349 660 fratrum
2375 605 2645 645 suorum:
2677 593 2809 660 quia
2854 607 2948 662 ego
2972 590 3104 664 pars
3151 590 3346 650 eorum
3376 595 3557 666 (Num.
3592 614 3760 668 xvm,

350 676 602 749 plentur‘.
634 678 766 742 Quae
814 676 1101 750 sapientia
1149 683 1207 733 et
1249 677 1520 735 revelatio
1570 696 1704 734 cum
1758 696 1855 735 eos
1903 697 1996 736 sa-

351 764 587 839 pientes
622 759 880 836 fecerint,
924 771 981 822 et
1017 756 1291 837 mysteria
1337 767 1456 824 illis
1506 769 1732 825 occulta
1780 762 1997 841 aperu-

348 856 501 913 erint
533 873 545 911 :
579 850 773 912 statim
806 856 1072 928 sequitur
1105 861 1167 912 ut
1197 858 1836 923 habeantilluminatos
1858 876 1995 914 ocu-

348 942 437 1000 los
506 941 713 1001 cordis.
776 946 857 1000 Ex
926 934 1127 1001 verbis
1195 948 1580 1019 praesentibus
1639 950 1998 1019 approbatur

347 1036 667 1091 secundum
698 1034 1000 1091 exterioris
1031 1036 1296 1090 membra
1325 1036 1602 1101 hominis,
1637 1037 1813 1091 etiam
1846 1036 1994 1091 inte-

344 1123 512 1180 rioris
557 1123 812 1181 hominis
862 1126 1126 1180 membra
1157 1124 1290 1180 dici.
1324 1125 1463 1179 Ecce
1495 1125 1651 1180 enim
1684 1125 1995 1181 manifeste

342 1202 532 1269 cordis
579 1212 777 1268 oculos
835 1212 1169 1286 appellavit,
1232 1230 1378 1285 quos
1426 1215 1655 1285 absque
1705 1230 1879 1270 sensu
1939 1220 1995 1270 et

340 1305 534 1357 mente
590 1302 917 1374 intelligere
972 1319 1087 1358 non
1145 1318 1485 1375 possumus.
1540 1302 1682 1357 Huic
1732 1307 1789 1358 et
1846 1301 1991 1358 illud

337 1389 666 1448 Psalmistae
706 1393 975 1448 convenit
1004 1410 1017 1448 :
1048 1391 1313 1448 Iltumina
1356 1392 1537 1447 oculos
1566 1407 1734 1458 meos,
1765 1408 1835 1447 ne
1879 1409 1990 1447 un-

337 1494 503 1552 quam
548 1482 888 1537 obdormiam
919 1483 975 1537 in
1023 1486 1205 1537 morte
1233 1481 1402 1549 (Psal.
1453 1498 1554 1549 xu,
1590 1481 1663 1552 4).
1698 1482 1769 1536 Et
1801 1480 1936 1537 alibi
1975 1498 1987 1535 :

338 1569 624 1641 Sapientes
653 1571 802 1627 oculi
828 1572 888 1625 in
916 1573 1097 1642 capite
1127 1572 1243 1642 ejus
1266 1571 1468 1642 (Eccte.
1508 1587 1568 1638 ιι,
1596 1571 1703 1642 14).
1739 1570 1797 1625 Si
1831 1571 1987 1626 enim

338 1658 687 1731 simpliciter
729 1658 929 1715 oculos
978 1660 1169 1715 carnis
1222 1659 1565 1731 accipimus,
1617 1660 1821 1732 utique
1870 1675 1985 1715 non

337 1747 527 1803 solum
578 1746 878 1820 sapientis,
937 1748 1039 1804 sed
1098 1747 1273 1804 etiam
1326 1748 1659 1821 insipientis
1719 1748 1872 1804 oculi
1927 1749 1985 1805 in

335 1837 524 1909 capite
553 1838 681 1909 ejus
699 1839 1073 1911 sunt.,Caput
1105 1838 1301 1909 itaque
1322 1837 1623 1910 sapientis,
1655 1853 1864 1893 sensus
1890 1854 1986 1893 ac-

333 1925 547 1998 cipitur
579 1944 592 1982 :
626 1925 765 1998 quia
795 1925 907 1982 alio
936 1926 1112 1983 verbo
1143 1943 1332 1994 mens,
1367 1929 1423 1981 et
1453 1926 1711 1992 animus,
1745 1930 1803 1980 et
1832 1925 1985 1997 prin-

334 2014 517 2088 cipale
548 2015 738 2071 cordis
770 2004 1113 2088 appellatur.
1140 2015 1300 2080 Quod
1326 2026 1460 2071 vero
1491 2015 1592 2083 ait,
1618 2017 1675 2071 in
1706 2017 1985 2086 agnitione

331 2106 468 2178 ejus,
502 2105 561 2160 id
614 2110 721 2176 est,
757 2102 1083 2179 ἐπιγνώσει¹
1118 2103 1305 2171 αὐτοῦ,
1338 2105 1576 2178 quidam
1632 2105 1716 2161 sic
1766 2103 1983 2160 intelli-

334 2199 504 2267 gunt,
530 2199 594 2249 ut
619 2195 793 2262 inter
839 2198 1035 2268 γνῶσιν
1082 2198 1140 2250 et
1189 2192 1499 2269 ἐπίγνωσιν,
1533 2194 1643 2251 hoc
1691 2199 1800 2263 est,
1835 2193 1986 2249 inter

330 2285 609 2340 notionem
654 2287 710 2339 et
738 2285 1106 2356 agnitionem,
1141 2282 1285 2339 illud
1318 2282 1551 2338 intersit
1585 2302 1598 2339 :
1633 2284 1789 2355 quod
1824 2283 1984 2339 notio

337 2388 540 2429 eorum
589 2372 666 2427 sit
712 2388 839 2444 quae
888 2374 1019 2429 ante
1074 2389 1189 2449 non
1237 2373 1532 2441 scivimus,
1565 2376 1621 2429 et
1668 2388 1736 2428 ea
1785 2377 1988 2445 postea

338 2450 487 2518 scire
543 2460 847 2534 coepimus.
901 2462 1134 2534 Agnitio
1190 2478 1324 2517 vero
1372 2478 1574 2517 eorum
1634 2478 1761 2534 qua;
1820 2462 1985 2533 prius

338 2542 588 2607 scientes
619 2550 893 2622 deinceps
925 2550 1076 2606 scire
1125 2550 1468 2617 desivimus,
1501 2566 1822 2623 eorumque
1852 2566 1985 2623 pos-

336 2644 430 2697 tea
466 2632 874 2708 recordamur,
908 2644 965 2696 et
1021 2639 1275 2713 priorem
1327 2641 1647 2712 quamdam
1697 2641 1895 2717 vitam,
1928 2640 1985 2695 in

335 2728 672 2786 caelestibus
716 2728 1114 2801 suspicantur,
1145 2732 1459 2801 postquam
1507 2730 1566 2785 in
1599 2746 1839 2801 corpora
1872 2729 1985 2785 ista

334 2817 544 2890 dejecti
575 2823 631 2874 et
674 2816 841 2873 obliti
871 2816 969 2872 Dei
1019 2818 1227 2889 Patris,
1260 2834 1415 2872 nunc
1446 2834 1580 2873 eum
1630 2834 1733 2890 per
1762 2817 1986 2874 revela-

334 2906 550 2964 tionem
573 2905 1314 2980 cognovimus,secundum
1339 2905 1521 2962 illud:
1546 2909 1988 2964 Reminiscentur

331 3006 387 3052 et
441 2999 821 3054 convertentur
875 2997 945 3051 ad
1008 2998 1304 3053 Dominum
1375 3013 1560 3052 omnes
1624 2995 1765 3069 ﬁnes
1822 3006 1987 3054 terra:

335 3086 509 3159 (Psat.
560 3082 677 3153 XXI,
709 3087 822 3157 28),
868 3090 924 3142 et
974 3090 1182 3141 caetera
1228 3084 1321 3140 h'is
1372 3084 1591 3143 similia
1636 3085 1986 3159 replicantes

337 3176 444 3247 [ΑΙ.
474 3166 880 3248 replicantur].
1093 3180 1097 3185 '

408 3263 595 3346 (Vers.
630 3263 840 3335 18-20.)
896 3284 925 3313 «
973 3262 1047 3318 Ut
1091 3262 1289 3319 sciatis
1337 3279 1465 3335 qua:
1521 3263 1600 3319 sit
1648 3280 1783 3336 spes
1813 3280 1983 3320 voca-

335 3340 515 3410 tionis
544 3354 693 3425 ejus,
728 3360 785 3407 et
822 3368 947 3424 qua:
979 3351 1192 3431 divitia;
1223 3350 1419 3423 glorias
1467 3352 1821 3408 haereditatis
1853 3354 1981 3423 ejus
2012 3340 2055 3407 C
2094 3353 2259 3421 ptum
2309 3355 2400 3406 est
2447 3366 2462 3407 :
2512 3353 2665 3406 Dixit
2704 3354 2967 3408 Dominus
3017 3354 3241 3409 Domino
3295 3371 3416 3410 meo

334 3442 394 3498 in
426 3431 667 3510 sanctis,
696 3445 753 3496 et
784 3458 908 3512 quae
932 3439 1205 3495 sublimis
1228 3441 1573 3512 magnitudo
1601 3440 1834 3497 virtutis
1854 3444 1984 3512 ejus

331 3530 394 3587 in
442 3546 551 3585 nos
595 3529 694 3602 qui
744 3528 1039 3585 credimus
1089 3529 1194 3599 [Αἰ.
1228 3529 1607 3599 credidimus]
1658 3531 1984 3585 secundum

333 3610 732 3693 operationem
766 3617 1033 3691 potentiae
1062 3618 1294 3689 virtutis
1324 3619 1472 3689 ejus,
1497 3635 1675 3689 quam
1711 3626 1985 3691 operatus

334 3714 424 3766 est
471 3709 529 3764 in
583 3707 832 3775 Christo,
867 3706 1161 3763 suscitans
1212 3705 1378 3762 illum
1434 3725 1466 3762 a
1517 3709 1784 3763 mortuis.
1821 3732 1849 3758 ››
1882 3709 1985 3764 Cui

334 3798 537 3867 semel,
561 3798 733 3869 juxta
762 3796 1084 3853 orationem
1117 3796 1304 3863 Pauli,
1337 3797 1510 3852 datus
1542 3797 1716 3853 fuerit
1745 3798 1986 3871 spiritus

336 3886 631 3960 sapientiae
664 3890 721 3942 et
768 3884 1160 3952 revelationis,
1194 3889 1259 3940 ut
1312 3884 1528 3957 apertis
1577 3886 1763 3942 oculis
1795 3886 1987 3944 cordis

336 3976 601 4049 aspiciat,
645 3975 758 4031 iste
806 3975 951 4030 sciet
996 3990 1125 4046 quae
1169 3974 1423 4046 reposita
1472 3978 1610 4031 sunt
1657 3976 1898 4044 vocatis,
1932 3981 1988 4032 et

336 4082 463 4139 quas
484 4065 774 4138 speranda
796 4063 1015 4120 sanctis
1036 4062 1158 4132 Dei,
1184 4080 1311 4135 qua:
1335 4063 1724 4134 abundanter,
1749 4069 1805 4121 et
1828 4064 1988 4138 large

337 4154 431 4211 his
460 4154 560 4227 qui
591 4153 991 4210 hereditatem
1034 4152 1223 4225 ipsius
1253 4153 1567 4221 sustinent,
1600 4160 1688 4210 est
1719 4156 1984 4211 daturus.

337 4244 443 4298 Ad’
471 4259 646 4314 quam
695 4243 963 4299 notitiam
1016 4241 1361 4315 magnitudo
1396 4243 1552 4299 5’64
1599 4241 1832 4298 virtutis
1884 4244 1986 4299 Dei

337 4324 853 4389 est'necessariain
885 4331 978 4387 bis
1011 4330 1110 4404 qui
1134 4331 1300 4403 juxta
1324 4330 1775 4388 similitudinem
1804 4332 1986 4399 Pauli,

336 4422 638 4478 credentes
689 4425 988 4490 vocantur,
1025 4438 1128 4493 per
1176 4437 1353 4493 quam
1396 4426 1667 4493 operatus
1716 4428 1804 4478 est
1836 4426 1987 4477 Deus

334 4512 393 4567 in
423 4510 653 4567 Christo
681 4510 845 4578 Jesu,
878 4527 1051 4583 quem
1084 4527 1119 4566 a
1158 4508 1405 4565 mortuis
1440 4510 1830 4567 resuscitavit.
1868 4516 1986 4566 Du-

335 4599 564 4672 pliciter
607 4605 806 4656 autem
854 4596 1241 4672 intelligenda
1292 4598 1599 4653 hiereditas
1634 4615 1645 4654 :
1683 4599 1803 4654 sive
1833 4599 1987 4671 quod

335 4689 759 4761 primogenitus
809 4688 1002 4745 omnis
1051 4693 1325 4743 creaturae
1375 4686 1672 4759 (Coloss.1,
1728 4688 1838 4756 15),
1873 4688 1988 4743 hae-

337 4779 553 4836 reditas
593 4778 670 4834 sit
716 4778 924 4833 anima:
978 4776 1207 4833 Domini
1258 4777 1445 4832 nostri
1474 4776 1613 4832 Jesu
1663 4776 1898 4847 Christi,
1934 4781 1991 4833 et

338 4868 464 4940 ejus
496 4867 595 4941 qui
627 4869 649 4902 ³
680 4885 749 4923 ex
776 4884 1016 4939 corpore
1067 4871 1125 4923 et
1156 4867 1353 4923 anima
1382 4871 1726 4939 assumptus
1769 4871 1857 4923 est
1886 4867 1988 4921 ho-

340 4957 538 5029 minis,
561 4973 786 5029 nosque
812 4973 946 5012 cum
978 4957 1314 5012 haereditate
1339 4956 1548 5011 animae
1580 4956 1990 5012 haereditemus

339 5042 523 5102 Deum
572 5046 826 5102 Verbum
865 5062 879 5101 :
914 5046 1034 5102 sive
1087 5045 1240 5118 quod
1294 5045 1349 5099 in
1400 5045 1631 5102 Christo
1682 5045 1991 5101 haereditas

308 5122 545 5191 'nostra
598 5136 694 5204 sit,
728 5136 916 5191 Patris
964 5139 1021 5191 et
1073 5133 1219 5205 Filii,
1253 5139 1310 5189 et
1354 5133 1609 5206 Spiritus
1660 5134 1844 5190 sancti
1875 5151 1994 5191 una

340 5220 650 5292 divinitas;
677 5230 741 5281 ut
768 5225 1062 5298 quomodo
1085 5228 1327 5280 vocatur
1351 5222 1658 5279 haereditas
1678 5223 1989 5279 domorum

340 5317 515 5386 atque
545 5312 817 5370 villarum
842 5332 908 5371 ea
937 5314 1066 5387 ipsa
1086 5329 1214 5385 quae
1239 5313 1311 5368 ab
1343 5311 1670 5367 haeredibus
1692 5312 1994 5384 possiden-

342 5407 438 5458 tur
469 5421 483 5457 ε
513 5403 598 5460 sic
624 5405 748 5477 ipse
779 5405 932 5460 Deus
966 5402 1276 5460 haereditas
1309 5402 1670 5458 credentium
1705 5402 1782 5456 sit
1819 5406 1991 5473 atque

338 5498 699 5555 sanctorum.
733 5494 1027 5565 Scriptum
1061 5498 1149 5549 est
1176 5496 1233 5547 et
1270 5493 1329 5547 in
1360 5490 1535 5548 veteri
1568 5491 1940 5546 Testamento
1975 5509 1988 5548 :

336 5584 501 5641 Filiis
544 5590 734 5640 autem
767 5583 900 5639 Levi
927 5599 1043 5639 non
1089 5582 1286 5639 dabitis
1315 5581 1697 5638 hmreiitatem
1726 5582 1787 5639 in
1816 5582 1992 5638 medio

2106 679 2235 750 20);
2269 683 2326 734 et
2370 678 2504 733 alibi
2543 697 2555 734 :
2592 682 2857 735 Dominus
2899 681 3198 739 haereditas
3245 700 3434 740 eorum
3473 690 3549 741 est
3582 687 3757 758 (Deut.

2105 785 2266 833 xvm,
2299 769 2354 838 2)
2382 786 2394 836 ;
2428 773 2485 823 et
2532 773 2772 825 sanctus
2804 769 2902 841 qui
2954 775 3116 827 extra
3147 773 3334 828 Deum
3367 773 3513 829 nihil
3546 775 3761 833 habere

2108 874 2168 912 se
2219 856 2393 926 novit,
2443 857 2718 913 audacter
2774 858 3082 930 loquitur:
3135 866 3276 917 Pars
3324 878 3446 918 mea
3499 864 3763 922 Dominus

2106 946 2279 1016 (Psal.
2335 963 2505 1013 Lxxn,
2534 948 2628 1014 26)
2663 964 2675 1004 :
2708 952 2764 1003 et
2796 964 2808 1003 :
2849 950 2922 1004 Tu
2969 966 3024 1005 es
3048 965 3183 1021 pars
3232 950 3574 1009 haereditatis
3621 970 3763 1011 mea

2104 1041 2155 1090 et
2180 1035 2373 1090 colicis
2422 1037 2534 1090 mei
2563 1036 2742 1107 (Psat.
2777 1054 2868 1109 xv,
2901 1038 2979 1109 5).
3023 1039 3148 1095 Non
3197 1056 3334 1113 ergo
3386 1042 3545 1113 parvi
3579 1043 3759 1100 studii

2105 1125 2212 1187 est,
2246 1124 2311 1176 ut
2340 1122 2597 1178 sciamus
2627 1140 2790 1196 spem
2830 1126 3172 1199 vocationis,
3204 1133 3262 1183 et
3291 1128 3529 1186 divitias
3560 1130 3764 1204 gloria-

2106 1208 2460 1267 haareditatis
2500 1212 2599 1267 Dei
2649 1212 2709 1267 in
2758 1214 2976 1269 sanctis
3011 1231 3024 1271 :
3057 1232 3125 1285 ea
3154 1217 3370 1289 quippe
3417 1218 3755 1293 indigemus

2105 1298 2176 1353 ad
2210 1299 2326 1354 haec
2346 1302 2751 1373 cognoscenda
2773 1303 3007 1371 virtute,
3033 1322 3149 1377 qua
3175 1306 3349 1363 etiam
3383 1307 3442 1363 in
3475 1308 3616 1365 Filio
3648 1326 3756 1367 suo

2104 1391 2256 1444 Deus
2286 1406 2430 1444 usus
2454 1395 2541 1445 est
2572 1391 2910 1448 suscitando
2935 1409 2947 1448 :
2985 1408 3159 1464 quem
3181 1395 3486 1452 suscitavit
3516 1415 3643 1454 non
3662 1415 3754 1456 se-

2104 1476 2238 1544 mel,
2274 1479 2371 1533 sed
2422 1496 2652 1551 semper
2699 1498 2732 1535 a
2763 1482 3031 1552 mortuis,
3064 1488 3122 1538 et
3154 1483 3290 1540 fecit
3335 1502 3471 1541 eum
3501 1485 3561 1541 in
3592 1490 3753 1544 mor-

2101 1566 2220 1621 tuis
2262 1566 2531 1635 liberum,
2566 1567 2730 1624 nulla
2761 1570 2966 1625 mortis
3017 1572 3359 1645 contagione
3390 1574 3750 1632 maculatum

2102 1654 2272 1726 (Psal.
2321 1673 2564 1724 Lxxxvn,
2614 1659 2687 1725 6;
2738 1676 2829 1730 xv,
2866 1660 2976 1730 10).
3027 1661 3297 1726 Quotidie
3345 1663 3613 1721 Christus
3661 1680 3749 1723 re-

2099 1744 2290 1816 surgit
2320 1761 2386 1799 ex
2416 1748 2668 1802 mortuis
2701 1764 2713 1801 :
2750 1748 3010 1819 quotidie
3039 1748 3095 1804 in
3122 1750 3539 1822 paenitentibus
3570 1742 3754 1811 susci~

2098 1837 2276 1889 tatur.
2308 1833 2430 1891 Non
2464 1852 2580 1908 quo
2612 1853 2726 1892 non
2757 1837 3028 1893 habuerit
3057 1839 3233 1895 etiam
3265 1843 3590 1898 secundum
3623 1850 3752 1901 car-

2014 1970 2062 2035 B
2099 1939 2233 1978 nem
2278 1928 2623 1995 potestatem
2673 1926 2882 1982 animas
2932 1944 3049 1983 sum
3100 1932 3399 2003 ponendae,
3432 1935 3489 1988 et
3534 1933 3749 1991 iterum

2095 2012 2453 2035 4--.-__-_.1..
2513 2015 2634 2035 _:___
2670 2016 2817 2035 Ir--.”
2881 2033 2911 2035 ἢ
2976 2017 3056 2035 1n\
3437 2020 3447 2033 ι
3602 2026 3611 2035 .
3660 2008 3745 2035 εί..

2095 2012 2457 2067 resumendae
2508 2015 2635 2084 ejus
2666 2016 2845 2085 (Joan.
2880 2033 2935 2083 x,
2972 2017 3081 2088 18),
3127 2034 3297 2075 nemo
3350 2020 3569 2094 quippe
3598 2008 3754 2079 tollit

2095 2116 2246 2167 eam,
2274 2102 2385 2157 nisi
2431 2108 2607 2174 ponat
2636 2103 2794 2161 illam
2827 2123 2860 2161 a
2910 2106 3267 2179 semetipso),
3304 2111 3405 2165 sed
3439 2127 3557 2181 quo
3578 2112 3751 2182 juxta

2093 2189 2592 2262 dispensationem
2617 2194 2808 2249 carnis
2838 2199 2894 2249 et
2915 2194 3040 2263 filii,
3068 2195 3245 2253 homo
3271 2202 3329 2254 et
3359 2198 3547 2257 Filius
3569 2214 3604 2256 a
3627 2204 3740 2257 Deo

2094 2282 2151 2333 et
2180 2283 2349 2335 Patre
2378 2281 2697 2338 suscitatus
2721 2299 2851 2339 esse
2880 2284 3123 2340 dicatur.

2167 2368 2352 2439 (Vers.
2383 2371 2473 2433 20,
2505 2371 2621 2443 21.)
2648 2395 2667 2421 α
2703 2372 2770 2427 Et
2801 2374 3001 2429 sedere
3031 2391 3166 2430 eum
3202 2375 3418 2432 faciens
3444 2378 3515 2433 ad
3547 2378 3751 2435 dexte-

2096 2473 2218 2513 ram
2254 2475 2423 2514 suam
2470 2460 2529 2516 in
2577 2460 2935 2529 caelestibus,
2968 2480 3145 2535 super
3175 2481 3405 2521 omnem
3455 2466 3747 2540 principa~

2095 2549 2246 2613 tum,
2278 2554 2335 2604 et
2362 2553 2732 2620 potestatem,
2765 2557 2821 2607 et
2847 2552 3146 2621 virtutem,
3174 2558 3232 2610 et
3261 2540 3745 2625 dominationem,

2096 2640 2152 2690 et
2181 2653 2353 2693 omne
2383 2654 2593 2695 nomen
2626 2642 2780 2712 quod
2810 2642 3149 2698 nominatur
3177 2661 3293 2700 non
3325 2644 3515 2700 solum
3546 2645 3607 2701 in
3638 2645 3757 2714 hoq

2097 2724 2330 2798 saeculo,
2363 2728 2463 2782 sed
2505 2728 2682 2783 etiam
2733 2729 2791 2784 in
2844 2729 3061 2787 futuro.
3101 2755 3121 2780 ιο
3159 2732 3265 2787 Per
3312 2725 3635 2790 humanam
3667 2734 3747 2789 si-

2097 2814 2486 2871 militudinem
2544 2816 2645 2871 Dei
2694 2819 3013 2889 potentiam
3071 2821 3495 2877 demonstravit
3557 2840 3570 2878 :
3632 2838 3748 2878 non

2097 2919 2212 2974 quo
2260 2903 2472 2959 solium
2525 2911 2795 2978 ponatur,
2829 2912 2885 2963 et
2914 2908 3068 2965 Deus
3121 2911 3288 2966 Pater
3316 2910 3375 2966 in
3426 2928 3494 2967 eo
3526 2910 3747 2978 sedeat,

2096 3002 2412 3065 secumque
2443 2993 2655 3049 Filium
2687 2994 2900 3052 habeat
2929 2998 3282 3055 residentem
3311 3018 3324 3068 ;
3357 3001 3457 3056 sed
3489 3017 3606 3072 quo
3640 3017 3761 3057 nos

2096 3080 2265 3136 aliter
2286 3082 2651 3154 judicantem
2676 3089 2848 3157 atque
2879 3092 3246 3159 regnantem,
3270 3087 3382 3143 nisi
3415 3106 3519 3160 per
3547 3093 3750 3147 nostra

2095 3171 2273 3226 verba
2317 3171 2643 3245 intelligere
2692 3190 3073 3246 nequeamus.
3106 3176 3194 3231 Ad
3239 3176 3349 3233 hoc
3402 3178 3656 3249 pertinet
3685 3187 3742 3235 et

2094 3259 2238 3315 illud
2278 3261 2432 3332 quod
2486 3261 2544 3316 in
2594 3263 2911 3318 centesimo
2942 3264 3092 3321 565
3131 3276 3282 3320 nono
3333 3266 3560 3337 psalmo
3607 3267 3749 3324 scri-

3480 3374 3492 3411 :
3542 3357 3662 3413 sede
3714 3374 3749 3413 α

2094 3438 2309 3494 dextris
2351 3441 2507 3507 meis,
2554 3439 2724 3495 donec
2746 3457 2950 3512 ponam
2996 3443 3250 3499 inimicos
3298 3445 3749 3501 tuos'scabellum

2091 3527 2291 3599 pedum
2321 3532 2542 3584 tuorum
2575 3530 2746 3600 (Psat.
2780 3546 2892 3596 cxx,
2929 3530 3000 3601 1).
3034 3531 3093 3585 Si
3116 3531 3274 3587 enim
3296 3526 3475 3603 juxta
3500 3550 3747 3607 regnan-

2095 3617 2173 3672 tis
2213 3617 2481 3673 habituin
2515 3618 2694 3674 Filius
2744 3619 2817 3673 ad
2866 3619 3051 3676 Patris
3082 3620 3379 3677 dexteram
3429 3622 3611 3692 sedet,
3647 3632 3747 3679 ne-

2096 3723 2255 3763 cesse.
2272 3712 2361 3765 est
2380 3708 2551 3779 juxta
2580 3709 2845 3764 eamdem
2873 3709 3323 3771 similitudinem
3349 3712 3539 3785 major
3568 3713 3644 3769 sit
3672 3715 3747 3769 ab

2096 3811 2162 3851 eo
2193 3796 2290 3868 qui
2324 3798 2383 3852 in
2414 3796 2554 3853 laeva
2584 3802 2748 3869 parte
2803 3799 3148 3854 consederit.
3182 3800 3342 3866 Quod
3378 3805 3441 3856 ut
3489 3801 3748 3859 sciamus

2097 3883 2265 3941 aliter
2296 3885 2542 3959 intelligi
2575 3904 2752 3959 quam
2783 3888 2975 3944 littera
3016 3893 3268 3957 resonat,
3295 3888 3449 3945 idem
3483 3890 3748 3963 psalmus

2094 3973 2151 4029 in
2204 3976 2698 4047 consequentibus
2748 3978 2933 4047 docet,
2978 3977 3177 4034 dicens
3219 3995 3233 4034 :
3286 3980 3358 4033 Tu
3402 3994 3456 4035 es
3498 3981 3748 4037 sacerdos

2096 4064 2153 4117 in
2204 4068 2471 4121 aeternum
2516 4060 2815 4120 secundum
2863 4064 3109 4122 ordinem
3158 4054 3544 4124 Melchisedech
3574 4087 3593 4125 :
3641 4069 3750 4125 Do-

2095 4154 2282 4207 minus
2330 4168 2363 4207 a
2410 4153 2618 4209 dextris
2665 4156 2773 4209 luis
2820 4154 2980 4221 (Ibid.
3025 4156 3077 4225 4,
3107 4155 3185 4224 5).
3237 4157 3537 4221 Quomodo
3587 4157 3746 4214 enim

2097 4257 2231 4296 cum
2266 4241 2445 4297 Filius
2475 4242 2662 4297 Patris
2693 4242 2764 4297 ad
2818 4243 3079 4298 dextram
3126 4244 3343 4313 sedeat,
3378 4261 3613 4300 rursum
3645 4247 3748 4301 Pa-

2098 4334 2188 4386 ter
2214 4349 2247 4386 a
2273 4330 2490 4387 dextris
2512 4333 2638 4402 ejus
2672 4349 2798 4387 esse
2820 4331 3160 4404 perhibetur
3179 4332 3208 4388 ‘?
3236 4335 3350 4388 Aut
3375 4349 3491 4405 qua
3522 4334 3749 4391 ratione

2100 4424 2255 4499 terra
2287 4421 2607 4476 scabellum
2641 4425 2728 4478 est
2752 4422 2964 4495 pedum
2994 4423 3143 4493 ejus,
3167 4425 3223 4478 et
3252 4422 3467 4484 cmlum
3496 4419 3748 4499 thronus

2100 4510 2287 4579 ipsius
2338 4511 2460 4582 (Isa.
2516 4528 2663 4579 wa,
2717 4512 2792 4582 1),
2837 4528 2970 4567 cum
3032 4516 3089 4567 et
3156 4516 3371 4568 terram
3422 4514 3750 4569 secundum

2104 4598 2312 4654 Isaiam
2345 4600 2565 4671 pugillo
2596 4601 2891 4655 continere
2932 4601 3179 4672 dicatur,
3212 4606 3268 4657 et
3297 4601 3507 4657 ccelum
3542 4602 3751 4675 palmas

2022 4711 2068 4776 D
2101 4687 2436 4744 extensione
2486 4688 2677 4745 metiri
2727 4690 2853 4761 (Isa.
2906 4706 2994 4756 χι,
3030 4691 3170 4761 1‘2)?
3198 4690 3323 4747 Non
3374 4691 3530 4747 enim
3564 4696 3756 4765 potest

2100 4777 2256 4832 intra
2300 4776 2356 4831 id
2407 4795 2533 4832 esse
2584 4780 2737 4850 quod
2772 4780 2842 4834 ab
2896 4780 3101 4835 eodem
3151 4780 3503 4849 continetur,
3538 4798 3646 4838 nec
3694 4779 3755 4835 in

2102 4882 2281 4922 manu
2311 4866 2604 4943 inclusum
2654 4873 2868 4936 tenere,
2903 4887 2937 4924 ιι
2966 4886 3078 4941 quo
3128 4871 3253 4943 ipse
3293 4872 3467 4941 juxta
3496 4869 3756 4929 sedentis

2101 4953 2366 5009 habitum
2417 4942 2829 5012 circumdetur.
2870 4957 3034 5012 Sicut
3082 4942 3215 5029 ergo
3265 4959 3597 5031 proximum
3629 4972 3757 5013 esse

2102 5043 2235 5111 Dco,
2269 5044 2356 5100 vel
2388 5045 2458 5100 ab
2491 5062 2556 5101 eo
2588 5047 2788 5118 procul
2843 5047 3131 5114 recedere,
3159 5064 3274 5103 non
3309 5048 3633 5103 secundum
3665 5040 3755 5099 loc

2103 5150 2304 5189 corum
2354 5135 2564 5207 spatia,
2598 5136 2699 5191 sed
2745 5137 2920 5207 juxta
2963 5137 3176 5193 merita
3220 5136 3593 5193 sentiendum
3644 5136 3753 5203 est,

2104 5224 2259 5295 quod
2306 5225 2685 5297 sanctijuxta
2734 5242 2867 5281 eum
2918 5226 3035 5281 sint
3069 5242 3081 5282 :
3119 5231 3449 5298 peccatores
3495 5240 3651 5291 vero,
3683 5222 3754 5278 de

2104 5312 2317 5384 quibus
2368 5315 2450 5368 ait
2498 5314 2785 5386 PrOpheta
2813 5315 3059 5371 dicens:
3096 5317 3223 5370 Ecce
3270 5315 3368 5384 qui
3416 5314 3757 5383 etongantse

2102 5407 2233 5469 ate,
2282 5403 2544 5475 peribunt
2591 5404 2761 5475 (l’sal.
2814 5422 2983 5472 Lxxu,
3016 5405 3129 5474 27),
3180 5403 3250 5457 ab
3302 5401 3459 5457 omni
3512 5403 3641 5472 ejus
3672 5399 3757 5455 vi-

2103 5491 2260 5547 cinia
2290 5494 2749 5549 submoveantur
2781 5510 2791 5549 :
2828 5494 2911 5549 sic
2960 5500 3015 5549 et
3047 5494 3106 5547 in
3138 5490 3357 5547 dextris
3403 5488 3491 5546 vel
3522 5489 3581 5545 in
3616 5489 3757 5546 sini-

2104 5582 2242 5637 stris
2292 5582 2386 5637 Dei
2432 5600 2582 5654 esse,
2615 5582 3020 5655 accipiendum
3074 5584 3162 5637 est
3211 5596 3225 5636 :
3277 5579 3433 5652 quod
3485 5578 3674 5636 sancti
3727 5595 3764 5638 a

417 5817 427 5853 ¹
468 5816 646 5888 iidem
678 5834 823 5873 mss.
859 5813 933 5876 εἷς
970 5810 1283 5888 ὲπὶγνωίσιν,
1316 5816 1538 5887 absque
1577 5814 1776 5888 addito
1809 5811 1988 5870 αὐτοῦ.

2096 5813 2244 5871 infer
2272 5814 2546 5871 Ruﬁnum
2578 5813 2679 5870 lib.
2712 5830 2752 5885 ι,
2787 5829 2913 5887 cap.
2948 5813 3037 5868 38.

410 5888 433 5925 ²
462 5887 720 5947 Rursum
771 5905 916 5946 mss.
947 5887 1380 5957 Cistercienses,
1413 5895 1465 5944 et
1505 5889 1559 5944 in
1588 5887 1729 5961 ejus,
1759 5888 1856 5961 qui
1884 5891 1993 5946 etc.

662 6019 926 6081 PATROL.
975 6017 1194 6081 XXVI.

3360 6016 3434 6083 16
