4332 6588
458 443 619 531 ,ιρι

1758 437 1819 495 S.
1871 432 2178 497 EUSEBII
2229 432 2667 495 HIERONYMI

3808 435 3929 494 492

509 570 727 628 dextris
755 568 882 642 ejus
913 568 1033 627 sint
1065 587 1078 625 :
1121 573 1452 642 peccatores
1478 585 1612 625 vero
1660 585 1692 624 a
1722 567 1997 637 sinistris,
2030 566 2155 622 Sal-
2186 567 2239 631 Α
2269 566 2455 623 tiones
2487 565 2812 621 ofﬁciorum
2845 583 2958 621 non
2992 564 3184 621 solum
3226 565 3286 619 in
3319 564 3788 638 prasentiarum,
3821 569 3921 624 sed

450 664 453 667 ’
506 663 701 716 vatore
734 674 967 731 quoque
994 658 1254 731 idipsum
1284 659 1343 713 in
1384 656 1690 730 Evangelio
1721 657 2155 728 comprobante,

509 764 644 805 cum
675 764 810 805 oves
859 764 895 803 a
942 747 1179 813 dextris,
1211 746 1411 803 haedos
1461 763 1588 803 esse
1637 749 1919 801 memoret
1949 762 1983 800 a
2012 744 2156 800 sini-

508 836 649 894 stris
679 836 893 909 (Matth.
924 852 1055 906 xxv,
1088 835 1199 907 33).
1233 835 1345 891 Sed
1376 840 1432 890 et
1461 834 1656 907 ipsum
1678 834 1921 889 verbum
1952 832 2154 897 sedere,

509 923 673 997 regni
704 923 996 997 significat
1046 926 1415 996 potestatem,
1452 938 1554 994 per
1599 937 1777 993 quam
1808 921 2155 976 beneﬁcium

509 1012 594 1070 eis
623 1017 774 1070 Deus
826 1012 1055 1077 tribuit,
1105 1028 1283 1084 super
1329 1011 1543 1083 quibus
1585 1011 1783 1065 sedere
1831 1010 2154 1082 dignatur:

512 1101 667 1175 quod
716 1099 941 1158 scilicet
988 1104 1149 1173 regat
1192 1117 1311 1170 eos,
1344 1104 1401 1155 et
1429 1099 1489 1154 in
1543 1116 1718 1155 curru
1767 1116 1873 1155 suo
1922 1098 2153 1167 habeat,

513 1189 696 1247 etsed
763 1194 973 1246 nutum
1043 1188 1343 1261 proprium
1418 1205 1563 1260 vaga
1618 1188 1803 1260 prius,
1866 1192 1923 1243 et
1977 1188 2160 1242 libera

514 1278 663 1337 colla
692 1282 1007 1336 convertat.
1033 1278 1167 1335 Post
1196 1266 1318 1334 haec
1342 1278 1642 1350 quaeritur,
1676 1278 1831 1335 566
1863 1277 2156 1349 quomodo

511 1367 571 1425 id
630 1368 784 1441 quod
828 1366 1115 1439 sequitur,
1165 1366 1351 1439 possit
1404 1366 1673 1437 intelligi,
1716 1382 1881 1437 super
1937 1381 2158 1421 omnem

509 1459 903 1530 principatum,
934 1460 985 1511 et
1032 1459 1372 1526 potestatem,
1404 1459 1456 1509 et
1503 1456 1775 1519 virtutem,
1806 1457 1857 1509 et
1903 1456 2156 1510 domina-

509 1548 733 1617 tionem,
766 1554 817 1603 et
839 1560 998 1602 omne
1040 1561 1235 1601 nomen
1286 1544 1425 1616 quod
1453 1546 1796 1610 nominatur,
1829 1559 1938 1598 non
1984 1544 2161 1599 solum

511 1638 573 1692 in
602 1635 699 1692 hoc
741 1635 961 1705 sa’cuto,
988 1634 1081 1691 sed
1127 1636 1296 1689 etiam
1345 1634 1407 1688 in
1455 1636 1664 1705 futuro.
1700 1633 1765 1687 Et
1818 1632 2057 1705 quidem
2090 1633 2161 1687 de

512 1725 730 1783 dextris
761 1741 829 1780 ac
855 1722 1134 1789 sinistris,
1166 1727 1225 1776 et
1255 1723 1327 1777 de
1356 1722 1616 1777 sessione
1637 1722 1765 1792 jam
1798 1721 2019 1777 dictum
2050 1725 2157 1776 est.

512 1814 680 1871 Nunc
711 1812 1093 1886 quaerendum
1137 1811 1236 1866 ubi
1265 1810 1578 1883 Apostolus
1625 1810 1747 1866 haec
1776 1814 2027 1882 quatuor
2057 1828 2160 1865 no~

516 1902 699 1974 mina,
726 1902 1123 1975 principatum,
1155 1900 1381 1971 loquor,
1414 1905 1473 1955 et
1509 1903 1844 1971 potestatem,
1875 1902 2159 1966 virtutem,

518 1995 576 2048 et
619 1991 1065 2060 dominationem,
1121 1989 1359 2061 scripta,
1409 1988 1640 2062 reperit,
1681 1993 1740 2045 et
1786 1990 1846 2044 in
1895 1990 2156 2044 medium

514 2081 669 2137 unde
698 2077 1023 2153 protulerit.
1046 2078 1244 2150 Neque
1265 2077 1423 2133 enim
1456 2077 1542 2132 fas
1564 2083 1651 2134 est
1671 2096 1805 2134 eum
1833 2079 1931 2151 qui
1963 2079 2159 2134 divina

510 2168 757 2226 lectione
788 2168 976 2224 fuerat
1010 2167 1366 2235 instructus,
1401 2165 1621 2239 aliquid
1660 2167 1919 2223 locutum
1954 2172 2157 2239 putare

512 2258 667 2331 quod
699 2258 758 2314 in
785 2257 1004 2315 sanctis
1028 2255 1428 2312 voluminibus
1460 2273 1575 2312 non
1603 2256 1870 2313 habetur.
1895 2258 2159 2313 Arbitror

510 2348 713 2421 itaque
756 2346 925 2402 illum
975 2350 1077 2402 aut
1106 2346 1176 2402 de
1222 2345 1636 2401 traditionibus
1680 2346 2055 2402 Hebraeorum
2090 2363 2158 2403 ea

514 2452 641 2511 qua:
670 2438 892 2493 secreta
924 2440 1083 2503 sunt,
1107 2436 1166 2490 in
1197 2434 1456 2490 medium
1478 2433 1794 2506 protulisse
1829 2452 1843 2491 :
1876 2441 1977 2490 aut
2005 2440 2159 2491 certe

516 2542 645 2598 quae
677 2522 846 2598 quasi
866 2524 1039 2596 juxta
1065 2522 1371 2579 historiam
1404 2523 1622 2596 scripta
1650 2529 1789 2579 sunt
1823 2528 1861 2593 ί,
1897 2541 2031 2579 cum
2062 2524 2157 2579 in-

511 2612 800 2687 telligeret
843 2612 1031 2686 legem
1078 2629 1207 2669 esse
1250 2600 1637 2684 spiritualem,
1671 2614 1926 2669 sensisse
1974 2612 2159 2669 subli-

514 2702 694 2772 mius,
726 2706 785 2759 et
825 2702 981 2774 quod
1029 2701 1099 2758 de
1143 2701 1381 2775 regibus
1428 2706 1604 2773 atque
1633 2702 2016 2774 principibus,
2049 2703 2157 2757 du-

513 2792 679 2850 cibus
708 2808 962 2865 quoque,
994 2790 1250 2846 tribunis
1279 2794 1336 2847 et
1365 2790 1831 2861 centurionibus,
1862 2791 1917 2846 iu
1951 2792 2158 2848 Nume-

513 2881 618 2949 ris,
676 2886 733 2938 et
777 2880 837 2937 in
898 2881 1229 2954 Regnorum
1283 2878 1451 2935 libris
1512 2882 1779 2949 refertur,
1840 2881 2158 2953 imaginem

513 2969 763 3026 aliorum
814 2968 1146 3041 principum
1196 2983 1519 3041 regumque
1564 2969 1904 3040 cognovisse
1931 2978 1957 3024 ἐ
2003 2969 2159 3041 quod

512 3057 735 3117 scilicet
762 3056 823 3113 in
870 3056 1207 3113 ccelestibus
1235 3057 1355 3111 sint
1404 3057 1789 3128 principatus,
1824 3057 1939 3113 sint
1971 3064 2161 3130 potes-

511 3150 682 3215 tates,
715 3147 837 3203 sint
883 3144 1312 3201 dominationes
1359 3151 1531 3217 atque
1572 3145 1838 3214 virtutes,
1871 3151 1927 3201 et
1956 3152 2160 3202 caetera

514 3235 975 3293 ministeriorum
1026 3234 1350 3303 vocabula;
1386 3252 1511 3307 quae
1542 3252 1646 3291 nec
1697 3253 1801 3292 nos
1842 3254 2159 3309 possumus

2269 657 2443 712 etiam
2471 656 2526 710 in
2560 656 2755 711 futuro
2784 654 2993 711 saeculo
3026 659 3237 710 erunt:
3271 659 3335 709 ut
3366 670 3467 726 per
3497 654 3769 727 singulos
3801 673 3933 728 pro-

2268 746 2473 813 fectus,
2518 750 2576 799 et
2625 745 2875 801 honores
2925 748 2982 800 et
3031 744 3423 811 escensiones,
3455 743 3630 798 etiam
3661 744 3683 779 ³
3713 748 3771 800 et
3815 748 3924 800 de-

2267 834 2624 901 scensiones,
2650 836 2735 889 vel
2758 837 2979 889 crescat
3010 831 3353 905 aliquis,vel
3387 833 3781 902 decrescat,et
3813 836 3925 891 sub

2269 923 2384 978 alia
2430 928 2605 995 atque
2654 923 2768 978 alia
2814 926 3120 994 potestate,
3168 921 3399 992 virtute,
3460 922 3817 994 principatu,
3866 929 3926 980 et

2267 1012 2662 1067 dominatione
2693 1012 2839 1068 567
2878 1011 2999 1065 ﬁat.
3033 1011 3147 1065 Nos
3203 1010 3544 1065 homunculi
3598 1012 3711 1067 cito
3742 1012 3802 1067 in
3838 1013 3929 1067 ci-

2270 1117 2486 1171 nerem,
2519 1105 2575 1156 et
2628 1100 2923 1172 pulverem
2977 1099 3356 1166 dissolvendi,
3390 1099 3438 1154 si
3490 1116 3785 1156 consensu
3823 1100 3930 1157 ho-

2268 1189 2492 1244 minum
2542 1189 2801 1244 levemur
2831 1188 2889 1242 in
2939 1205 3124 1259 reges,
3159 1193 3353 1242 tantas
3402 1188 3694 1244 habemus
3740 1190 3923 1245 mini-

2267 1284 2523 1333 strorum
2555 1277 2917 1332 diversitates
2947 1281 3003 1333 et
3036 1276 3462 1341 multitudines,
3498 1282 3751 1349 quantas
3780 1279 3924 1334 faci-

2266 1365 2382 1421 lius
2413 1382 2729 1438 possumus
2760 1366 2995 1431 sentire,
3020 1382 3195 1436 quam
3229 1366 3419 1421 dicere
3458 1382 3469 1419 :
3506 1366 3684 1421 Verbi
3721 1384 3925 1441 causa,

2268 1455 2425 1527 quod
2485 1456 2789 1526 praefectus
2846 1454 2905 1509 in
2955 1459 3117 1525 parte
3165 1453 3338 1522 civili,
3381 1454 3640 1526 judices,
3686 1456 3924 1527 provin-

2270 1544 2389 1600 cias
2420 1544 2461 1611 ‘,
2495 1549 2550 1599 et
2582 1544 2843 1599 ordinem
2895 1560 3068 1599 suum
3116 1542 3328 1598 habeat
3361 1560 3374 1599 :
3409 1560 3647 1600 rursum
3691 1545 3921 1615 militia,

2269 1632 2328 1687 in
2379 1636 2463 1689 tot
2512 1633 2774 1700 comites,
2826 1633 3024 1699 duces,
3076 1632 3365 1699 tribunos,
3417 1638 3474 1689 et
3536 1633 3923 1707 multiplicem

2270 1720 2572 1775 scindatur
2593 1721 2907 1775 exercitum
2935 1738 2948 1788 ;
2981 1724 3039 1776 et
3068 1724 3344 1791 putamus
3366 1720 3573 1789 Deum,
3606 1725 3923 1781 Dominum

2271 1809 2645 1863 dominorum
2667 1814 2723 1864 et
2746 1813 2959 1880 Regem
2984 1810 3374 1881 regnantium,
3400 1810 3655 1883 simplici
3686 1816 3921 1869 tantum

2273 1898 2599 1953 ministerio
2631 1903 2969 1953 contentum
2992 1899 3021 1953 ‘t
3206 1956 3213 1965 ,
3502 1952 3509 1957 ,

2336 1985 2523 2056 (Vers.
2572 1989 2663 2054 22,
2710 1988 2825 2053 23.)
2878 2006 2905 2039 (ι
2961 1988 3026 2041 Et
3072 1988 3272 2044 omnia
3315 1990 3567 2059 subjecit
3613 1992 3869 2064 pedibus
3900 1994 3921 2029 ⁸

2266 2076 2414 2147 ejus,
2449 2080 2505 2131 et
2530 2075 2724 2146 ipsum
2764 2075 2924 2130 dedit
2950 2081 3126 2148 caput
3170 2094 3347 2149 super
3393 2079 3593 2135 omnia
3624 2079 3922 2152 Ecclesiae,

2267 2181 2392 2235 quas
2422 2169 2510 2219 est
2540 2181 2751 2236 corpus
2807 2165 2993 2236 ipsius
3029 2182 3041 2219 :
3076 2165 3383 2237 plenitudo
3414 2168 3539 2237 ejus
3592 2169 3690 2241 qui
3723 2171 3926 2227 omnia

2265 2254 2325 2308 in
2357 2254 2631 2308 omnibus
2679 2253 3051 2325 adimpletur.
3088 2277 3114 2305 ››
3150 2254 3294 2311 Huic
3344 2257 3577 2312 videtur
3607 2257 3753 2314 illud
3786 2276 3916 2316 esse

2266 2343 2646 2409 contrarium,
2699 2343 2853 2414 quod
2904 2342 3041 2397 alibi
3091 2344 3367 2400 scribitur
3417 2363 3429 2399 :
3482 2346 3726 2403 Necdum
3771 2351 3921 2405 enim

2266 2432 2318 2487 ei
2365 2432 2609 2487 videmus
2656 2434 2842 2487 omnia
2897 2433 3138 2500 subiecta
3185 2434 3458 2507 (Philipp.
3515 2454 3599 2503 111,
3644 2439 3757 2509 21).
3810 2439 3921 2495 Sed

2268 2526 2325 2576 et
2354 2521 2497 2576 illud
2533 2539 2546 2576 :
2580 2522 2803 2592 Oportet
2851 2523 3002 2576 enim
3049 2523 3211 2576 illum
3258 2540 3511 2594 regnare,
3543 2526 3712 2582 donec
3754 2530 3922 2601 ponat

2267 2626 2449 2666 omnes
2500 2612 2755 2665 inimicos
2790 2610 2887 2664 sub
2940 2610 3167 2682 pedibus
3213 2616 3336 2683 ejus
3384 2615 3433 2681 (Ι
3482 2614 3604 2669 Cor.
3654 2633 3746 2687 xv,
3806 2618 3917 2687 25).

2268 2700 2326 2755 Si
2359 2699 2515 2754 enim
2550 2699 2800 2755 necdum
2833 2699 2883 2753 ei
2936 2700 3200 2769 subjecta
3229 2706 3369 2755 sunt
3413 2703 3631 2770 omnia,
3662 2710 3719 2760 et
3748 2722 3921 2777 opor-

2267 2792 2349 2844 tet
2404 2805 2535 2843 eum
2588 2805 2850 2861 regnare,
2898 2789 3082 2843 donec
3132 2790 3183 2843 ei
3228 2791 3623 2861 subjiciantur
3671 2794 3916 2852 omnia:

2269 2878 2561 2949 quomodo
2603 2894 2757 2933 nunc
2805 2878 2914 2933 sub
2963 2878 3210 2949 pedibus
3261 2881 3390 2950 ejus
3439 2881 3592 2937 Deus
3645 2884 3915 2939 universa

2270 2966 2566 3037 subjecit?
2596 2967 2843 3022 Maxime
2882 2983 3014 3021 cum
3048 2972 3103 3021 et
3154 2968 3212 3022 in
3245 2967 3359 3024 alio
3389 2968 3513 3025 loco
3544 2970 3760 3027 Paulus
3792 2972 3919 3044 ipse

2268 3061 2515 3111 testetur
2564 3073 2575 3112 :
2634 3059 2775 3112 Cum
2821 3065 3011 3111 autem
3056 3058 3111 3111 ei
3155 3057 3400 3128 subjecta
3444 3055 3663 3132 fuerint
3705 3063 3913 3133 omnia,

2267 3154 2396 3202 tunc
2448 3149 2497 3202 et
2551 3148 2666 3217 ipse
2720 3148 2893 3202 Filius
2919 3146 3244 3214 subiicietur
3295 3148 3347 3202 ei
3398 3149 3494 3218 qui
3538 3150 3647 3205 sibi
3684 3152 3916 3223 subjecit

2268 3236 2456 3291 omnia
2487 3253 2506 3289 :
2536 3241 2596 3289 ut
2646 3237 2721 3291 sit
2773 3236 2911 3289 Deus
2957 3237 3144 3290 omnia
3174 3238 3234 3290 in
3278 3238 3536 3293 omnibus
3582 3239 3743 3308 (Ibid.
3774 3240 3917 3312 28)?

505 3322 833 3389 nominare,
865 3338 969 3379 nec
1017 3321 1214 3394 ipsum
1262 3321 1531 3391 Paulum,
1578 3327 1739 3395 puto,
1790 3331 1855 3379 ut
1903 3325 1960 3380 in
1994 3326 2157 3398 gravi
2187 3322 2229 3387 C
2267 3325 2415 3397 Ergo
2446 3330 2546 3379 aut
2576 3325 2899 3380 secundum
2934 3324 3357 3396 prmscientiam
3393 3327 3495 3391 [Αἰ.
3522 3329 3915 3402 praesentiam]

504 3410 854 3487 corpusculo
904 3410 1315 3480 constitutum,
1366 3428 1709 3468 enumerare
1757 3414 2033 3470 valuisse.
2095 3416 2154 3471 Si

504 3507 703 3560 autem
734 3505 877 3559 sunt
903 3490 1293 3574 principatus,
1326 3506 1383 3556 et
1428 3506 1768 3574 potestates,
1802 3507 1857 3558 et
1888 3503 2153 3571 virtutes,

456 3602 466 3617 λ
505 3596 563 3648 et
608 3589 1061 3658 dominationes,
1093 3606 1332 3646 necesse
1372 3595 1461 3646 est
1508 3594 1574 3646 ut
1621 3596 1677 3646 et
1724 3593 2019 3663 subjectos
2052 3593 2155 3648 ha-

503 3679 699 3749 beant,
750 3683 809 3735 et
854 3679 1130 3735 timentes
1180 3695 1262 3750 se,
1303 3682 1360 3735 et
1408 3679 1723 3736 servientes
1771 3681 1908 3749 sibi,
1954 3687 2009 3737 et
2057 3700 2155 3738 eos

507 3769 608 3840 qui
653 3785 765 3825 sua
812 3767 1150 3824 fortitudine
1196 3768 1218 3801 ¹
1265 3768 1629 3823 roborentur.
1681 3772 1814 3833 Qua
1872 3770 2154 3826 distribu-

578 3930 596 3964 ¹
627 3928 836 3984 Facem
880 3927 1005 4003 haec
1052 3927 1309 4003 prietulit
1337 3929 1533 3985 Grotio
1588 3929 1921 4003 Hieronymi
1961 3933 2154 4003 conje-

506 4005 693 4068 ctura,
756 4004 822 4054 ut
877 3998 1081 4072 isthme
1137 3998 1492 4072 dignitatum
1552 3998 1908 4058 nomina'ad
1969 3998 2159 4061 instar

507 4089 709 4146 eurum
742 4087 867 4143 quas
903 4072 974 4146 in
1002 4071 1311 4127 Persarum
1343 4072 1478 4127 aula
1529 4074 1747 4146 primas
1794 4075 2152 4144 obtinebant,

468 4146 469 4149 “
506 4144 689 4219 fuisse
718 4142 1061 4216 eicogitata,
1096 4160 1378 4216 perquam
1409 4142 1632 4219 erudite
1663 4146 1944 4201 docuerit.
1980 4142 2155 4219 Equi-

508 4216 640 4273 dem
672 4219 729 4291 et
757 4231 1040 4291 numerus
1069 4220 1292 4286 septem
1337 4216 1699 4291 angelorum,
1734 4219 1831 4288 qui
1867 4216 2157 4291 praecipua

507 4304 652 4361 cum
666 4286 953 4361 dignitate
971 4291 1131 4361 stant
1159 4286 1513 4361 coramDeo,
1540 4286 1910 4361 optime—cum
1934 4286 2153 4361 septem

510 4359 821 4431 ministris,
856 4358 957 4430 qui
1002 4358 1123 4430 regi
1154 4358 1412 4431 Persidis
1464 4360 1756 4431 astabant,
1789 4358 2042 4431 eumque
2070 4362 2154 4416 vi-

506 4431 663 4495 dere,
717 4428 957 4502 alloqui,
1005 4428 1415 4502 et'consulere
1464 4446 1568 4502 pro
1601 4430 1789 4484 lubitu
1843 4428 2151 4502 poterant:

505 4517 613 4574 nec
661 4500 908 4557 dubium
957 4505 1069 4564 est,
1103 4500 1465 4571 Scripturam
1510 4500 1582 4554 iis
1631 4500 1875 4571 passim,
1908 4520 2034 4574 quae
2081 4506 2149 4560 ad

507 4572 876 4647 Hebraeorum
957 4575 1323 4647 conceptum,
1420 4575 1792 4643 mentemque
1887 4572 2157 4647 propiora

505 4648 696 4713 erant,
728 4644 919 4713 ipsam
951 4658 1013 4698 se
1043 4643 1425 4697 conformare.

2263 3412 2320 3468 id
2371 3414 2525 3485 quod
2560 3413 2822 3468 futurum
2853 3418 2959 3480 est,
2995 3414 3161 3484 quasi
3186 3415 3311 3484 jam
3345 3415 3563 3472 factum
3595 3433 3724 3474 esse
3754 3434 3914 3475 com-

2267 3507 2569 3570 memorat,
2594 3504 2763 3573 juxta
2800 3517 3042 3558 sensum
3074 3518 3243 3572 quem
3301 3520 3481 3576 supra
3512 3507 3912 3577 exposuimus,

2266 3591 2364 3645 ubi
2393 3592 2505 3646 ait:
2524 3593 2823 3647 Benedixit
2846 3607 2943 3647 nos
2972 3592 3028 3645 in
3052 3593 3206 3646 omni
3226 3591 3605 3650 benedictione
3624 3596 3917 3667 spirituati

2265 3682 2325 3733 in
2372 3680 2670 3736 caelestibus
2699 3683 2759 3735 in
2814 3679 3026 3735 Christo
3077 3681 3297 3751 (Ephes.
3329 3698 3368 3751 1,
3402 3683 3479 3753 3).
3531 3687 3651 3738 Aut
3681 3690 3833 3740 certe
3862 3685 3914 3741 si

2264 3770 2334 3824 de
2355 3769 2643 3841 praeterito
2666 3769 3037 3825 sentiendum
3061 3774 3149 3825 est
3175 3787 3186 3825 :
3213 3769 3295 3825 sic
3326 3771 3609 3829 debemus
3630 3774 3911 3847 accipere,

2265 3944 2424 4002 num;
2446 3928 2635 4000 angeli
2683 3929 2965 4002 aspirent,
2997 3934 3055 4002 et
3084 3929 3230 3985 bene
3248 3932 3483 4002 agendo
3533 3933 3603 3988 ad
3637 3933 3912 3991 inferiora

2265 3999 2677 4077 devolvantur,
2699 3999 2769 4077 et
2786 4000 2882 4056 alii
2935 4001 3147 4077 aliique
3175 4000 3265 4057 vel
3297 3999 3590 4077 potestati,
3623 4006 3711 4061 vel
3741 4006 3907 4077 prin-

2264 4073 2479 4143 cipatui
2526 4073 2939 4147 subjiciantur,
2975 4073 3316 4145 futuraeque
3349 4076 3523 4130 etiam
3567 4073 3907 4147 hujusmodi

2264 4145 2725 4215 permutationes
2776 4145 2834 4198 in
2881 4148 3185 4215 aeternum,
3216 4151 3448 4203 tantum
3492 4145 3660 4203 intra'
3689 4155 3909 4205 natura

2265 4214 2546 4289 angelicae
2587 4216 2752 4289 ﬁnes,
2784 4216 2957 4287 idque
2989 4233 3173 4271 unum
3206 4217 3473 4289 Origenis
3504 4218 3655 4274 inter
3682 4225 3741 4275 et
3773 4220 3913 4277 Hie-

2267 4286 2491 4359 ronymi
2517 4287 2840 4341 doctrinam
2864 4286 3168 4354 interesse,
3196 4286 3354 4359 quod
3380 4289 3476 4344 ille
3498 4291 3567 4345 ad
3602 4291 3910 4348 hominum

2267 4374 2501 4436 quoque
2522 4375 2589 4412 ac
2605 4360 2932 4436 damonum
2953 4360 3445 4436 naturam‘delabi
3468 4379 3636 4436 posse
3655 4364 3906 4436 angelos

2265 4432 2339 4483 sit
2369 4431 2663 4504 opinatus.
2698 4430 2932 4485 Nullam
2963 4431 3284 4504 econtrario
3308 4430 3527 4504 gradus
3555 4430 3906 4490 vicissitudi-

2265 4518 2395 4578 nem
2432 4502 2581 4555 inter
2611 4502 2893 4573 ipsosmet
2925 4502 3162 4578 angelos
3213 4502 3377 4578 ponit
3406 4504 3812 4578 Hieronymus,
3844 4512 3911 4561 ut

2263 4572 2509 4627 laudatae
2544 4572 2877 4629 contextum
2909 4572 3337 4645 Apologia—ubi
3368 4593 3539 4631 suam
3571 4572 3748 4633 latius
3777 4572 3910 4633 sen—

2263 4646 2509 4699 tentiam
2560 4645 2828 4715 explicat,
2861 4646 3180 4701 attendenti
3227 4648 3553 4716 constabit;
3589 4650 3688 4704 sed
3718 4650 3911 4705 varios

656 4698 836 4791 lienes
891 4713 1219 4791 Ιίιιίὶιιιιιιι,Δ
1248 4716 1344 4784 qui
1397 4731 1432 4768 ιι
1483 4731 1586 4770 sua
1639 4716 1983 4791 fortitudine,
2041 4721 2149 4772 etc.
2185 4698 2230 4762 D
2264 4698 2660 4771 tantumiillos
2705 4698 3907 4791 gishasjgiiéiishgélif58566816153563

503 4783 735 4840 Videsis
766 4783 979 4839 librum
1014 4783 1410 4840 Invectivarum
1440 4802 1499 4852 ιι,
1536 4783 1698 4842 num.
1732 4789 1821 4841 37.

574 4856 597 4891 ⁸
625 4855 903 4930 Voculam
941 4857 1288 4930 etiamkquae
1324 4858 1532 4930 nescio
1566 4859 1705 4930 quid
1741 4860 2020 4915 momenti
2052 4877 2151 4915 su-

504 4927 789 5002 peraddit,
822 4926 1006 4982 nostri
1048 4942 1115 5002 ac
1146 4926 1363 5002 Ruﬁni
1388 4926 1615 4985 codices
1646 4931 1939 5002 supplent.
1986 4932 2149 4995 Quod

503 4999 624 5055 haec
653 5016 785 5056 vero
825 4999 1114 5054 sententia
1134 4999 1542 5070 Origenianam
1574 4999 1900 5067 doctrinam
1934 5002 2149 5058 redole-

448 5137 457 5145 ν
504 5076 611 5145 ret,
645 5071 726 5127 ita
757 5086 819 5127 se
872 5071 943 5126 ab
974 5070 1364 5145 Aquileiensis
1394 5072 1715 5145 presbyteri
1747 5074 2149 5144 reprehensio-

503 5143 681 5216 nibus
706 5159 771 5216 ac
803 5141 1066 5198 censuris
1098 5146 1300 5216 tuetur
1318 5143 1375 5216 S_.
1397 5141 1736 5216 Pater—libi
1767 5141 2061 5216 Apologiaz,
2086 5163 2147 5211 11,

499 5214 595 5289 23.
629 5237 658 5265 ‹‹
683 5214 1002 5289 Sinﬁautem
1035 5218 1220 5289 putat,
1250 5214 1465 5269 idcirco
1498 5231 1590 5269 me
1621 5214 1925 5289 Origenem
1959 5217 2146 5289 sequi,

502 5288 642 5359 quia
669 5288 965 5368 profectus
1020 5290 1079 5341 et
1125 5285 1395 5368 honores,
1428 5292 1484 5340 et
1530 5285 1921 5368 aseenSiones,
1956 5294 2012 5342 et
2043 5285 2151 5368 'de-

498 5358 860 5430 s’censiones,
892 5358 1253 5430 incrementa
1280 5362 1339 5430 et
1365 5358 1811 5414 immunitiones
1841 5360 1900 5414 in
1932 5360 2154 5430 exposi-

497 5429 657 5484 tione
688 5447 817 5487 mea
847 5429 1039 5502 posui,
1058 5429 1204 5502 sciat
1225 5428 1476 5502 multum
1496 5430 1781 5485 interesse
1806 5432 1875 5485 de
1901 5428 2146 5502 angelis,

499 5503 559 5574 et
612 5501 931 5574 seraphin],
988 5507 1046 5557 et
1100 5501 1405 5556 cherubim
1475 5501 1684 5574 dicere,
1745 5501 2035 5557 daemones
2095 5508 2152 5556 et

498 5569 768 5645 homines
814 5574 959 5642 fieri,
1011 5574 1163 5644 quod
1211 5574 1469 5627 affirmat
1516 5572 1839 5645 Origenes:
1884 5580 1942 5629 et
1988 5576 2149 5645 ipsos

497 5641 660 5721 inter
706 5660 767 5699 se
814 5641 1053 5721 angelgs
1092 5645 1330 5721 diversa
1376 5641 1706 5700 ofﬁciorum
1758 5662 1971 5721 genera
2012 5641 2149 5701 esse

496 5713 759 5789 sortitos,
792 5713 947 5789 quod
979 5713 1248 5772 Ecclesiae
1278 5733 1394 5772 non
1424 5721 1731 5789 repugnat.
1762 5713 1795 5766 ἶ)
1827 5717 2012 5789 igitur
2044 5734 2149 5773 nec

497 5785 677 5859 probe
732 5784 1026 5842 intellecta
1085 5803 1253 5859 mens
1309 5789 1366 5844 S.
1425 5784 1612 5845 Patris
1680 5784 1890 5844 Huetio
1947 5788 2147 5859 fuerit,

494 5856 599 5943 Qui
627 5872 763 5920 eum
792 5860 961 5935 putat
988 5873 1106 5916 non
1135 5858 1394 5931 difﬁteri,
1414 5864 1481 5918 ut
1510 5860 1581 5918 ad
1613 5861 1917 5938 superiora
1939 5856 2140 5923 etiam?

2264 4793 2562 4862 testatum,
2602 4795 2749 4862 _etc.,
2779 4790 2860 4862 ita
2914 4789 2999 4844 vel
3050 4807 3150 4862 pro
3203 4790 3425 4844 meritis
3479 4807 3544 4845 ac
3576 4789 3911 4848 Virtutibus

2266 4859 2489 4935 angelis
2519 4859 2642 4935 vult
2666 4860 3027 4935 assignatos,
3053 4859 3145 4916 κει
3188 4862 3346 4931 ipsos
3396 4864 3549 4935 inter
3578 4879 3639 4918 se
3670 4864 3909 4935 angelos

2264 4931 2486 5006 diversa
2522 4932 2592 4985 ab
2619 4931 2832 5006 officio,
2863 4932 2957 4987 cui
2986 4935 3360 5005 deputantur,
3382 4934 3704 4990 etiamnum
3738 4931 3911 5006 posse

2260 5002 2459 5056 sortiri
2492 5002 2750 5057 nomina.

2330 5072 2542 5150 {Unus
2584 5074 3006 5143 Cisterciensis,
3040 5075 3178 5146 quod
3224 5080 3508 5148 prm/ectos
3557 5079 3616 5132 in
3641 5081 3800 5150 parte
3827 5078 3908 5133 ci-

2259 5145 2613 5228 vil-inpudicos
2640 5162 2739 5217 per
2762 5145 3096 5228 provincias,
3130 5145 3239 5203 etc.

2331 5216 2351 5249 ⁸
2383 5218 2540 5291 Idem
2582 5216 2852 5291 pressius
2899 5220 2970 5291 ad
3021 5220 3306 5291 Grgecum,
3337 5220 3575 5289 subjecit
3618 5220 3716 5274 sub
3756 5219 3907 5291 pedi-

2262 5287 2375 5356 bus,
2410 5287 2656 5363 ὑπέταξεν
2705 5287 2805 5341 ὑπὸ
2834 5287 2961 5349 τοὺς
3012 5286 3200 5349 ποδας.
3236 5286 3362 5345 Mox
3409 5286 3562 5362 quod
3607 5286 3773 5363 super
3799 5308 3911 5347 om-

2255 5368 2383 5434 nem
2412 5361 2729 5427 Ecclesium,
2762 5378 2865 5432 pro
2909 5376 3059 5434 supei
3118 5365 3299 5416 omnia
3331 5361 3602 5429 Ecclesiae,
3634 5361 3909 5434 vulgatus

2259 5429 2548 5506 interpres
2598 5429 2884 5506 praeferat,
2920 5432 3125 5506 minus
3168 5435 3471 5503 probatur,
3524 5429 3907 5506 dicemusque

2260 5504 2401 5557 adeo
2417 5477 2567 5558 l’c-um
2598 5477 2670 5555 ad
2704 5520 2838 5557 eum
2870 5477 3062 5558 locum
3097 5477 3503 5561 devenerimu’s
3533 5505 3591 5560 in
3627 5477 3906 5561 Hierohv-

2261 5522 2401 5557 aueo
2435 5522 2567 5558 cum
2601 5522 2670 5555 an
2704 5522 2838 5557 eum
2871 5522 3062 5558 locum
3097 5522 3503 5561 nevenerlmus
3533 5524 3591 5560 ιιι
3627 5522 3836 5561 uieron
3883 5535 3904 5547 -

2261 5574 2788 5649 1_niana_vers_ione,
2838 5591 2951 5629 non
3015 5576 3194 5649 videri
3242 5577 3394 5631 hanc
3444 5577 3791 5649 particulam

2257 5644 2521 5722 Doctoris
2547 5645 2766 5714 judicio
2798 5647 3187 5722 recognitum:
3222 5644 3564 5722 quanquam
3591 5666 3705 5704 non
3738 5649 3906 5722 igno-

2257 5732 2458 5843 péimps
2502 5715 2562 5841 in
2615 5733 2730 5772 uno
2778 5715 3028 5774 alterove
3066 5715 3260 5777 Graece
3311 5715 3423 5779 ms'.
3456 5720 3570 5795 legi
3597 5715 3901 5796 πᾶσαιῖτήν
3962 5785 3971 5789 ,

2316 5806 2383 5843 κκ
2425 5805 2496 5843 ne
2521 5805 2603 5843 αν.

2316 5805 2603 5861 κκΛησιαν.
