4332 6632
484 516 600 580 493

1183 516 1701 578 COMMENTAR.
1750 517 1826 578 IN
1872 518 2119 578 EPIST.
2166 520 2270 577 AD
2319 519 2593 580 EPHES.
2642 521 2790 580 LIB.
2839 521 2886 593 Ι,
2938 523 3106 582 CAP.
3156 525 3208 582 l.

3784 528 3905 587 494

485 652 642 724 quod
673 650 846 707 etiam
879 665 946 705 ea
976 665 1104 720 quae
1137 665 1252 704 non
1286 653 1422 704 sunt
1445 649 1495 704 ei
1518 648 1814 705 voluntate
1846 650 2129 720 subjecta,
2163 650 2216 717 Α
2247 650 2482 705 clinavit
2513 655 2567 707 et
2597 651 2722 723 ipse
2755 653 2854 724 qui
2889 651 3169 724 loquitur.
3221 654 3289 710 Et
3330 653 3468 710 alibi
3503 672 3514 709 :
3552 657 3658 726 Ego
3689 656 3813 711 dixi
3844 658 3905 711 in

486 746 703 797 natura:
734 738 1065 795 conditione
1094 737 1427 793 deserviant
1463 755 1475 792 :
1509 740 1666 794 verbi
1694 757 1893 813 causa,
1930 740 2140 794 daemo-

484 847 606 900 nes,
666 826 850 885 Judaei
907 832 1084 900 atque
1141 826 1410 900 gentiles.
1474 828 1599 883 Non
1659 828 1815 884 enim
1875 829 2141 884 serviunt

486 918 735 985 Christo,
766 934 872 972 nec
901 917 1150 987 subjecti
1196 920 1335 971 sunt
1385 916 1631 987 pedibus
1675 918 1823 989 ejus,
1857 922 1912 973 et
1942 922 2139 973 tamen

486 1009 625 1081 quia
654 1008 725 1064 ab
756 1024 821 1062 eo
853 1008 910 1060 in
942 1007 1160 1061 bonam
1212 1010 1438 1077 partem
1489 1006 1665 1061 creati
1716 1012 1875 1078 sunt,
1919 1007 2141 1062 subditi

485 1103 623 1153 sunt
651 1096 924 1169 potestati
975 1092 1105 1167 ejus
1154 1094 1344 1163 inviti,
1395 1096 1628 1149 tametsi
1664 1096 1970 1152 adversum
2005 1113 2139 1151 eum

484 1190 814 1259 repugnent
842 1185 1011 1240 liberi
1043 1183 1266 1239 arbitrii
1289 1182 1683 1239 voluntate.ln
1718 1184 1874 1240 hunc
1898 1202 2140 1240 sensum

483 1282 540 1334 et
588 1275 731 1331 illud
783 1275 936 1347 quod
987 1272 1259 1345 sequitur
1299 1277 1606 1344 coaptatur
1638 1291 1650 1329 :
1688 1275 1751 1328 Et
1784 1274 1964 1344 ipsum
1995 1274 2142 1330 dedit

479 1370 642 1438 caput
683 1381 855 1436 super
895 1364 1081 1419 omnia
1124 1363 1400 1429 Ecclesiae,
1434 1378 1555 1433 qua:
1604 1363 1757 1419 568
1809 1370 1890 1418 est
1938 1380 2134 1435 corpus

483 1459 674 1527 ipsius.
707 1453 1007 1519 Quomodo
1056 1453 1214 1507 enim
1264 1456 1440 1523 caput
1491 1451 1745 1522 plurima
1800 1453 1913 1507 sibi
1964 1454 2143 1507 habet

480 1544 747 1601 membra
775 1543 1062 1613 subjecta,
1094 1557 1124 1596 e
1154 1540 1370 1612 quibus
1419 1546 1558 1595 sunt
1606 1540 1893 1596 nonnulla
1924 1541 2139 1597 vitiosa

482 1638 539 1701 et
567 1631 782 1689 debilia
814 1650 827 1687 :
862 1630 945 1686 ita
993 1635 1048 1684 et
1093 1629 1373 1684 Dominus
1423 1634 1618 1684 noster
1662 1634 1837 1685 Jesus
1868 1630 2139 1686 Christus

483 1740 614 1779 cum
648 1722 726 1777 sit
757 1724 933 1793 caput
965 1718 1250 1790 Ecclesim,
1282 1719 1454 1773 habet
1485 1719 1753 1774 membra
1791 1737 1890 1775 eos
1938 1736 2140 1775 omnes

482 1812 583 1884 qui
615 1810 675 1866 in
708 1808 965 1865 Ecclesia
1000 1814 1450 1881 congregantur,
1485 1802 1603 1864 tam
1656 1813 1889 1864 sanctos
1936 1808 2141 1863 videli-

482 1904 572 1957 cet
637 1915 816 1971 quam
879 1902 1214 1971 peccatores
1275 1914 1287 1952 :
1354 1899 1454 1953 sed
1518 1901 1755 1954 sanctos
1818 1897 2137 1967 voluntate,

485 1993 817 2063 peccatores
859 2004 993 2043 vero
1045 1987 1155 2043 sibi
1205 1986 1551 2042 necessitate
1600 1987 1915 2059 subjectos.
1956 1989 2142 2059 Atque

486 2080 569 2134 ita
601 2078 685 2147 fit,
716 2082 781 2132 ut
811 2076 990 2132 etiam
1023 2075 1246 2131 inimici
1277 2075 1528 2145 subjecti
1556 2075 1674 2131 sint
1705 2077 1952 2148 pedibus
1992 2077 2139 2147 ejus.

490 2170 853 2239 Quapropter
882 2166 940 2219 in
971 2182 1037 2220 eo
1068 2167 1221 2236 quod
1274 2166 1373 2237 ait,
1425 2168 1631 2233 omnia,
1683 2166 1912 2221 videtur
1961 2166 2145 2221 facere

493 2256 901 2329 quaestionem.
935 2255 1082 2310 Nam
1117 2254 1260 2309 illud
1311 2255 1464 2327 quod
1515 2254 1737 2309 dictum
1779 2259 1867 2310 est
1897 2272 1909 2310 :
1945 2255 2083 2310 Sede
2112 2270 2147 2309 a

489 2346 704 2401 dextris
735 2336 897 2410 meis,
928 2344 1098 2399 donec
1124 2360 1333 2416 ponam
1365 2345 1628 2399 inimicos
1648 2353 1768 2399 tuos
1798 2344 1897 2399 sub
1917 2345 2149 2414 pedibus

491 2435 602 2491 tuis
650 2438 666 2470 ί
710 2434 883 2505 (Psal.
940 2451 1053 2502 c1x,
1090 2434 1160 2504 1).
1196 2437 1264 2487 Et
1307 2432 1443 2488 alibi
1497 2450 1509 2488 :
1560 2433 1775 2505 Oportet
1822 2436 1970 2489 enim
2019 2450 2146 2489 eum

488 2540 740 2595 regnare,
800 2523 966 2578 donec
1006 2530 1178 2593 ponat
1224 2538 1409 2577 omnes
1468 2523 1728 2577 inimicos
1774 2523 1872 2577 sub
1917 2521 2146 2594 pedibus

487 2614 602 2682 eius
631 2614 678 2684 (Ι
706 2613 827 2668 Cor.
863 2626 955 2680 xv,
987 2612 1079 2682 25)
1109 2628 1121 2667 :
1148 2628 1262 2666 non
1314 2627 1666 2683 magnopere
1716 2612 1926 2684 quaerit
1968 2610 2144 2665 inter-

490 2707 734 2776 pretem,
770 2705 832 2756 ut
863 2718 930 2756 ea
962 2718 1083 2772 quae
1121 2700 1359 2755 inimica
1408 2706 1568 2767 sunt,
1620 2717 1755 2756 eum
1807 2700 2021 2755 fuerint
2053 2718 2149 2756 su-

488 2796 708 2866 perata,
752 2790 1145 2862 subjiciuntur
1197 2790 1444 2860 pedibus
1497 2791 1647 2860 ejus,
1698 2795 1755 2845 et
1803 2789 1861 2844 in
1910 2789 2147 2846 victoris

489 2884 791 2937 transeant
848 2871 1218 2952 potestatem.
1269 2879 1385 2933 Cur
1435 2883 1631 2934 autem
1683 2879 1900 2947 omnia,
1935 2878 1993 2933 id
2036 2884 2144 2947 est,

493 2970 704 3044 angeli,
756 2969 973 3036 throni,
1025 2967 1480 3038 dominationes,
1536 2972 1875 3040 potestates,
1927 2972 1982 3023 et
2032 2967 2141 3022 vir-

493 3064 648 3116 tutes
703 3064 940 3124 caateraa,
1004 3075 1131 3131 quas
1192 3074 1496 3129 nunquam
1562 3058 1800 3112 fuerunt
1843 3057 2146 3112 contraria:

495 3148 632 3219 Deo,
665 3148 793 3221 eius
820 3147 1069 3220 pedibus
1100 3146 1512 3217 subjiciuntur,
1545 3147 1773 3202 videtur
1808 3147 2143 3202 obscurum.

497 3238 693 3294 Potest
747 3237 942 3309 itaque
1001 3235 1363 3308 reSponderi,
1416 3236 1574 3308 quod
1634 3237 1855 3308 absque
1914 3239 2147 3308 peccato

499 3325 698 3382 nullus
728 3325 823 3393 sit,
856 3330 914 3379 et
945 3324 1138 3379 sidera
1174 3322 1304 3396 ipsa
1342 3340 1454 3378 non
1508 3324 1627 3378 sint
1677 3323 1899 3379 munda
1951 3339 2145 3378 coram

2247 756 2469 795 excessu
2525 744 2726 795 mentis
2775 757 2931 808 meae,
2980 745 3157 798 omnis
3213 745 3373 799 homo
3426 744 3672 801 mendaci:
3722 743 3901 818 (Psal.

2249 847 2372 895 cxv,
2411 830 2513 900 11).
2548 818 2847 885 Aut'enim
2880 847 3080 885 verum
3114 837 3202 887 est
3238 832 3348 888 hoc
3397 834 3554 903 quod
3605 833 3771 903 dixit,
3804 838 3906 890 aut

2251 918 2488 974 falsum.
2522 919 2579 974 Si
2615 919 2809 974 omnis
2840 919 3015 975 homo
3050 922 3301 976 mendax
3338 926 3448 990 est,
3483 938 3620 995 ergo
3654 923 3905 979 mendax

2250 1021 2341 1072 est
2370 1022 2426 1071 et
2458 1016 2581 1088 ipse
2614 1017 2712 1089 qui
2744 1016 3025 1089 loquitur.
3060 1018 3118 1073 Si
3172 1024 3367 1074 autem
3415 1020 3664 1075 mendax
3711 1023 3800 1077 est
3850 1022 3908 1076 et

2250 1106 2377 1177 ipse
2408 1106 2507 1177 qui
2540 1104 2820 1177 loquitur,
2855 1124 2924 1162 ne
2957 1107 3067 1162 hoc
3098 1107 3338 1178 quidem
3387 1108 3543 1180 quod
3597 1108 3676 1164 ait
3704 1124 3904 1165 verum

2251 1200 2358 1262 est,
2410 1211 2644 1249 omnem
2693 1195 2995 1251 hominem
3045 1212 3172 1252 esse
3222 1197 3587 1254 mendacem.
3632 1197 3809 1253 Porro
3854 1197 3906 1252 si

2248 1301 2383 1339 vera
2414 1284 2700 1339 sententia
2747 1289 2857 1351 est,
2886 1301 3091 1340 omnes
3145 1285 3227 1340 sic
3276 1286 3600 1358 accipiendi
3651 1290 3810 1353 sunt,
3844 1290 3910 1341 ut

2251 1398 2430 1452 supra
2460 1381 2737 1451 diximus,
2790 1384 2945 1453 quod
2990 1400 3201 1455 magna
3233 1400 3367 1455 pars
3399 1383 3707 1440 hominum
3741 1401 3903 1440 men-

2252 1470 2449 1527 tiatur.
2486 1471 2701 1526 Scribit
2730 1476 2787 1525 ct
2815 1470 2955 1526 alibi
2984 1470 3296 1544 Apostolus
3331 1490 3343 1527 :
3389 1473 3640 1529 Doeentes
3688 1489 3910 1529 omnem

2250 1560 2527 1614 hominem
2619 1559 2848 1630 (Coloss.
2932 1578 3041 1629 111,
3105 1562 3240 1629 16):
3304 1578 3418 1617 non
3480 1562 3635 1633 quod
3701 1578 3906 1618 omnes

2251 1648 2519 1703 homines
2549 1648 2811 1704 docuerit
2862 1667 2873 1704 :
2926 1649 3129 1720 quanti
3170 1652 3329 1706 enim
3381 1657 3522 1706 sunt
3564 1650 3666 1722 qui
3718 1667 3906 1724 usque

2250 1737 2422 1793 hodie
2450 1754 2554 1793 nec
2584 1738 2910 1793 doctrinam
2934 1738 3197 1810 Apostoli
3231 1738 3490 1810 audiere,
3513 1755 3620 1795 nec
3651 1756 3865 1796 nomen
3889 1758 3903 1809 ;

2251 1837 2351 1891 sed
2385 1837 2538 1907 quod
2569 1853 2667 1892 eos
2697 1853 2901 1892 omnes
2953 1837 3160 1892 doceat
3208 1842 3267 1892 et
3319 1837 3650 1908 admoneat,
3702 1838 3804 1910 qui
3846 1836 3950 1893 in'

2249 1925 2507 1981 Ecclesia
2565 1930 2726 1991 sunt,
2783 1931 2840 1980 et
2898 1926 3145 1997 cupiunt
3194 1925 3344 1982 scire
3402 1943 3529 1998 qua:
3588 1926 3687 1982 Dei
3746 1930 3906 1982 sunt.

2173 2027 2218 2091 B
2250 2023 2527 2094 Sequitur
2576 2041 2600 2083 :,
2641 2023 2934 2105 Plenitudo
2983 2024 3100 2093 ejus
3148 2025 3245 2096 qui
3293 2025 3487 2079 omnia
3540 2026 3601 2078 in
3653 2024 3909 2080 omnibus

2250 2113 2599 2184 adimpletur.
2623 2114 2783 2176 Quod
2815 2112 3050 2183 quidem
3102 2114 3185 2167 sic
3235 2112 3664 2184 accipiendum,
3699 2129 3908 2185 quem-

2253 2203 2572 2287 admodum
2633 2206 2689 2255 et
2733 2201 2876 2255 illud
2928 2218 2940 2256 :
2996 2202 3137 2256 Tune
3180 2201 3503 2273 subjicietur
3548 2204 3603 2257 ei
3653 2203 3751 2272 qui
3801 2202 3912 2258 sibi

2253 2300 2479 2368 subjecit
2504 2301 2711 2363 omnia,
2743 2303 2805 2353 ut
2831 2300 2900 2353 sit
2932 2303 3073 2354 Deus
3099 2301 3289 2354 omnia
3319 2301 3377 2354 in
3409 2301 3664 2355 omnibus
3695 2301 3743 2371 (Ι
3783 2300 3904 2357 Cor.

2252 2407 2344 2456 xv,
2377 2389 2661 2459 28).Nunc
2690 2389 2846 2443 enim
2884 2394 3031 2443 Deus
3064 2405 3167 2460 per
3200 2393 3393 2460 partes
3425 2388 3483 2443 in
3518 2389 3771 2462 singulis
3794 2394 3904 2458 est,

2254 2478 2314 2534 in
2348 2479 2459 2535 alio
2484 2478 2736 2549 justitia,
2771 2478 2829 2532 in
2863 2476 2977 2532 alio
3010 2478 3271 2543 castitas,
3312 2477 3372 2532 in
3413 2477 3527 2533 alio
3574 2484 3907 2551 temperan-

2257 2569 2356 2634 tia,
2388 2569 2446 2622 in
2479 2568 2592 2622 alio
2623 2566 2929 2639 sapientia,
2963 2568 3020 2621 in
3061 2566 3174 2622 alio
3223 2566 3502 2621 fortitudo
3536 2583 3549 2622 :
3584 2571 3640 2622 et
3672 2566 3910 2624 difﬁcile

2257 2664 2345 2712 est
2374 2656 2546 2712 etiam
2595 2656 2653 2710 in
2698 2656 2920 2711 sanctis
2969 2655 3107 2709 viris
3156 2660 3331 2725 atque
3382 2654 3652 2725 perfectis
3700 2672 3905 2711 omnes

2257 2747 2473 2818 pariter
2504 2762 2630 2800 esse
2658 2744 3072 2800 virtutes.Cum
3105 2749 3302 2800 autem
3352 2744 3410 2799 in
3461 2744 3637 2799 finem
3682 2760 3903 2814 rerum,

2257 2849 2313 2899 et
2342 2843 2850 2899 consummatione
2881 2842 3107 2906 mundi,
3139 2842 3189 2896 ei
3222 2841 3439 2897 fuerint
3472 2842 3739 2897 universa
3769 2843 3907 2898 sub-

2251 2934 2426 3003 jecta,
2461 2931 2881 3003 adimplebitur
2902 2930 3097 2986 omnia
3127 2931 3187 2985 in
3222 2930 3498 2987 omnibus
3531 2947 3544 2986 :
3580 2930 3903 3002 utjuxtaid

2258 3022 2412 3094 quod
2447 3026 2596 3076 Deus
2627 3025 2715 3075 est
2745 3020 2969 3074 cunctis
2999 3019 3314 3074 virtutibus
3344 3018 3575 3091 plenus,
3610 3019 3808 3075 omnia
3845 3020 3905 3074 in

2258 3110 2535 3165 omnibus
2576 3109 2985 3179 adimpleatur,
3044 3114 3100 3163 et
3147 3108 3265 3163 sint
3314 3108 3569 3164 universi
3624 3109 3908 3165 habentes

2258 3200 2474 3269 omnia,
2509 3216 2635 3270 qum
2667 3202 2800 3253 ante
2832 3197 3065 3270 singula
3106 3198 3324 3270 singuli
3365 3198 3760 3269 possidebant.
3796 3198 3908 3255 Sed

2259 3294 2316 3345 et
2344 3289 2451 3345 hoc
2482 3287 2633 3359 quod
2664 3286 2744 3343 ait
2777 3304 2788 3341 :
2829 3291 2895 3341 Et
2925 3289 3107 3358 ipsum
3137 3287 3281 3341 dedit
3308 3295 3473 3359 caput
3513 3303 3679 3358 super
3723 3289 3910 3343 omnia

499 3414 959 3485 Deo,omnisque
983 3416 1250 3467 creatura
1280 3416 1483 3483 paveat
1514 3411 1799 3467 Creatoris
1831 3413 2145 3468 adventum

2261 3388 2519 3443 Ecclesia?
2566 3400 2690 3457 quae
2734 3393 2812 3438 est
2860 3400 3053 3455 corpus
3082 3385 3256 3455 ipsius
3287 3402 3304 3437 :
3332 3384 3618 3456 plenitudo
3648 3386 3766 3455 ejus
3814 3386 3910 3457 qui

500 3504 615 3574 (Job
667 3520 757 3571 xv,
823 3503 909 3573 14,
961 3501 1071 3572 15.)
1130 3500 1293 3555 Unde
1343 3505 1400 3556 et
1454 3517 1595 3555 crux
1650 3499 1967 3557 Salvatoris
2034 3519 2148 3557 non

501 3591 695 3648 solum
727 3608 795 3647 ea
824 3608 952 3663 quae
1002 3590 1060 3645 in
1110 3594 1285 3657 terra,
1339 3590 1439 3645 sed
1491 3588 1663 3645 etiam
1715 3606 1844 3662 quae
1888 3590 1947 3644 in
1991 3590 2150 3645 cmlis

500 3685 667 3736 erant
715 3696 998 3752 purgasse
1049 3678 1390 3750 perhibetur
1426 3674 1475 3733 μ’.
1524 3678 1690 3735 Alius
1736 3695 1891 3746 vero,
1944 3681 2149 3746 omnia,

501 3787 617 3827 non
676 3770 744 3825 ad
810 3769 1272 3838 universitatem,
1308 3768 1409 3823 sed
1443 3768 1515 3822 ad
1566 3784 1632 3823 ea
1673 3773 1901 3823 tantum
1956 3770 2150 3836 refert,

503 3862 572 3917 de
602 3860 818 3933 quibus
848 3858 1217 3930 disputatum
1252 3863 1340 3913 est
1373 3876 1384 3913 :
1419 3856 1506 3913 vel
1540 3857 1647 3912 hoc
1680 3859 1852 3914 modo
1892 3859 1930 3929 ί,
1962 3858 2155 3915 omnis

503 3948 705 4006 civitas
774 3947 1180 4015 conclamavit,
1243 3964 1358 4002 non
1430 3964 1546 4019 quo
1603 3946 1817 4019 aliquis
1886 3948 1943 4002 in
2011 3948 2156 4003 urbe

507 4056 620 4096 non
654 4038 844 4105 fuerit,
897 4038 997 4093 sed
1047 4054 1114 4092 ex
1164 4040 1327 4108 parte
1377 4034 1635 4091 maxima
1678 4036 1855 4091 etiam
1908 4053 1976 4092 ea
2028 4053 2155 4108 quae

509 4128 735 4185 minora
756 4131 897 4183 sunt
920 4124 1309 4199 appellantur.
1332 4125 1397 4180 Et
1420 4124 1543 4198 ipse
1566 4124 1782 4181 Paulus
1806 4124 2106 4197 apostolus
2141 4144 2154 4181 :

512 4210 722 4290 Omnes,
755 4216 968 4288 inquit,
1006 4231 1104 4270 sua
1135 4219 1403 4286 quarunt,
1455 4232 1566 4271 non
1611 4231 1676 4269 ea
1724 4230 1844 4285 qua?
1885 4223 2013 4270 sunt
2064 4215 2162 4269 Dei

513 4307 775 4378 (Philipp.
828 4323 888 4373 11,
937 4305 1058 4376 21);
1111 4311 1163 4358 et
1217 4321 1229 4358 :
1283 4302 1476 4359 Onmes
1515 4321 1600 4359 me
1647 4304 2058 4376 dereliquerunt
2090 4304 2161 4375 (II

519 4397 659 4452 Tim.
720 4412 790 4462 1v,
842 4394 1022 4458 9-11).
1082 4394 1207 4448 Non
1265 4392 1421 4464 quod
1473 4394 1817 4448 Timotheus
1866 4399 1925 4448 et
1971 4393 2159 4448 caeteri

512 4483 804 4555 discipuli,
829 4483 927 4557 qui
954 4483 1056 4538 illo
1090 4486 1351 4554 tempore
1384 4499 1498 4554 quo
1525 4482 1797 4553 Epistulae
1829 4483 2164 4538 scribeban-

512 4578 627 4639 tur,
654 4590 789 4629 cum
819 4590 885 4629 eo
917 4578 1103 4638 erant,
1136 4571 1305 4627 illum
1338 4571 1758 4643 relinquerint;
1791 4573 1890 4627 sed
1923 4571 2160 4640 idcirco,

513 4663 652 4737 quia
683 4680 727 4742 a.
747 4661 1016 4736 pluribus
1063 4662 1140 4717 sit
1188 4662 1477 4730 desertus,
1517 4661 1588 4715 ab
1633 4661 1928 4728 omnibus,
1961 4660 2019 4715 id
2052 4665 2158 4729 est,

2260 3477 2445 3533 omnia
2474 3477 2533 3529 in
2563 3473 2813 3529 omnibus
2843 3472 3193 3544 adimpletar,
3229 3489 3344 3527 non
3376 3472 3567 3528 solum
3600 3472 3909 3530 hominum

2263 3567 2362 3622 sed
2393 3564 2567 3619 etiam
2602 3560 2942 3634 angelorum
2975 3566 3436 3633 cunctarumque
3465 3562 3748 3617 virtutum
3781 3564 3822 3628 ‘,
3853 3567 3913 3620 et

2262 3652 2695 3711 rationabilium
2731 3655 3129 3706 creaturarum
3155 3651 3411 3706 Ecclesia
3430 3650 3674 3724 intelligi
3698 3657 3909 3725 potest.

2263 3754 2378 3809 Nec
2411 3769 2521 3806 non
2556 3756 2613 3806 et
2638 3749 2748 3806 hoc
2782 3767 2793 3803 :
2830 3749 2934 3817 Qui
2964 3751 3150 3804 omnia
3181 3751 3237 3804 in
3269 3750 3522 3805 omnibus
3553 3750 3911 3824 adimpletur,

2266 3858 2635 3915 nequaquam
2671 3840 2749 3895 ita
2780 3844 2844 3894 ut
2875 3844 3126 3905 resonat,
3152 3839 3584 3912 accipiendum;
3619 3857 3731 3897 non
3755 3841 3913 3898 enim

2266 3933 2347 3987 ait
2391 3949 2403 3986 :
2456 3931 2560 3994 Qui
2612 3929 2811 3986 omnia
2859 3929 2917 3983 in
2967 3929 3243 3985 omnibus
3290 3929 3602 4001 adimplet;
3643 3932 3768 3997 sed,
3818 3935 3920 4005 qui

2266 4023 2455 4078 omnia
2482 4022 2539 4075 in
2571 4021 2823 4075 omnibus
2854 4020 3008 4075 570
3038 4018 3394 4090 adimpletur.
3420 4020 3721 4089 Siquidem
3754 4020 3914 4077 aliud

2268 4116 2356 4167 est
2385 4109 2649 4181 implere,
2682 4107 2841 4162 aliud
2873 4106 3138 4178 impleri;
3174 4106 3312 4177 quia
3342 4107 3400 4162 in
3449 4106 3628 4163 altero
3667 4109 3917 4181 agentis,

2268 4210 2327 4265 in
2361 4206 2540 4263 altero
2575 4204 2849 4278 patientis
2879 4208 2968 4258 est
2996 4204 3438 4259 verbum.Sicut
3469 4221 3606 4277 ergo
3632 4205 3917 4279 adimple-

2272 4306 2366 4354 tur
2397 4298 2732 4368 imperator,
2767 4294 2814 4349 si
2847 4292 3107 4365 quotidie
3138 4295 3265 4365 ejus
3296 4297 3583 4365 augeatur
3603 4297 3918 4362 exercitus,

2272 4394 2329 4444 et
2369 4388 2510 4441 fiant
2557 4402 2711 4439 novre
2767 4382 3095 4456 provincim,
3131 4388 3189 4438 et
3219 4381 3567 4455 p0pulorum
3604 4382 3920 4440 multitudo

2273 4479 2636 4539 succrescat;
2670 4474 2750 4527 ita
2778 4478 2833 4528 ct
2870 4472 3148 4527 Dominus
3196 4477 3391 4528 noster
3436 4472 3606 4528 Jesus
3654 4472 3923 4531 Christus

2274 4567 2331 4621 in
2364 4583 2430 4621 eo
2462 4565 2614 4636 quod
2648 4564 2757 4617 sibi
2792 4562 3037 4617 credunt
3068 4562 3348 4633 omnia,et
3369 4579 3470 4633 per
3501 4562 3626 4618 dies
3657 4563 3927 4637 singulos

2274 4656 2344 4712 ad
2382 4655 2555 4710 fidem
2590 4653 2717 4725 ejus
2749 4651 3141 4724 veniunt,ipsc
3164 4651 3523 4724 adimpletur
3544 4653 3603 4708 in
3626 4654 3924 4727 omnibus,

512 4771 545 4809 a
590 4752 845 4809 maxima
892 4756 1056 4824 parte
1104 4752 1401 4808 desertum
1463 4768 1525 4806 se
1582 4768 1709 4806 esse
1760 4750 2159 4822 conqueritur.
2198 4770 2241 4833 Β
2274 4754 2356 4810 sic
2389 4759 2581 4808 tamen
2609 4750 2888 4807 utomnia
2919 4749 3314 4822 adimpleatur
3343 4752 3403 4806 in
3435 4752 3797 4823 omnibus,id
3817 4760 3928 4824 est,

515 4842 719 4899 Simile
749 4842 884 4896 huic
932 4842 1072 4913 quid
1123 4846 1179 4896 et
1226 4842 1285 4896 in
1338 4840 1563 4913 psalmo
1594 4844 1766 4896 sonat
1798 4857 1810 4894 :
1847 4840 2044 4896 Omnes
2073 4840 2163 4896 de-

515 4933 880 5001 clinaverunt,
934 4931 1102 5014 simul
1148 4930 1371 4986 inutiles
1417 4932 1558 5001 facti
1606 4938 1736 4985 sunt
1786 4949 1803 4985 :
1859 4931 2013 4988 569
2045 4933 2168 4985 Non

516 5015 597 5077 est
623 5021 719 5094 qui
745 5021 930 5097 faciat
960 5020 1180 5088 bonum,
1216 5037 1323 5075 non
1354 5023 1429 5075 est
1460 5037 1626 5092 usque
1673 5020 1743 5075 ad
1771 5038 1947 5076 unum
1995 5020 2165 5092 (Psal.

488 5128 641 5182 χιιι,
672 5112 748 5181 3).
780 5111 838 5165 Si
870 5110 1027 5167 enim
1078 5126 1282 5165 omnes
1331 5108 1771 5165 declinaverunt
1819 5127 1831 5164 :
1883 5128 2018 5181 ergo
2067 5111 2169 5166 de-

593 5292 609 5325 ¹
647 5295 765 5346 Duo
792 5290 1205 5347 Cistercienses
1231 5307 1398 5360 mss.,
1431 5290 1530 5345 sub
1554 5291 1782 5361 pedibus
1808 5292 1945 5361 ejus.

593 5362 615 5395 ¹
647 5363 813 5417 Paria
843 5362 938 5418 his
970 5363 1215 5435 replicat
1262 5362 1506 5435 inferius
1557 5380 1684 5433 cap.
1720 5380 1781 5432 11,
1812 5379 1962 5416 vers.
1995 5363 2087 5423 21.
2119 5367 2175 5435 et

521 5432 624 5506 lib.
656 5451 717 5498 11,
748 5451 873 5506 cap.
910 5451 995 5501 ιιι,
1026 5432 1174 5490 vers.
1224 5436 1311 5499 10,
1361 5432 1715 5505 denique’et
1763 5450 1888 5504 cap.
1943 5451 2015 5488 ιν.
2059 5434 2176 5488 Sci-

520 5504 654 5560 licet
683 5506 738 5561 in
773 5504 902 5561 eam
953 5507 1218 5562 concedit
1268 5506 1484 5577 ubique
1538 5506 1912 5569 sententiam,
1962 5507 2176 5561 Christi

522 5592 755 5633 crucem
781 5595 893 5633 non
914 5577 1105 5633 solum
1130 5578 1425 5643 nobis,sed
1454 5582 1507 5650 et
1531 5577 1754 5650 angelis
1786 5578 2177 5650 supernisque

523 5650 748 5704 caeteris
778 5650 1095 5704 virtutibus
1130 5649 1738 5722 profuissc.Nonnulla
1768 5658 1822 5722 et
1854 5667 1959 5704 nos
1992 5649 2179 5722 attigi-

524 5738 661 5776 mus
694 5722 803 5776 hac
834 5737 1012 5791 super
1060 5720 1238 5775 read
1285 5721 1551 5791 Origenis
1602 5720 1907 5775 homiliam
1955 5724 2044 5787 23,
2080 5720 2179 5777 ubi

526 5792 672 5849 satis
702 5792 799 5848 ille
832 5793 1082 5848 absurde
1109 5794 1488 5864 pronuntiat,
1530 5792 1809 5864 angelos,
1846 5810 1961 5849 non
2012 5810 2181 5849 secus

527 5880 707 5946 quam
764 5864 1058 5936 homines,
1091 5863 1305 5922 Christi
1362 5869 1547 5922 morte
1595 5865 1666 5923 ad
1729 5863 1980 5923 salutem
2028 5865 2183 5923 indi-

2277 4849 2343 4899 ut
2390 4842 2489 4914 qui
2522 4842 2577 4896 in
2613 4858 2746 4896 cum
2797 4841 3065 4908 credunt,
3120 4841 3348 4897 cunctis
3406 4842 3723 4898 virtutibus
3771 4842 3927 4914 pleni

2278 4934 2417 4999 sint,
2457 4936 2513 4988 ct
2551 4931 2721 5002 juxta
2769 4929 3148 5001 Evangelium
3205 4931 3422 4987 faciant
3470 4948 3604 4987 eum
3653 4933 3932 5003 proficere

2279 5028 2469 5089 aetate,
2502 5021 2790 5093 sapientia
2822 5027 2877 5075 et
2909 5020 3116 5093 gratia,
3150 5037 3263 5075 non
3296 5020 3488 5076 solum
3522 5020 3674 5092 apud
3715 5019 3921 5094 Deum,

2281 5114 2382 5168 sed
2413 5116 2469 5167 et
2502 5112 2655 5183 apud
2689 5109 2955 5166 homines
2986 5112 3137 5182 (Luc.
3176 5128 3236 5177 11,
3271 5114 3382 5181 52.).

2284 5293 2501 5365 guisse.
2536 5291 2749 5347 Verum
2784 5308 2895 5365 non
2934 5307 3117 5362 usque
3149 5292 3291 5365 adeo
3320 5291 3625 5361 exaggerat
3658 5287 3928 5365 Hierony-

2285 5359 2437 5431 mus,
2474 5365 2718 5435 ejusque
2751 5363 2893 5417 satis
2930 5359 3234 5418 commodo
3277 5359 3477 5435 sensu_
3503 5359 3708 5435 exponi
3755 5375 3934 5435 meus

2287 5430 2813 5510 potestgqui'dquid
2851 5441 3052 5510 contra
3070 5434 3399 5510 obganniat
3448 5430 3715 5510 Rufinus,
3755 5430 3858 5510 lib.
3894 5447 3909 5484 1

2289 5502 2343 5563 in.
2379 5502 2617 5564 38XNos
2653 5502 2769 5561 hinc
2800 5506 2975 5561 latius
3017 5502 3413 5561 edisseremus
3460 5502 3634 5575 paulo
3685 5507 3817 5574 post
3864 5519 3895 5557 a

2288 5598 2415 5651 cap.
2452 5598 2490 5643 1,
2523 5597 2669 5633 vers.
2707 5581 2791 5643 10,
2827 5595 2941 5650 quo
2993 5578 3117 5632 loco
3166 5578 3289 5649 ipse
3338 5594 3399 5631 se
3438 5575 3799 5631 luculentius
3849 5591 3941 5630 ex-

2292 5653 2468 5725 plicat
2498 5652 2555 5706 S.
2593 5652 2778 5725 Pater.

2361 5725 2381 5758 ³
2414 5723 2603 5778 Nostri
2640 5740 2807 5785 mss.,
2842 5720 3008 5775 relati
3038 5720 3138 5775 hoc
3169 5720 3339 5775 modo.

2363 5796 2383 5831 "
2412 5794 2799 5867 Hincgiterum
2834 5793 3078 5867 Ruﬁnus
3121 5792 3471 5866 Origenismi
3528 5791 3939 5867 Hieronymum

2293 5872 2532 5926 accusat
2564 5864 2664 5921 lib.
2701 5881 2761 5933 11,
2799 5879 2962 5920 num.
2996 5863 3086 5921 34.
