4332 6582
438 441 556 501 495

1689 441 1753 500 S.
1799 436 2113 501 EUSEBII
2158 438 2606 502 HlERONYMl

3732 445 3863 515 ωε,

509 572 669 644 (Cap.
702 570 772 627 II.
805 601 875 613 —
904 569 1067 628 Vera.
1102 571 1127 626 1
1162 571 1352 643 seqq.)
1386 592 1414 622 ‹‹
1449 571 1515 627 Et
1554 588 1654 627 vos
1703 586 1837 626 eum
1880 569 2086 625 essetis
2114 571 2169 638 Α
2198 576 2603 642 pececatorum
2630 572 2768 639 sint,
2801 589 2933 629 cum
2965 573 3236 645 cogitatio
3267 573 3447 630 tacita
3476 575 3763 648 subrepit,
3794 581 3854 635 et

438 659 654 717 mortui
711 658 962 729 delictis,
1030 664 1086 717 et
1151 661 1405 733 peccatis
1460 660 1692 728 vestris,
1749 661 1809 715 in
1869 660 2085 730 quibus

436 745 752 821 aliquando
783 749 1154 822 ambulastis,
1182 750 1510 806 secundum
1548 747 1827 805 saeculum
1877 747 2086 803 mundi

435 837 639 909 hujus,
673 838 997 894 secundum
1029 838 1352 911 principem
1385 838 1691 911 potestatis
1742 837 1911 903 aeris,
1963 838 2082 909 spi-

436 924 588 982 ritus
641 925 741 997 qui
793 942 949 984 nunc
999 931 1276 1000 operatur
1322 928 1381 981 in
1431 926 1569 980 ﬁliis
1618 924 1978 993 difﬁdentiae,
2026 924 2083 979 in

436 1013 653 1084 quibus
686 1018 745 1070 et
775 1030 880 1071 nos
912 1031 1115 1071 omnes
1146 1014 1467 1071 conversati
1512 1031 1719 1069 sumus
1769 1012 2083 1085 aliquando

434 1101 497 1159 in
546 1103 854 1161 desideriis
903 1103 1096 1161 carnis
1145 1112 1377 1175 nostra},
1428 1103 1706 1158 facientes
1753 1101 2083 1157 voluntates

435 1193 628 1249 carnis
685 1197 742 1249 et
790 1192 1206 1266 cogitationum
1257 1194 1296 1259 ¹,
1347 1196 1403 1247 et
1451 1207 1685 1247 eramus
1728 1195 1939 1246 natura
1978 1189 2083 1244 filii

435 1281 715 1349 irm,sicut
744 1285 800 1337 et
829 1280 1203 1336 casteri.Deus
1225 1284 1417 1335 autem
1445 1280 1543 1351 qui
1568 1279 1729 1335 dives
1759 1284 1847 1335 est
1876 1279 1937 1333 in
1970 1278 2084 1333 mi-

435 1369 773 1436 sericordia,
802 1373 1038 1442 propter
1068 1368 1317 1426 multam
1352 1369 1700 1425 charitatem
1749 1384 1918 1425 suam
1968 1384 2086 1438 qua

433 1456 631 1515 dilexit
661 1475 769 1515 nos
794 1463 1003 1514 etcum
1028 1473 1295 1515 essemus
1318 1459 1533 1514 mortui
1559 1456 2086 1530 peccatis,ccnvivi-

432 1546 688 1604 viﬂcavit
698 1564 805 1604 nos
821 1546 1410 1620 Christc.Antequam
1425 1548 1496 1601 de
1510 1546 1758 1619 singulis
1774 1547 2083 1602 verborum

433 1637 707 1694 sensibus
756 1637 1148 1709 disputemus,
1201 1635 1429 1691 videtur
1473 1636 1643 1691 nobis
1690 1636 1772 1690 ita
1818 1634 2083 1690 lectionis

434 1726 577 1782 ordo
608 1725 941 1782 reddendus
974 1742 987 1781 :
1024 1725 1089 1780 Et
1116 1741 1220 1780 vos
1251 1742 1385 1780 eum
1418 1724 1632 1780 mortui
1682 1724 1888 1780 essetis
1936 1723 2084 1779 deli-

434 1815 546 1870 ctis
574 1819 633 1870 et
660 1816 913 1887 peccatis
942 1814 1171 1882 vestris,
1206 1813 1627 1870 conviviticavit
1657 1814 1885 1869 Christo
1931 1813 2085 1868 Deus

435 1903 537 1977 qui
567 1903 732 1959 dives
761 1908 851 1959 est
877 1904 939 1958 in
970 1902 1372 1959 misericordia
1400 1909 1635 1975 propter
1666 1902 1913 1957 multam
1948 1903 2084 1957 cha-

435 1993 669 2049 ritatem
715 2009 885 2049 suam
935 2009 1053 2065 qua
1099 1991 1303 2048 dilexit
1332 2009 1438 2047 nos
1473 2008 1485 2047 :
1519 1997 1576 2047 et
1603 1993 1625 2026 ²
1651 2009 1785 2047 cum
1817 2008 2083 2047 essemus

437 2081 653 2139 mortui
685 2081 1009 2153 delictis,in
1040 2082 1257 2153 quibus
1282 2080 1598 2153 aliquando
1625 2080 2080 2153 ambulavimus,

436 2171 762 2228 secundum
793 2170 1073 2227 saeculum
1105 2171 1311 2226 mundi
1345 2170 1547 2241 hujus,
1569 2171 1893 2226 secundum
1922 2171 2085 2243 prin-

442 2262 631 2334 cipem
662 2261 969 2334 potestatis
997 2261 1169 2332 aeris,
1202 2260 1446 2333 spiritus
1476 2260 1576 2331 qui
1608 2277 1764 2315 nunc
1813 2262 2085 2331 cperatur

441 2349 502 2406 in
532 2349 671 2406 filiis
698 2349 1052 2420 difﬁdentiae,
1085 2349 1146 2405 in
1176 2350 1393 2422 quibus
1437 2356 1493 2404 et
1539 2366 1645 2405 nos
1691 2366 1895 2404 omnes
1944 2366 2081 2404 con-

439 2440 654 2497 versati
675 2455 885 2496 sumus
906 2439 1294 2512 aliquandcin
1308 2439 1612 2495 desideriis
1635 2438 1827 2494 carnis
1847 2445 2080 2505 nostra),

441 2529 721 2587 facientes
748 2528 1079 2587 voluntates
1109 2528 1302 2585 carnis
1330 2534 1386 2584 et
1416 2528 1722 2595 mentium,
1756 2534 1813 2583 et
1847 2545 2083 2584 eramus

439 2624 649 2675 natura
676 2618 780 2675 filii
812 2619 933 2689 iraa,
965 2617 1387 2675 conviviﬁeavit
1416 2634 1522 2673 nos
1551 2618 1801 2685 Christo,
1835 2622 1899 2673 ut
1926 2618 1948 2651 ³
1977 2614 2081 2670 ἀπὸ

437 2711 645 2781 κοινοῦ,
677 2709 1067 2766 subaudiatur
1112 2708 1280 2781 quasi
1329 2708 1420 2763 bis
1468 2707 1713 2774 dictum,
1744 2712 1794 2763 et
1824 2724 1919 2762 nos
1951 2724 2083 2763 con—

436 2799 734 2870 viviﬁcavit
780 2798 1012 2855 Christo.
1061 2797 1542 2869 Conjunctionem
1592 2813 1726 2851 vero
1786 2796 2081 2852 causalem

438 2888 499 2943 in
528 2903 596 2943 eo
625 2887 752 2944 loco
780 2885 842 2943 in
873 2904 987 2959 quo
1017 2886 1099 2943 ait
1128 2905 1142 2943 :
1175 2887 1314 2942 Deus
1367 2889 1552 2941 autem
1602 2887 1750 2942 571
1805 2887 1900 2957 qui
1935 2886 2082 2940 dives

336 3022 343 3031 ,
437 2984 521 3033 est
548 2976 613 3032 in
636 2976 1397 3047 misericordia,arbitramur
1425 2979 1527 3030 aut
1556 2975 1627 3031 ab
1659 2974 2082 3044 indoctis,scri-

438 3064 707 3139 ptoribus
736 3066 1081 3131 additam,et
1097 3064 1304 3121 vitium
1326 3063 1636 3120 inolevisse
1668 3062 2085 3134 paulatim,aut

439 3154 513 3212 ab
551 3155 679 3228 ipso
708 3154 910 3223 Paulo,
942 3155 1042 3226 qui
1072 3158 1196 3209 erat
1228 3154 1539 3226 imperitus
1570 3169 1857 3223 sermone,
1890 3157 2082 3208 etnon

436 3244 703 3312 scientia,
752 3243 1046 3316 superﬂue
1093 3248 1437 3315 usurpatam
1468 3243 1542 3313 (ll
1572 3242 1691 3297 Cor.
1724 3258 1799 3309 χι,
1833 3243 1907 3313 6).
1959 3245 2084 3298 Ma-

2114 1947 2162 2013 B

2193 676 2262 714 ex
2302 660 2499 731 aliqua
2551 666 2713 733 parte
2764 662 3213 718 conniventibus
3262 663 3366 734 [AL
3418 665 3849 739 echibentibus]

2194 748 2384 814 nobis,
2419 751 2667 806 necdum
2699 756 2894 806 tamen
2927 768 3032 806 nos
3064 751 3301 822 impulit
3331 753 3401 807 ad
3434 754 3685 811 ruinam.
3722 755 3837 812 Un-

2193 837 2265 892 de
2297 843 2352 894 et
2384 842 2437 893 in
2470 845 2669 895 octavo
2699 840 2925 895 decimo
2975 840 3200 912 psalmo
3245 841 3525 898 scribitur
3556 861 3570 899 :
3617 845 3847 915 Delicta,

2193 926 2302 981 hoc
2350 933 2458 993 est,
2502 929 2916 999 παραπτώματα
2963 930 3085 998 quis
3128 930 3401 1000 intelligit
3452 932 3634 1002 (Psal.
3682 950 3845 1003 XVIII,

2198 1015 2324 1083 13)?
2353 1015 2494 1085 quia
2525 1016 2743 1070 scilicet
2794 1016 3031 1071 difficile
3073 1018 3150 1072 sit
3191 1018 3435 1089 radices,
3472 1024 3528 1074 et
3557 1019 3729 1078 initia
3756 1021 3845 1077 in-

2192 1101 2451 1176 telligere
2509 1109 2897 1175 peccatorum.
2958 1110 3266 1162 Peccatum
3323 1125 3457 1163 vero
3506 1125 3655 1179 esse,
3708 1127 3845 1168 cum

2193 1191 2329 1261 quid
2365 1208 2534 1263 opere
2565 1198 3039 1249 consummatum
3075 1196 3337 1267 pervenit
3366 1197 3440 1252 ad
3470 1198 3847 1266 finem.0uaa-

2193 1281 2379 1335 rimus
2412 1298 2643 1353 quoque
2674 1282 2815 1354 quid
2859 1283 2956 1350 sit,
2990 1285 3048 1337 in
3080 1286 3278 1354 quibus
3316 1287 3614 1357 aliquando
3644 1289 3846 1344 ambu-

2194 1371 2349 1424 lastis
2376 1370 2669 1425 secundum
2707 1373 2970 1427 saeculum
3019 1374 3213 1429 mundi
3260 1374 3444 1446 hujus,
3496 1382 3841 1436 utrumnam

2193 1462 2250 1512 et
2280 1457 2436 1513 aliud
2470 1459 2747 1514 saeculum
2778 1460 2873 1527 sit,
2908 1461 3061 1532 quod
3096 1478 3210 1517 non
3243 1464 3531 1533 pertineat
3561 1466 3633 1521 ad
3665 1481 3845 1523 mun-

2193 1546 2332 1601 dum
2365 1546 2568 1618 istum,
2600 1549 2700 1602 sed
2733 1548 2803 1603 ad
2837 1549 3091 1604 mundos
3122 1548 3289 1615 alios,
3313 1552 3383 1606 de
3406 1552 3623 1623 quibus
3643 1559 3701 1610 et
3720 1554 3845 1612 Cle-

2193 1651 2363 1690 mens
2392 1636 2450 1689 in
2484 1635 2742 1708 Epistola
2772 1654 2879 1692 sua
2911 1638 3115 1693 scribit
3148 1655 3197 1693 ει
3231 1639 3517 1707 Oceanus,
3550 1647 3607 1697 et
3637 1643 3846 1699 mundi

2194 1724 2294 1795 qui
2338 1728 2503 1779 trans
2550 1724 2745 1796 ipsum
2797 1730 2937 1781 sunt
2978 1726 3041 1781 ν)
3087 1729 3172 1782 An
3223 1746 3374 1785 unus
3429 1730 3537 1785 iste
3585 1733 3846 1790 mundus

2195 1814 2292 1876 sit,
2321 1812 2420 1885 qui
2449 1814 2520 1868 ab
2550 1813 2716 1868 initio
2750 1814 2942 1870 saeculi
2976 1832 3090 1887 quo
3121 1817 3311 1873 factus
3333 1823 3421 1874 est
3446 1820 3627 1876 Adam
3656 1838 3842 1894 usque

2195 1902 2264 1956 ad
2297 1902 2615 1958 terminum
2647 1920 2819 1958 suum
2842 1902 3126 1972 volvatur,
3161 1911 3220 1961 et
3251 1912 3547 1964 transeat:
3572 1910 3660 1966 vel
3691 1916 3845 1967 certe

2196 1992 2452 2046 mundus
2468 1992 2579 2047 alio
2593 1993 2829 2048 nomine
2847 1993 3170 2065 appelletur
3184 1995 3452 2069 princeps
3467 1998 3615 2055 aeris
3639 1999 3839 2071 hujus,

2193 2081 2293 2151 qui
2322 2098 2475 2135 nunc
2507 2088 2779 2153 operatur
2808 2082 2867 2137 in
2900 2083 3036 2139 filiis
3067 2085 3445 2142 difﬁdentiae?
3475 2087 3763 2144 Scribitur
3782 2094 3843 2145 et.

2193 2171 2262 2224 ad
2297 2169 2549 2225 Galatas.
2587 2173 2649 2227 Ut
2678 2175 2835 2226 eruat
2866 2189 2962 2227 nos
2990 2172 3055 2229 de
3081 2177 3350 2245 prazsenti
3378 2175 3579 2233 saeculo
3602 2194 3844 2251 nequam

2193 2257 2400 2329 (Galat.
2434 2276 2472 2327 ι,
2507 2262 2578 2331 4).
2616 2261 2684 2314 Et
2714 2261 2772 2315 in
2806 2261 2913 2316 hac
2944 2263 3145 2318 eadem
3187 2263 3443 2335 Epistola
3491 2281 3505 2320 :
3559 2267 3842 2324 Redimen-

2193 2351 2270 2402 tes
2301 2357 2529 2418 tempus,
2562 2352 2823 2420 quoniam
2872 2351 2988 2405 dies
3030 2353 3170 2407 mali
3216 2359 3344 2409 sunt
3390 2356 3606 2426 (Ephes.
3640 2374 3695 2422 ν,
3727 2357 3841 2430 l6).

2194 2438 2261 2491 Et
2309 2438 2433 2493 dies
2483 2438 2662 2494 Jacob
2712 2440 2925 2495 modici
2974 2440 3251 2497 dicuntur
3293 2448 3348 2498 et
3392 2445 3634 2515 pessimi
3684 2446 3839 2518 (Gen.

2192 2542 2363 2593 xnvu,
2395 2528 2471 2597 9),
2505 2528 2622 2581 sive
2655 2529 2808 2598 quod
2856 2532 3089 2599 tempus
3138 2531 3267 2587 vitae
3318 2531 3490 2589 istius
3538 2550 3640 2605 per
3682 2536 3840 2608 quod

2193 2615 2373 2670 clausi
2408 2620 2672 2671 tenemur
2703 2616 2760 2671 in
2794 2617 3024 2687 saeculo,
3051 2635 3223 2690 grave
3254 2619 3330 2675 sit
3368 2625 3426 2677 et
3453 2620 3836 2695 laboriosum,

2193 2704 2313 2759 sive
2362 2705 2516 2776 quod
2566 2705 2690 2776 ipse
2740 2705 2986 2761 Satanas
3036 2709 3239 2763 mundi
3284 2708 3463 2780 hujus
3494 2712 3537 2777 ⁸,
3570 2717 3634 2767 ut
3662 2730 3841 2786 supra

2192 2793 2470 2859 diximus,
2503 2798 2557 2849 et
2589 2793 2785 2849 saeculi
2832 2794 3112 2852 vocabulo
3166 2802 3559 2870 nuncupatur.
3591 2799 3673 2857 De
3720 2819 3837 2874 quo

2194 2882 2395 2937 statim
2426 2882 2486 2937 in
2520 2884 2903 2955 sequentibus
2938 2901 2949 2940 :
2984 2885 3291 2942 Secundum
3324 2889 3474 2946 572
3501 2892 3830 2963 principem,

2192 2970 2401 3044 inquit,
2434 2975 2714 3042 potestatis
2743 2975 2913 3039 aeris,
2931 2976 3159 3045 spiritus
3190 2978 3286 3046 qui
3313 2994 3461 3032 nunc
3488 2984 3747 3051 operatur
3776 2982 3836 3036 in

2191 3062 2325 3130 ﬁliis
2354 3060 2693 3131 difﬁdentiae.
2728 3063 3003 3135 Princeps
3033 3066 3248 3137 quippe
3281 3066 3451 3135 aeris,
3507 3073 3563 3123 et
3594 3069 3840 3141 spiritus

2193 3151 2521 3221 potestatis,
2552 3151 2649 3221 qui
2682 3152 2737 3205 in
2772 3168 2902 3207 aere
2926 3153 3036 3208 isto
3059 3153 3441 3224 est,diabolus
3463 3156 3836 3229 intelligitur,

2193 3238 2291 3310 qui
2315 3256 2470 3294 nunc
2485 3244 2759 3311 cperatur
2774 3240 2830 3295 in
2858 3241 3438 3299 ﬁliisdifﬁdentiaeln
3462 3243 3554 3300 his
3568 3246 3723 3301 enim
3738 3246 3841 3318 qui

435 3333 644 3391 nifeste
673 3338 867 3391 autem
894 3349 1054 3389 mors
1084 3332 1296 3389 animae
1326 3332 1539 3387 dicitur
1579 3347 1707 3387 esse
1754 3335 2080 3402 peccatum,
2110 3319 2154 3385 C
2191 3328 2435 3384 Domino
2458 3330 2724 3395 credunt,
2745 3347 2855 3385 non
2882 3336 3073 3402 potest
3093 3332 3340 3403 operari.
3371 3338 3447 3389 De
3469 3351 3584 3405 quo
3611 3339 3667 3391 et
3688 3335 3840 3393 intra

435 3440 506 3482 ex
531 3441 599 3482 eo
629 3424 784 3497 quod
831 3425 913 3480 ait
944 3439 957 3479 :
987 3425 1051 3479 Et
1098 3438 1185 3479 vos
1229 3439 1355 3478 cum
1386 3424 1571 3477 essetis
1612 3422 1822 3476 mortui
1873 3421 2082 3476 delictis

397 3540 403 3545 -
433 3517 486 3571 et
509 3515 744 3587 peccatis
770 3514 985 3583 uestris,
1008 3515 1177 3585 juxta
1207 3511 1351 3567 illud
1383 3528 1616 3583 quoque
1648 3511 1801 3581 quod
1852 3511 1910 3565 in
1946 3512 2079 3566 Eze-

434 3602 618 3663 chiele
666 3604 949 3676 scriptum
998 3607 1088 3658 est
1131 3618 1145 3656 :
1195 3602 1401 3657 Anima
1444 3616 1569 3671 quae
1612 3602 1913 3672 peccaverit
1961 3602 2082 3671 ipsa

434 3694 701 3751 morietur
729 3691 942 3764 (Ezech.
971 3708 1132 3761 xvm,
1154 3690 1267 3762 20).
1298 3691 1369 3745 Et
1398 3691 1537 3761 quia
1565 3690 1763 3745 delicta
1788 3706 1914 3761 quae
1932 3690 2080 3745 Grie-

437 3798 502 3839 ce
528 3779 945 3854 παραπτώματα
976 3784 1410 3851 nuncupantur,
1436 3780 1605 3850 juxta
1654 3779 1919 3846 ejusdem
1966 3778 2078 3834 lin-

434 3888 563 3946 guis
584 3870 996 3944 etymologiam
1019 3869 1250 3941 proprie
1267 3868 1509 3924 verbum
1536 3872 1625 3924 est
1645 3866 2078 3939 Scripturarum

434 3959 594 4033 (licet
643 3958 858 4017 delicta
912 3954 1295 4030 πλημμέλειαι
1354 3958 1568 4013 rectius
1624 3957 2077 4028 transferantur)

434 4049 754 4123 querimus
782 4048 923 4120 quid
955 4048 1500 4121 signiﬁcent,quove
1530 4046 1747 4101 distent
1776 4062 1808 4100 a
1824 4044 2079 4115 peccatis

434 4138 491 4197 id
523 4142 632 4207 est,
664 4138 804 4211 quid
836 4137 1065 4194 intersit
1106 4137 1258 4193 inter
1302 4134 1737 4210 παραπτώματα,
1791 4139 1847 4190 et
1897 4134 2076 4204 ἁμαρ-

429 4225 568 4290 τίας.
598 4228 779 4284 Aiunt
806 4227 961 4284 enim
1017 4227 1173 4299 quod
1220 4224 1654 4299 παραπτώματα,
1697 4223 1867 4295 quasi
1910 4223 2079 4279 initia

499 4356 517 4391 ³
546 4353 840 4411 Victorius
868 4352 1138 4409 rescribit
1172 4352 1460 4416 mentium,
1509 4365 1611 4420 pro
1658 4350 2072 4417 cogitationum,

469 4427 585 4483 uod
614 4425 760 4481 illud
814 4442 882 4480 ex
931 4424 1194 4481 subnexa
1239 4421 1599 4494 expositione
1630 4420 1927 4494 colligeret
1952 4420 2074 4494 abs

482 4499 779 4569 ierouymo
827 4496 1065 4569 lectum,
1115 4491 1453 4569 quanquam
1502 4492 1852 4569 et‘Vulgata
1898 4491 2073 4569 editio

428 4560 811 4641 Graecumque
872 4560 1871 4641 verbu'm'dtavevibv‘refragentur.
1938 4564 2072 4641 llaec

428 4656 565 4697 eum
625 4635 856 4709 mo’vere
909 4654 1042 4691 cum
1094 4636 1300 4709 primis
1347 4640 1400 4690 S.
1448 4636 1786 4709 Interpretis
1832 4635 2007 4690 verba
2054 4653 2068 4691 :

2192 3417 2272 3474 ait
2303 3434 2315 3473 :
2350 3418 2463 3475 Non
2496 3427 2573 3474 est
2600 3419 2755 3474 nobis
2783 3436 2969 3491 pugna
2997 3420 3257 3476 adversus
3285 3439 3506 3477 carnem
3527 3427 3578 3478 et
3606 3426 3840 3493 sangui-

2188 3523 2335 3574 nem,
2366 3508 2462 3563 sed
2487 3508 2781 3564 adversum
2802 3510 3161 3581 principatus
3209 3519 3260 3566 et
3300 3516 3606 3585 potestates,
3638 3514 3835 3570 adver-

2187 3614 2279 3652 sus
2309 3602 2545 3653 rectores
2575 3600 2925 3654 tenebrarum
2957 3599 3211 3665 istarum,
3229 3600 3485 3657 adversus
3512 3604 3837 3674 spiritualia
3944 3618 3951 3627 '

2188 3689 2453 3757 nequitia:
2503 3690 2561 3742 in
2606 3689 2904 3743 cwtestibus
2954 3689 3171 3760 (Ephes.
3223 3707 3299 3757 v1,
3364 3692 3472 3764 12).
3531 3692 3655 3748 Non
3715 3710 3833 3766 quo

2189 3775 2477 3844 diabolus,
2547 3783 2604 3832 et
2670 3776 2947 3833 satellites
3007 3778 3155 3849 ejus,
3216 3779 3316 3851 qui
3385 3797 3487 3851 per
3541 3783 3835 3838 mundum

2188 3863 2368 3920 istum
2405 3871 2704 3937 vagantes,
2736 3871 2974 3937 peccata
3021 3866 3361 3924 hominibus
3405 3868 3727 3939 insinuant,
3770 3870 3833 3927 in

2187 3952 2329 4009 cmlo
2359 3955 2574 4010 versari
2607 3959 2842 4025 queant,
2876 3955 2946 4009 de
2972 3971 3087 4026 quo
3118 3956 3189 4011 ob
3221 3974 3329 4013 sua
3360 3959 3568 4015 merita
3598 3976 3832 4016 corrue-

2188 4049 2355 4111 runt;
2389 4045 2489 4099 sed
2522 4044 2732 4099 coelum
2765 4043 2998 4112 dicitur,
3048 4060 3147 4101 aer
3174 4045 3304 4113 iste,
3337 4046 3441 4119 qui
3469 4065 3648 4121 supra
3669 4050 3689 4084 ⁶
3725 4066 3832 4106 nos

2186 4138 2294 4201 est,
2341 4135 2510 4205 juxta
2554 4133 2699 4189 illud
2749 4132 3063 4190 Salvatoris
3101 4134 3399 4207 eloquium
3434 4152 3448 4192 :
3485 4137 3833 4194 Considerate

2187 4223 2432 4278 volatilia
2461 4224 2587 4279 cadi
2615 4224 2833 4293 (Matth.
2867 4241 2945 4295 v1,
2976 4226 3091 4296 26),
3122 4230 3179 4281 et
3209 4231 3434 4283 caetera.
3455 4227 3830 4285 Manifestum

2253 4350 2275 4425 ίξ
2328 4349 2506 4425 Iidem
2571 4367 2714 4405 mss.
2767 4361 2827 4405 ut
2873 4350 3078 4425 vocula
3129 4351 3543 4425 praetermissa,
3600 4352 3823 4425 legunt,

2181 4422 2511 4547 subalttulitztr
2558 4439 2575 4476 :
2623 4438 2873 4493 moxque
2916 4422 3063 4478 duos
3105 4422 3250 4479 alias
3300 4422 3555 4493 voculas,
3604 4422 3827 4495 ct'nos,

2181 4510 2295 4547 ΟΠΗ
2359 4511 2431 4547 UH
2469 4534 2480 4547 .

2181 4510 2480 4547 Οῐηιιῐυηι.

2222 4567 2272 4657 j‘
2304 4566 2593 4657 tntiégqips
2624 4566 2681 4621 in
2714 4566 2908 4657 Graeco
2936 4564 3206 4656 ’habet‘S.
3240 4565 3556 4657 plnementis
3585 4568 3755 4657 epist.
3780 4586 3823 4638 ι,

2179 4636 2248 4691 ad
2315 4636 2572 4715 Corinth.
2608 4656 2708 4715 ὀ..
2753 4639 2820 4715 {10
2873 4654 2901 4715 τ’
2936 4635 3183 4715 Ὠκεακιὸς
3229 4636 3535 4715 ἀνθρώποις
3584 4635 3828 4715 Astaspes/-

427 4696 803 4785 «Facientes,
833 4696 1128 4780 inquiens,
1161 4724 1274 4763 non
1296 4724 1504 4785 _unam
1538 4696 1904 4785 voluntatem
1946 4724 2069 4785 car-

2187 4728 2269 4785 ro;
2299 4707 2387 4760 καὶ
2422 4709 2472 4761 oi
2508 4709 2620 4780 μετ’
2645 4706 3061 4785 ,αὐτὸγ-ξιὸσμοι.
3095 4696 3440 4785 QDanqdam
3474 4696 3545 4785 ab
3575 4696 3825 4785 Origene

426 4783 542 4852 nis,
574 4783 677 4838 sed
717 4778 936 4855 plures,
969 4785 1027 4835 et
1062 4796 1177 4837 non
1227 4778 1415 4855 solum
1464 4778 1823 4855 voluntatem
1852 4779 2064 4855 carnis,

426 4856 528 4911 sed
558 4851 736 4911 etiam
779 4855 1065 4919 mentium,
1111 4867 1213 4923 pro
1258 4868 1373 4924 quc
1403 4851 1463 4906 in
1496 4851 1719 4907 Latinis
1768 4851 2067 4924 codicibus

423 4926 674 4983 habetur
701 4923 1290 4996 cogitationumlnter
1312 4929 1612 4995 peccatum
1645 4927 1838 4977 autem
1871 4923 2064 4977 carnis

421 5004 478 5055 et
507 4998 794 5056 mentium
820 4998 928 5053 hoc
956 5012 1083 5052 esse
1113 5000 1273 5067 puto,
1324 4996 1480 5067 quod
1528 4996 1720 5050 carnis
1759 5000 2063 5067 peceatum

420 5068 928 5149 estqimpudieitia,
957 5066 1415 5149 at_q_u‘e__luxuria,
1450 5071 1519 5149 et_
1536 5083 1758 5149 eaquae
1803 5066 2063 5149 perﬂmi-

419 5136 728 5200 nisterium
756 5142 885 5212 ejus
915 5141 974 5194 in
1003 5136 1345 5195 libidinibus
1393 5136 1725 5209 explentur;
1776 5136 2061 5212 mentium

414 5229 550 5271 vero
580 5208 858 5271 delictum
892 5212 962 5267 ad
996 5212 1273 5283 dogmata
1305 5208 1555 5283 pertinet
1583 5209 1873 5283 contraria
1911 5208 2057 5263 veri-

414 5287 542 5353 tati,
569 5291 627 5343 et
653 5286 982 5342 haeretieam
1008 5281 1374 5354 pravitatem.
1404 5304 1429 5331 ››
1452 5282 1631 5337 Nobis
1662 5281 1883 5351 absque
1914 5296 2061 5335 mss.

413 5358 691 5431 sutfragio
712 5356 870 5431 nihil
900 5353 1071 5431 licere
1116 5355 1419 5431 duximus,
1473 5353 1886 5431 maximecum
1919 5367 2056 5421 una,

454 5444 540 5483 uae
588 5422 647 5484 i'n
699 5429 893 5483 Graeco
945 5427 1151 5492 variat,
1200 5425 1370 5481 lectio
1406 5422 1637 5479 'ccdicis
1685 5425 1788 5477 abs
1835 5422 2059 5478 Joanne

464 5500 688 5572 regcric
719 5498 964 5572 laudati,
996 5497 1238 5572 scilicet,
1273 5494 1590 5572 ἐπιθυμιῶν,
1617 5493 1848 5572 longius
1871 5497 2056 5572 multo

406 5566 668 5626 abludat.
703 5568 880 5625 Paulo
911 5574 1043 5640 post
1070 5569 1440 5625 Cistereiens.
1480 5584 1623 5622 mss.
1656 5567 1892 5620 nimiam
1922 5566 2051 5621 cha-

403 5644 628 5698 ritatem
659 5641 995 5713 praeferunt,
1029 5657 1141 5713 pro,
1162 5641 1417 5707 multam,
1448 5645 1555 5713 cte.

474 5714 497 5750 ³
525 5708 888 5770 Interserunt
909 5708 1274 5770 Cistereiens.
1326 5726 1469 5767 mss.
1510 5709 1607 5767 hic
1636 5708 1828 5779 verba,
1860 5709 2051 5767 miser-

403 5788 491 5845 tus
519 5788 605 5847 est
631 5784 828 5845 nostri.

2177 4780 2757 4855 videtursumpsisse
2788 4780 3044 4848 Hieron.;
3079 4798 3215 4836 nam
3266 4788 3323 4835 et
3368 4783 3490 4855 haec
3530 4783 3659 4855 ipsa
3678 4780 3824 4840 sen-

2174 4852 2356 4907 tentia
2386 4853 2486 4907 lib.
2519 4851 2710 4927 it’uap‘t
2747 4851 2963 4927 Ἀρχῶν
2998 4869 3122 4923 cap.
3168 4854 3220 4918 3,
3258 4851 3663 4927 semeliatque
3711 4855 3817 4912 ite-

2175 4939 2303 4977 rum
2338 4928 2457 4978 tota
2505 4926 2795 4979 recitatur.
2829 4928 3073 4979 Oceanus
3106 4926 3575 4981 intransmeabilis
3610 4931 3689 4983 est
3718 4927 3817 4981 ho-

2172 4997 2524 5078 minibushet
2553 4997 2613 5050 hi
2640 4996 2845 5078 mundi
2872 5000 2969 5078 qui
2987 5005 3113 5067 post
3142 4999 3323 5078 ipsum
3350 5004 3493 5052 sunt.
3519 4998 3693 5078 Porro
3725 4997 3814 5078 di-_

2173 5066 2642 5140 eitur_0rigenes
2691 5067 2827 5123 hinc
2873 5066 3088 5140 inferre
3136 5066 3389 5123 voluisse
3433 5070 3588 5140 quod
3638 5070 3819 5125 Graeci

2173 5135 2495 5213 ἀξθτίχθοναξ
2522 5139 2744 5207 dicunt,
2779 5144 2835 5194 et
2866 5139 3055 5213 Latini
3088 5135 3487 5213 anticltthones.
3517 5140 3691 5213 vulgo
3718 5158 3818 5196 an-

2168 5212 2638 5284 tipodasvocant.
2672 5212 3062 5284 Quamobrem
3113 5228 3146 5266 a
3195 5212 3396 5284 Photio
3433 5212 3815 5284 reprehendi-

2171 5286 2265 5335 tur
2310 5283 2435 5337 cod.
2493 5285 2613 5337 1'30.
2646 5283 2899 5355 Veteres
2948 5283 3103 5337 enim
3158 5283 3695 5355 pleriqueemnes,
3752 5288 3816 5340 ut

2170 5359 2371 5427 notum
2403 5360 2510 5427 est,
2544 5371 2611 5409 ex
2644 5354 2963 5427 Lactantio,
2997 5352 3344 5427 Augustino;
3395 5352 3810 5427 aliisque,’ne-

2167 5426 2383 5495 gabant
2403 5426 3213 5509 ex‘istere‘antipodas.S.ve.ro
3244 5426 3510 5509 Clemens
3542 5425 3657 5482 non
3688 5425 3815 5509 plu;

2167 5513 2258 5551 res
2294 5515 2387 5552 mu
2400 5497 2673 5570 ndos,srcd
2707 5501 2960 5570 remotas
2983 5512 3049 5550 ac
3072 5497 3231 5567 prius
3254 5499 3583 5570 incognitas
3600 5497 3812 5570 mundi

2165 5577 2362 5639 partes
2396 5570 2550 5623 ultra
2579 5569 2872 5622 Oceanum
2905 5568 3212 5639 designare
3245 5568 3491 5626 fortasse
3520 5569 3725 5627 voluit.

2232 5642 2254 5676 ⁵
2282 5640 2391 5695 Alii
2420 5639 2675 5711 ilibri,gin
2707 5639 2903 5693 mundi
2930 5640 3110 5711 hujus,
3144 5646 3253 5697 etc.

2232 5713 2253 5748 ¹
2282 5711 2345 5768 In
2374 5709 2737 5768 Cistereiens.
2770 5713 2985 5768 aerium
2998 5709 3107 5787 qui
3130 5729 3320 5789 supra,
3352 5718 3463 5773 etc.
