4332 6562
520 452 641 519 Μ

1225 452 1741 522 COMMENTAR.
1788 456 1867 518 ΙΝ
1914 453 2167 519 EPIST.
2212 454 2317 517 AD
2361 454 2643 517 EPHES.
2686 453 2836 517 LIB.
2884 453 2933 533 Ι,
2979 454 3152 518 CAP.
3197 450 3276 517 ll.

3820 450 3942 515 498

530 587 750 663 quippe
782 590 892 661 est,
927 587 1083 663 quod
1113 586 1371 646 volatilia
1398 605 1513 645 non
1545 605 1649 662 per
1670 588 1882 645 cmlum
1906 586 2172 656 volitent,
2203 588 2258 655 Α
2286 596 2393 643 'cur
2420 586 2757 654 timeamus,
2791 587 2968 643 etiam
2999 592 3152 645 retro
3184 589 3418 645 sanctos
3441 582 3595 645 viros
3633 581 3786 645 ﬁlios
3834 584 3934 643 iraa

526 678 631 735 sed
663 693 766 750 per
794 693 1006 735 aerem.
1040 678 1354 750 Sequitur:
1388 680 1449 733 In
1480 679 1688 750 quibus
1727 686 1783 734 et
1836 694 1938 733 nos
1991 693 2178 733 omnes

530 769 833 824 conversati
859 784 1052 823 sumus
1083 766 1389 840 aliquando
1417 769 1479 823 in
1520 768 1816 823 desideriis
1845 769 2031 823 carnis
2076 783 2174 822 no-

527 866 684 923 strae,
704 858 970 929 facientes
1002 859 1301 913 voluntates
1329 858 1520 912 carnis
1559 862 1608 913 et
1666 859 1952 913 mentium.
2013 855 2174 919 Quod

526 945 632 1010 ait,
668 947 726 1001 in
755 948 973 1017 quibus,
1007 947 1080 1002 ad
1113 944 1323 1002 delicta
1352 945 1724 1002 referendum
1757 951 1863 1002 est.
1895 944 2177 1017 Superius

524 1034 684 1090 enim
715 1035 855 1107 quia
885 1036 1000 1091 duo
1022 1035 1241 1108 pariter
1269 1040 1545 1106 posuerat
1571 1054 1595 1104 1
1624 1037 1690 1090 Et
1718 1051 1807 1092 vos
1833 1052 1958 1090 cum
1987 1038 2175 1090 essetis

518 1126 731 1180 mortui
758 1125 971 1181 delictis
999 1128 1048 1181 et
1074 1127 1319 1198 peccatis
1349 1126 1563 1191 vestris,
1595 1129 1653 1180 et
1706 1125 1778 1180 ad
1812 1128 2050 1197 peccata
2079 1139 2175 1178 re-

521 1212 740 1271 tulerat
794 1214 1033 1270 dicens:
1088 1216 1151 1271 In
1203 1214 1406 1287 quibus
1458 1214 1756 1287 aliquando
1816 1213 2173 1270 ambulastis:

522 1302 599 1359 ad
624 1301 844 1358 delicta
870 1319 1005 1359 vero
1037 1301 1181 1358 nihil
1210 1302 1325 1359 tale
1370 1302 1681 1358 videbatur
1711 1306 1982 1359 secutum
2019 1300 2173 1373 quod

522 1406 769 1448 sensum
800 1395 997 1464 posset
1025 1391 1291 1464 explere:
1343 1408 1501 1448 nunc
1530 1392 1649 1448 ait:
1712 1393 1775 1447 In
1833 1392 2026 1464 quibus
2082 1390 2174 1447 de-

526 1481 690 1552 lictis,
720 1488 775 1537 et
801 1496 899 1537 nos
923 1496 1110 1537 omnes
1149 1484 1455 1538 conversati
1480 1498 1706 1552 sumus:
1756 1480 2049 1552 simulque
2101 1496 2174 1535 ne

523 1568 583 1626 in
607 1549 684 1626 eo
705 1571 860 1642 quod
893 1570 1137 1638 dixerat,
1170 1574 1223 1627 et
1244 1573 1488 1643 peccatis
1517 1549 1719 1627 vestr’is
1750 1572 1811 1626 in
1837 1549 2037 1643 quibus
2066 1570 2173 1624 ali-

524 1659 748 1730 quando
775 1661 1123 1728 ambulastis,
1157 1675 1220 1717 se
1250 1676 1354 1733 per
1392 1660 1729 1733 superbiam
1762 1677 1796 1715 a
1828 1663 2060 1732 peccato
2091 1657 2172 1712 vi-

518 1746 760 1803 deretur
787 1748 1053 1820 excipere
1082 1749 1370 1820 adjunxit,
1404 1751 1469 1805 in
1505 1751 1696 1822 quibus
1752 1752 1802 1805 et
1850 1765 1946 1805 nos
1993 1763 2174 1805 omnes

519 1836 831 1893 conversati
860 1852 1072 1893 sumus.
1100 1838 1209 1904 Qui
1239 1841 1439 1894 autem
1472 1842 1880 1895 conversatum
1933 1853 2062 1893 esse
2109 1851 2173 1891 se

519 1923 680 2028 dicit,
714 1927 785 1981 de
815 1927 1125 1998 praeteritis
1156 1926 1405 1995 delictis,
1436 1932 1494 1984 et
1524 1945 1640 1983 non
1667 1928 1739 1983 de
1787 1926 2173 2028 praesentibus
2202 1962 2251 2028 Β

468 2040 489 2051 α
521 2014 852 2071 conﬁtetur.
907 2016 1263 2099 Conversati'
1293 2034 1523 2085 sumus,
1582 2017 1777 2089 inquit
1833 2015 2170 2088 aliquando,

527 2119 643 2159 non
700 2103 763 2159 in
817 2118 934 2160 uno
988 2105 1299 2175 desiderio,
1349 2107 1451 2162 sed
1503 2105 1565 2162 in
1617 2105 1924 2163 desideriis
1979 2104 2175 2161 carnis

528 2196 765 2248 nostra.
800 2192 936 2250 Caro
966 2195 1163 2266 quippe
1189 2195 1460 2252 desiderat
1480 2197 1738 2253 adversus
1791 2196 2072 2267 spiritum,
2126 2197 2177 2248 et

525 2282 752 2354 spiritus
782 2284 1043 2339 adversus
1071 2300 1291 2340 carnem
1338 2286 1538 2356 (Galat.
1589 2303 1644 2352 v,
1708 2286 1816 2357 17).
1877 2284 2177 2340 Facientes

528 2387 646 2427 non
674 2388 853 2427 unam
883 2372 1243 2429 voluntatem
1263 2373 1493 2442 .carnis,
1521 2374 1624 2429 sed
1652 2372 1882 2446 plures:
1946 2376 2003 2427 et
2062 2388 2176 2427 non

528 2459 722 2517 solum
753 2460 1082 2518 voluntates
1113 2462 1327 2533 carnis,
1360 2464 1463 2519 sed
1522 2462 1699 2519 etiam
1731 2462 2042 2528 mentium,
2074 2477 2177 2533 pro

525 2550 737 2621 quoin
793 2550 1016 2606 Latinis
1070 2551 1369 2608 codicibus
1422 2551 1693 2619 habetur,
1755 2553 2175 2625 cogitationum.

484 2635 686 2695 'Inter
741 2644 1043 2711 peccatum
1093 2644 1292 2696 autem
1343 2638 1538 2696 carnis
1596 2645 1654 2696 et
1721 2640 2011 2696 mentium
2068 2639 2179 2695 hoc

526 2743 656 2784 esse
685 2732 860 2801 puto:
894 2729 1051 2801 quod
1080 2728 1271 2785 carnis
1295 2733 1610 2802 peccutum
1660 2734 1750 2786 est
1810 2728 2182 2802 impudicitia

527 2819 703 2889 atque
732 2816 983 2888 luxuria,
1016 2822 1074 2873 et
1103 2833 1176 2874 ea
1203 2835 1329 2890 quas
1363 2817 1760 2875 ministerium
1792 2820 1922 2889 ejus
1941 2818 2095 2876 578
2117 2819 2178 2873 in

529 2904 877 2963 libidinibus
905 2906 1229 2979 explentur.
1253 2908 1533 2964 Mentium
1589 2922 1725 2964 vero
1776 2907 2052 2963 delictum
2106 2907 2179 2962 ad

528 2996 808 3068 dogmata
836 2996 1090 3069 pertinet
1118 2997 1411 3054 contraria
1441 2997 1671 3054 veritati
1728 3001 1787 3052 et
1845 2996 2179 3052 haereticam

530 3085 897 3157 pravitatem,
925 3086 1009 3142 ita
1037 3091 1104 3141 ut
1132 3088 1431 3159 possimus
1462 3087 1653 3143 dicere
1673 3086 1986 3160 plerosque
2007 3086 2181 3141 haere-

528 3174 783 3231 ticorum
812 3178 1176 3250 (quanquam
1209 3176 1317 3233 hoc
1339 3193 1538 3233 rarum
1556 3177 1653 3248 sit)
1670 3175 2000 3233 voluntates
2022 3191 2183 3230 men-

529 3263 682 3319 tium
710 3264 919 3333 faccre,
953 3268 1009 3321 et
1037 3282 1155 3321 non
1210 3266 1541 3322 voluntates
1600 3266 1795 3322 carnis
1851 3270 1910 3321 et
1962 3264 2181 3321 multos

531 3356 738 3408 contra
766 3352 1213 3425 ecclesiasticos,
1243 3354 1439 3410 carnis
1468 3359 1526 3411 et
1546 3371 1661 3411 non
1684 3355 1972 3411 mentium
1992 3354 2181 3410 facere
2211 3332 2255 3399 (ἶ

530 3440 883 3510 voluntates,
918 3446 975 3498 et
998 3459 1127 3499 esse
1156 3443 1354 3517 plures
1385 3443 1486 3516 qui
1534 3448 1591 3499 et
1638 3444 1854 3513 carnis,
1912 3449 1970 3499 et
2024 3459 2182 3499 men-

532 3529 686 3585 tium
718 3529 936 3602 pariter
960 3531 1178 3588 faciant
1208 3532 1557 3589 voluntates.
1608 3532 1738 3588 Haec
1787 3536 1983 3589 autem
2032 3532 2181 3588 dixi-

531 3634 691 3685 mus,
724 3635 840 3675 non
873 3636 988 3691 quo
1018 3625 1074 3676 et
1094 3620 1347 3677 heretici
1373 3621 1566 3677 carnis
1597 3638 1715 3677 non
1748 3621 1965 3677 faciant
1983 3620 2184 3678 volun-

531 3711 682 3764 tates
713 3707 907 3781 (plura
936 3709 1157 3782 quippe
1188 3712 1341 3782 apud
1374 3727 1474 3767 eos
1532 3711 1794 3783 corporis
1852 3715 1993 3768 sunt
2048 3711 2186 3768 vitia

533 3812 709 3868 quam
741 3798 896 3870 apud
932 3803 1189 3869 nostros)
1221 3801 1323 3856 sed
1361 3805 1447 3868 ut,
1479 3799 1744 3872 exemplo
1783 3800 1995 3873 posito,
2045 3801 2183 3857 faci-

532 3885 651 3943 lius
683 3887 839 3960 quod
864 3886 1206 3944 volebamus
1255 3889 1442 3961 possit
1488 3888 1757 3959 intelligi.
1820 3890 1887 3945 Et
1943 3906 2184 3957 eramus,

532 3975 748 4047 inquit,
779 3980 984 4033 natura
1009 3975 1131 4048 ﬁlii
1159 3978 1264 4036 irae
1290 3980 1435 4034 sicut
1461 3987 1517 4035 et
1536 3980 1744 4035 caeteri.
1777 3978 2190 4052 Respondeant

535 4062 791 4121 haeretici
822 4064 924 4137 qui
955 4064 1216 4121 diversas
1248 4071 1492 4121 naturas
1513 4081 1640 4122 esse
1663 4065 2187 4135 contendunt,quo-

536 4153 710 4209 modo
740 4151 982 4219 Paulus,
1016 4168 1192 4226 quem
1222 4154 1427 4226 utique
1454 4152 1778 4225 spiritualis
1807 4157 2028 4210 natura:
2059 4168 2189 4209 esse

539 4255 655 4296 non
678 4241 924 4298 dubium
953 4247 1062 4307 est,
1095 4241 1270 4297 fuerit
1290 4246 1500 4298 natura
1545 4241 1702 4298 illius
1756 4242 1877 4310 irae,
1928 4241 2079 4298 sicut
2134 4246 2192 4297 et

540 4329 731 4386 caeteri
762 4331 861 4403 qui
891 4330 1085 4387 adhuc
1115 4330 1177 4385 in
1212 4347 1405 4387 errore
1436 4341 1576 4387 sunt
1631 4332 1829 4405 positi.
1889 4331 2007 4388 Nos
2055 4346 2189 4387 vero

538 4418 830 4476 dicimus1
890 4434 1021 4476 esse
1078 4419 1338 4492 primum
1393 4436 1597 4476 omnes
1655 4420 1925 4478 homines
1980 4424 2194 4476 natura

538 4507 688 4564 lilios
716 4508 838 4579 iris,
862 4508 953 4565 vel
986 4513 1235 4587 prapter‘
1248 4524 1460 4581 corpus
1482 4508 1836 4565 humilitatis
1861 4523 2192 4582 corpusque

539 4597 748 4653 mortis
775 4596 1051 4670 (Philipp.
1083 4615 1171 4666 111,
1203 4599 1268 4653 21
1297 4616 1311 4667 ;
1345 4599 1497 4654 Rom.
1523 4615 1621 4665 vn,
1653 4599 1769 4666 24),
1805 4592 1869 4654 et
1915 4599 2071 4670 quod
2119 4599 2190 4654 ab

2289 675 2472 731 fuisse
2502 674 2752 731 testari?
2775 675 2854 731 De
2876 675 3091 748 quibus
3121 677 3398 733 omnibus
3416 693 3549 733 vere
3570 677 3685 733 dici
3707 675 3935 749 possit:

2290 766 2426 821 Cum
2454 770 2637 822 autem
2666 767 2812 822 venit
2848 765 3193 833 mandatum,
3220 774 3507 839 peccatum
3536 768 3762 835 revixit,
3818 766 3930 839 ipsi

2286 873 2412 913 vero
2442 860 2644 912 mortui
2670 863 2797 911 sunt
2827 859 3003 925 (Rom.
3054 872 3155 922 v11,
3213 857 3267 926 9,
3321 856 3429 928 10).
3490 854 3673 912 Filius
3725 860 3922 912 autem

2284 945 2383 1002 ira:
2415 946 2500 1002 sic
2531 946 2957 1019 accipiendum,
2976 949 3040 1001 ut
3063 945 3222 1001 ﬁlius
3252 945 3615 1018 perditionis,
3635 943 3793 1002 filius
3814 943 3933 1001 ini-

2287 1033 2552 1107 quitatis,
2588 1035 2743 1091 ﬁlius
2774 1036 2980 1091 mortis
3010 1035 3188 1107 (Joan.
3220 1051 3358 1102 xv11,
3391 1036 3489 1102 12;
3514 1035 3577 1091 In
3608 1035 3754 1091 Thes.
3781 1035 3930 1106 11,3).

2283 1125 2409 1181 Non
2441 1141 2556 1196 quo
2587 1125 2785 1196 aliqua
2814 1124 2922 1192 ira,
2978 1141 3156 1191 mors,
3225 1123 3510 1197 iniquitas
3568 1127 3626 1179 et
3678 1122 3931 1197 perditio

2285 1213 2571 1270 subsistat
2595 1213 2657 1268 in
2687 1218 2898 1269 natura
2946 1230 3099 1284 sua,.
3134 1230 3261 1286 quas
3316 1212 3469 1270 ﬁlios
3523 1212 3774 1281 habeat;
3829 1212 3932 1270 sed

2286 1320 2400 1375 quo
2418 1302 2523 1358 filii
2553 1303 2827 1359 dicantur
2854 1304 2982 1373 ejus
3011 1302 3093 1358 rei
3124 1320 3253 1375 quas
3283 1302 3630 1375 opereturin
3652 1300 3932 1376 singulis:

2285 1392 2439 1447 sicut
2467 1391 2572 1447 ﬁlii
2602 1391 2973 1465 appellantur
3025 1391 3304 1464 gehennae
3337 1392 3555 1461 (Matth.
3622 1408 3783 1458 xxm,
3819 1390 3931 1463 15).

2285 1481 2384 1552 qui
2430 1481 2714 1554 gehennae
2742 1481 2981 1554 ignibus
3028 1480 3413 1538 consumendi
3445 1484 3602 1536 sunt.
3633 1478 3800 1543 Alius
3828 1480 3927 1537 iraa

2234 1645 2247 1651 _
2284 1569 2436 1627 filios
2467 1572 2551 1627 sic
2581 1575 2815 1627 vocatos
2846 1574 3032 1644 putat,
3067 1574 3133 1626 ut
3164 1570 3315 1627 filios
3354 1569 3592 1627 diaboli.
3651 1568 3931 1626 Diabolus

2283 1658 2440 1714 enim
2470 1659 2721 1731 perditio
2752 1663 2864 1726 est,
2895 1662 2953 1714 et
2981 1659 3089 1729 ira,
3117 1662 3175 1715 et
3203 1674 3383 1714 mors.
3443 1657 3731 1715 Devoravit
3784 1671 3934 1713 mors

2283 1749 2623 1805 invalescens
2655 1749 2828 1822 (Psal.
2863 1765 2959 1815 1.11,
2982 1763 3088 1803 sec.
3118 1746 3303 1814 LXX).
3336 1748 3437 1804 Et:
3463 1746 3794 1803 Nouissimas
3813 1743 3928 1819 [AL

2282 1838 2601 1909 novissime]
2629 1839 2891 1893 inimicus
2918 1838 3226 1894 destruetur
3252 1852 3399 1893 mors
3428 1836 3474 1908 (I
3494 1836 3619 1894 Cor.
3651 1846 3744 1903 xv,
3783 1834 3875 1908 26)
3903 1852 3928 1903 ι

2285 1930 2343 1982 et
2370 1927 2441 1983 ad
2500 1927 2696 2001 ipsum
2756 1926 3090 1984 diabolum:
3138 1926 3371 2000 perditio
3428 1927 3584 1985 574
3630 1926 3809 1997 factus
3871 1940 3927 1981 es

2284 2016 2497 2081 (Ezech.
2529 2033 2726 2084 xxvm,
2757 2017 2827 2071 24
2856 2031 2961 2072 sec.
3014 2013 3197 2085 LXX).
3254 2014 3488 2082 Factus,
3519 2012 3730 2086 inquit,
3791 2027 3928 2085 pro-

2283 2105 2412 2178 pria
2438 2105 2757 2174 voluntate,
2790 2121 2907 2160 non
2937 2105 3009 2160 ab
3037 2103 3203 2160 initio
3232 2103 3317 2160 sic
3347 2106 3597 2160 creatus.
3632 2099 3932 2166 Quomodo

2284 2194 2466 2267 igitur
2493 2211 2653 2251 mors
2700 2192 2937 2258 dicitur,
2996 2209 3067 2249 ex
3113 2192 3178 2248 eo
3234 2192 3389 2266 quod
3441 2188 3664 2247 invidia
3714 2187 3933 2246 diaboli

2286 2300 2446 2341 mors
2475 2283 2735 2339 introivit
2762 2283 2823 2339 in
2854 2283 3053 2339 orbem
3084 2286 3373 2338 terrarum
3415 2279 3565 2353 (Sap.
3612 2296 3674 2348 ιι,
3732 2278 3847 2351 24),
3878 2281 3937 2335 et

2287 2389 2392 2447 per
2420 2372 2587 2441 illum
2619 2376 2760 2429 sunt
2793 2371 3007 2428 mortui
3041 2371 3141 2444 qui
3172 2374 3305 2427 ante
3349 2369 3640 2435 vivebant,
3692 2371 3750 2425 et
3803 2384 3933 2442 per-

2289 2462 2452 2529 ditio,
2505 2463 2661 2535 quod
2692 2462 2899 2535 perdat
2928 2476 3312 2534 quoscunque
3343 2458 3637 2533 deceperit
3674 2474 3688 2515 :
3747 2456 3833 2513 sic
3881 2459 3940 2513 et

2287 2553 2375 2609 ira
2402 2551 2620 2608 dicitur
2648 2555 2883 2623 prepter
2914 2567 3043 2607 eam
3104 2566 3285 2623 quam
3341 2551 3568 2605 exercet
3618 2547 3933 2603 adversum

2287 2641 2588 2697 hominem
2617 2640 2947 2696 veritatem.
2982 2640 3131 2696 Sunt
3162 2638 3263 2711 qui
3310 2636 3456 2693 illud
3487 2637 3547 2692 in
3595 2635 3933 2709 Regnorum

2286 2730 2475 2798 libris,
2509 2730 2743 2803 quando
2774 2728 2955 2786 David
3012 2726 3341 2785 numeravit
3392 2724 3677 2800 populum
3733 2722 3934 2794 Israel,

2288 2823 2437 2877 iram
2485 2821 2546 2876 in
2611 2836 2673 2876 se
2701 2819 2803 2876 Dei
2835 2836 3176 2893 provocans,
3210 2816 3511 2889 Scriptura
3555 2814 3819 2871 dicente:
3869 2808 3937 2870 Et

2290 2912 2542 2983 apposita
2570 2915 2649 2966 est
2668 2912 2757 2965 ira
2786 2911 2885 2965 Dei
2914 2909 3167 2965 succendi
3196 2910 3256 2964 in
3312 2904 3512 2977 Israel,
3567 2911 3619 2962 et
3670 2902 3935 2967 incitavit

2289 2999 2466 3057 David
2520 3000 2704 3055 dicens
2751 3000 2825 3071 (II
2875 3000 3006 3068 Reg.
3038 3015 3194 3064 xx1v,
3226 2996 3300 3069 1),
3332 2996 3482 3052 iram
3539 2992 3771 3051 Domini
3808 2991 3933 3050 dia-

2288 3088 2490 3146 bolum
2529 3088 2858 3161 signiiicare
2889 3090 3095 3159 putent
3121 3102 3134 3142 :
3165 3083 3380 3142 etenim
3404 3083 3576 3155 juxta
3595 3082 3805 3139 Graecae
3830 3080 3939 3137 lin-

2288 3193 2418 3250 gum;
2450 3178 2869 3251 proprietatem
2900 3192 3015 3233 non
3065 3174 3212 3231 dixit
3252 3189 3464 3247 genere
3520 3170 3802 3229 feminino
3849 3168 3939 3226 ira

2290 3268 2391 3323 Dei
2423 3264 2679 3342 λέγουσα,
2711 3267 2821 3322 hoc
2851 3270 2958 3333 est,
2990 3280 3117 3338 quae
3143 3264 3374 3331 diceret,
3434 3262 3535 3319 sed
3576 3260 3664 3317 ira
3713 3259 3816 3317 Dei
3844 3252 3937 3313 λέ-

2290 3376 2430 3431 γων,
2455 3357 2513 3412 id
2536 3361 2627 3412 est
2655 3357 2751 3428 qui
2794 3355 3014 3419 diceret,
3072 3369 3284 3426 genere
3338 3349 3697 3407 masculino:
3759 3346 3940 3405 mittit

2292 3446 2587 3519 siquidem
2622 3444 2904 3501 Dominus
2934 3442 3078 3498 itam
3098 3445 3155 3497 et
3182 3441 3438 3497 furorem
3471 3455 3646 3496 suum
3701 3453 3805 3509 per
3832 3453 3935 3493 an-

2291 3533 2450 3606 gelos
2477 3531 2768 3605 pessimos
2797 3531 2969 3602 (Psal.
3003 3545 3211 3596 Lxxvn,
3263 3528 3373 3599 49).
3434 3525 3589 3583 Deus
3636 3526 3773 3599 ergo
3831 3522 3933 3597 qui

2291 3622 2461 3680 Dives
2486 3626 2577 3677 est
2606 3621 2665 3676 in
2696 3618 3114 3689 misericordia,
3146 3621 3204 3673 et
3225 3616 3384 3673 dives
3405 3618 3645 3688 propter
3681 3611 3933 3671 charita-

2292 3717 2411 3769 tem
2444 3726 2612 3767 suam
2645 3725 2765 3782 qua
2797 3707 2999 3765 dilexit
3026 3705 3335 3763 hominum
3366 3719 3575 3778 genus,
3605 3706 3661 3760 et
3681 3700 3935 3759 charita-

2293 3806 2411 3858 tem
2442 3817 2558 3856 non
2617 3797 2966 3871 simplicem,
3003 3796 3102 3854 sed
3150 3794 3419 3866 multam,
3480 3809 3616 3849 cum
3672 3807 3939 3849 essemus

2297 3888 2514 3945 mortui
2543 3891 2781 3961 propter
2809 3885 3025 3942 delicta
3060 3888 3281 3950 nostra,
3334 3881 3648 3939 viviﬁcavit
3694 3897 3823 3949 nos,
3881 3882 3941 3937 et

2295 3996 2412 4035 non
2445 3977 2639 4034 solum
2668 3975 2983 4033 viviﬁcavit
3036 3974 3267 4046 (parum
3298 3971 3515 4044 quippe
3543 3970 3655 4027 hoc
3684 3972 3808 4026 erat
3834 3968 3937 4025 bo-

2294 4066 2464 4122 nitati
2518 4070 2576 4122 et
2632 4063 3026 4138 magnitudini
3071 4062 3247 4135 ejus),
3292 4061 3395 4117 sed
3442 4056 3756 4115 vivificavit
3804 4073 3939 4114 cum

2297 4154 2524 4212 Christo
2553 4154 2716 4221 Jesu,
2751 4169 2931 4209 unam
2963 4155 3137 4222 atque
3166 4149 3434 4205 eamdem
3466 4148 3637 4204 nobis
3676 4144 3942 4203 tribuens

2295 4244 2475 4300 vitam
2504 4243 2719 4299 habere
2748 4257 2882 4297 cum
2912 4239 3161 4296 Christo.
3192 4237 3442 4303 Quidam
3502 4252 3606 4308 pro
3663 4250 3731 4291 eo
3785 4233 3942 4307 quod

2300 4350 2457 4391 nunc
2490 4332 2905 4405 exposuimus:
2947 4330 3013 4385 Et
3043 4342 3263 4386 eramus
3280 4330 3487 4383 natura
3513 4323 3624 4395 ﬁlii
3651 4324 3777 4392 irae,
3838 4339 3944 4396 pro

2297 4428 2524 4492 natura,
2579 4436 2823 4491 prorsus,
2884 4418 3005 4477 sive
3073 4418 3299 4474 omnino
3353 4413 3493 4488 quia
3534 4411 3780 4470 verbum
3845 4407 3947 4490 φό-

2300 4516 2400 4581 σεί,
2436 4511 2783 4585 ambiguum
2813 4512 2922 4575 est,
2962 4504 3417 4563 transtulerunt.
3473 4502 3638 4569 Quod
3688 4498 3799 4558 etsi
3859 4498 3945 4557 sic

2301 4606 2487 4669 sonet,
2522 4602 2687 4673 juxta
2714 4616 2782 4655 ea
2828 4615 2954 4671 quae
2985 4595 3264 4661 diximus,
3295 4590 3705 4666 exponendum
3736 4592 3845 4646 est.
3878 4619 3946 4631 -

540 4686 933 4744 adolescentia
963 4704 1131 4744 mens
1151 4687 1460 4743 hominum
1489 4687 1758 4760 apposita
1788 4687 1865 4744 sit
1896 4689 1966 4743 ad
2016 4686 2190 4743 mali~
2220 4705 2270 4771 Ι)
2302 4714 2330 4742 ‹‹
2363 4689 2562 4747 Gratia
2591 4688 2798 4745 salvati
2833 4686 2994 4744 estis.
3026 4708 3054 4736 »
3085 4685 3140 4740 Si
3172 4701 3289 4741 non
3320 4686 3462 4771 sunt
3490 4680 3680 4771 dignas
3719 4676 3944 4754 passio-

538 4775 684 4831 tiam
715 4775 930 4847 (Genes.
960 4792 1086 4845 vm,
1120 4776 1250 4849 21):
1284 4777 1441 4832 unde
1469 4780 1527 4832 et
1557 4775 1831 4833 Salomon
1893 4776 2009 4833 ait:
2069 4780 2193 4832 Non
2221 4768 2258 4771 ⁷
2304 4793 2409 4835 nes
2440 4778 2617 4849 hujus
2647 4774 2933 4848 temporis
2963 4772 3035 4830 ad
3067 4772 3325 4829 futuram
3356 4768 3605 4843 gloriam
3630 4784 3759 4840 quae
3788 4781 3945 4823 reve-

541 4868 621 4922 est
640 4864 828 4936 justus
856 4866 918 4921 in
944 4868 1096 4922 terra
1121 4867 1218 4937 qui
1241 4868 1416 4937 faciat
1473 4867 1695 4934 bonum,
1754 4870 1809 4922 et
1861 4881 1971 4921 non
2015 4874 2195 4938 peccet

541 4953 736 5025 (Eccle.
773 4970 876 5024 v11,
905 4955 1019 5026 21).
1051 4954 1155 5010 Vel
1185 4955 1340 5026 quod
1389 4971 1458 5010 ex
1504 4968 1572 5010 eo
1596 4958 1859 5026 tempore
1888 4969 2001 5028 quo
2057 4970 2194 5027 pos-

541 5059 753 5100 sumus
781 5042 999 5101 habere
1029 5044 1295 5101 notitiam
1318 5042 1440 5111 Dei,
1465 5046 1522 5099 et
1550 5043 1624 5099 ad
1646 5044 2014 5115 pubertatem
2036 5043 2195 5099 veni-

544 5147 701 5200 mus,
734 5148 962 5200 omnes,
993 5138 1095 5190 aut
1123 5148 1316 5206 opere,
1341 5138 1443 5189 aut
1474 5131 1701 5205 lingua,
1723 5137 1825 5188 aut
1846 5132 2196 5205 cogitatione

544 5234 874 5293 peccemus.
907 5223 1158 5280 Eramus
1186 5221 1370 5289 igitur
1400 5225 1613 5277 natura
1663 5220 1769 5276 ﬁlii
1818 5221 1915 5277 iraa
1948 5221 2102 5277 sicut
2139 5225 2198 5278 et

546 5311 759 5381 caeteri,
792 5316 850 5369 et
879 5328 1086 5370 omnes
1115 5311 1327 5380 sancti,
1351 5311 1452 5384 qui
1471 5310 1543 5367 ab
1567 5310 1656 5367 ira
1675 5310 1960 5384 sanguine
1982 5311 2195 5368 Christi

545 5400 834 5475 redempti
858 5405 1017 5460 sunt.
1049 5401 1107 5458 Si
1137 5401 1294 5458 enim
1327 5399 1544 5457 Paulus
1574 5399 1675 5473 qui
1697 5400 1869 5472 juxta
1897 5400 2195 5473 justitiam

547 5505 677 5563 qua
705 5489 767 5547 in
788 5489 915 5565 lege
946 5490 1057 5548 fuit
1076 5487 1669 5566 irreprehensibiliter
1698 5493 1787 5545 est
1817 5492 2196 5547 conversatus

546 5578 813 5653 (Philipp.
847 5596 933 5650 111,
963 5580 1043 5651 6),
1073 5579 1215 5638 dicit
1242 5594 1307 5638 se
1336 5583 1547 5637 natura
1598 5578 1780 5636 fuisse
1835 5577 2024 5635 ﬁlium
2071 5579 2194 5649 ira,

622 5794 642 5870 ἕ
672 5792 849 5857 Adito
877 5795 1159 5860 Ruﬁnum
1186 5795 1290 5863 lib.
1319 5798 1639 5861 Invectivar.
1672 5814 1714 5871 1,
1745 5813 1911 5859 num.
1939 5796 2029 5854 38.

2301 4866 2520 4924 labitur
2548 4866 2608 4921 in
2642 4864 2809 4921 nobis
2836 4865 3009 4937 (Rom.
3040 4879 3167 4935 v111,
3201 4858 3505 4934 18),gratia
3524 4855 3713 4930 magis
3742 4870 3949 4913 sumus

2304 4972 2483 5028 quam
2517 4950 2689 5027 opere
2718 4952 2942 5011 salvati.
2976 4949 3135 5008 Nihil
3166 4948 3325 5006 enim
3355 4961 3676 5022 possumus
3705 4942 3950 5002 Domino

2305 5044 2624 5116 retribuere
2653 5060 2755 5116 pro
2777 5041 3053 5101 omnibus
3082 5056 3208 5113 qua
3239 5036 3510 5096 retribuit
3554 5032 3724 5091 nobis
3776 5030 3950 5104 (Psal.

2306 5150 2425 5203 cxv,
2462 5134 2569 5204 12).

2377 5315 2566 5387 (Vers.
2594 5313 2674 5385 6.)
2706 5336 2726 5363 ι
2762 5313 2832 5368 Et
2860 5307 3219 5379 coexcitavit,
3262 5303 3563 5377 simulque
3593 5300 3730 5359 fecit
3754 5298 3958 5358 sedere

2305 5405 2365 5461 in
2397 5402 2734 5461 coelestibus
2782 5401 2842 5458 in
2901 5398 3132 5457 Christo
3179 5396 3343 5453 Jesu.
3381 5416 3409 5444 ›ι
3467 5392 3658 5465 Supra
3704 5388 3953 5456 dixerat,

2306 5492 2461 5565 quod
2504 5490 2872 5549 suscitaverit
2899 5492 3052 5545 Deus
3075 5484 3372 5543 Christum
3404 5499 3439 5540 a
3468 5479 3737 5550 mortuis,
3768 5482 3828 5537 et
3854 5492 3954 5538 sc-

2258 5636 2261 5639 .
2305 5582 2441 5638 dere
2469 5570 2669 5638 fecerit
2699 5580 2771 5637 ad
2803 5577 3067 5635 dextram
3097 5588 3268 5632 suam
3300 5573 3360 5631 in
3390 5567 3733 5631 cmlestibue
3773 5583 3952 5641 super
