4332 6564
423 472 538 542 501

1109 478 1631 543 COMMENTAR.
1676 477 1755 541 IN
1802 478 2051 541 EPIST.
2099 476 2201 540 AD
2245 479 2525 542 EPHES.
2574 479 2720 543 LIB.
2766 483 2811 559 Ι,
2861 482 3031 546 CAP.
3076 474 3157 546 1Ῑί

3721 479 3841 543 502

427 606 703 688 cogitatio
725 610 952 670 occulta
979 613 1320 686 subreperet
1351 630 1364 670 :
1398 612 1448 670 si
1483 631 1585 686 per
1651 630 1825 685 opera
1873 616 2075 668 nostra
2102 614 2156 679 Α
2187 615 2406 683 fecerit,
2440 619 2497 670 et
2526 632 2653 687 quae
2685 616 2959 688 deinceps
2986 616 3267 689 loquitur,
3301 630 3370 673 ea
3398 611 3519 673 sint
3547 626 3676 689 qum
3707 618 3843 691 post

428 704 635 761 salvati
693 721 811 761 non
869 720 1098 770 sumus,
1140 715 1293 759 certe
1340 703 1429 759 vel
1482 720 1583 776 per
1639 703 1814 759 fidem
1874 702 2079 759 salvati

431 809 676 850 sumus:
709 796 765 846 et
795 791 908 847 alio
939 808 1146 865 genere
1186 797 1384 848 nostro
1419 800 1507 848 est
1546 793 1700 865 quod
1760 792 2077 848 salvamur.

427 881 668 937 Addidit
722 882 918 953 itaque
998 886 1053 937 et
1113 882 1277 947 dixit,
1341 882 1515 938 fidem
1604 898 1834 954 quoque
1890 881 2078 953 ipsam

428 987 544 1026 non
576 974 789 1026 nostras
818 969 1137 1027 voluntatis
1166 988 1313 1039 esse,
1348 972 1448 1027 sed
1484 971 1578 1026 Dei
1614 970 1894 1029 muneris.
1956 971 2080 1026 Non

429 1060 585 1132 quod
619 1059 869 1116 liberum
902 1060 1125 1116 homini
1186 1060 1430 1117 tollatur
1486 1060 1816 1126 arbitrium,
1877 1065 1935 1115 et
1992 1077 2079 1115 se-

431 1149 693 1206 cundum
725 1148 871 1205 illud
901 1149 1155 1221 Apostoli
1186 1150 1257 1205 ad
1290 1150 1602 1215 Romanos,
1646 1166 1758 1204 non
1819 1149 1896 1204 sit
1951 1166 2082 1205 cur-

426 1239 613 1296 rentis
648 1255 835 1310 neque
864 1238 1132 1310 volentis,
1167 1240 1267 1295 sed
1302 1238 1633 1295 miserentis
1668 1238 1762 1295 Dei
1794 1240 1967 1308 (Rom.
2002 1255 2078 1307 Ix,

332 1404 333 1407 η
428 1330 517 1401 16)
542 1349 556 1399 ς
586 1345 785 1384 verum
818 1328 975 1401 quod
1008 1328 1233 1397 arbitrii
1265 1327 1395 1401 ipsa
1443 1327 1682 1383 libertas
1745 1329 1922 1383 Deum
1979 1327 2082 1382 ha-

424 1418 560 1474 beat
588 1422 910 1485 auctorem,
943 1423 1001 1475 et
1031 1419 1102 1473 ad
1134 1416 1295 1472 illius
1322 1417 1671 1472 beneficium
1730 1420 1939 1472 cuneta
1994 1432 2082 1472 re-

427 1507 711 1573 ferantur,
783 1523 913 1562 cum
966 1505 1141 1563 etiam
1181 1506 1403 1562 bonum
1464 1524 1569 1561 nos
1599 1506 1743 1562 velle
1773 1506 1897 1579 ipse
1954 1521 2082 1577 per-

429 1594 674 1651 miserit.
734 1600 852 1651 Hoc
908 1599 1103 1651 autem
1188 1599 1380 1651 totum
1448 1599 1771 1668 propterea,
1833 1612 1903 1650 ne
1950 1594 2084 1666 quis

427 1685 711 1757 glorietur
740 1703 773 1741 a
804 1685 1140 1759 semetipso,
1201 1690 1258 1741 et
1310 1702 1422 1741 non
1485 1704 1519 1742 a
1574 1691 1683 1741 Deo
1716 1703 1777 1741 sc
1817 1702 1943 1741 esse
1975 1684 2085 1739 sal-

427 1779 649 1830 vatum.

498 1863 685 1933 (Vers.
722 1864 832 1936 10.)
864 1887 893 1914 ‹‹
925 1865 1116 1936 Ipsius
1147 1854 1301 1921 enim
1336 1882 1545 1920 sumus
1602 1865 1846 1929 factura,
1874 1912 1880 1918 .
1907 1863 2085 1920 creati

2190 703 2402 759 saecula
2429 703 2724 759 dicturum
2749 721 2809 759 se
2822 720 2951 760 esse
2973 704 3403 778 promiserit,ad
3420 705 3843 764 incarnationis

2192 792 2555 865 mysterium,
2582 809 2695 848 non
2719 794 2789 849 ad
2814 800 3085 850 naturam
3108 794 3207 850 Dei
3239 794 3540 851 referenda
3560 799 3697 851 sunt
3714 812 3843 864 qua

2190 887 2553 954 sequuntur:
2589 879 2722 937 licet
2746 881 2806 937 in
2842 882 3095 938 llebrzeis
3126 882 3427 940 codicibus
3458 900 3576 939 non
3634 883 3846 941 hahea-

2189 975 2325 1027 tur:
2361 972 2622 1026 Dominus
2651 974 2853 1027 creavit
2882 988 2969 1027 me
3009 973 3238 1028 initium
3294 974 3514 1047 viarum
3566 988 3840 1030 suarum:

2191 1062 2314 1133 sed,
2348 1061 2615 1116 Dominus
2642 1062 2878 1133 possedit
2905 1079 2991 1118 me
3032 1061 3190 1133 (Ibid.
3222 1062 3335 1135 22).
3398 1063 3551 1119 Inter
3604 1078 3848 1136 posses-

2192 1150 2416 1205 sionem
2448 1154 2668 1220 autem,
2700 1154 2754 1206 et
2785 1151 3135 1207 creationem
3164 1149 3351 1207 multa
3380 1151 3661 1209 distantia
3715 1155 3843 1209 est:

2192 1241 2331 1311 quia
2361 1241 2462 1311 qui
2493 1239 2850 1311 possidetur,
2881 1240 2932 1295 is
2962 1240 3167 1313 utique
3195 1245 3285 1297 est
3315 1244 3489 1314 atque
3546 1240 3845 1307 subsistit,

2192 1333 2248 1383 et
2278 1332 2366 1384 est
2397 1328 2688 1401 proprius,
2723 1329 2820 1399 qui
2854 1329 3189 1401 possidetur
3217 1331 3257 1385 ³.
3302 1329 3538 1387 Creator
3561 1346 3697 1387 vero
3745 1328 3847 1387 ille

2192 1416 2293 1489 qui
2350 1434 2462 1473 non
2522 1411 2647 1473 erat
2701 1422 3017 1490 antequam
3076 1418 3283 1475 fieret:
3343 1422 3444 1475 aut
3497 1422 3651 1476 certe
3680 1419 3753 1476 de
3777 1435 3845 1478 eo

2194 1507 2346 1579 quod
2378 1512 2522 1573 erat,
2557 1507 2907 1563 transfertur
2937 1508 2996 1563 in
3030 1507 3209 1576 aliud,
3242 1508 3393 1579 sicut
3436 1510 3494 1564 et
3523 1524 3630 1565 nos
3687 1524 3845 1565 nunc

2192 1595 2367 1651 creati
2400 1594 2651 1652 dicimur
2678 1595 2738 1651 in
2770 1596 2998 1652 Christo
3036 1596 3198 1653 Jesu.
3232 1596 3419 1653 Creati
3451 1596 3677 1669 utique,
3727 1613 3845 1655 non

2193 1684 2330 1755 quia
2359 1688 2492 1740 ante
2515 1702 2629 1741 non
2664 1685 2905 1753 fuimus,
2940 1686 3042 1741 sed
3073 1685 3251 1742 creati
3288 1685 3348 1741 in
3406 1685 3680 1759 operibus
3738 1686 3843 1742 ho-

2191 1774 2304 1830 nis.
2339 1774 2501 1839 Quod
2533 1774 2713 1831 David
2744 1775 3056 1847 quoquein
3088 1775 3322 1833 Psalmo
3354 1776 3845 1849 quinquagesimo

2192 1863 2557 1935 deprecatur,
2593 1863 2792 1919 dicens
2816 1880 2830 1920 :
2892 1864 2994 1920 Cor
3020 1864 3292 1920 mundum
3318 1880 3447 1921 crea
3477 1866 3539 1921 in
3565 1880 3674 1933 me,
3703 1864 3845 1921 Deus

428 1952 487 2008 in
517 1952 745 2009 Christo
775 1953 913 2009 Jesu
949 1954 1009 2009 in
1042 1953 1320 2027 operibus
1350 1953 1541 2022 bonis,
1577 1972 1702 2028 quae
1741 1952 2087 2027 praeparavit
2115 1984 2163 2048 Β
2193 1953 2369 2024 (Psal.
2404 1970 2452 2020 ι,
2492 1953 2599 2022 11).
2634 1953 2704 2009 Et
2734 1956 2888 2009 certe
2919 1953 3207 2048 mundum
3241 1969 3339 2048 cor
3366 1957 3505 2048 ante
3541 1958 3844 2048 peccatum

429 2045 601 2113 Deus,
635 2045 700 2097 ut
730 2042 787 2097 in
838 2041 955 2097 illis
987 2043 1381 2099 ambulemus.
1440 2064 1468 2092 »
1530 2042 1802 2098 Reddidit
1853 2058 2083 2111 causas,

429 2147 608 2203 quare
637 2130 827 2203 gratia
849 2130 1055 2188 salvati
1089 2149 1297 2188 sumus
1322 2149 1424 2204 per
1455 2132 1650 2198 fidem,
1675 2135 1729 2187 et
1752 2131 1860 2188 hoc
1888 2131 2084 2203 ipsum

429 2236 546 2276 non
579 2236 649 2275 ex
677 2220 870 2289 nobis,
902 2222 1000 2277 sed
1032 2238 1101 2277 ex
1139 2237 1381 2277 munere
1434 2222 1551 2285 Dei,
1611 2221 1847 2277 dicens:
1909 2221 2087 2292 Ipsius

427 2324 579 2365 enim
609 2312 828 2379 factura
856 2325 1067 2375 sumus,
1101 2310 1209 2365 hoc
1239 2314 1346 2382 est,
1381 2311 1541 2383 quod
1597 2309 1868 2382 vivimus,
1929 2311 2085 2381 quod

429 2398 749 2470 spiramus,
780 2400 935 2471 quod
968 2398 1373 2473 intelligimus,
1398 2405 1454 2455 et
1485 2400 1715 2456 credere
1746 2416 2083 2472 possumus,

426 2486 617 2560 ipsius
647 2490 754 2555 est,
788 2488 926 2560 quia
955 2489 1081 2562 ipse
1112 2490 1380 2546 conditor
1408 2493 1607 2546 noster
1659 2493 1766 2545 est.
1828 2489 1896 2546 Et
1953 2488 2086 2545 dili-

431 2579 638 2648 genter
668 2575 931 2645 ohserva,
965 2578 1103 2649 quia
1159 2596 1274 2635 non
1325 2578 1552 2634 dixerit.
1596 2578 1772 2652 Ipsius
1826 2579 2087 2650 ﬁgat-alio

428 2681 621 2722 sumus
651 2675 822 2738 atque
847 2666 1143 2739 plasmatio
1172 2685 1191 2722 :
1221 2668 1332 2739 sed,
1376 2670 1550 2740 ipsius
1603 2670 1821 2740 factura
1872 2684 2086 2727 sumus.

432 2754 747 2812 Plasmatio
778 2756 992 2829 quippe
1020 2757 1306 2830 originem
1339 2757 1409 2813 de
1456 2762 1622 2815 terrae
1680 2756 1820 2814 limo
1866 2758 2083 2815 trahit:

429 2843 659 2900 factura
685 2861 818 2901 vero
841 2846 1013 2917 juxta
1050 2845 1501 2902 similitudinem
1535 2851 1592 2902 et
1621 2846 1934 2919 imaginem
1990 2846 2086 2902 Dei

431 2933 688 3005 sumpsit
745 2934 1070 2991 exordium.
1130 2935 1291 2999 Quod
1360 2936 1418 2991 in
1478 2935 1795 2992 centesimo
1853 2952 2088 3009 quoque

432 3026 631 3079 octavo
662 3023 888 3080 decimo
919 3024 1153 3080 Psalmo
1182 3018 1358 3080 simul
1402 3024 1661 3098 positum
1719 3026 1950 3081 diversa
2006 3026 2085 3082 si-

431 3112 706 3185 gniﬁcat:
743 3117 942 3170 Manus
987 3121 1091 3170 tuae
1117 3116 1365 3186 fecerunt
1409 3132 1515 3186 me,
1572 3118 1627 3169 et
1676 3115 2089 3187 plasmaverunt

427 3216 514 3256 me
569 3201 742 3273 (Psal.
785 3218 978 3269 cxvm,
1008 3202 1123 3276 73).
1152 3203 1399 3259 Factura
1427 3203 1687 3275 primum
1745 3203 1935 3260 locum
1999 3207 2083 3260 te-

427 3294 564 3346 net:
599 3290 809 3348 deinde
838 3290 1170 3363 plasmatio.
1195 3294 1264 3348 Et
1294 3293 1434 3365 quia
1462 3294 1791 3360 creationis,
1851 3297 1907 3349 et
1945 3309 2081 3349 con-

427 3378 672 3435 ditionis
704 3359 917 3437 nomcn
949 3381 1021 3435 ad
1054 3398 1269 3453 magna
1301 3398 1532 3454 semper
1563 3381 1709 3438 solet
1765 3399 1938 3455 opera
1988 3399 2082 3438 co-
2114 3359 2157 3426 Ο

428 3467 645 3540 pulari,
674 3468 833 3523 verbi
867 3485 1083 3525 causa:
1118 3469 1220 3524 illa
1248 3469 1390 3525 urbs
1447 3471 1682 3526 condita
1738 3476 1844 3537 est,
1904 3476 1959 3526 et
2016 3471 2088 3526 ab

431 3555 598 3612 initio
631 3562 860 3613 creatus
919 3561 1009 3614 est
1065 3560 1346 3624 mundus,
1382 3559 1534 3615 578
1568 3563 1625 3615 et
1680 3560 2088 3633 unusquisque

432 3650 771 3701 sanctorum
832 3663 935 3719 per
962 3646 1120 3703 varia
1168 3648 1443 3720 dogmata
1496 3653 1671 3720 atque
1703 3650 1967 3721 virtutes,
2026 3650 2087 3707 in

431 3734 748 3807 semetipso
807 3736 1066 3793 mundus
1140 3742 1230 3793 est
1285 3742 1489 3794 totus:
1551 3744 1859 3811 prepterea
1931 3756 2089 3795 nunc

431 3824 610 3881 creati
642 3824 702 3880 in
730 3824 955 3881 Christo
985 3826 1258 3894 dicimus,
1294 3831 1350 3883 et
1380 3828 1553 3883 creati
1590 3828 1647 3882 in
1679 3827 1953 3900 operibus
1984 3831 2087 3885 bo-

430 3913 543 3983 nis,
579 3914 697 3971 sive
728 3931 856 3986 qua!
886 3913 998 3987 ipsi
1026 3916 1297 3982 fecimus,
1318 3915 1404 3972 vel
1439 3917 1648 3973 facturi
1682 3934 1910 3985 sumus,
1968 3918 2088 3974 sive

430 4002 488 4058 in
521 4002 653 4059 aliis
684 4003 987 4071 creaturis,
1022 4005 1092 4060 ad
1126 4022 1252 4076 quae
1285 4011 1485 4062 nostra
1514 4008 1874 4062 conversatio
1894 4011 2086 4063 trans-

428 4092 667 4148 ferenda
695 4096 807 4164 est,
842 4104 908 4148 ut
939 4110 1067 4165 quae
1100 4095 1447 4167 praeparavit
1479 4100 1647 4164 Deus,
1680 4096 1740 4151 in
1796 4096 1911 4153 illis
1968 4113 2089 4152 am-

428 4180 721 4252 bulemus,
755 4198 857 4254 spe
889 4199 1105 4255 magna
1125 4184 1251 4256 jam
1286 4183 1456 4240 nobis
1486 4185 1643 4252 data,
1702 4185 1843 4240 dum
1901 4186 1960 4240 in
1991 4184 2085 4242 his

430 4269 784 4327 ambulaturi
817 4288 1051 4339 sumus,
1085 4290 1211 4344 qua:
1244 4277 1395 4329 Deus
1426 4289 1780 4346 magnopere
1802 4292 2086 4347 praepara-

425 4357 527 4414 vit.
562 4359 629 4415 Et
658 4360 797 4432 quia
818 4362 997 4416 semel
1030 4361 1099 4416 ad
1136 4376 1347 4417 nomen
1379 4366 1657 4417 creatura;
1687 4362 1976 4430 venimus,
2030 4370 2087 4421 et

426 4446 801 4521 Sapientiain
829 4449 1157 4505 Proverbiis
1187 4448 1515 4505 Salomonis
1544 4450 1685 4506 dicit
1714 4468 1776 4507 se
1830 4456 2082 4508 creatam

425 4535 661 4593 initium
691 4537 916 4594 viarum
951 4538 1049 4593 Dei
1102 4538 1285 4606 (Prov.
1346 4555 1467 4607 vm,
1498 4540 1612 4611 22),
1674 4539 1960 4613 multique
2017 4541 2086 4596 ti-

426 4642 607 4698 more,
642 4643 714 4683 ne
743 4626 1039 4684 Christum
1091 4634 1418 4685 creaturam
1476 4628 1668 4684 dicere
1725 4630 2082 4701 compellan-

2196 2041 2502 2111 habuerat,
2539 2042 2772 2114 quando
2804 2042 2873 2098 de
2904 2058 2971 2098 eo
3003 2041 3285 2099 Dominus
3314 2040 3664 2113 loquebatur
3692 2057 3704 2098 :
3754 2042 3847 2099 In-

2196 2133 2322 2186 veni
2350 2131 2521 2187 David
2540 2130 2724 2201 ﬁlium
2751 2133 2895 2188 Iesse
2922 2132 3221 2188 secundum
3250 2148 3347 2187 cor
3372 2147 3557 2188 meum
3604 2131 3655 2202 (Ι
3701 2132 3837 2202 Reg.

2197 2237 2311 2287 xvr,
2350 2221 2398 2290 1,
2435 2222 2500 2274 12
2528 2238 2541 2288 ;
2577 2221 2690 2277 Αιε.
2723 2237 2850 2289 xm,
2880 2220 2971 2293 22)
2999 2237 3011 2275 :
3044 2221 3146 2277 sed
3176 2224 3242 2276 ut
3269 2220 3352 2277 ibi
3381 2218 3595 2277 creatio
3620 2219 3847 2276 instau-

2195 2310 2481 2365 rationem
2513 2314 2684 2365 sonat
2718 2326 2731 2364 :
2765 2310 2845 2365 ita
2874 2313 2931 2365 et
2960 2310 3018 2366 in
3050 2309 3221 2366 nobis
3249 2312 3307 2366 et
3346 2310 3407 2365 in
3463 2308 3690 2365 Christo
3746 2324 3852 2381 per

2196 2394 2432 2469 singula
2459 2412 2635 2469 opera
2664 2400 2722 2453 et
2750 2397 3063 2469 profectus,
3096 2400 3363 2454 creatura
3391 2401 3567 2471 atque
3594 2395 3850 2454 conditio

2196 2486 2381 2558 accipi
2413 2489 2646 2559 potest:
2690 2490 2756 2542 ut
2810 2487 3070 2558 quotidie
3124 2486 3184 2543 in
3240 2485 3635 2555 credentibus,
3693 2485 3847 2543 519

2196 2576 2333 2646 quia
2361 2576 2517 2631 varie
2545 2576 2870 2632 secundum
2902 2576 3111 2632 merita
3138 2575 3368 2633 diversa
3392 2579 3622 2633 montes
3641 2574 3850 2633 dicun-

2194 2669 2312 2732 tur,
2345 2670 2403 2721 et
2430 2664 2634 2732 valles,
2666 2669 2724 2721 et
2751 2663 2951 2732 colles,
2984 2668 3159 2738 atque
3189 2660 3561 2739 campestria,
3580 2664 3848 2722 Christus

2196 2758 2449 2826 creatus,
2482 2759 2658 2811 natus
2688 2759 2745 2810 et
2774 2753 3046 2811 conditus
3076 2754 3172 2811 sit.

2267 2844 2451 2916 (Vers.
2486 2844 2596 2915 13.)
2631 2865 2659 2895 ‹‹
2698 2847 2941 2916 Propter
2981 2844 3138 2917 quod
3163 2860 3451 2901 memores
3473 2846 3677 2916 estote,
3710 2842 3849 2917 quia

2195 2932 2513 3007 aliquando
2532 2951 2633 2989 vos
2655 2938 2857 3007 gentes
2886 2934 2947 2989 in
2979 2950 3173 3001 carne,
3205 2933 3308 3008 qui
3334 2931 3686 2990 dicebamini
3708 2949 3850 3006 pra-

2197 3022 2449 3095 putium,
2493 3023 2566 3078 ab
2593 3040 2659 3079 ea
2683 3040 2811 3095 quae
2843 3022 3172 3095 appellatur
3199 3021 3569 3080 circumcisio
3588 3023 3650 3079 in
3676 3026 3851 3080 carne

2196 3128 2375 3167 manu
2445 3112 2630 3168 facta:
2687 3111 2965 3184 quoniam
3024 3112 3201 3168 eratis
3258 3112 3357 3170 illo
3403 3116 3666 3187 tempore
3725 3111 3853 3170 sine

2193 3199 2445 3266 Christo,
2477 3200 2708 3257 alienati
2730 3221 2764 3256 a
2793 3202 3231 3259 conversatione
3258 3202 3458 3270 Israel,
3480 3206 3539 3259 et
3561 3202 3826 3276 peregrin

2193 3294 2679 3347 testamentorum
2712 3290 3121 3363 promissionis
3163 3292 3270 3363 [ΑΙ.
3330 3290 3853 3367 repromissionis],

2197 3395 2361 3452 spem
2395 3396 2511 3435 non
2543 3379 2844 3447 habentes,
2878 3384 2935 3436 et
2964 3380 3090 3437 sine
3123 3382 3234 3437 Deo
3264 3380 3323 3436 in
3358 3380 3600 3437 mundo.
3636 3402 3666 3431 ››
3697 3380 3850 3438 Gen-

2198 3472 2285 3523 tes
2318 3468 2600 3541 Ephesios
2631 3469 2690 3524 in
2722 3485 2894 3524 carne
2923 3485 3157 3538 vocans,
3204 3469 3461 3526 ostendit
3514 3469 3575 3526 in
3634 3468 3850 3543 spiritu

2197 3574 2325 3613 esse
2356 3575 2470 3613 non
2501 3562 2735 3629 gentes:
2771 3558 2926 3613 sicut
2953 3558 3245 3615 contrario
3296 3558 3481 3615 Judaei
3515 3559 3576 3615 in
3635 3558 3848 3632 spiritu

2197 3652 2398 3719 gentes
2429 3652 2588 3713 sunt,
2621 3651 2679 3702 et
2718 3646 2776 3701 in
2837 3664 3008 3703 carne
3065 3646 3359 3704 Israelita.
3419 3647 3848 3714 Quadrifariam

2197 3737 2378 3809 igitur
2405 3736 2591 3793 Judaei
2616 3736 2956 3793 dividuntur
2975 3740 3031 3793 et
3050 3741 3271 3810 gentes.
3291 3736 3401 3794 Alii
3424 3740 3564 3795 sunt
3582 3736 3643 3793 in
3675 3753 3850 3795 carne

2197 3825 2551 3894 circumcisi,
2586 3830 2643 3882 et
2672 3825 2730 3882 in
2762 3826 2993 3899 spiritu,
3026 3826 3217 3900 qualis
3251 3826 3360 3883 fuit
3388 3828 3615 3902 Moyses
3644 3830 3702 3884 et
3731 3832 3850 3883 Aa-

2196 3932 2321 3985 ron,
2354 3915 2613 3988 Apostoli
2645 3920 2702 3972 et
2733 3915 3063 3987 Nathaniel,
3094 3918 3264 3989 cujus
3292 3916 3586 3974 occultum
3616 3916 3851 3974 Judais-

2197 4021 2361 4060 mum
2392 4004 2709 4061 Dominum
2740 4004 2979 4062 intuens
3008 4007 3125 4061 ait:
3156 4008 3290 4062 Ecce
3316 4022 3441 4063 vere
3466 4007 3724 4075 Isralites,
3785 4008 3849 4063 in

2196 4109 2299 4166 quo
2328 4093 2491 4149 dolus
2518 4110 2629 4149 non
2659 4097 2737 4150 est
2766 4096 2942 4162 (Joan.
2975 4111 3014 4161 ι,
3049 4095 3158 4165 47).
3182 4094 3293 4150 Alii
3349 4095 3449 4167 qui
3509 4111 3615 4152 nec
3671 4111 3848 4153 carne

2195 4200 2300 4239 nec
2331 4183 2541 4255 spiritu
2577 4182 2910 4239 circumcisi
2943 4187 3101 4250 sunt,
3150 4183 3340 4255 qualis
3373 4183 3480 4240 fuit
3533 4183 3844 4242 Nabucho-

2195 4273 2448 4328 donosor
2477 4276 2533 4328 et
2560 4271 2804 4341 Pharao,
2846 4272 2917 4328 de
2960 4270 3132 4328 hodie
3190 4272 3571 4329 barbararum
3630 4276 3688 4329 et
3739 4271 3848 4330 Ro-

2194 4378 2502 4417 manarum
2534 4361 2795 4434 gentium
2828 4361 3165 4431 multitudo,
3197 4378 3325 4435 quas
3355 4378 3471 4419 non
3507 4361 3756 4419 credunt
3783 4361 3846 4421 in

2196 4457 2397 4507 Deum.
2431 4451 2625 4519 Tertii,
2653 4451 2752 4524 qui
2775 4454 3005 4507 tantum
3037 4451 3098 4507 in
3124 4468 3300 4509 carne
3329 4456 3468 4508 sunt
3488 4450 3844 4525 circumcisi,

2193 4546 2249 4597 et
2278 4542 2551 4613 spiritum
2582 4540 3061 4597 incircumcisum
3099 4541 3342 4611 habent,
3372 4541 3443 4598 ad
3504 4558 3654 4615 quos
3710 4559 3845 4617 pro-

2194 4628 2371 4700 pheta
2401 4631 2575 4686 dicit:
2614 4630 3104 4688 Circumcidimini
3158 4632 3264 4688 Deo
3322 4634 3517 4699 vestro,
3569 4641 3621 4689 et
3675 4632 3846 4692 nolite

425 4718 542 4786 tur,
603 4719 792 4771 totum
851 4716 1065 4773 Christi
1102 4717 1446 4791 mysterium
1502 4723 1735 4790 negant,
1771 4723 1835 4773 ut
1864 4720 2085 4789 dicant,
2116 4738 2163 4803 Β
2195 4721 2594 4777 circumcidere
2625 4736 2844 4775 carnem
2870 4722 3143 4793 przeputii
3192 4724 3362 4778 vestri
3408 4723 3624 4795 (Jerem.
3657 4739 3734 4795 Iv,
3765 4723 3842 4797 4),

426 4821 541 4860 non
574 4803 873 4861 Christum
904 4806 964 4862 in
995 4806 1105 4863 hac
1135 4806 1443 4878 sapientia,
1478 4809 1577 4863 sed
1623 4808 1827 4864 mundi
1860 4810 2086 4881 sapien-

425 4893 570 4950 tiam
625 4894 988 4967 significari:
1050 4914 1155 4952 nos
1213 4896 1392 4953 libere
1453 4897 1908 4971 proclamamus,
1969 4917 2084 4956 non

424 4997 552 5038 esse
576 4980 903 5055 periculum
935 4999 1069 5039 eum
1104 4983 1296 5040 dicere
1338 4990 1689 5051 creaturam,
1749 5004 1922 5059 quem
1956 5005 2085 5043 ver-

425 5084 604 5138 mem,
632 5075 691 5127 et
719 5070 1045 5139 hominem,
1077 5078 1139 5128 et.
1177 5075 1547 5146 crucifixum,
1609 5080 1666 5130 et
1722 5076 2082 5133 maledictio-

423 5173 581 5226 nem,
609 5163 731 5217 tota
760 5161 885 5233 spei
920 5167 1129 5218 nostrae
1160 5162 1377 5219 fiducia
1406 5165 1752 5236 profitemur
1782 5183 1794 5220 :
1832 5166 2085 5223 maxime

421 5262 555 5304 cum
587 5264 656 5305 ex
687 5249 920 5308 duobus
951 5250 1252 5308 versiculis
1285 5270 1411 5326 quae
1445 5254 1799 5325 prmcedunt,
1833 5254 1961 5327 ipsa
1990 5272 2080 5311 sa-

416 5335 637 5410 pientia
669 5341 975 5413 promittat
1006 5358 1065 5398 se
1084 5359 1212 5398 esse
1234 5343 1527 5399 dicturam
1558 5360 1684 5415 quae
1714 5349 1843 5415 post
1874 5345 2084 5402 saecula

417 5431 558 5485 sunt
585 5429 752 5492 (Ibid.
784 5431 875 5497 20,
906 5431 1019 5499 21).
1080 5431 1223 5487 Cum
1284 5437 1482 5489 autem
1545 5432 1758 5489 saecula
1814 5433 2082 5491 Christus

494 5555 509 5590 ί
544 5555 607 5629 In
640 5556 1095 5629 Commentariis
1124 5557 1185 5613 in
1216 5558 1376 5615 Isaias
1403 5577 1558 5629 xxvr,
1596 5560 1697 5616 13:
1733 5582 1759 5610 «
1796 5560 1864 5615 Et
1894 5561 1965 5616 de
1997 5560 2086 5617 sa"

422 5625 648 5704 pientia,
671 5627 948 5704 legimus,
982 5645 1109 5701 quze
1133 5630 1306 5704 juxta
1333 5625 1685 5688 Hebrai'cum
1730 5631 1991 5704 loquitur
2020 5633 2079 5688 in

419 5699 782 5772 Proverbiis:
818 5703 966 5772 Deus
992 5699 1225 5772 possedit
1252 5720 1338 5758 me
1393 5706 1619 5760 initium
1676 5699 1896 5759 viarum
1951 5722 2079 5761 sua-

421 5787 569 5849 g'urn,
601 5769 737 5849 licet
757 5769 1025 5849 quaedam
1044 5774 1565 5849 exemplariamale
1588 5793 1688 5849 pro
1711 5777 2082 5849 possessione

421 5840 681 5902 habeant
711 5840 1058 5904 créaturam.
1083 5840 1252 5904 Paria
1279 5846 1373 5905 his
1404 5840 1654 5906 habet’et
1674 5840 1732 5903 in
1780 5853 2081 5905 Commen-

2195 4809 2264 4863 Et
2293 4808 2429 4865 alibi
2455 4826 2468 4865 :
2503 4809 2697 4866 Omnes
2724 4814 2910 4881 gentes
2941 4811 3318 4868 incircumcisi
3372 4810 3486 4887 [AL
3544 4812 3843 4869 incirmm-

2191 4899 2326 4971 οἰδα]
2385 4915 2589 4955 carne:
2644 4900 2838 4955 domus
2892 4916 3016 4956 vero
3065 4902 3234 4958 Israel
3292 4902 3670 4960 incircumcisi
3710 4905 3845 4960 sunt

2191 4988 2349 5043 corde
2376 4988 2601 5058 (Jerem.
2633 5005 2711 5054 1x,
2742 4988 2853 5060 26).
2888 4988 3143 5046 Extremi
3173 4989 3245 5045 de
3274 4990 3492 5063 quibus
3536 5005 3696 5047 nunc
3750 4988 3841 5047 di-

2192 5076 2384 5132 citur:
2420 5078 2558 5145 Quia
2587 5076 2886 5148 aliquando
2916 5094 3007 5134 vos
3033 5087 3219 5150 gentes
3249 5080 3308 5133 in
3338 5096 3519 5149 carne,
3551 5080 3647 5152 qui
3697 5078 3842 5137 dice-

2194 5166 2408 5222 bamini
2431 5169 2768 5239 praaputium
2798 5167 2865 5222 ab
2894 5183 2957 5224 ea
2986 5185 3105 5240 qua
3132 5168 3343 5225 dicitur
3378 5169 3721 5225 circumcisio
3778 5168 3842 5226 in

2191 5244 2557 5311 carne‘manu
2585 5259 2755 5328 fascia,
2789 5255 2978 5330 qualis
3008 5257 3179 5313 hodie
3221 5258 3494 5314 universa
3521 5260 3612 5313 est
3665 5257 3840 5316 turba

2192 5345 2573 5414 credentium,
2594 5350 2649 5401 et
2670 5350 2830 5403 totus
2860 5362 2890 5401 e
2912 5346 3187 5418 gentibus
3213 5345 3469 5402 mundus
3489 5348 3577 5401 est
3605 5346 3836 5419 plenus.

2194 5435 2274 5489 Ad
2307 5433 2742 5492 distinctionem
2773 5434 2955 5508 igitur
2980 5434 3372 5509 spiritualium
3410 5434 3675 5509 gentium
3730 5435 3841 5494 Ju-

2191 5564 2300 5617 tar.
2334 5559 2392 5616 in
2426 5560 2834 5637 Michaececap.
2872 5578 2945 5626 IV,
2976 5565 3033 5617 et
3054 5560 3122 5637 in
3154 5560 3325 5633 epist.
3362 5561 3465 5637 1ρΟ
3492 5563 3564 5618 ad
3604 5562 3840 5637 Cypria-

2191 5649 2347 5717 utrm,
2381 5649 2543 5688 num.
2576 5635 2630 5686 6.
2664 5631 2805 5688 Vide
2844 5648 2969 5703 quas
3001 5632 3071 5687 ad
3104 5631 3224 5688 haec
3254 5649 3360 5690 nos
3390 5632 3515 5691 loca
3566 5631 3838 5694 observa-

2187 5721 2419 5832 VITi-ﬁii
2451 5775 2607 5849 libri,
2634 5780 2684 5833 et
2709 5777 2806 5848 qui
2831 5779 2913 5831 est
2936 5777 3216 5850 proprius,
3244 5776 3577 5851 possidetur.
