4332 6584
390 4 2180 27 W

510 449 627 516 503

1753 444 1819 510 S.
1865 443 2180 510 EUSEBII
2225 444 2671 510 HIERONYMI

3800 439 3925 504 ὅθι

510 585 792 649 decorum,
824 578 1059 654 Ephesii
1092 582 1295 654 gentes
1324 584 1608 637 vocantur
1660 580 1720 635 in
1778 597 1972 646 carne,
2025 597 2164 651 quia
2191 581 2245 645 Α
2275 578 2648 649 intuendum,
2683 581 2836 653 quod
2866 580 3087 654 absque
3107 592 3311 636 cruore
3330 574 3565 634 Domini
3585 574 3922 647 Jesu,nemo

509 672 837 730 secundum
870 670 1147 743 spiritum
1182 670 1455 725 Israelita:
1490 674 1646 726 sunt.
1682 670 1826 724 Nam
1862 674 1917 723 et
1958 670 2016 723 in
2049 668 2162 724 alio

508 762 635 820 loco
668 777 943 817 carneum
998 759 1272 815 Israelem
1333 761 1637 832 Scriptura
1695 774 2163 813 commemorans

513 852 630 909 ait:
696 850 873 908 Videte
930 850 1099 906 Israel
1153 850 1450 904 secundum
1499 866 1719 905 carnem
1753 850 1799 919 (Ι
1827 847 1949 901 Cor.
1983 865 2038 914 χ,
2070 848 2123 915 8)
2151 864 2162 900 :

513 941 654 1017 quia
684 940 744 996 in
789 940 1003 1013 spiritu
1062 956 1175 994 non
1235 944 1358 994 erat
1418 938 1614 994 Israel.
1676 936 1924 992 Pulchre
1971 941 2164 993 autem

513 1031 691 1087 etiam
721 1030 897 1085 verba
927 1028 1263 1083 moderatus
1296 1031 1419 1081 est:
1453 1028 1547 1096 qui
1577 1026 1913 1080 dicebamini
1948 1041 2163 1097 praepu-

512 1122 670 1177 tium.
706 1117 1083 1185 Dicebamini,
1118 1114 1309 1186 inquit
1366 1115 1742 1188 praeputium,
1806 1131 1908 1170 nec
1968 1113 2165 1184 eratis,

514 1209 585 1265 ab
612 1212 714 1264 ea1
750 1224 875 1280 quae
910 1205 1122 1260 dicitur
1152 1203 1524 1259 circumcisio
1559 1203 1618 1258 in
1650 1220 1823 1258 carne
1855 1220 2031 1259 manu
2084 1202 2157 1257 fa-

513 1302 625 1355 cta.
659 1298 783 1353 Non
817 1312 931 1367 quo
962 1294 1039 1348 sit
1070 1293 1463 1360 circumcisio,
1498 1293 1597 1347 sed
1630 1309 1744 1364 quo
1776 1292 1904 1364 ipsa
1926 1291 2037 1347 sibi
2060 1292 2170 1347 hoc

514 1402 727 1442 nomen
758 1389 1043 1451 assumat,
1079 1388 1131 1437 et
1164 1382 1239 1437 sit
1272 1399 1402 1437 vere
1432 1382 1802 1437 circumcisio
1845 1398 2024 1436 manu
2086 1382 2169 1435 fa-

514 1479 627 1542 cta,
658 1490 772 1528 non
804 1471 1033 1544 spiritu.
1066 1470 1252 1527 Simul
1296 1475 1353 1526 et
1408 1469 1551 1525 illud
1612 1474 1701 1524 est
1749 1470 2168 1525 attendendum

514 1562 667 1639 quod
702 1577 808 1618 nos
840 1577 986 1633 quos
1018 1560 1145 1616 sine
1179 1559 1407 1615 Christo
1439 1559 1722 1614 alienatos
1784 1559 2079 1631 quondam
2139 1576 2173 1613 a

514 1650 952 1709 conversatione
993 1648 1148 1706 580
1180 1648 1355 1703 Israel
1388 1665 1515 1703 esse
1549 1646 1909 1713 memoravit,
1956 1651 2010 1702 et
2068 1664 2170 1719 pe-

513 1740 779 1815 regrinos
811 1756 844 1794 a
862 1737 1363 1811 promissionibus
1387 1742 1444 1791 et
1466 1738 1838 1792 Testamento
1863 1737 1987 1792 Dei:
2019 1754 2174 1791 nunc

514 1833 831 1904 postquam
856 1827 916 1882 in
940 1826 1238 1883 Christum
1263 1825 1643 1892 credidimus,
1678 1825 1828 1882 sicut
1859 1826 2172 1897 repromis-

522 1919 721 1985 siones
752 1922 808 1972 et
837 1919 1189 1972 testamenta
1213 1916 1339 1987 ejus
1362 1915 1719 1987 accepimus,
1754 1915 1835 1969 ita
1870 1932 2173 1970 conversa-
2205 1943 2253 2007 B

515 2007 736 2064 tionem
768 2021 1004 2078 quoque
1035 2004 1249 2060 habere
1290 2005 1557 2059 dicamur
1605 2003 1821 2060 Israel:
1881 2005 2170 2075 quomodo

516 2094 874 2155 conversatio
907 2094 1181 2149 universa
1205 2092 1410 2165 legalis
1434 2092 1700 2164 expletur
1730 2094 1787 2147 in
1822 2094 2011 2166 nobis,
2036 2094 2174 2165 quia

513 2182 785 2239 videlicet
815 2181 904 2237 lex
936 2180 1260 2253 spiritualis
1300 2185 1387 2237 est
1421 2182 1591 2251 (Rom.
1626 2198 1720 2248 vu,
1772 2182 1877 2253 11),
1935 2186 1991 2238 et
2048 2198 2170 2236 ma-

515 2271 606 2348 gis
644 2271 1158 2339 circumcidamur,
1218 2274 1274 2325 et
1332 2270 1762 2343 sabbatizemus
1820 2269 1879 2325 in
1935 2270 2170 2342 spiritu,

508 2360 849 2434 spirituales
881 2359 1147 2415 victimas
1178 2362 1199 2394 ²
1232 2360 1539 2414 offerentes
1584 2360 1630 2423 (I
1657 2361 1807 2415 Petr.
1845 2377 1905 2427 ιι,
1935 2361 1991 2431 5)
2030 2376 2041 2413 :
2104 2359 2170 2414 il-

516 2449 708 2508 lorum
734 2449 954 2522 templo
986 2449 1273 2521 altariquo
1307 2449 1621 2503 destructis
1650 2466 1661 2503 :
1717 2466 1822 2504 nos
1882 2449 1996 2504 Deo
2054 2450 2173 2503 fru-

517 2543 718 2595 ctuum
753 2543 1086 2594 nostrorum
1120 2537 1374 2592 decimas
1413 2539 1764 2594 offeramus:
1801 2554 1904 2593 nos
1963 2538 2171 2592 immo-

516 2627 708 2685 lemus
740 2644 956 2701 agnum
997 2626 1443 2681 immaculatum
1503 2631 1559 2681 et
1611 2626 1853 2681 accincti
1916 2625 2172 2693 lumbos,

516 2716 767 2789 expediti
794 2715 1015 2771 Pascha
1034 2716 1414 2785 comeda‘mus
1438 2716 1633 2787 (Exod.
1666 2734 1767 2784 xu,
1800 2716 1853 2781 6,
1891 2714 2175 2784 ll).Sicut

510 2805 672 2861 enim
707 2804 1076 2861 circumcisio
1109 2806 1323 2860 dicitur
1356 2805 1411 2859 in
1436 2822 1607 2860 carne
1660 2822 1835 2859 manu
1872 2805 2060 2859 facta:
2096 2805 2176 2859 ita

515 2895 587 2950 ad
619 2894 1063 2950 distinctionem
1096 2895 1226 2965 ejus
1259 2894 1612 2966 intelligitur
1632 2892 1748 2949 alia
1777 2911 1904 2949 esse
1934 2895 2176 2949 circum-

522 2983 689 3049 cisio,
725 2998 853 3054 quas
884 3000 999 3037 non
1032 2983 1107 3037 sit
1146 2983 1254 3051 [Αἰ.
1286 2982 1480 3055 sicut],
1545 2988 1609 3037 ut
1660 2982 1935 3050 diximus,
1994 3001 2171 3038 manu

512 3071 689 3143 (facta,
723 3072 821 3127 sed
853 3071 1087 3142 spiritu.
1114 3070 1275 3136 Quod
1301 3074 1495 3124 autem
1522 3071 1601 3125 ait
1627 3089 1638 3125 :
1666 3071 1824 3141 Spem
1850 3088 1953 3125 non
1980 3071 2179 3126 haben-

516 3168 611 3231 tes,
646 3168 695 3215 et
726 3162 847 3215 sine
875 3162 979 3215 Deo
1011 3162 1069 3214 in
1111 3158 1356 3213 mundo:
1410 3176 1521 3215 non
1581 3176 1695 3231 quo
1760 3159 1957 3231 plures
2013 3162 2172 3231 deos,

516 3252 829 3320 antequam
865 3248 921 3302 in
956 3248 1254 3303 Christum
1286 3249 1608 3319 crederent,
1641 3249 1872 3320 Ephesii
1907 3267 2019 3305 non
2068 3249 2169 3304 ha-

2274 671 2705 742 appropinquet
2739 671 2873 737 Deo,
2910 670 3049 742 quia
3078 669 3171 741 ipe
3194 672 3282 724 est
3304 684 3414 739 pax
3440 669 3659 730 nostra,
3684 665 3921 722 dicens:

2276 760 2475 814 Pacem
2501 777 2677 814 meam
2708 761 2772 813 do
2804 760 2987 814 vobis:
3016 776 3204 828 pacem
3234 774 3411 812 meam
3468 756 3719 829 relinquo
3778 755 3925 812 vobis

2277 851 2454 919 (Joan.
2491 866 2605 919 xlv,
2635 852 2746 920 27).
2780 848 3081 914 Quomodo
3112 847 3267 901 enim
3309 844 3596 917 sapientia
3629 844 3926 917 sapientes

2278 937 2415 992 facit
2450 944 2505 992 et
2529 938 2757 1008 justitia
2785 938 3002 1009 justos,
3035 942 3091 993 et
3120 934 3502 991 sanctiﬁcatio
3560 938 3815 1006 sanctos,
3873 938 3930 991 et

2276 1026 2395 1081 vita
2427 1027 2722 1082 viventes:
2758 1028 2841 1081 sic
2865 1032 2921 1082 ct
2951 1026 3073 1098 ipse
3116 1042 3228 1097 pax
3285 1041 3393 1079 nos
3450 1022 3587 1079 facit
3642 1038 3772 1078 esse
3826 1040 3928 1096 pa-

2277 1120 2460 1182 catos,
2498 1121 2559 1171 ut
2590 1116 2893 1173 dicamus:
2933 1117 3079 1175 58]
3120 1132 3244 1170 cum
3271 1115 3357 1169 his
3402 1115 3499 1185 qui
3548 1112 3780 1168 oderunt
3825 1130 3927 1185 pa-

2276 1221 2410 1273 cem,
2442 1222 2592 1260 eram
2620 1208 2878 1277 paciﬁcus
2906 1205 3078 1276 (Psal.
3110 1220 3256 1269 cxix,
3285 1203 3361 1274 7).
3406 1201 3462 1256 Si
3511 1205 3706 1258 autem
3765 1199 3927 1256 Chri-

2280 1298 2409 1349 stus
2442 1295 2806 1351 credentium
2842 1311 2950 1366 pax
2984 1298 3091 1361 est,
3125 1293 3458 1364 quicunque
3489 1292 3614 1347 sine
3647 1306 3789 1363 pace
3817 1293 3924 1359 est,

2278 1388 2703 1454 consequenter
2733 1402 2847 1439 non
2880 1383 3055 1438 habet
3085 1380 3402 1437 Christum.

2353 1472 2537 1543 (Vers.
2576 1474 2639 1527 15
2670 1472 2858 1544 seqq.)
2891 1495 2917 1521 ‹‹
2966 1472 3071 1537 Qui
3132 1471 3267 1527 fecit
3320 1474 3569 1543 utraque
3606 1486 3815 1542 unum,
3874 1473 3931 1525 et

2282 1560 2542 1617 medium
2575 1561 2856 1634 parietem
2890 1560 3152 1617 maceriae
3184 1558 3414 1616 solvens
3446 1558 3813 1615 inimicitiam
3872 1559 3930 1613 in

2283 1667 2454 1706 carne
2488 1668 2613 1716 sua,
2649 1650 2836 1724 legem
2866 1650 3279 1707 mandatorum
3312 1650 3371 1705 in
3404 1649 3778 1722 dogmatibus
3799 1665 3930 1714 eva-

2284 1756 2466 1795 cuans
2497 1756 2509 1793 :
2545 1743 2609 1794 ut
2640 1739 2753 1794 duo
2787 1741 3058 1794 conderet
3087 1739 3146 1793 in
3178 1738 3369 1810 seipso
3401 1738 3459 1792 in
3492 1753 3675 1793 unum
3716 1753 3929 1792 novum

2284 1827 2606 1897 hominem,
2631 1828 2849 1883 faciens
2867 1845 3091 1901 pacem,
3109 1833 3174 1881 ut
3195 1827 3595 1883 reconciliaret
3614 1831 3932 1898 utrumque

2284 1916 2342 1972 in
2375 1935 2491 1973 uno
2516 1932 2753 1989 corpore
2783 1918 2918 1988 Deo,
2954 1934 3055 1989 per
3084 1933 3313 1971 crucem
3344 1916 3701 1972 interficiens
3731 1915 3933 1971 inimi-

2283 2005 2484 2062 citiam
2516 2005 2574 2061 in
2607 2023 2694 2073 ea,
2728 2011 2783 2061 et
2810 2006 3043 2061 veniens
3074 2005 3486 2077 evangelizavit
3516 2020 3717 2076 pacem
3768 2003 3933 2061 vobis

2284 2095 2382 2166 qui
2415 2095 2585 2167 longe
2616 2095 2815 2162 eratis,
2846 2100 2901 2150 et
2932 2112 3131 2167 pacem
3156 2094 3247 2149 bis
3280 2093 3381 2166 qui
3412 2108 3627 2167 prope;
3653 2091 3930 2164 quoniam

2284 2201 2385 2256 per
2414 2184 2606 2255 ipsum
2639 2184 2924 2239 habemus
2957 2200 3257 2240 accessum
3289 2188 3534 2253 uterque
3572 2182 3630 2237 in
3664 2198 3778 2238 uno
3808 2182 3933 2255 spi-

2288 2273 2403 2328 ritu
2433 2274 2503 2329 ad
2538 2274 2788 2330 Patrem.
2826 2297 2851 2321 »
2884 2275 2997 2329 Iste
3029 2279 3083 2329 et
3118 2273 3349 2330 medius
3380 2273 3570 2345 paries
3623 2276 3682 2328 et
3737 2287 3936 2331 mace-

2285 2362 2391 2431 ria,
2425 2380 2554 2434 qua:
2587 2368 2904 2436 utrumque
2928 2380 2961 2417 a
2990 2379 3050 2419 se
3082 2361 3363 2434 populum
3399 2360 3797 2417 dividebat.De
3820 2375 3936 2432 quo

2283 2456 2340 2505 et
2370 2451 2426 2505 in
2460 2451 2667 2507 Genesi
2700 2452 2756 2507 in
2789 2456 2957 2523 partu
2989 2451 3381 2524 geminorum,
3414 2448 3693 2506 obstetrix
3747 2446 3936 2520 loqui-

2286 2545 2417 2595 tur:
2484 2542 2683 2612 thuid
2737 2546 2967 2613 prepter
3018 2549 3066 2595 te
3123 2540 3348 2611 dirupta
3396 2546 3477 2595 est
3547 2540 3692 2610 scpis
3783 2538 3936 2608 (Gen.

2284 2647 2517 2697 xxxvm,
2547 2629 2687 2700 29)?
2717 2629 3032 2701 Postquam
3056 2645 3192 2701 ergo
3224 2627 3573 2700 sapientiam
3596 2626 3790 2684 carnis
3810 2643 3936 2699 quae

2288 2722 2376 2773 est
2405 2717 2643 2773 inimica
2674 2718 2787 2773 Deo
2812 2720 2983 2789 (ltom.
3009 2734 3131 2784 VIII,
3161 2720 3239 2787 7),
3264 2717 3322 2772 in
3355 2734 3461 2773 sua
3483 2714 3746 2773 Salvator
3765 2731 3937 2771 carne

2292 2807 2597 2869 destruxit,
2631 2812 2687 2862 et
2718 2812 3002 2878 praecepta
3032 2804 3262 2880 legalis,
3297 2804 3645 2878 evangelicis
3695 2805 3935 2877 dogma-

2283 2894 2441 2950 tibus
2473 2895 2871 2961 commutavit,
2906 2901 2971 2950 ut
3000 2896 3070 2950 de
3099 2896 3282 2951 Judco
3313 2899 3487 2967 atque
3517 2893 3719 2967 gentili
3751 2910 3935 2948 unum

2285 2983 2567 3057 populum
2605 2986 2815 3039 faceret
2841 2984 3260 3052 Christianum,
3311 2983 3713 3055 evangelizans
3768 2982 3936 3039 nobis

2285 3073 2385 3145 qui
2420 3072 2590 3144 longe
2618 3090 2855 3130 eramus
2887 3078 2942 3129 et
2975 3073 3237 3145 reliquiis
3286 3073 3643 3143 Judaeorum,
3707 3072 3807 3144 qui
3865 3071 3937 3127 de

2287 3160 2460 3218 Israel
2495 3178 2596 3235 per
2626 3162 2920 3235 apostolos
2944 3164 3335 3228 crediderunt,
3371 3179 3569 3234 pacem
3601 3166 3775 3233 atque
3806 3177 3939 3216 con-

2288 3252 2545 3308 cordiam
2575 3269 2586 3306 :
2619 3257 2760 3307 tunc
2793 3253 3147 3309 accessimus
3180 3269 3281 3325 per
3310 3252 3503 3323 ipsum
3538 3251 3605 3308 ad
3652 3257 3854 3316 Deum,
3882 3253 3940 3307 et

471 3342 486 3372 '
518 3336 777 3403 buerint,
812 3341 985 3409 atque
1015 3336 1270 3392 venerati
1306 3338 1423 3391 sint
1452 3363 1465 3404 ;
1498 3339 1597 3393 sed
1629 3356 1743 3410 quo
1789 3339 1887 3410 qui
1948 3340 2171 3411 absque
2203 3316 2245 3382 (ἶ
2285 3358 2468 3397 unum
2503 3342 2561 3396 in
2593 3341 2802 3414 spiritu
2837 3342 3064 3399 Patrem
3096 3359 3209 3399 non
3248 3341 3461 3398 habere
3519 3341 3934 3414 cognovimus:

517 3431 631 3485 Deo
662 3443 794 3482 vero
826 3427 922 3494 sit,
956 3426 1186 3481 nullum
1220 3427 1393 3481 deum
1429 3426 1662 3483 habeat.
1686 3428 2175 3501 Etsigniﬁcanter

516 3517 782 3573 additum
814 3520 921 3587 est,
954 3518 1076 3571 sine
1108 3517 1209 3571 Deo
1244 3517 1306 3571 in
1330 3517 1551 3571 mundo.
1595 3517 1897 3573 Habebunt
1956 3519 2173 3591 quippe
2226 3590 2231 3595 Α

516 3605 725 3683 Deum,
763 3621 937 3679 quem
970 3622 1068 3660 eos
1099 3604 1407 3660 habituros
1438 3606 1592 3661 Deus
1624 3611 1758 3661 ante
1802 3612 2171 3678 cognoverat,

517 3699 574 3750 et
605 3695 761 3765 apud
804 3694 1231 3768 praescientiam
1268 3695 1361 3749 Dei
1392 3712 1507 3750 non
1538 3701 1703 3750 erant
1731 3697 1858 3791 sipe
1887 3697 2023 3767 Deo,
2071 3697 2168 3752 sed

513 3783 573 3861 in
608 3784 829 3839 mundo
862 3788 1027 3838 erant
1057 3785 1277 3856 absque
1308 3784 1441 3840 Deo.

587 3872 776 3944 (Vers.
812 3873 898 3941 13,
932 3872 1046 3940 44.)
1078 3895 1105 3921 κ
1135 3873 1301 3928 Nunc
1339 3878 1533 3930 autem
1568 3874 1627 3928 in
1658 3872 1887 3927 Christo
1915 3876 2053 3928 Jesu
2074 3890 2173 3929 vos

516 3960 618 4033 qui
642 3960 956 4033 aliquando
988 3962 1164 4017 eratis
1190 3962 1376 4034 longe,
1412 3962 1545 4018 tacti
1579 3962 1720 4017 estis
1751 3979 1929 4034 prope
1952 3961 2008 4016 in
2042 3979 2174 4017 san-

517 4050 695 4122 guine
724 4050 977 4118 Christi;
1016 4052 1138 4123 ipse
1196 4056 1284 4108 est
1332 4052 1487 4119 enim
1540 4069 1651 4124 pax
1712 4055 1929 4107 nostra.
1970 4074 1990 4100 υ
2018 4052 2172 4106 Deus

515 4140 736 4211 ubique
767 4144 877 4205 est,
910 4145 965 4196 et
996 4145 1154 4195 totus
1186 4140 1402 4212 ubique
1434 4145 1541 4205 est,
1576 4158 1608 4194 a
1657 4157 1772 4212 quo
1822 4140 1953 4211 quis
1986 4144 2175 4211 potest

513 4230 793 4302 separari,
827 4246 957 4284 cum
991 4227 1051 4284 in
1082 4247 1147 4284 eo
1180 4230 1299 4285 sint
1329 4229 1573 4285 omnia?
1604 4233 1659 4283 et
1694 4228 1820 4299 ipse
1879 4245 1980 4298 per
2041 4245 2171 4299 pro-

510 4317 750 4391 phetam
783 4318 1095 4389 loquatur:
1130 4318 1236 4389 Ego
1270 4318 1408 4371 Deus
1437 4318 1907 4387 appropinquans,
1955 4320 2004 4369 et
2063 4333 2173 4371 non

511 4408 586 4470 de
618 4407 775 4480 longe
801 4407 1016 4478 (Jerem.
1052 4422 1218 4476 xxm,
1249 4406 1361 4469 23).
1398 4406 1462 4458 Et
1518 4404 1834 4459 Psalmista
1888 4408 2171 4460 testatur:

512 4496 573 4551 Si
603 4496 898 4552 ascendero
926 4497 984 4550 in
1018 4496 1230 4555 cretum,
1264 4503 1323 4547 tu
1355 4493 1472 4546 illic
1500 4508 1589 4547 es:
1642 4494 1693 4546 si
1736 4493 2057 4547 descendere
2114 4497 2173 4549 in

512 4586 820 4655 infernum,
846 4584 988 4638 ades
1024 4585 1045 4616 ³
1075 4582 1245 4653 (Psal.
1280 4596 1547 4647 cxxxvm,
1575 4584 1649 4652 8).
1685 4582 1828 4637 Cum
1879 4582 2059 4655 igitur
2114 4587 2171 4637 in

2284 3430 2761 3503 completumque
2792 3436 2877 3487 cst
2910 3430 3051 3487 illud
3087 3431 3241 3504 quod
3273 3430 3332 3486 in
3377 3429 3684 3503 Evangelio
3747 3426 3937 3485 Domi-

2285 3537 2397 3576 nus
2430 3520 2796 3592 loquebatur,
2830 3521 3067 3578 dicens:
3103 3522 3165 3576 Et
3194 3522 3283 3591 ﬁet
3306 3536 3445 3575 unus
3474 3521 3660 3591 pastor
3689 3522 3740 3573 et
3794 3534 3938 3574 unus

2280 3626 2417 3680 grex
2450 3611 2630 3679 (Joan.
2664 3627 2721 3676 x,
2758 3610 2843 3679 16)
2875 3626 2889 3671 ς
2923 3613 2979 3664 et
3004 3609 3213 3664 iterum
3244 3623 3258 3661 :
3298 3611 3375 3663 Et
3405 3609 3549 3664 alia:
3596 3624 3715 3664 oves
3768 3607 3939 3662 habeo

2283 3714 2408 3769 qua?
2438 3714 2545 3752 non
2577 3703 2709 3753 sunt
2738 3699 2803 3752 de
2831 3698 2963 3753 ovili
2996 3700 3094 3752 isto
3124 3696 3337 3769 (Ibid),
3370 3713 3477 3752 nos
3509 3695 3847 3768 signiﬁcans
3868 3711 3940 3752 ex

2284 3784 2557 3857 gentibus
2590 3784 3049 3857 congregandos.
3094 3782 3408 3838 lnimicitia
3462 3788 3657 3841 autem
3717 3800 3843 3855 qua:
3874 3783 3935 3841 in

2285 3872 2602 3928 Salvatoris
2635 3888 2808 3927 carne
2838 3872 3131 3925 destructa
3160 3874 3269 3941 est,
3313 3869 3486 3927 etiam
3548 3886 3650 3941 per
3704 3887 3931 3928 crucem

2283 3966 2373 4016 est
2411 3959 2735 4015 interfecta.
2773 3958 3065 4029 Scriptum
3100 3964 3188 4013 est
3216 3957 3411 4014 enim:
3450 3962 3510 4013 ut
3555 3960 3935 4015 reconciliaret

2283 4053 2575 4119 utrumque
2605 4052 2666 4103 in
2696 4066 2807 4102 uno
2829 4062 3049 4117 corpore
3082 4049 3205 4113 Deo,
3234 4063 3334 4118 per
3360 4061 3577 4102 crucem
3598 4047 3936 4115 interﬁciens

2283 4138 2641 4193 inimicitiam
2668 4139 2727 4191 in
2767 4154 2847 4191 ea.
2873 4136 2996 4191 Non
3032 4141 3092 4191 ut
3123 4137 3180 4192 in
3219 4136 3437 4192 Latinis
3468 4135 3769 4192 codicibus
3829 4135 3936 4191 ha-

2283 4227 2473 4294 betur,
2534 4226 2590 4280 in
2652 4227 2983 4297 semetipso:
3044 4230 3279 4297 propter
3338 4224 3521 4281 Graeci
3573 4223 3936 4296 pronominis

2283 4315 2730 4387 ambiguitatem
2759 4332 2771 4370 :
2805 4312 2855 4367 ἐν
2887 4313 3030 4368 αὑτῶ
3063 4315 3241 4382 enim,
3274 4319 3329 4370 et
3363 4317 3421 4369 in
3476 4316 3756 4385 semetipso
3790 4314 3829 4380 ‘,
3887 4322 3940 4369 et

2284 4407 2347 4460 in
2378 4422 2461 4475 ea,
2496 4405 2549 4459 id
2584 4410 2691 4476 est,
2726 4421 2894 4461 cruce
2922 4404 3165 4478 intelligi
3199 4409 3410 4477 potest,
3471 4404 3609 4476 quia
3663 4419 3825 4470 crux,
3878 4402 3936 4458 id

2284 4498 2391 4564 est,
2428 4493 2676 4565 σταυρὸς,
2702 4495 2874 4564 juxta
2904 4498 3130 4551 Graecos
3160 4493 3391 4565 generis
3441 4490 3753 4549 masculini
3815 4496 3927 4548 est.

2284 4587 2388 4637 Lex
2422 4600 2654 4654 quoque
2688 4584 3097 4639 mandatorum
3133 4582 3408 4639 subversa
3439 4587 3526 4638 est
3556 4582 3614 4636 in
3648 4582 3936 4654 dogmati-

518 4689 585 4731 eo
616 4672 735 4727 sint
764 4673 984 4741 omnia,
1013 4669 1215 4743 procul
1249 4675 1444 4725 tamen
1483 4687 1609 4725 esse
1633 4672 1702 4725 ab
1738 4672 1933 4743 impiis
1964 4673 2177 4728 dicitur
2206 4687 2252 4751 D
2285 4673 2429 4726 bus:
2469 4678 2776 4744 postquam
2812 4672 3199 4741 circumcisio,
3242 4678 3299 4730 et
3355 4670 3774 4739 sabbatismus,
3833 4671 3933 4743 qui

508 4762 681 4837 juxta
711 4760 854 4815 illud
897 4778 909 4815 :
956 4762 1130 4830 Longe
1186 4762 1263 4813 est
1322 4762 1590 4815 Dominus
1644 4763 1711 4815 ab
1769 4763 1957 4833 impiis
1989 4763 2172 4833 (Prov.

430 4888 435 4891 -
516 4867 612 4919 xv,
645 4851 756 4921 29).
791 4850 902 4904 Iste
934 4867 966 4904 a
996 4866 1111 4922 quo
1145 4848 1309 4920 impii
1352 4849 1519 4921 longe
1578 4856 1736 4921 sunt,
1796 4851 2020 4906 vicinus
2088 4856 2175 4906 est

516 4939 761 5001 sanctis.
795 4938 1057 5011 Denique
1088 4955 1219 4994 cum
1254 4944 1311 4993 et
1345 4939 1416 4993 ab
1448 4938 1717 5011 Ephesiis
1767 4945 1919 4995 esset
1949 4939 2171 5012 procul,

516 5031 577 5087 in
611 5029 901 5103 sanguine
925 5029 1063 5083 Jesu
1092 5045 1268 5100 prope
1291 5028 1374 5083 eis
1401 5030 1584 5083 factus
1608 5035 1713 5083 est.
1742 5030 1806 5084 Et
1836 5028 2173 5101 diligentius

602 5135 767 5190 'Duo
799 5133 1210 5190 Cistercienses
1244 5151 1411 5199 mss.,
1452 5137 1498 5189 et
1557 5137 1726 5190 eratis
1776 5136 1843 5191 ab
1902 5152 1985 5202 ea,
2037 5142 2171 5201 etc.,

521 5208 579 5263 id
615 5212 722 5271 est,
754 5208 1011 5273 aberatis,
1043 5212 1151 5261 etc.

594 5280 614 5315 ²
647 5278 825 5334 lidem
861 5295 1031 5345 mss.,,
1056 5278 1458 5333 sabbatizemus
1490 5295 1584 5333 nos
1635 5280 1692 5332 in
1747 5278 1967 5350 spiritu,
2017 5279 2173 5332 victi-

521 5366 642 5407 mas
670 5350 993 5406 deserentes.

596 5423 901 5478 3Rursum
958 5421 1371 5478 Cistercienses
1431 5439 1595 5489 mss.,
1655 5422 1713 5477 Si
1759 5420 2047 5475 ascendere
2116 5422 2174 5473 in

524 5494 740 5559 caelum,
773 5511 839 5547 ac
867 5496 917 5549 si
948 5494 1262 5548 "(escendero
1296 5496 1353 5546 in
1388 5494 1686 5563 infernum,
1723 5497 1781 5546 tu
1813 5496 1927 5546 illic
1956 5508 2028 5545 es.

592 5564 868 5635 tScilicet
900 5565 946 5635 si
981 5566 1170 5635 ipsam
1204 5564 1370 5628 αὑτῶ,
1403 5561 1599 5635 vocem
1630 5564 1872 5635 aspires,
1936 5561 2175 5633 perinde

524 5634 637 5705 erit
689 5640 861 5704 atque
910 5634 1149 5705 ἐμαυτῶ,
1208 5638 1432 5699 σεαυτὼ,
1502 5634 1709 5705 iano-.6),
1756 5637 1813 5688 in
1861 5635 2168 5704 semetipso.

527 5698 885 5777 Econtrario,
917 5698 1069 5775 quod
1104 5698 1489 5777 Hieronymus
1523 5698 1761 5771 mavult,
1797 5706 2020 5777 simcum
2050 5698 2169 5759 leni

526 5776 738 5847 Spiritu
781 5773 999 5831 scribus
1061 5776 1223 5844 αὐτὼ,
1280 5773 1494 5834 referas
1551 5779 1619 5833 ad
1682 5773 1893 5849 στω)ρῷ
1952 5794 2169 5845 vocem,

2287 4761 2525 4816 relictus
2558 4768 2646 4817 est
2666 4760 2879 4834 populo
2917 4761 3011 4817 Dei
3040 4761 3222 4829 (Hebr.
3246 4779 3330 4832 -1v,
3361 4762 3437 4831 9),
3483 4764 3540 4816 et
3572 4760 3808 4828 Pascha,
3876 4763 3935 4814 et

2289 4851 2647 4918 Pentecoste,
2708 4855 2763 4904 et
2817 4866 2931 4904 non
2964 4866 3239 4922 apparere
3299 4849 3448 4906 582
3504 4849 3561 4905 in
3621 4851 3934 4922 conspectu

2290 4940 2389 4995 Dei
2425 4955 2673 4994 vacuum
2705 4938 2894 5009 (Exod.
2927 4955 3088 5010 xxm,
3128 4939 3232 5008 15),
3273 4942 3409 4995 sunt
3438 4938 3612 4996 altius
3644 4936 3937 4994 intellecta

2286 5044 2462 5099 quam
2497 5032 2795 5095 resonant,
2830 5032 2884 5081 et
2914 5028 2985 5081 ob
3018 5028 3313 5083 occidente
3335 5028 3529 5083 littera
3574 5028 3933 5093 recedentes,

2286 5134 2634 5207 sonabitque
2669 5136 2727 5189 in
2764 5152 2849 5198 ea,
2882 5134 2938 5189 id
2971 5139 3080 5202 est,
3112 5152 3289 5190 cruce.
3319 5135 3525 5190 Totam
3557 5134 3752 5207 itaque
3809 5150 3935 5206 pro-

2287 5206 2541 5279 nominis
2596 5206 3039 5279 ambiguitatem
3086 5206 3358 5277 neglectaz
3417 5206 3935 5279 grammaticorum

2285 5278 2497 5350 regulae
2530 5278 2894 5350 pepererunt.
2930 5279 3155 5350 Caetera
3182 5278 3642 5349 llieronymianaa
3702 5283 3931 5350 senten-

2284 5350 2375 5402 tia:
2406 5349 2697 5403 calculum
2729 5351 2955 5404 addunt
2984 5349 3163 5405 Graeci
3202 5354 3401 5406 Patres
3433 5350 3587 5406 haud
3622 5349 3828 5406 nauci:
3862 5350 3934 5405 de

2287 5420 3027 5494 nominerChrysostomus,
3084 5421 3489 5487 'l‘heodoritus,
3566 5416 3927 5494 Thcophyla-

2284 5498 2433 5564 ctus,
2464 5490 2701 5564 aliique,
2728 5492 2825 5547 ubi
2850 5509 3127 5564 perquam
3154 5493 3615 5549 similcmlocum
3638 5490 3928 5564 est—Epist.

2284 5564 2353 5637 ad
2388 5562 2607 5637 Coloss.
2643 5580 2704 5628 ιι,
2743 5565 2826 5627 15,
2852 5562 3169 5634 explanant
3201 5566 3271 5620 ad
3304 5567 3495 5637 verba,
3528 5562 3929 5637 palamtrium-

2281 5635 2454 5709 plcans
2486 5636 2608 5687 illos
2638 5636 2694 5688 in.
2724 5637 3021 5706 semetipso,
3057 5654 3157 5709 pro
3192 5654 3304 5709 quo
3340 5636 3389 5690 ἐν
3422 5635 3588 5708 ξύλῳ,
3639 5638 3699 5709 in
3758 5638 3927 5709 ligno,

2286 5706 2342 5759 id
2377 5710 2483 5770 est,
2518 5722 2709 5781 cruce,
2745 5706 3071 5781 praeferunt
3088 5706 3384 5781 Origenes,
3418 5706 3762 5781 Primasius,
3796 5707 3930 5764 alii-

2283 5793 2414 5847 que,
2452 5778 2667 5849 quibus
2702 5780 2968 5852 Opposita
2999 5778 3498 5857 magis—probatur
3517 5780 3826 5851 sententia.
