4332 6578
396 485 514 552 805

1082 488 1602 554 GOMMEN'I‘AR.
1650 488 1724 553 1N
1775 489 2030 553 nmsr.
2074 491 2178 555 AD
2222 491 2500 559 EPHES.
2548 461 2700 555 Lis.
2744 494 2792 554 1.
2839 485 3008 556 CAP.
3053 491 3134 556 ιι.

3696 484 3815 555 506

399 622 686 696 ccepimus
706 620 1091 679 viviﬁcantem
1120 592 1394 696 spiritum
1424 624 1615 697 sequi.
1661 624 1823 689 Quod
1856 628 2051 681 autem
2083 624 2132 691 Α
2167 623 2238 680 ad
2272 624 2522 679 Patrem.
2556 624 2760 680 Nescio
2808 624 2949 696 quid
2998 624 3114 682 tale
3160 623 3219 679 in
3277 621 3393 680 alia
3438 621 3699 696 Epistola
3736 622 3813 696 (si

393 713 515 769 ait:
569 714 793 769 Veniens
841 713 1241 784 evangelitavit
1285 730 1476 785 pacem
1524 714 1670 768 vobis
1719 715 1817 785 qui
1873 715 2050 784 longe,

397 803 507 861 hoc
535 807 644 869 est,
675 801 971 874 gentibus,
1004 806 1054 857 et
1097 819 1287 874 pacem
1316 802 1405 858 his
1429 804 1527 875 qui
1567 819 1757 875 prope,
1804 803 1913 859 hoc
1941 808 2048 871 est,

391 890 630 965 Judaeis,
659 892 892 947 videtur
922 891 1067 947 mihi
1099 892 1170 947 de
1201 892 1351 948 Isaia
1383 891 1514 949 aliis
1570 893 1677 964 [ΑΙ.
1708 894 1824 964 his]
1858 893 2053 949 verbis

392 980 799 1037 testimonium
855 980 1198 1054 protulisse,
1264 986 1323 1038 et
1377 981 1687 1054 Scriptura;
1764 984 2055 1039 sententia

396 1070 646 1127 abusum
694 1075 867 1142 quasi
907 1088 1034 1127 sua.
1107 1069 1403 1142 Scriptum
1456 1075 1546 1126 est
1591 1070 1806 1144 quippe
1852 1072 1913 1126 in
1945 1088 2049 1128 eo:

399 1159 519 1216 Vias
550 1160 665 1231 ejus
690 1160 828 1226 vidi,
865 1164 917 1216 et
935 1162 1131 1216 sanavi
1167 1176 1312 1228 eum,
1357 1164 1407 1216 et
1427 1161 1737 1217 consolatus
1765 1178 1887 1217 sum
1904 1178 2050 1230 eum,

391 1253 446 1306 et
473 1248 603 1305 dedi
629 1252 685 1305 ei
715 1251 1144 1306 consolationem
1183 1265 1405 1306 veram:
1457 1266 1648 1322 pacem
1677 1267 1841 1323 super
1866 1267 2057 1322 pacem

394 1337 481 1394 his
513 1340 611 1410 qui
640 1339 803 1411 longe
832 1346 1012 1405 erant,
1046 1348 1097 1396 et
1137 1340 1234 1411 qui
1278 1354 1448 1411 prope
1477 1341 1603 1412 (Isa.
1640 1356 1774 1406 LVII,
1807 1341 1895 1407 18,
1945 1339 2051 1410 19)-

393 1426 467 1482 Et
498 1425 620 1482 haec
668 1427 908 1501 quidem
948 1427 1119 1499 juxta
1159 1425 1469 1498 Vulgatam
1514 1426 2053 1498 interpretationem

392 1514 553 1572 dicta
583 1514 761 1571 siuti.
814 1515 1101 1578 Caeterum
1153 1514 1250 1587 qui
1302 1513 1449 1570 illud
1498 1515 1761 1587 Apostoli
1792 1514 1950 1587 legit,
1984 1516 2055 1572 de

391 1602 623 1660 Christo
656 1603 1042 1659 memorantis
1069 1620 1082 1658 :
1116 1604 1317 1659 Pacem
1346 1605 1557 1673 faciens
1584 1620 1689 1677 per
1728 1606 2058 1674 sanguinem

389 1693 571 1747 crucis
598 1708 734 1764 suae,
766 1692 853 1748 his
885 1708 1005 1764 qua
1035 1693 1096 1746 in
1113 1700 1260 1749 terra
1289 1698 1472 1758 erant,
1504 1698 1558 1749 et
1599 1693 1686 1749 his
1703 1708 1833 1767 quae
1862 1695 1923 1749 in
1950 1709 2054 1749 coe-

389 1780 486 1848 lis,
519 1785 576 1835 et
626 1784 833 1836 caetera
889 1797 1017 1855 quae
1069 1782 1129 1836 in
1161 1782 1365 1838 eodem
1422 1782 1700 1839 dicuntur
1747 1782 1893 1852 loco,
1938 1800 2053 1839 non

392 1868 628 1942 putabis
687 1885 816 1941 nos,
876 1868 976 1943 qui
1009 1871 1180 1942 juxta
1233 1870 1506 1943 spiritum
1558 1871 1735 1928 Israel
1780 1887 2057 1928 vocamur

396 1957 580 2014 fuisse
608 1957 817 2032 longe:
869 1964 926 2015 et
968 1959 1224 2032 Judaeos,
1279 1961 1378 2033 qui
1417 1961 1829 2017 tantummodo
1875 1960 2053 2017 Israel

396 2052 813 2120 nuncupentur
840 2047 901 2105 in
934 2064 1126 2117 carne,
1159 2048 1342 2106 fuisse
1373 2066 1571 2123 prope.
1595 2051 1664 2106 Et
1684 2050 1835 2106 hanc
1867 2055 2052 2107 totam

392 2135 846 2209 intelligentiam
878 2138 950 2193 ad
1000 2140 1241 2211 angelos
1269 2139 1631 2212 virtutesque
1679 2139 1965 2204 caelestes,
1997 2144 2055 2195 et

397 2225 470 2280 ad
503 2225 733 2280 animas
762 2226 1111 2299 temperabit
1140 2226 1472 2300 humanas:
1505 2229 1662 2300 quod
1694 2228 1963 2285 Christus
1994 2230 2053 2284 in

394 2330 502 2370 suo
533 2314 819 2387 sanguine
849 2297 1080 2371 terrena
1110 2320 1166 2371 et
1194 2297 1452 2372 coeliastia
1473 2297 1782 2389 copularit,
1815 2334 1945 2390 quae
1972 2318 2059 2373 in-

392 2404 483 2458 ter
511 2418 573 2458 se
606 2407 777 2459 antea
817 2403 1212 2460 dissidebant:
1258 2409 1315 2460 et
1354 2405 1545 2461 bonus
1590 2413 1789 2478 pastor
1835 2408 2058 2463 morbi-

408 2492 545 2548 dam
574 2492 645 2549 ad
679 2499 909 2549 montes
963 2498 1264 2575 revectans
1295 2509 1484 2562 ovem,
1514 2495 1715 2551 fecerit
1753 2512 1883 2553 esse
1919 2514 2056 2553 cum

398 2581 624 2637 caeteris
657 2582 811 2653 (Luc.
836 2599 928 2649 xv,
962 2584 1074 2650 4-7)
1100 2601 1113 2651 ;
1147 2583 1609 2656 drachmamque
1640 2601 1765 2656 quae
1788 2586 2055 2657 perierat,

393 2669 691 2726 drachmis
739 2687 866 2742 quae
917 2670 1086 2726 salvae
1137 2672 1371 2727 fuerant
1403 2671 1762 2745 copulaverit
1803 2674 1968 2744 (Ibid.
2001 2676 2056 2741 8,

389 2758 467 2829 9),
500 2763 557 2814 et
579 2759 860 2815 mandata
889 2758 1102 2832 legalia
1133 2761 1205 2816 ad
1263 2760 1366 2815 illa
1397 2762 1704 2817 retraxerit
1752 2763 2055 2835 dogmata,

394 2846 466 2903 ad
490 2863 741 2919 quorum
774 2852 981 2921 typum
1012 2854 1070 2905 et
1099 2849 1418 2922 imaginem
1452 2851 1679 2923 Moyses
1703 2868 1831 2923 quae
1864 2857 2060 2908 essent

394 2935 456 2990 in
506 2937 884 2992 tabernaculo
944 2937 1306 3005 fabricanda,
1356 2939 1661 3012 conspexit
1699 2941 1894 3009 (Exod.
1928 2959 2056 3013 xxv,

395 3024 506 3096 1:0).
555 3026 744 3098 Atque
800 3026 880 3081 ita
929 3026 1073 3099 ﬁeri,
1125 3031 1191 3082 ut
1244 3042 1387 3084 crux
1416 3028 1647 3084 Domini
1697 3047 1813 3085 non
1866 3030 2057 3086 solum

394 3116 584 3181 terrae,
614 3115 715 3169 sed
748 3118 807 3171 et
848 3115 991 3171 coelo
1024 3115 1384 3188 profuerit';
1418 3134 1534 3173 non
1579 3118 1772 3174 solum
1804 3119 2059 3175 homini-

393 3202 529 3269 bus,
561 3204 664 3260 sed
697 3209 756 3259 et
786 3203 1008 3276 angelis
1034 3222 1048 3273 ;
1079 3209 1137 3260 et
1166 3205 1362 3261 omnis
1409 3211 1674 3263 creatura
1699 3208 1929 3265 Domini
1962 3211 2057 3265 sui

390 3305 597 3347 cruore
627 3297 881 3364 purgata
911 3293 1009 3360 sit,
1060 3295 1221 3360 Quod
1270 3299 1468 3350 autem
1519 3295 1636 3352 ait:
1673 3299 1736 3355 Ut
1776 3297 1884 3354 duo
1930 3315 2055 3355 con-

2161 714 2294 785 quis
2344 718 2539 770 tamen
2589 729 2716 768 eam
2766 712 2992 785 recipit)
3044 712 3431 785 prudentibus
3477 712 3813 785 quibusque

2160 802 2478 873 lectoribus
2537 802 2757 860 Paulus
2808 802 3161 871 subindicat,
3220 800 3457 858 dicens:
3515 803 3585 857 Hi
3625 817 3812 858 omnes

2159 894 2535 949 testimonium
2591 894 2914 963 accipientes
2968 892 3116 963 ﬁdei,
3168 907 3276 946 non
3333 891 3638 947 retulerunt
3685 907 3813 963 pro-

2159 984 2500 1049 missionem,
2547 984 2653 1039 Deo
2693 998 2795 1054 pro
2824 982 2980 1039 nobis
3033 982 3234 1038 melius
3280 980 3412 1051 quid
3452 980 3814 1053 providente:

2163 1081 2225 1128 ut
2250 1088 2359 1127 non
2391 1073 2592 1144 absque
2620 1071 2776 1127 nobis
2821 1078 3331 1127 consummarentur
3378 1070 3560 1142 (Hebr.
3592 1086 3671 1141 xx,
3721 1070 3810 1137 39,

2164 1161 2274 1231 40).
2329 1160 2640 1232 Propterea
2696 1164 2754 1215 et
2802 1159 3073 1215 universa
3118 1162 3385 1215 creatura
3433 1159 3816 1231 congemiscit

2164 1249 2470 1305 nobiscum
2503 1251 2677 1320 (Rom.
2709 1266 2831 1318 vm,
2863 1249 2974 1319 22),
3025 1248 3124 1320 qui
3157 1248 3217 1303 in
3265 1248 3643 1305 tabernaculo
3695 1247 3809 1304 isto

2163 1339 2611 1410 ingemiscimus
2659 1339 2730 1409 (II
2775 1337 2895 1393 Cor.
2928 1353 2985 1402 ν,
3016 1337 3091 1405 4),
3125 1341 3183 1392 et
3220 1335 3509 1402 condolet,
3549 1337 3650 1408 qui
3682 1353 3717 1392 a
3744 1336 3814 1393 ti-

2166 1445 2326 1485 more
2373 1428 2473 1483 Dei
2521 1427 2582 1483 in
2636 1432 2801 1483 utero
2830 1425 3206 1496 concepimus
3251 1430 3310 1481 et
3360 1425 3629 1482 dolemus
3684 1426 3811 1497 (Isa.

2164 1517 2341 1588 xxvx),
2371 1521 2429 1572 et
2480 1515 2888 1589 praestolamur
2937 1515 3044 1584 [Αἰ.
3092 1512 3483 1586 ρι’ωειοιεῐυτ]
3515 1512 3816 1570 revelatio-

2166 1623 2300 1662 nem
2331 1605 2587 1661 filiorum
2619 1603 2721 1660 Dei
2779 1605 2950 1675 (Rom.
3002 1621 3129 1670 vm,
3162 1603 3287 1675 19):
3334 1608 3400 1659 ut
3436 1603 3507 1658 de
3564 1602 3819 1658 vanitate

2166 1692 2487 1760 servitutis,
2535 1692 2628 1748 cui
2674 1708 2831 1747 nunc
2871 1691 3133 1762 subjecta
3178 1695 3289 1762 est,
3336 1690 3621 1747 liberetur
3656 1690 3815 1762 (Ibid.

2162 1785 2277 1855 20),
2310 1787 2367 1838 et
2398 1783 2499 1838 fiat
2528 1798 2684 1840 unus
2716 1786 2920 1854 pastor
2948 1789 3005 1837 et
3036 1797 3190 1837 unus
3218 1796 3358 1853 grex
3378 1779 3566 1843 (Joan.
3598 1797 3653 1851 x,
3686 1780 3774 1851 16)
3802 1796 3815 1835 :

2166 1877 2225 1929 et
2251 1872 2446 1929 Oratio
2483 1871 2706 1928 Domini
2738 1869 3104 1944 compleatur
3145 1869 3432 1926 dicentis:
3464 1870 3585 1926 Fiat
3624 1870 3820 1949 volun-

2163 1966 2247 2018 tas
2278 1970 2373 2019 tua
2398 1963 2541 2018 sicut
2574 1963 2634 2017 in
2663 1962 2789 2018 ccelo
2820 1968 2871 2017 et
2898 1962 2961 2017 in
2988 1963 3139 2016 terra
3168 1958 3378 2031 (Matth.
3411 1975 3488 2029 v1,
3523 1958 3630 2031 10).

2235 2050 2422 2123 (Vera.
2458 2052 2524 2106 19
2555 2051 2746 2123 seqq.)
2782 2074 2803 2100 α
2840 2051 2990 2122 Ergo
3040 2050 3157 2119 iam
3192 2065 3307 2105 non
3358 2047 3500 2104 estis
3530 2046 3820 2120 peregrini

2163 2143 2222 2196 et
2251 2139 2493 2196 accolae:
2529 2140 2629 2196 sed
2665 2139 2819 2195 cives
2865 2141 3227 2205 sanctorum,
3279 2141 3338 2194 et
3365 2136 3671 2193 domestici
3700 2135 3820 2203 Dei,

2168 2228 2617 2301 superaadiﬁcati
2651 2244 2829 2301 super
2859 2227 3309 2283 fundamentum
3343 2224 3742 2298 apostolorum
3764 2229 3824 2281 et

2165 2318 2609 2391 prophetarum,
2640 2316 2768 2389 ipso
2799 2333 3032 2371 summo
3062 2313 3329 2387 angulari
3359 2314 3552 2388 lapide
3589 2313 3818 2371 Christo

2164 2408 2326 2463 Jesu.
2361 2407 2424 2462 In
2451 2423 2566 2479 quo
2599 2405 2791 2461 omnis
2823 2404 3131 2461 aedificatio
3153 2404 3587 2477 compaginata,
3617 2402 3825 2459 crescit

2166 2495 2225 2551 in
2252 2494 2538 2567 templum
2570 2498 2843 2551 sanctum
2877 2493 2936 2548 in
2967 2492 3231 2559 Domino,
3264 2492 3326 2548 In
3358 2508 3475 2564 quo
3503 2495 3563 2547 et
3590 2507 3689 2547 vos
3719 2508 3821 2547 eo-

2167 2584 2537 2640 aediﬁcamini
2569 2583 2626 2638 in
2660 2582 3061 2639 habitaculum
3094 2582 3213 2651 Dei,
3242 2581 3301 2638 in
3328 2580 3559 2653 spiritu.
3595 2604 3617 2634 ι
3653 2580 3739 2636 Ad
3764 2580 3821 2635 id

2167 2674 2323 2746 quod
2370 2690 2549 2745 supra
2605 2672 2870 2728 dixerat:
2940 2672 3241 2745 Peregrini
3286 2673 3731 2727 testamenton
3775 2677 3828 2726 et

2165 2764 2635 2835 repromissionis,
2666 2778 2824 2817 nunc
2853 2761 3168 2834 respondet
3193 2777 3206 2815 :
3257 2776 3384 2828 ergo
3405 2760 3528 2832 jam
3554 2774 3666 2815 non
3694 2760 3826 2815 estis

2164 2854 2451 2923 peregrini
2480 2856 2537 2907 et
2565 2851 2784 2909 accolae.
2847 2851 2913 2905 Et
2942 2851 3013 2905 ad
3058 2848 3205 2905 illud
3255 2849 3408 2920 quod
3441 2847 3822 2920 pramiserat,

2166 2943 2401 2997 alienati
2446 2958 2479 2995 a
2527 2942 2939 2996 conversatione
2979 2940 3176 3007 Israel,
3221 2939 3392 2994 modo
3434 2938 3583 2993 redit
3621 2953 3634 2994 :
3668 2939 3824 2993 Estis

2166 3031 2304 3088 cives
2331 3045 2663 3099 sanccorum,
2694 3037 2746 3085 et
2774 3029 3055 3085 domestici
3099 3029 3216 3084 Dei.
3270 3026 3375 3083 Hic
3422 3025 3585 3082 lacus
3617 3026 3823 3082 adver-

2169 3137 2268 3176 sus
2289 3135 2388 3176 eos
2418 3117 2505 3176 vel
2538 3119 2790 3175 maxime
2822 3118 2978 3186 facit,
3012 3117 3109 3189 qui
3158 3115 3418 3173 diversas
3463 3120 3704 3172 naturas
3735 3115 3823 3170 ni-

2165 3212 2374 3264 tuntur
2404 3207 2795 3264 introducere.
2828 3206 3129 3273 Quomodo
3176 3205 3330 3262 enim
3365 3204 3657 3278 peregrini
3687 3204 3826 3261 facti

2169 3304 2307 3355 sunt
2364 3298 2517 3354 cives
2561 3300 2923 3363 sanctorum,
2955 3301 3013 3351 et
3058 3295 3351 3368 quomodo
3382 3294 3686 3351 domestici
3725 3293 3826 3350 Dei

392 3380 554 3437 deret
584 3383 643 3436 in
704 3383 991 3453 semetipso
1047 3384 1111 3437 in
1168 3372 1344 3438 unum
1394 3400 1599 3440 novum
1646 3386 1942 3459 hominem,
2000 3393 2057 3445 et
2088 3367 2131 3434 (ἶ
2170 3388 2580 3445 fuerunt584
2607 3386 2902 3459 quondam
2923 3367 3606 3441 alieniaconversations
3627 3381 3827 3450 Israel,

390 3469 551 3540 quod
585 3468 778 3540 magis
806 3468 1037 3524 videtur
1065 3471 1355 3543 superiori
1376 3473 1447 3527 de
1469 3472 1689 3530 Judaeis
1707 3478 1882 3547 atque
1913 3493 2054 3549 gen-

390 3556 598 3613 tilibus
630 3556 831 3613 sensui
864 3558 1207 3615 convenire:
1252 3559 1335 3615 sic
1382 3577 1500 3617 suae
1529 3560 1930 3636 intelligentiae
1962 3582 2055 3621 co-

392 3645 657 3718 aptabat,
692 3650 757 3702 ut
776 3646 937 3702 dicat
960 3646 1259 3705 hominem
1282 3650 1452 3721 juxta
1477 3650 1794 3724 imaginem
1817 3659 1873 3710 et
1892 3655 2023 3711 simi
2034 3687 2056 3697 -

390 3734 707 3792 litudinem
743 3736 841 3791 Dei
875 3736 1118 3822 factum,
1144 3739 1411 3795 eamdem
1446 3745 1579 3812 post
1626 3743 2058 3801 reconciliatio-

392 3841 528 3882 nem
577 3825 829 3882 formam
885 3830 1277 3898 recepturum,
1312 3845 1490 3901 quam
1541 3834 1599 3885 et
1651 3848 1808 3888 nunc
1864 3834 2057 3908 angeli

397 3913 637 3983 habent,
670 3918 730 3970 et
759 3914 885 3987 ipse
911 3915 1248 3987 perdiderit.
1282 3917 1506 3974 Novum
1539 3924 1732 3976 autem
1757 3921 2052 3981 hominem

392 4014 522 4059 esse
553 4003 719 4071 dicit,
751 4004 907 4061 ssc
939 4005 1039 4077 qui
1071 4006 1333 4077 quotidie
1363 4014 1692 4079 renovatur,
1727 4015 1784 4066 et
1820 3994 2073 4069 habita:

391 4094 565 4148 turus
593 4096 684 4151 est
715 4093 774 4148 in
799 4110 948 4150 novo
993 4095 1237 4162 mundo,
1281 4098 1514 4168 quando
1545 4098 1654 4153 erit
1684 4098 1897 4156 coelum
1946 4120 2053 4158 no-

394 4194 535 4236 vum
565 4185 624 4238 et
650 4186 803 4238 terra
845 4199 994 4239 nova
1037 4185 1173 4252 (Isa.
1209 4201 1335 4240 va.
1390 4186 1497 4257 17),
1530 4191 1587 4242 et
1625 4187 1920 4246 bibiturus
1967 4196 2055 4248 est

397 4267 636 4325 calicem
665 4270 803 4327 Jesu
838 4287 1056 4327 novum
1085 4272 1147 4327 in
1199 4289 1379 4346 regno
1409 4275 1511 4330 Dei
1551 4275 1745 4346 (Marc.
1777 4295 1893 4346 xw,
1935 4282 2051 4351 25),

397 4360 455 4412 et
513 4360 858 4415 cantaturus
908 4360 1204 4416 canticum
1251 4378 1467 4417 novum
1514 4363 1684 4435 (Psal.
1734 4382 1889 4423 xxxn
1942 4369 2053 4425 3et

392 4447 677 4516 xcvn,'1),
731 4453 789 4503 et
818 4448 1046 4505 Veteris
1090 4454 1149 4505 et
1197 4450 1339 4506 Novi
1388 4452 1749 4510 Testamenti
1807 4456 2053 4515 lectione

392 4534 690 4608 gaudebit.
719 4535 872 4593 Illud
901 4554 1134 4611 quoque
1164 4540 1322 4611 quod
1373 4540 1512 4596 alibi
1559 4543 1875 4602 scribitur:
1909 4550 2053 4605 Ecce

390 4626 534 4695 facio
580 4641 725 4682 nova
774 4641 901 4698 quae
945 4643 1095 4684 nunc
1134 4630 1397 4684 ariuntur
1447 4632 1573 4697 (Isa.
1631 4648 1787 4703 me,
1820 4630 1919 4702 '19,
1968 4637 2052 4693 sic

2169 3475 2218 3532 si
2250 3493 2366 3531 non
2397 3479 2589 3548 potest
2632 3473 2720 3529 vel
2770 3473 2831 3529 in
2880 3473 3111 3543 melius,
3145 3471 3233 3527 vel
3288 3471 3348 3527 in
3399 3472 3569 3544 pejus
3616 3476 3828 3527 natura

2168 3565 2432 3621 mutari?
2490 3563 2654 3628 Quod
2705 3566 2902 3618 autem
2960 3562 3269 3633 sequitur:
3328 3560 3616 3631 zEdi/icati
3661 3576 3826 3632 super

2166 3654 2587 3725 fundamentum
2647 3653 3019 3724 apostolorum
3063 3654 3115 3706 et
3174 3649 3583 3722 prophetarum,
3636 3649 3826 3721 magis

2167 3743 2345 3817 priori
2379 3759 2555 3815 quam
2582 3740 2852 3798 secundae
2901 3738 3365 3811 interpretationi
3411 3739 3701 3798 convenit.
3753 3738 3823 3823 .in

2167 3850 2285 3905 qua
2332 3833 2605 3906 superius
2636 3832 2993 3899 dixeramus,
3051 3833 3186 3885 ante
3229 3827 3566 3901 passionem
3609 3826 3823 3884 Christi

2156 3920 2420 3978 vicinum
2453 3920 2654 3991 Israel,
2689 3925 2747 3975 et
2775 3923 2976 3992 gentes
3025 3918 3208 3989 fuisse
3233 3917 3306 3989 de
3335 3918 3526 3990 longe.
3558 3919 3678 3973 Hoc
3706 3922 3822 3974 tes-

2163 4010 2412 4066 timonio
2445 4016 2501 4064 et
2550 4014 2751 4065 contra
2791 4006 3146 4063 Marcionem
3200 4010 3556 4078 ceterosque
3602 4009 3823 4063 veteres

2166 4100 2487 4167 haereticos,
2523 4098 2625 4170 qui
2679 4096 2859 4152 alium
2889 4095 3057 4168 legis,
3091 4094 3273 4151 alium
3294 4093 3588 4168 Evangelii
3620 4095 3823 4167 praedi-

2168 4192 2305 4243 cant
2337 4193 2541 4256 Deum,
2572 4185 2656 4241 uti
2685 4200 3024 4257 possumus.
3048 4182 3107 4238 Si
3132 4181 3289 4238 enim
3316 4199 3688 4255 nequaquam
3721 4199 3820 4255 pe-

2165 4276 2378 4349 regrini
2428 4280 2485 4331 et
2514 4274 2744 4338 accolae,
2791 4272 2891 4328 sed
2946 4271 3101 4327 cives
3153 4276 3493 4327 sanctorum
3526 4276 3583 4327 et
3620 4271 3819 4329 dome-

2163 4366 2292 4422 stici
2322 4364 2420 4421 Dei
2457 4361 2904 4436 superaediﬁcati
2928 4366 3065 4416 sunt
3095 4360 3477 4416 fundamento
3523 4360 3820 4432 apostolo-

2162 4472 2294 4511 rum
2330 4459 2386 4511 et
2420 4453 2859 4527 prophetarum,
2889 4451 3019 4522 ipso
3059 4465 3294 4506 summo
3325 4448 3592 4522 angulari
3622 4448 3820 4523 lapide

2160 4544 2388 4601 Christo
2407 4544 2583 4599 Jesu:
2610 4542 2675 4597 in
2699 4557 2814 4613 quo
2837 4540 3032 4597 omnis
3054 4538 3356 4595 aediﬁcatio
3388 4538 3817 4613 compaginata,

2161 4634 2370 4689 crescit
2394 4633 2451 4687 in
2487 4630 2775 4703 templum
2808 4633 3076 4685 sanctum
3108 4627 3169 4684 in
3214 4627 3495 4685 Domino:
3526 4629 3586 4684 in
3618 4645 3735 4701 quo
3765 4632 3823 4685 et

394 4712 624 4785 sentiet,
647 4718 717 4770 ut
746 4714 1100 4788 principium
1123 4716 1518 4774 innovationis
1550 4719 1608 4774 in
1642 4724 2051 4794 prasenti’sie-
2087 4738 2134 4803 D
2166 4721 2398 4795 Ephesii
2431 4720 2864 4777 comdificantur
2895 4718 2955 4772 in
2985 4715 3432 4774 tabernaculum
3464 4717 3563 4773 Dei
3611 4717 3670 4773 in
3698 4718 3820 4790 spi-

399 4802 530 4860 culo
559 4802 685 4859 ﬁeri
727 4804 1038 4863 existimet.
1076 4806 1366 4864 Caeterum
1422 4810 1736 4883 perfectam
1777 4829 2051 4873 consum-

394 4896 737 4965 matamque
767 4892 1105 4963 novitatem,
1130 4896 1379 4952 necdum
1410 4898 1470 4953 in
1503 4898 1617 4955 isto
1648 4906 1814 4973 putet
1843 4902 2051 4960 saeculo

392 4994 564 5051 posse
613 4981 917 5055 compleri.
977 4984 1046 5043 Et
1074 4986 1369 5058 quomodo
1408 5004 1563 5043 nunc
1593 5005 1696 5062 per
1743 4992 2050 5065 speculum

391 5068 662 5127 videmus
692 5072 753 5127 in
775 5073 1110 5146 aenigmate,
1150 5078 1290 5131 tunc
1322 5080 1515 5133 autem
1566 5078 1711 5135 facie
1740 5081 1813 5136 ad
1844 5082 2051 5139 faciem

391 5156 440 5229 (1
468 5157 588 5216 Cor.
636 5178 763 5228 xm,
822 5164 949 5235 12):
1000 5163 1083 5219 sic
1114 5168 1171 5221 et
1217 5165 1707 5224 instaurationem
1758 5170 1888 5226 novi
1947 5172 2049 5228 llO-

391 5246 571 5305 minis
601 5252 741 5307 tunc
791 5251 962 5324 plene
1004 5255 1376 5327 perfectaque
1434 5256 1865 5330 complendam,
1914 5278 2050 5318 cum

389 5334 647 5394 celestia
688 5342 1037 5413 teneasque
1102 5340 1319 5397 fuerint
1368 5343 1663 5416 copulata,
1711 5350 1768 5401 et
1823 5346 1884 5402 in
1935 5365 2051 5405 uno

389 5425 626 5496 spiritu,
660 5430 718 5485 et
746 5445 923 5486 sensu
954 5431 1272 5503 eademque
1292 5434 1603 5506 sententia,
1626 5436 2050 5495 accesserimus

508 5675 756 5765 Omnem
788 5681 907 5765 ferp
938 5681 1269 5765 subnexarn
1295 5683 1545 5765 h'uju‘sce
1573 5685 1846 5744 versiculi
1874 5704 2048 5765 expo-

387 5752 667 5892 sitionem
706 5752 993 5880 invggiose
1021 5753 1279 5812 traducit
1320 5752 1599 5828 Ruﬁnus,
1630 5775 1805 5833 quem
1832 5752 2048 5834 vidésis

412 5835 429 5874 1
477 5862 491 5877 .
526 5837 568 5892 ι,
599 5837 765 5883 num.
874 5865 887 5881 .

477 5862 491 5877 ο
527 5862 568 5896 Ι,
599 5862 765 5883 ιιι-ιμιο
796 5862 887 5881 Ws

2165 4812 2305 4884 ritu,
2337 4826 2493 4865 unus
2524 4816 2613 4864 est
2644 4809 2815 4874 Deus,
2863 4808 3043 4862 unius
3073 4806 3476 4863 azdiﬁcationis
3506 4811 3564 4862 et
3592 4806 3817 4880 templi,

2165 4901 2319 4973 quod
2339 4897 2868 4969 superazdilicatum
2892 4899 2982 4950 est
3010 4894 3393 4951 fundamento
3422 4889 3819 4968 apostolorum

2162 4994 2219 5045 et
2250 4987 2691 5061 prOphetarum.
2724 4985 2886 5050 Quod
2920 4984 2969 5040 si
3002 4985 3275 5041 universa
3305 4985 3607 5041 aediﬁcatio
3656 5000 3819 5039 com-

2166 5078 2464 5152 paginata,
2489 5075 2700 5132 crescit
2727 5074 2787 5129 in
2832 5073 3117 5147 templum
3152 5078 3422 5129 sanctum
3462 5074 3520 5129 in
3547 5072 3814 5139 Domino,

2164 5167 2325 5223 omni
2374 5165 2571 5222 labore
2615 5163 2919 5219 nitendum
2970 5168 3060 5218 est
3102 5167 3169 5218 ut
3216 5163 3429 5219 ﬁamus
3459 5162 3543 5218 illi
3591 5161 3817 5233 lapides

2162 5258 2234 5313 de
2263 5256 2479 5328 quibus
2528 5254 2815 5325 scriptum
2846 5256 2974 5308 est:
3030 5253 3269 5325 Lapides
3296 5253 3483 5308 sancti
3526 5252 3818 5307 volvuntur

2159 5362 2326 5419 super
2370 5354 2575 5401 terram
2601 5344 2786 5413 (Zach.
2820 5359 2897 5409 1x,
2954 5342 3058 5411 tu).
3092 5343 3162 5397 Et
3208 5358 3341 5397 cum
3372 5340 3656 5396 fuerimus
3701 5340 3816 5395 vivi

2160 5435 2406 5509 lapides,
2455 5451 2525 5490 ex
2571 5430 2731 5489 omni
2790 5436 2954 5506 parte
3000 5428 3202 5497 delati.
3232 5429 3401 5485 lmves
3462 5431 3575 5486 iAl.
3613 5429 3812 5503 leves],

2228 5690 2250 5725 ²
2278 5689 2483 5748 Recole
2513 5705 2641 5767 quis
2694 5686 2881 5767 paulo.
2923 5682 3196 5766 superius
3244 5698 3372 5755 cap.
3421 5700 3460 5755 ι,
3521 5699 3673 5742 vers.
3721 5683 3813 5761 33,

2160 5760 2270 5822 hac
2300 5779 2475 5840 super
2506 5758 2798 5825 sontentiai
2827 5758 3102 5819 diximus.
3644 5770 3655 5779 η
