4332 6560
575 471 692 538 507

1824 476 1887 539 S.
1936 474 2248 541 EUSEBll
2296 473 2741 540 HIERONYMI

3870 475 3990 542 508

577 605 765 680 politi,
799 603 1023 662 nullam
1073 604 1356 664 habentes
1404 608 1828 678 scabredinem,
1876 610 2231 665 mdiﬁcemur
2258 613 2313 678 Α
2343 626 2470 679 quas
2504 610 2559 664 in
2594 609 2923 666 coelestibus
2955 614 3067 666 Deo
3089 609 3238 668 585
3275 607 3553 677 serviunt,
3604 607 3677 665 ab
3725 607 3833 666 hac
3866 606 3991 667 feli-

578 696 634 751 in
670 694 981 767 templum,
1007 701 1063 751 et
1089 697 1302 753 fiamus
1328 698 1726 755 habitaculum
1754 705 1883 753 Deo.
1919 699 2236 754 Condatur-

579 801 693 857 que
726 784 783 839 in
814 785 982 840 nobis
1013 802 1146 841 arca
1178 789 1509 844 testamenti
1557 793 1753 843 custos
1802 788 1945 859 legis
1980 788 2229 855 Domini,

586 878 645 929 et
672 874 991 942 Cherubin,
1021 875 1273 932 scientia:
1296 875 1611 943 multitudo,
1646 882 1701 931 et
1730 875 2007 932 interiora
2037 882 2235 948 pecto-

581 962 663 1018 ris
716 964 899 1017 nostri
939 964 999 1017 in
1043 980 1257 1019 novum
1306 965 1650 1020 vocabulum
1701 970 2037 1021 transeant:
2072 966 2234 1021 dica-

583 1067 835 1123 murque
885 1068 1056 1107 nsum
1104 1055 1303 1121 (Ἴτε-ς),
1363 1055 1517 1125 quod
1588 1072 1693 1109 nos
1750 1056 2054 1121 oraculum,
2114 1053 2233 1108 sive

585 1156 900 1212 responsum
929 1158 1247 1211 possumus
1277 1142 1590 1214 appellare,
1625 1149 1682 1199 et
1711 1148 1775 1198 ut
1813 1143 2233 1199 contentiosius

587 1230 829 1285 verbum
860 1228 1280 1301 exprimamus,
1312 1248 1343 1287 e
1398 1233 1593 1299 verbo,
1627 1229 1992 1306 λαλητήριον,
2040 1232 2095 1287 id
2147 1236 2235 1286 est

584 1319 929 1388 locutorium,
961 1318 1189 1374 dicere:
1225 1324 1439 1375 utcum
1463 1322 1739 1393 Apostolo
1770 1339 2152 1393 erumpamus
2174 1320 2232 1376 in

580 1422 815 1461 vocem:
849 1408 929 1461 An
979 1410 1411 1478 experimentum
1455 1414 1709 1481 quaeritis
1750 1413 1864 1479 ejus
1917 1413 2012 1481 qui
2058 1412 2114 1464 in
2147 1427 2236 1465 me

588 1494 835 1566 loquitur
878 1495 1129 1551 Christus
1178 1498 1251 1568 (II
1301 1501 1427 1556 Cor.
1479 1516 1600 1554 xm.
1651 1499 1753 1569 3)?
1802 1504 1997 1555 Potest
2039 1505 2234 1554 autem

584 1582 778 1639 omnis
805 1583 1113 1639 zedilicatio
1146 1603 1324 1658 super
1352 1588 1804 1643 fundamentum
1836 1588 2233 1659 apostolorum

581 1672 1120 1744 prophetarumque
1169 1681 1528 1744 constructa,
1577 1694 1691 1732 non
1731 1677 1920 1732 solum
1956 1694 2081 1743 nos,
2133 1678 2233 1733 sed

584 1767 641 1817 et
669 1759 930 1816 cmlestes
963 1760 1297 1833 signiﬁcare
1327 1765 1571 1821 virtutes
1596 1768 1633 1834 ί,
1669 1771 1733 1821 ut
1778 1766 2030 1821 universi
2090 1767 2238 1837 pari-

586 1854 676 1905 ter
700 1850 845 1904 fiant
875 1848 1282 1908 habitaculum
1311 1854 1411 1909 Dei
1441 1854 1498 1910 in
1547 1856 1791 1927 spiritu:
1848 1857 2235 1927 incongruum

589 1936 805 2009 quippe
854 1953 982 1993 esse
1040 1939 1225 2007 aiunt,
1277 1958 1345 1997 ex
1398 1943 1735 1999 hominibus
1793 1944 2233 2000 aedificationem

588 2030 953 2097 compactam
987 2038 1163 2099 atque
1191 2034 1536 2088 concordem
1568 2049 1827 2088 crescere
1860 2034 1916 2088 in
1952 2034 2237 2104 templum

589 2119 861 2172 sanctum
920 2113 978 2169 in
1050 2116 1298 2177 Domino
1382 2122 1506 2177 fieri
1562 2121 1961 2177 habitaculum
2021 2123 2120 2178 Dei
2181 2125 2239 2179 in

590 2202 841 2276 spiritu;
877 2204 1116 2275 angelos
1142 2214 1337 2266 autem
1369 2214 1425 2267 et
1453 2212 1651 2267 beatas
1682 2227 1946 2283 quasque
1977 2212 2238 2281 virtutes,

2345 701 2517 754 citate
2549 698 2770 755 alienas
2791 700 3132 755 existimari.
3155 702 3435 755 Summus
3466 701 3659 753 autem
3692 699 3990 771 angularis

2341 786 2511 859 lapis,
2548 788 2645 859 qui
2681 789 2963 860 populum
2996 793 3312 859 utrumque
3338 787 3631 843 contineat
3659 788 3801 860 (sive
3823 789 3995 859 juxta

2342 878 2660 931 secundam
2709 876 3246 949 interpretationem
3280 877 3537 932 ccclestia
3567 878 3786 949 jungat
3815 883 3994 950 atque

2343 968 2612 1037 terrena),
2645 967 2910 1022 Christus
2943 974 3029 1022 est
3047 966 3329 1022 Dominus
3361 971 3577 1033 noster,
3611 966 3759 1038 lapis
3793 968 3991 1038 praeci-

2343 1072 2445 1110 sus
2475 1056 2543 1111 de
2577 1061 2773 1111 monte
2822 1056 2947 1111 sine
2996 1057 3271 1111 manibus
3302 1058 3469 1127 (Dan.
3505 1073 3566 1111 ιι.
3601 1057 3713 1126 45),
3757 1056 3827 1111 de
3879 1073 3993 1127 quo

2342 1148 2399 1199 et
2428 1143 2738 1199 Psalmista
2770 1150 3035 1215 testatur,
3069 1146 3305 1201 dicens:
3339 1146 3601 1217 Lapidem
3630 1161 3787 1216 quem
3816 1160 3997 1216 repro-

2344 1232 2614 1288 baverunt
2641 1234 2995 1305 mdiﬁcantes,
3026 1236 3115 1290 hic
3158 1241 3334 1305 [actus
3387 1243 3463 1291 est
3492 1236 3549 1290 in
3581 1239 3744 1305 caput
3772 1232 3994 1305 anguli.

2342 1323 2380 1377 Α
2419 1325 2649 1379 Domino
2679 1326 2884 1394 factum
2920 1332 2998 1379 est
3030 1324 3171 1379 istud
3203 1324 3376 1390 (Psal.
3408 1340 3602 1394 cxvm,
3623 1324 3739 1393 22).
3774 1322 3995 1394 Repre-

2342 1410 2515 1466 batus
2546 1412 2762 1484 quippe
2792 1417 2880 1468 cst
2901 1430 2934 1468 a
2961 1413 3288 1481 Phariszeis,
3324 1413 3421 1485 qui
3458 1412 3805 1469 videbantur
3844 1411 3998 1468 580

2344 1499 2488 1571 legis
2514 1500 2727 1555 habere
2763 1502 3049 1556 notitiam.
3102 1502 3316 1574 Deique
3372 1500 3661 1574 templum
3709 1499 3999 1572 legalibus

2345 1589 2629 1643 aedificare
2661 1590 2953 1646 mandatis
2978 1607 2989 1646 :
3016 1596 3073 1645 et
3093 1595 3437 1663 assumptus
3458 1608 3492 1646 a
3522 1590 3635 1646 Deo
3662 1589 3720 1645 in
3755 1589 3998 1662 angula-

2346 1695 2466 1733 rem
2500 1679 2775 1749 lapidem,
2805 1684 2869 1733 ut
2919 1680 3066 1735 duos
3101 1679 3349 1751 parietes
3397 1680 3522 1752 ipse
3553 1679 3783 1735 medius
3814 1678 4000 1734 conti-

2347 1773 2541 1823 neret:
2572 1772 2629 1823 et
2661 1785 2765 1841 per
2811 1768 2979 1823 illum
3020 1775 3264 1840 uterque
3295 1768 3545 1841 populus
3574 1785 3641 1824 ac
3670 1768 3855 1824 Deum
3886 1767 4002 1822 ha-

2346 1856 2506 1912 beret
2536 1874 2858 1913 accessum.
2893 1858 3007 1913 Iste
3056 1858 3351 1929 angularis
3397 1857 3569 1931 lapis,
3602 1873 3718 1912 non
3758 1858 4005 1912 creden-

2346 1944 2504 2001 tibus
2525 1945 2674 2018 lapis
2704 1946 3043 2003 offensionis
3072 1952 3179 2015 est,
3215 1951 3272 2002 et
3300 1952 3461 2019 petra
3491 1945 3749 2002 scandali
3776 1962 3788 1999 :
3824 1962 4007 2017 super

2349 2051 2522 2105 quem
2548 2036 2648 2107 qui
2680 2035 2970 2104 ceciderit,
3002 2037 3417 2108 quassabitur;
3451 2052 3626 2107 super
3655 2052 3830 2106 quem
3862 2048 4000 2091 vero

2350 2123 2475 2195 ipse
2504 2125 2805 2192 corruerit,
2854 2125 3217 2183 comminuet
3264 2142 3397 2181 eum
3439 2127 3593 2198 (Luc.
3636 2141 3728 2191 xx,
3768 2124 3854 2193 l7,
3885 2123 4003 2194 28).

660 2334 785 2391 Duo
815 2336 1229 2393 Cistercienses
1258 2354 1427 2405 mss.,
1484 2339 1716 2397 caelestes
1744 2340 2103 2410 magniﬁcare
2135 2341 2387 2396 virtutes.

1672 2659 2063 2747 LIBER
2152 2654 2912 2745 SECUNDUS.

664 2967 1001 3025 Secundum
1033 2969 1392 3027 orationibus
1420 2971 1647 3038 vestris,
1674 2988 1706 3026 ο
1737 2970 1913 3026 Paula
1944 2975 2001 3026 et
2039 2971 2242 3025 Eusto-

595 3055 820 3120 chium,
848 3058 917 3112 ad
950 3058 1231 3129 Ephesios
1249 3060 1858 3132 aggredimurlibrum
1890 3078 1901 3115 :
1927 3077 2074 3115 nova
2095 3076 2243 3130 quo-

596 3160 708 3215 que
740 3145 979 3201 Romam
1033 3147 1386 3203 munuscula
1432 3150 1859 3206 transmissuri.
1912 3148 2047 3204 Non»
2087 3148 2240 3219 quod

596 3232 717 3289 hazc
749 3233 1022 3307 dignetur
1064 3235 1252 3309 legere
1302 3238 1604 3295 doctorum
1653 3244 1912 3305 senatus,
1948 3243 2001 3293 et
2032 3237 2240 3293 biblio-

593 3321 780 3413 thecis
826 3329 1084 3381 veterum
1137 3327 1458 3385 ascribere:
1509 3329 1605 3385 sed
1659 3329 1811 3401 quod
1864 3334 2064 3384 sancta
2092 3331 2240 3382 Mar-
2277 3345 2320 3413 ρ

595 3410 739 3468 cella
770 3412 1025 3486 idipsum
1058 3416 1182 3471 ﬁeri
1215 3434 1317 3489 per
1345 3418 1620 3489 epistolas
1660 3418 1898 3491 ﬂagitet.
1930 3418 2107 3488 Cujus
2139 3433 2241 3488 ego

594 3502 1056 3577 quotiescunque
1096 3506 1449 3573 studiorum,
1499 3508 1739 3579 ingenii,
1774 3507 2011 3572 laboris,
2055 3523 2241 3563 recor-

595 3592 723 3655 dor,
752 3594 921 3648 toties
977 3611 1068 3649 me
1109 3595 1323 3651 damno
1371 3597 1614 3663 inertiae,
1648 3597 1743 3667 qui
1792 3598 1847 3652 in
1904 3596 2243 3652 monasterii

596 3679 937 3736 sollitudine
970 3684 1348 3751 constitutus,
1375 3690 1431 3739 et
1460 3685 1604 3739 illud
1656 3702 1912 3756 prresepe
1944 3698 2142 3739 contra
2166 3684 2246 3737 vi-

595 3769 761 3839 dens,
792 3769 850 3823 in
880 3786 994 3840 quo
1023 3771 1350 3843 vagientem
1380 3771 1687 3845 parvulum
1709 3773 1901 3827 festini
1935 3772 2245 3826 adoravere

598 3860 858 3929 pastores
906 3859 1057 3929 (Luc.
1093 3876 1153 3925 u,
1188 3861 1273 3928 16,
1321 3861 1431 3931 17),
1478 3859 1535 3914 id
1578 3860 1763 3915 facere
1812 3876 1927 3915 non
1979 3874 2243 3930 possum,

598 3946 751 4017 quod
784 3946 999 4002 mulier
1028 3947 1241 4004 nobilis
1289 3948 1440 4004 inter
1468 3952 1816 4021 strepentem
1851 3946 2157 4011 familiam,
2190 3950 2247 4003 et
2282 3952 2296 3967 '

597 4036 1063 4107 procurationem
1087 4039 1299 4095 domus
1320 4038 1510 4112 explet
1539 4038 1732 4111 operis
1754 4037 2076 4093 succisivis.
2101 4039 2245 4102 Qua-

599 4129 836 4197 propter
865 4129 921 4181 et
944 4125 1101 4182 illam
1128 4132 1183 4183 et
1211 4145 1334 4194 vos,
1360 4132 1419 4184 et
1443 4128 1490 4184 si
1524 4129 1621 4200 qui
1675 4128 1817 4183 forte
1846 4125 2051 4183 lecturi
2083 4129 2244 4193 sunt,

596 4214 654 4269 in
710 4231 1021 4271 commune
1078 4234 1298 4289 precor,
1340 4222 1406 4274 ut
1457 4217 1656 4273 sciatis
1712 4234 1804 4271 me
1862 4232 1977 4271 non
2025 4214 2244 4287 cogita-

595 4308 723 4360 tum
756 4305 857 4360 diu
898 4304 1289 4379 limatumque
1318 4307 1575 4378 proferre
1623 4322 1991 4361 sermonem:
2024 4305 2125 4358 sed
2172 4304 2242 4358 ad

597 4392 906 4450 revelanda
948 4395 1225 4467 mysteria
1270 4396 1726 4467 Scripturarum,
1763 4394 1846 4450 uti
1877 4394 2070 4448 verbis
2102 4411 2245 4464 pene

601 4482 673 4536 de
701 4482 891 4549 trivio,
924 4489 980 4539 et
1007 4483 1305 4540 interdum
1337 4501 1439 4557 per
1481 4483 1745 4557 singulos
1782 4484 1908 4539 dies
1957 4499 2140 4554 usque
2172 4484 2242 4537 ad

600 4585 910 4626 numerum
963 4572 1123 4628 mille
1168 4590 1443 4629 versuum
1490 4574 1804 4645 pervenire,
1839 4578 1905 4628 ut
1954 4576 2139 4644 coepta
2184 4573 2243 4626 in

597 4660 937 4731 Apostolum
972 4662 1319 4734 explanatio,
1371 4663 1557 4734 ipsius
1602 4662 1781 4731 Pauli,
1816 4662 1987 4733 cujus
2018 4661 2245 4733 Episto-

601 4747 688 4803 las
712 4765 998 4805 conamur
1026 4766 1331 4822 exponere,
1356 4752 1721 4809 orationibus
1752 4750 2130 4824 compleatur.

672 4840 831 4910 (Cap.
869 4839 958 4894 lll.
994 4871 1061 4880 —
1127 4840 1290 4897 Vera.
1322 4843 1346 4895 1
1400 4844 1588 4914 seqq.)
1624 4863 1652 4892 «
1692 4842 1879 4913 Hujus
1910 4840 1989 4895 rei
2040 4839 2246 4912 gratia,

600 4944 705 4999 ego
723 4926 938 4984 Paulus
963 4931 1190 4985 vinctus
1212 4931 1352 4985 Jesu
1379 4931 1614 4995 Christi,
1638 4947 1741 5002 pro
1766 4930 1929 4985 vobis
1943 4930 2245 5001 gentibus:

599 5018 647 5074 si
673 5022 870 5073 tamen
921 5019 1171 5075 audistis
1218 5019 1693 5091 dispensationem
1742 5019 1940 5091 gratiae
1972 5018 2091 5085 Dei,
2124 5034 2249 5088 quas

598 5108 735 5164 data
764 5112 853 5165 est
883 5108 1025 5164 mihi
1060 5108 1117 5162 in
1150 5108 1331 5165 vobis.
1367 5107 1651 5172 Quoniam
1683 5109 2007 5164 secundum
2038 5108 2249 5162 revela-

595 5197 814 5254 tionem
848 5197 1145 5270 cognitum
1173 5199 1386 5252 factum
1419 5201 1507 5253 est
1541 5197 1679 5252 mihi
1714 5197 2252 5270 mysterium,sicut

599 5287 928 5361 praescripsi
960 5288 1017 5343 in
1052 5288 1315 5355 modico;
1352 5293 1525 5359 prout
1567 5287 1810 5358 potestis
1857 5286 2116 5357 legentes
2153 5288 2247 5340 in-

672 5452 688 5484 ¹
721 5449 893 5516 Quasi
940 5448 1300 5521 Origenianae
1352 5447 1651 5521 sententias
1686 5450 1903 5521 _teneat
1941 5447 2247 5521 manifeste

602 5537 763 5575 reum
796 5523 853 5577 S.
891 5518 1210 5587 Ductorem,
1254 5522 1501 5575 Ruﬁnus
1548 5520 1653 5575 hoc
1685 5518 1808 5575 loco
1862 5519 2112 5575 exsultat
2142 5519 2242 5576 lib.

605 5593 655 5659 1,
684 5609 847 5648 num.
878 5595 965 5648 40.
1002 5598 1212 5649 Verum
1246 5593 1401 5664 quod
1436 5592 1519 5646 illi
1572 5592 1814 5664 reponit
1844 5593 1899 5646 S.
1946 5592 2110 5647 Pater
2139 5591 2241 5648 lib.

2352 2965 2611 3039 telligere
2643 2984 2879 3023 sensum
2905 2985 3101 3026 meum
3127 2970 3188 3026 in
3212 2972 3487 3045 mysterio
3512 2970 3790 3027 Christi.»
3812 2973 4012 3037 Quan-

2352 3060 2478 3109 tum
2512 3055 2582 3111 ad
2616 3058 3093 3129 consequentiam
3122 3060 3770 3132 sermonistextumque
3791 3059 4009 3132 eloquii

2306 3158 2325 3169 θ
2353 3144 2625 3217 pertinet,
2655 3146 2726 3200 ad
2778 3146 2835 3201 id
2871 3149 3026 3219 quod
3076 3149 3390 3220 praemisit:
3445 3151 3627 3221 Hujus
3673 3151 3759 3205 rei
3802 3151 4010 3220 gratia,

2351 3249 2444 3304 ego
2479 3236 2682 3290 Paulus
2714 3238 2927 3291 vinctus
2953 3242 3092 3295 Jesu
3149 3239 3357 3295 Christi
3399 3255 3498 3311 pro
3528 3240 3681 3295 vobis
3731 3239 4010 3311 gentibus,

2353 3323 2799 3395 diligentissime
2830 3327 3253 3400 perquirentes,
3290 3328 3436 3385 nihil
3467 3329 3621 3401 quod
3653 3328 3703 3384 ei
3735 3328 4012 3384 reddide-

2354 3412 2447 3481 rit,
2484 3414 2785 3485 potuimus
2829 3415 3106 3473 invenire.
3143 3419 3339 3491 Neque
3385 3419 3542 3475 enim
3604 3418 3771 3484 dixit,
3828 3417 4011 3488 hujus

2353 3502 2432 3556 rei
2466 3504 2653 3575 gratia
2701 3521 2806 3577 ego
2852 3506 3071 3562 Paulus
3093 3506 3200 3564 hoc
3230 3508 3319 3565 vel
3352 3509 3460 3565 hoc
3492 3509 3621 3579 feci,
3653 3507 3741 3563 vel
3773 3507 3917 3563 illud
3952 3511 4011 3562 et

2356 3589 2499 3645 illud
2564 3593 2773 3648 docui:
2837 3596 2938 3649 sed
2997 3611 3286 3667 suspensa
3357 3601 3630 3653 manente
3695 3597 4009 3659 sententia,

2355 3684 2767 3749 transgressus
2800 3682 2870 3736 ad
2905 3681 3020 3737 alia
3049 3689 3155 3738 est.
3188 3685 3311 3739 Nisi
3345 3686 3489 3740 forte
3536 3686 3899 3755 ignoscentes
3932 3685 4008 3753 ei,

2353 3766 2513 3835 quod
2548 3771 2604 3821 et
2634 3767 2759 3837 ipse
2790 3769 3093 3825 confessus
3136 3776 3227 3826 est
3274 3772 3473 3827 dicens
3498 3788 3510 3827 :
3535 3778 3604 3828 Et
3632 3776 3686 3829 si
3714 3776 4008 3846 imperitus

2352 3867 2622 3920 sermone,
2655 3871 2766 3910 non
2790 3860 2972 3911 tamen
3005 3860 3237 3914 scientia
3261 3859 3307 3931 (1
3336 3859 3457 3915 Cor.
3489 3877 3567 3922 xx,
3611 3863 3688 3931 6),
3722 3879 4008 3918 sensuum

2354 3941 2544 4013 magis
2566 3942 2624 3997 in
2660 3959 2726 3998 eo
2780 3960 3115 4015 quaeramus
3145 3947 3434 4013 ordinem,
3467 3965 3643 4019 quam
3674 3950 4006 4006 verborum.

2355 4029 2464 4093 Qui
2496 4029 2580 4085 sic
2618 4033 2780 4087 reddi
2829 4038 3058 4105 potest:
3102 4035 3281 4107 hujus
3308 4036 3386 4092 rei
3413 4035 3620 4109 gratia,
3654 4053 3758 4109 ego
3789 4037 4010 4095 Paulus

2352 4119 2583 4175 vinctus
2612 4122 2820 4178 Christi
2852 4124 3013 4191 Jesu,
3055 4129 3111 4182 et
3148 4126 3377 4182 vinctus
3411 4143 3514 4199 pro
3546 4127 3707 4182 vobis
3739 4126 3840 4198 qui
3866 4126 4009 4182 estis

2354 4224 2423 4264 ex
2453 4211 2745 4280 gentibus,
2787 4215 3027 4285 cognovi
3088 4216 3455 4289 mysterium,
3488 4220 3553 4272 ut
3581 4216 3745 4271 vobis
3775 4231 4012 4287 quoque

2351 4297 2497 4353 illud
2533 4302 2823 4357 traderem
2857 4321 2869 4359 :
2905 4304 3057 4360 sicut
3090 4305 3150 4361 in
3200 4304 3307 4361 hac
3337 4306 3541 4361 eadem
3574 4304 3829 4377 Epistola
3876 4309 4012 4361 ante

2353 4387 2663 4459 paululum
2696 4392 2845 4448 587
2875 4410 3005 4449 sum
3031 4394 3281 4451 locutus.
3315 4395 3548 4451 Debetis
3581 4399 3774 4450 autem
3808 4393 4011 4449 audire

2354 4475 2853 4547 dispensationem
2901 4484 3099 4554 gratiae
3142 4484 3262 4551 Dei,
3310 4500 3436 4555 quas
3480 4484 3617 4540 data
3652 4488 3741 4539 est
3771 4483 3914 4539 mihi
3946 4483 4007 4538 in

2353 4565 2521 4621 vobis
2554 4569 2653 4639 qui
2699 4571 2841 4626 estis
2876 4588 2943 4626 ex
2992 4572 3283 4644 gentibus,
3310 4588 3414 4644 pro
3446 4572 3661 4645 quibus
3691 4575 3749 4628 et
3776 4572 4007 4628 vinctus

2355 4670 2488 4711 sum
2545 4658 2683 4715 Jesu
2744 4660 2978 4715 Christi.
3038 4661 3314 4718 Vinctum
3358 4666 3551 4718 autem
3601 4661 3741 4719 Jesu
3791 4660 4004 4717 Christi

2353 4742 2600 4802 Paulum
2642 4766 2768 4804 esse
2817 4767 2920 4821 pro
2950 4752 3244 4823 gentibus,
3278 4755 3470 4824 potest
3498 4756 3555 4808 et
3608 4752 3679 4807 de
3726 4749 4002 4823 martyrio

2358 4833 2641 4909 intelligi:
2679 4838 2830 4908 quod
2881 4837 3075 4894 Romae
3135 4838 3194 4893 in
3223 4838 3458 4894 vincula
3505 4839 3820 4909 conjectus,
3853 4836 4003 4892 hanc

2360 4925 2683 4997 Epistolam
2716 4926 2945 4982 miserit
2974 4943 3039 4984 eo
3071 4932 3333 5000 tempore
3356 4944 3471 5000 quo
3489 4929 3560 4984 ad
3583 4926 4002 4994 Philemonem,

2358 5021 2416 5071 et
2446 5016 2515 5071 ad
2549 5015 2947 5080 Colossenses,
2995 5022 3053 5072 et
3083 5018 3154 5072 ad
3187 5016 3592 5090 Philippenses
3620 5016 3680 5071 in
3712 5015 3824 5071 alio
3878 5013 4003 5071 loco

2360 5107 2610 5179 scriptas
2644 5122 2771 5162 esse
2794 5106 3273 5162 monstravimus.
3296 5105 3399 5161 Vel
3429 5110 3582 5162 certe
3612 5105 3751 5179 quia
3778 5104 3838 5161 in
3868 5103 4005 5177 plu-

2358 5196 2521 5251 ribus
2572 5195 2711 5252 lecis
2762 5195 2976 5251 lectum
3009 5195 3162 5261 cst',
3211 5194 3512 5251 vinculum
3552 5196 3761 5252 anima
3791 5209 4005 5267 corpus

2355 5285 2466 5341 hoc
2514 5284 2649 5357 dici,
2701 5301 2815 5358 quo
2876 5284 3044 5357 quasi
3083 5284 3284 5341 clausa
3321 5288 3589 5341 teneatur
3629 5284 3690 5340 in
3744 5298 4001 5341 carcere:

2358 5448 2567 5519 prima,
2624 5402 2765 5518 q’uid
2826 5445 2971 5502 mihi
3021 5446 3353 5519 videretur:
3409 5446 3469 5503 in
3526 5446 3801 5519 secunda,
3861 5444 4003 5519 quid

2353 5516 2997 5591 Origenes—assereret:
3049 5518 3109 5574 in
3154 5518 3346 5583 tertia,
3407 5519 3549 5591 quid
3588 5516 4003 5591 Appolinarius

2353 5589 2557 5673 contra
2584 5589 2743 5673 illius
2773 5590 2989 5673 vadens
3018 5591 3271 5673 dogma,
3306 5589 3570 5673 sentiret.
3605 5589 3747 5673 Lege
3774 5593 4001 5673 Graecos

606 5664 631 5717 1
676 5664 957 5733 Apologia:
986 5670 1170 5721 totum
1203 5662 1389 5720 eludit
1444 5662 1760 5719 adversarii
1804 5663 2109 5735 impetum,
2142 5665 2242 5720 ubi
2349 5663 2835 5735 Commentarios,
2867 5666 2923 5718 et
2973 5662 3086 5719 nisi
3124 5662 3224 5718 'ita
3269 5663 3557 5735 repereris
3586 5662 3805 5720 crimen
3852 5662 4001 5718 fate-

604 5750 773 5806 suam
805 5735 1012 5806 cuique
1043 5738 1233 5793 reddit
1261 5737 1481 5793 auctori
1512 5735 1870 5792 doctrinam:
1902 5757 1923 5787 ι
1950 5736 2014 5790 Et
2036 5736 2093 5791 in
2112 5735 2239 5806 hoc,

603 5804 814 5878 inquit,
847 5804 1124 5880 et‘supra
1162 5808 1449 5883 triplicem
1498 5808 1919 5883 expositionem
1949 5807 2140 5882 posui.
2175 5804 2239 5865 In

2349 5734 2474 5793 bor.
