4332 6600
252 494 362 559 509

904 494 1422 560 COMMENTAR.
1469 496 1547 560 ΙΝ
1590 492 1844 558 EPIST.
1890 492 1994 557 AD
2038 493 2318 556 EPHES.
2365 495 2517 558 LIB.
2560 494 2640 558 Il.
2687 491 2857 558 CAP.
2904 491 3014 558 ῙῙῙ.

3535 480 3655 555 810

253 627 503 685 dicimus
532 631 835 702 propterea
860 628 1102 685 Paulum
1132 629 1391 702 corporis
1443 629 1686 685 nexibus
1727 646 1884 686 coer-
1914 629 1970 695 Α
2000 627 2419 699 gelium,cujus
2442 627 2629 683 factus
2654 643 2786 683 sum
2805 626 3073 683 mlnister
3090 624 3415 683 secundum
3430 625 3653 683 donum

255 719 387 788 ceri,
421 730 527 775 nec
560 719 762 774 reverti
808 722 865 773 et
920 735 1047 774 esse
1104 736 1237 774 cum
1268 719 1516 789 Christo,
1551 724 1617 775 ut
1647 719 1900 791 perfecta

250 806 307 864 in
339 812 541 881 gentes
595 824 698 879 per
727 824 861 863 eum
922 808 1257 880 praedicatio
1303 809 1682 880 compleatur.
1744 810 1901 864 Licet

258 897 490 969 quidam
552 896 730 952 alium
763 913 1002 953 sensum
1037 898 1097 952 in
1129 897 1237 954 hoc
1267 898 1642 953 introducunt
1669 899 1708 965 ί,
1743 897 1898 970 quod

249 985 462 1041 Paulus
518 986 990 1058 praedestinatus,
1045 991 1103 1042 et
1133 987 1557 1052 sanctiﬁcatus,
1611 1003 1678 1041 ex
1737 992 1898 1042 utero

258 1075 458 1130 matris
492 1091 616 1129 suae
638 1074 843 1143 (Galat.
876 1076 1113 1147 1,15),ad
1146 1075 1613 1148 praedicationem
1637 1075 1899 1146 gentium

257 1168 563 1233 antequam
594 1168 954 1235 nasceretur,
1015 1168 1217 1236 postea
1253 1164 1485 1221 vincula
1514 1165 1708 1220 carnis
1740 1180 1900 1219 acce-

253 1253 415 1325 perit.
450 1253 595 1309 Puto
652 1258 848 1309 autem
880 1254 1034 1326 quod
1066 1257 1122 1309 et
1148 1254 1357 1310 vitiosa
1386 1254 1445 1309 in
1496 1254 1604 1309 hoc
1632 1253 1759 1309 loco
1788 1253 1903 1309 elo-

251 1342 402 1399 cutio
435 1342 535 1398 sit.
571 1343 680 1399 Pro
713 1360 778 1399 eo
807 1343 965 1398 enim
999 1344 1153 1414 quod
1185 1344 1386 1398 debuit
1433 1342 1624 1397 dicere
1675 1362 1687 1399 :
1723 1343 1902 1413 hujus

251 1431 326 1487 rei
357 1431 570 1504 gratia,
631 1449 736 1503 ego
794 1431 1013 1487 Paulus
1070 1432 1298 1487 vinctus
1356 1432 1496 1488 Jesu
1554 1431 1763 1488 Christi
1798 1449 1901 1502 pro

250 1521 409 1577 vobis
438 1522 736 1595 gentibus,
769 1522 1011 1594 cognovi
1065 1520 1427 1594 mysterium,
1482 1521 1637 1576 sicut
1665 1525 1721 1576 et
1752 1538 1900 1592 prae-

248 1610 453 1683 scripsi
482 1610 543 1666 in
576 1610 826 1679 modico,
882 1614 1054 1683 prout
1102 1610 1345 1682 potestis
1395 1611 1653 1681 legentes
1684 1609 1900 1664 intelli-

248 1714 401 1771 gere,
437 1700 554 1755 ait:
589 1700 767 1771 hujus
799 1699 877 1754 rei
912 1698 1097 1772 gratia
1154 1716 1258 1771 ego
1303 1699 1521 1755 Paulus
1549 1700 1779 1754 vinctus
1812 1716 1900 1754 se-

248 1788 513 1843 cundum.
562 1786 997 1860 revelationem,
1055 1788 1355 1861 cognitum
1391 1789 1608 1843 factum
1639 1793 1728 1843 est
1758 1786 1902 1843 mihi

248 1877 615 1949 mysterium,
647 1881 703 1932 et
758 1877 1005 1950 reliqua.
1059 1880 1114 1933 Si
1147 1895 1282 1934 vero
1333 1878 1467 1950 quis
1499 1882 1690 1949 potest
1720 1878 1899 1932 etiam

239 1965 406 2036 juxta
469 1966 759 2022 sermonis
790 1972 845 2022 et
876 1967 1094 2040 eloquii
1125 1970 1460 2023 contextum
1492 1966 1715 2034 docere,
1749 1973 1899 2038 Apo-
1934 2002 1983 2068 B

248 2055 462 2111 stolum
524 2056 708 2111 fuisse
766 2057 1112 2128 perfectum,
1172 2061 1228 2111 et
1284 2057 1341 2110 in
1401 2056 1546 2111 artis
1575 2056 1905 2128 gramaticae

257 2144 393 2200 vitia
440 2162 555 2200 non
608 2145 948 2211 incurrisse,
981 2146 1079 2201 ille
1111 2146 1305 2217 potius
1338 2144 1767 2201 auscultandus
1798 2150 1903 2203 est.

260 2233 373 2290 Nos
430 2234 897 2306 quotiescunque
949 2235 1309 2291 soloecismos
1367 2235 1408 2302 ³,
1440 2240 1541 2289 aut
1596 2233 1711 2289 tale
1767 2236 1907 2305 quid

259 2323 811 2389 adnotavimus,non
842 2323 1186 2395 Apostolum
1219 2323 1622 2395 pulsamus,ut
1653 2323 1909 2379 malivoli

257 2412 775 2480 criminantur,sed
806 2412 997 2483 magis
1030 2412 1288 2484 Apostoli
1329 2416 1646 2468 assertores
1678 2430 1906 2484 sumus,

269 2501 421 2573 quod
455 2501 732 2556 Hebraeus
764 2518 831 2557 ex
859 2502 1117 2558 Hebraeis
1144 2504 1408 2573 (Philipp.
1433 2518 1517 2566 ιιι,
1552 2502 1664 2571 15),
1688 2502 1910 2575 absque

271 2589 540 2645 rhetorici
602 2590 791 2646 nitore
829 2592 1137 2660 sermonis,
1171 2596 1227 2647 et
1263 2592 1573 2646 verborum
1616 2592 1909 2663 composi-

256 2678 436 2745 tione,
490 2684 548 2735 et
601 2678 818 2752 eloquii
868 2685 1194 2747 venustate,
1248 2697 1549 2753 nunquam
1612 2681 1680 2736 ad
1732 2682 1905 2737 ﬁdem

253 2766 463 2822 Christi
496 2771 686 2823 totum
718 2769 1012 2825 mundum
1046 2770 1427 2826 transducere
1456 2768 1759 2837 valuisset,
1793 2771 1908 2825 nisi
1936 2790 1951 2801 ι·

252 2855 706 2929 evangelizasset
754 2875 887 2914 eum
942 2875 1056 2914 non
1090 2860 1151 2914 in
1182 2859 1472 2931 sapientia
1498 2860 1677 2927 verbi,
1713 2862 1814 2915 sed
1847 2860 1907 2915 in

250 2946 461 3002 virtute
490 2946 612 3002 Dei.
648 2948 793 3003 Nam
826 2952 884 3003 et
914 2949 1039 3021 ipse
1070 2948 1138 3004 ad
1173 2947 1506 3005 Corinthios
1557 2950 1640 3004 ait
1672 2966 1684 3004 :
1718 2951 1784 3004 Et
1812 2965 1909 3017 ego

250 3052 374 3091 cum
403 3037 668 3092 venissem
698 3038 767 3093 ad
796 3053 907 3105 vos,
937 3038 1158 3107 fratres,
1190 3040 1315 3093 veni
1342 3055 1455 3093 non
1505 3041 1563 3093 in
1604 3040 1909 3093 eminentia

249 3124 404 3180 verbi
462 3134 559 3180 aut
603 3128 897 3198 sapientia
926 3127 1079 3184 588
1112 3130 1455 3195 annuntians
1487 3129 1631 3183 vobis
1658 3129 1905 3182 testimo-

250 3215 409 3268 nium
433 3216 541 3270 Dei
579 3216 625 3284 (ι
653 3215 755 3271 Cor
785 3232 848 3283 ιι,
876 3218 898 3269 1
908 3216 1027 3284 ).Ρ]ῐ
1056 3232 1290 3272 rursum
1323 3233 1334 3272 :
1358 3219 1423 3272 Et
1452 3218 1674 3290 verbum
1702 3233 1906 3283 meum,

248 3311 302 3359 et
353 3303 679 3375 prcedicatio
734 3320 877 3375 mea,
904 3322 1017 3361 non
1051 3307 1110 3360 in
1162 3307 1426 3362 suasoriis
1469 3308 1757 3378 sapientiae
1784 3322 1906 3361 ver-

2008 716 2210 789 gratiaa
2240 716 2496 789 Dei,quae
2516 717 2653 771 data
2672 721 2763 772 est
2785 716 2928 771 mihi
2949 718 3115 787 juxta
3127 714 3526 789 operationem
3546 715 3654 770 vir-

2008 807 2153 863 tutis
2182 808 2367 877 ejus.»
2397 806 2738 877 Mysterium
2761 805 2975 863 Christi
3000 807 3155 877 quod
3183 823 3253 861 ex
3283 809 3445 878 parte
3475 821 3655 876 supra

2007 896 2319 967 Apostolus
2349 900 2658 952 exsecutus
2687 902 2798 962 est,
2831 896 3125 967 quomodo
3168 894 3299 950 aliis
3329 892 3654 963 generatio-

2014 986 2191 1041 nibus
2221 985 2396 1040 fuerit
2424 985 2714 1057 ignotum,
2739 985 2971 1056 plenius
3021 984 3456 1039 retractandum
3505 983 3656 1038 vide-

2010 1077 2148 1129 tur:
2185 1079 2462 1130 utrumne
2506 1073 2824 1144 Abraham,
2872 1074 3052 1130 Jacob
3102 1078 3160 1129 et
3190 1074 3438 1147 Moyses,
3471 1072 3655 1129 Isaias

2012 1168 2068 1217 et
2098 1164 2287 1219 caeteri
2321 1162 2614 1235 prophetis
2654 1162 2798 1218 illud
2838 1162 3249 1235 ignoraverint,
3283 1179 3357 1218 an
3389 1178 3503 1217 non
3534 1161 3562 1213 ‘?
3610 1164 3655 1216 A

2014 1253 2230 1324 quibus
2260 1269 2389 1309 esse
2420 1252 2762 1324 pradictum
2794 1253 3110 1307 adventum
3142 1251 3359 1308 Christi
3402 1254 3459 1307 et
3487 1267 3655 1307 voca-

2010 1342 2231 1397 tionem
2264 1341 2554 1406 Gentium,
2587 1341 2888 1413 Scriptura
2916 1339 3656 1397 commemorat.Abraham

2012 1432 2228 1503 quippe
2257 1431 2401 1486 vidit
2431 1431 2586 1486 diem
2618 1432 2767 1502 ejus,
2826 1435 2881 1487 et
2913 1430 3140 1486 laetatus
3187 1434 3276 1486 est
3312 1432 3501 1499 (Joan.
3532 1446 3656 1500 vm,

2010 1521 2126 1590 56),
2156 1525 2215 1575 et
2245 1520 2460 1576 dicitur
2498 1520 2548 1575 ei
2583 1521 3023 1577 :Benedicentur
3060 1521 3116 1575 in
3174 1522 3381 1577 semine
3429 1528 3519 1576 tuo
3548 1535 3659 1577 om-

2011 1627 2110 1666 nes
2136 1618 2315 1681 gentes
2347 1609 2499 1682 (Gen.
2532 1628 2666 1676 xxu,
2702 1611 2808 1681 18).
2838 1612 2907 1666 Et
2931 1610 3104 1666 Jacob
3135 1611 3206 1665 de
3237 1627 3302 1665 eo
3333 1610 3433 1681 qui
3460 1609 3658 1666 oriun-
3749 1600 3755 1609 “

2013 1699 2125 1755 dus
2156 1705 2311 1756 esset
2340 1717 2409 1755 ex
2437 1700 2592 1755 Juda
2623 1700 2958 1772 prephetice
2981 1698 3245 1770 loquitur
3274 1716 3286 1754 :
3325 1702 3389 1757 Et
3408 1701 3529 1769 ipse
3556 1701 3660 1756 erit

2012 1792 2343 1861 exspectatio
2373 1791 2610 1861 grctium
2641 1788 2796 1859 (Gen.
2845 1806 2996 1855 xmx,
3034 1789 3140 1861 18).
3175 1792 3399 1862 Moyses
3429 1792 3662 1861 quoque

2014 1880 2266 1950 majores
2324 1879 2556 1934 divitias
2626 1878 2851 1951 Egypti
2910 1878 3223 1946 thesauris,
3283 1878 3665 1951 opprobrium

2012 1967 2247 2023 Christi,
2296 1968 2619 2023 arbitratus
2683 1974 2773 2024 cst
2838 1966 3020 2039 (Hebr.
3089 1984 3166 2035 x1,
3225 1968 3338 2040 26).
3400 1968 3552 2025 589
3597 1967 3668 2024 Et

2019 2056 2245 2113 Isaias:
2292 2059 2440 2125 Ecce,
2482 2057 2695 2129 inquit,
2750 2060 2904 2127 virgo
2962 2059 3023 2113 in
3079 2060 3232 2115 utero
3288 2058 3578 2125 concipiet,
3617 2060 3668 2112 et

2016 2147 2196 2219 pariet
2251 2148 2382 2214 (Isa.
2417 2164 2516 2212 vn,
2578 2146 2687 2218 14).
2752 2146 2820 2201 Et
2866 2145 3006 2201 alibi
3039 2161 3052 2202 :
3085 2146 3207 2201 Erit
3234 2148 3393 2216 virga
3419 2147 3583 2216 Iesse,
3616 2149 3670 2201 et

2016 2237 2113 2309 qui
2141 2240 2323 2307 surget
2373 2236 2444 2291 ad
2487 2236 2833 2308 regnandum
2877 2236 3135 2306 gentibus
3161 2253 3183 2299 ;
3213 2238 3271 2291 in
3317 2237 3434 2305 ipso
3483 2238 3667 2307 gentes

2016 2326 2313 2396 sperabunt
2343 2325 2469 2395 (Isa.
2528 2342 2608 2396 χι,
2669 2326 2776 2396 10).
2828 2325 2896 2380 Et
2942 2342 3016 2380 ne
3053 2324 3293 2397 longum
3324 2325 3446 2392 ﬁat,
3479 2339 3668 2397 pauca

2018 2415 2090 2471 de
2119 2413 2371 2470 Psalmis
2403 2414 2619 2471 dixisse
2651 2414 2905 2471 sufﬁciat
2963 2432 2975 2471 :
3026 2415 3091 2470 Et
3117 2414 3421 2471 adorabunt
3450 2416 3511 2470 in
3538 2430 3667 2471 con-

2016 2507 2206 2576 spectu
2235 2505 2356 2577 ejus
2386 2520 2569 2561 omnes
2623 2505 2863 2577 familiae
2918 2505 3164 2573 gentium
3193 2504 3367 2576 (Psal.
3397 2520 3515 2571 χιι,
3553 2502 3668 2573 28).

2018 2596 2089 2648 Et
2118 2593 2330 2651 iterum
2392 2611 2405 2649 :
2469 2592 2665 2650 Omnes
2703 2597 2891 2664 gentes
2918 2595 3154 2650 servient
3183 2594 3237 2650 ei
3291 2593 3465 2665 (Psal.
3519 2609 3669 2659 Lxxr,

2018 2683 2127 2751 11).
2172 2683 2238 2738 Et
2267 2682 2457 2738 adhuc
2511 2683 2886 2738 manifestius
2933 2683 3004 2738 de
3035 2681 3249 2755 populo
3279 2681 3479 2749 Israel,
3514 2687 3572 2737 et
3599 2681 3669 2737 de

2018 2771 2264 2828 Domino
2294 2771 2587 2828 Salvatore
2620 2789 2632 2827 :
2672 2774 2855 2828 Visita
2910 2773 3127 2828 vineam
3170 2774 3362 2838 istam,
3393 2779 3446 2828 et
3472 2770 3671 2843 perﬁce

2016 2877 2135 2916 eam
2185 2878 2350 2933 quam
2396 2862 2675 2933 plantavit
2726 2861 2955 2917 dextera
3009 2864 3127 2928 tua,
3188 2863 3239 2916 et
3292 2876 3457 2931 super
3485 2859 3669 2930 ﬁlium

2016 2967 2177 3023 quem
2206 2952 2548 3021 conﬁrmasti
2576 2951 2677 3005 tibi
2705 2951 2880 3019 (Psal.
2914 2967 3101 3013 Lxx1x,
3161 2950 3249 3016 15,
3317 2950 3425 3017 16).
3486 2948 3670 3021 Cujus

2017 3039 2195 3096 etiam
2227 3038 2485 3111 corporis
2516 3040 2875 3110 dispensatio
2935 3039 2994 3094 in
3033 3038 3527 3111 consequentibus
3578 3038 3669 3094 in—

2018 3128 2249 3184 dicatur
2283 3147 2295 3185 :
2327 3131 2448 3184 Fiat
2475 3145 2673 3184 manus
2702 3137 2799 3184 tua
2853 3145 3016 3201 super
3042 3130 3224 3185 virum
3264 3129 3505 3186 dextera?
3533 3135 3667 3197 tuae,

2016 3226 2066 3272 et
2093 3234 2254 3289 super
2282 3218 2464 3287 ﬁlium
2496 3219 2734 3274 hominis
2789 3234 2949 3290 quem
2980 3219 3321 3288 conﬁrmasti
3368 3218 3470 3273 tibi
3497 3217 3666 3289 (Ibid.

2020 3307 2129 3376 18).
2185 3308 2301 3362 Aut
2355 3307 2536 3379 igitur
2575 3309 2745 3378 juxta
2801 3307 3165 3374 Montanum,
3218 3306 3579 3379 patriarchas
3613 3310 3671 3362 et

250 3393 355 3462 bis,
382 3393 473 3449 sed
528 3394 593 3448 in
650 3395 951 3449 ostensione
1003 3394 1232 3464 spiritus
1280 3403 1331 3449 et
1385 3398 1625 3465 virtutis,
1676 3404 1735 3451 ut
1773 3395 1904 3465 ﬁdes
1936 3379 1979 3447 C
2020 3395 2334 3467 prophetas
2378 3395 2435 3449 in
2491 3395 2700 3451 ecstasi
2749 3395 2976 3452 locutos
3025 3395 3451 3468 accipiendum,
3482 3399 3540 3450 et
3568 3411 3669 3451 ne-

247 3488 425 3538 vestra
455 3497 569 3537 non
597 3484 669 3537 sit
700 3484 760 3537 in
812 3483 1089 3553 sapientia
1146 3483 1450 3554 hominum,
1481 3485 1571 3539 sed
1609 3486 1669 3539 in
1700 3486 1910 3539 virtute
2018 3484 2201 3539 scisse
2234 3500 2359 3555 quae
2391 3484 2642 3540 dixerint
2677 3502 2690 3540 :
2724 3489 2826 3540 aut
2852 3485 2900 3540 si
2933 3484 3044 3540 hoc
3100 3484 3348 3568 impium
3381 3488 3471 3539 est
3499 3483 3668 3555 spiri-

244 3571 345 3628 Dei
384 3570 571 3642 (lbid.,
603 3571 657 3641 4,
689 3570 763 3641 5).
799 3570 912 3626 Iste
943 3570 1124 3644 igitur
1156 3572 1257 3644 qui
1290 3572 1652 3628 solmcismos
1698 3571 1756 3639 in
1788 3589 1910 3628 ver-

246 3660 342 3716 bis
374 3660 530 3728 facit,
566 3661 665 3732 qui
700 3676 813 3714 non
855 3664 1046 3733 potest
1094 3661 1454 3734 hyperbaton
1484 3661 1747 3728 reddere,
1776 3678 1907 3716 sen-

244 3750 614 3822 tentiamque
645 3749 1013 3816 concludere,
1048 3752 1325 3806 audacter
1354 3751 1467 3806 sibi
1517 3751 1773 3806 vindicat
1821 3768 1908 3807 sa-

243 3837 554 3912 pientiam,
586 3843 643 3894 et
671 3838 814 3894 dicit
845 3855 857 3895 :
895 3840 1163 3908 Quoniam
1192 3842 1491 3896 secundum
1521 3842 1910 3897 revelationem

241 3929 528 3997 cognitum
558 3934 643 3983 est
692 3928 837 3983 mihi
891 3931 1242 4000 mysterium,
1293 3933 1433 3985 sicut
1482 3931 1796 4002 prmscripsi
1850 3933 1909 3985 in

239 4018 475 4073 modico.
510 4017 660 4073 Vere
693 4018 852 4074 enim
876 4018 925 4073 si
958 4018 1091 4091 quis
1117 4021 1421 4091 superiora
1441 4020 1621 4089 hujus
1650 4019 1908 4091 epistolae

243 4106 698 4179 contempletur,
729 4107 949 4163 videbit
968 4108 1020 4164 ei
1050 4107 1304 4165 revelata
1325 4109 1622 4182 mysteria,
1656 4126 1906 4181 quorum

238 4199 477 4268 partem
506 4197 827 4267 quamdam
862 4197 1155 4253 modicam
1189 4214 1294 4253 suo
1325 4214 1595 4254 sermone
1625 4198 1908 4269 perstrin-

237 4284 335 4341 xit
368 4299 483 4339 non
517 4288 636 4340 tam
688 4290 874 4342 totum
910 4288 1066 4359 quod
1100 4292 1339 4343 noverat
1370 4287 1697 4359 proferens,
1732 4304 1908 4359 quam

246 4371 573 4428 ostendens
605 4387 673 4428 ex
704 4375 932 4431 modico
965 4374 1102 4446 quid
1137 4377 1373 4429 taceret.
1435 4373 1613 4429 Prout
1642 4375 1908 4445 potestis,

233 4460 434 4532 inquit
489 4460 746 4534 legentes
807 4462 1142 4535 intelligere
1214 4479 1455 4518 sensum
1516 4478 1735 4534 meum,
1791 4464 1912 4519 sive

241 4549 609 4621 sapientiam
639 4552 699 4606 in
734 4552 1010 4625 mysterio
1040 4550 1277 4608 Christi.
1313 4552 1430 4607 Hoc
1460 4556 1549 4606 est
1578 4550 1723 4606 illud
1756 4553 1907 4623 quod

234 4638 303 4694 in
336 4640 678 4711 praefatione
718 4640 979 4698 diximus
1012 4660 1023 4697 :
1059 4640 1284 4697 nullam
1320 4640 1712 4713 Epistolarum
1748 4638 1910 4695 Pauli

236 4728 413 4782 tanta
469 4727 686 4785 habere
742 4729 1053 4802 mysteria,
1095 4735 1217 4785 tam
1259 4728 1573 4786 reconditis
1640 4729 1911 4784 sensibus

240 4814 600 4885 involutam,
661 4835 810 4890 quos
868 4824 926 4876 et
973 4818 1286 4892 Apostolus
1317 4835 1490 4875 nosse
1517 4834 1577 4874 se
1608 4818 1911 4903 gloriatur,

234 4908 300 4960 et
331 4906 507 4963 nobis
538 4907 835 4964 indicatos
877 4908 1130 4965 breviter
1185 4909 1459 4977 ostendit,
1514 4912 1579 4963 ut
1634 4908 1913 4964 attentius

235 5010 379 5067 quae
413 5001 552 5053 sunt
583 4996 825 5069 scripta,
859 4996 1213 5070 relegamus.

313 5084 505 5156 (Vers.
537 5086 573 5140 5
607 5087 799 5159 seqq.)
833 5110 861 5137 «
895 5088 966 5143 Et
997 5086 1103 5160 [ΑΙ.
1138 5088 1321 5160 quod]
1358 5086 1490 5143 aliis
1522 5087 1910 5160 generationi-

233 5171 362 5230 bus
423 5189 540 5229 non
575 5174 685 5231 fuit
740 5181 946 5233 notum
1008 5176 1145 5233 ﬁliis
1202 5177 1533 5245 hominum,
1573 5177 1725 5233 sicut
1753 5193 1911 5231 nunc

239 5260 576 5318 revelatum
611 5268 702 5321 est
730 5266 950 5323 sanctis
971 5267 1100 5338 ejus
1132 5265 1415 5339 apostolis
1446 5272 1504 5323 et
1530 5266 1830 5339 prophetis
1851 5266 1911 5320 in

200 5350 484 5422 .Spiritu,
518 5367 648 5408 esse
677 5359 883 5425 gentes
917 5354 1272 5422 coheeredes,
1332 5359 1389 5409 et
1446 5352 1907 5426 concurporales,

224 5443 292 5496 et
326 5440 777 5515 comparticipes
808 5441 1304 5515 promissionisin
1338 5442 1569 5499 Christo
1594 5458 1698 5515 per
1724 5442 1908 5497 Evan-

312 5622 330 5656 ί
364 5624 549 5677 Penes
581 5621 885 5690 Ruﬁnum,
921 5624 979 5677 in
1012 5623 1109 5678 hoc
1140 5624 1251 5680 loco
1281 5624 1622 5683 introducat.

308 5690 332 5726 ²
361 5693 725 5769 conferenda
756 5693 1005 5769 epistola
1044 5695 1147 5769 120
1177 5696 1259 5769 ad
1316 5695 1647 5769 Hedibiam,
1700 5701 1906 5769 quaest.

228 5762 334 5829 11,
367 5768 427 5841 et
457 5781 585 5839 qua:
618 5762 1007 5841 subsequitur
1048 5766 1452 5841 rad‘gtlgasiam
1485 5773 1694 5841 quaest.
1716 5762 1815 5841 '10,
1852 5774 1909 5824 et.

229 5814 426 5907 paulo
446 5814 1790 5914 s‘ui3ri6§"c'3£{&{ént3}ii'iii'caﬁié‘s'ivj'sif
1800 5814 1907 5899 i161

1943 4750 1988 4817 D

2017 3574 2113 3626 tus
2170 3570 2387 3642 quippe
2445 3571 2863 3642 prophetarum
2898 3570 3195 3643 prophetis
3224 3571 3527 3641 subjectus
3557 3571 3668 3642 est)

2015 3658 2425 3714 intellexerunt
2473 3659 2675 3731 utique
2737 3677 2865 3732 quae
2896 3659 3075 3716 locuti
3116 3662 3275 3717 sunt.
3320 3660 3387 3714 Et
3416 3658 3464 3714 si
3494 3658 3665 3715 intel-

2019 3747 2303 3819 lexerunt,
2356 3748 2620 3820 queritur
2689 3750 2981 3821 quomodo
3030 3764 3186 3805 nunc
3235 3748 3452 3806 Paulus
3490 3749 3667 3816 dicat,

2019 3838 2176 3910 quod
2207 3838 2338 3893 aliis
2369 3839 2845 3910 generationibus
2875 3856 2987 3895 non
3046 3839 3157 3895 fuit
3207 3843 3433 3906 notum,
3487 3838 3670 3895 fuisse

2018 3927 2232 3982 Christi
2291 3927 2573 3999 apostolis
2631 3927 2969 3984 revelatum.
3027 3930 3141 3985 Aut
3171 3928 3353 4002 igitur
3399 3926 3542 3983 illud
3579 3932 3670 3983 est

2018 4010 2518 4086 respondendum,
2583 4017 2738 4087 quod
2779 4020 2948 4073 caute
2977 4016 3196 4072 Paulus
3254 4016 3667 4088 signanterque

2016 4108 2267 4177 testatus
2300 4104 2395 4173 sit,
2429 4105 2566 4158 ﬁliis
2598 4105 2904 4159 hominum
2938 4104 3203 4177 ignotum
3238 4104 3418 4161 fuisse
3449 4110 3664 4177 myste-

2018 4193 2192 4260 rium,
2228 4209 2344 4249 non
2376 4191 2514 4248 filiis
2546 4193 2664 4261 Dei,
2697 4193 2768 4248 ad
2803 4210 2951 4265 quos
3006 4193 3267 4265 loquitur
3298 4210 3311 4249 :
3345 4195 3453 4264 Ego
3484 4192 3612 4248 dixi
3646 4210 3665 4247 .'

2022 4283 2111 4337 Dii
2163 4282 2313 4345 estis,
2373 4291 2422 4337 et
2479 4284 2592 4353 ﬁli
2653 4283 2886 4337 Excelsi
2940 4299 3128 4338 omnes
3159 4283 3337 4354 (Psal.
3366 4299 3551 4350 LXXXI,
3584 4282 3662 4352 6).

2020 4371 2180 4438 Quod
2214 4370 2434 4427 scilicet
2454 4372 2513 4426 hi
2548 4373 2646 4443 qui
2671 4371 2940 4444 spiritum
2966 4372 3296 4445 adoptionis
3318 4371 3665 4444 acceperint,

2020 4461 2091 4515 de
2122 4459 2340 4531 quibus
2387 4460 2753 4533 patriarchae,
2804 4466 2863 4517 et
2919 4460 3212 4534 propheta:
3271 4461 3507 4530 fuerint,
3567 4459 3668 4517 Dei

2021 4548 2263 4605 scierint
2293 4556 2752 4606 sacramentum.
2788 4555 2905 4606 Aut
2936 4551 2984 4606 si
3014 4550 3125 4607 hoc
3156 4567 3270 4606 non
3302 4550 3601 4623 recipitur,
3617 4554 3675 4607 et

2021 4638 2271 4694 nimium
2294 4639 2612 4695 violentum
2643 4644 2701 4695 et
2727 4645 2995 4696 coactum
3026 4640 3276 4709 videtur,
3311 4640 3452 4697 illuc
3480 4656 3673 4697 sermo

2021 4727 2316 4799 transibit,
2353 4733 2416 4783 ut
2446 4729 2602 4783 dicat
2658 4746 2772 4784 non
2830 4730 3069 4786 deﬁnite
3100 4734 3155 4786 et
3203 4729 3552 4803 generaliter
3580 4730 3674 4785 di-

2022 4816 2180 4871 xisse
2209 4817 2455 4873 Paulum
2485 4816 2616 4872 aliis
2672 4818 3150 4890 generationibus
3177 4820 3445 4891 ignotum
3494 4819 3676 4877 fuisse

2022 4905 2263 4961 omnino
2322 4906 2549 4961 Domini
2613 4914 3047 4963 sacramentum
3086 4925 3098 4963 :
3132 4911 3233 4964 sed
3266 4910 3349 4966 sic
3379 4910 3674 4983 quomodo

2022 5011 2179 5052 nunc
2213 4994 2533 5052 revelatum
2598 5001 2685 5051 est
2714 4998 2934 5053 sanctis
2993 4999 3123 5070 ejus
3153 5004 3210 5055 et
3238 4998 3541 5072 apostolis,
3573 5015 3672 5055 ne-

2021 5083 2203 5141 scisse
2231 5084 2595 5156 putriarchas
2624 5091 2870 5154 veteres,
2902 5091 2958 5143 et
2986 5088 3319 5161 prophetas.
3380 5089 3554 5144 Aliud
3585 5092 3674 5144 est

2019 5172 2174 5230 enim
2231 5173 2290 5229 in
2324 5174 2531 5247 spiritu
2563 5180 2805 5231 ventura
2864 5192 3233 5250 cognoscere,
3265 5177 3422 5234 aliud
3454 5195 3521 5234 ea
3550 5192 3671 5233 cer-

2020 5279 2157 5319 nere
2188 5280 2359 5336 opere
2389 5265 2699 5337 completa.
2761 5266 2924 5322 Unde
2977 5272 3036 5324 et
3084 5267 3338 5325 Joannes
3368 5258 3673 5340 propterea

2018 5353 2208 5425 major
2264 5353 2567 5427 prophetis
2626 5356 2904 5411 omnibus
2961 5356 3177 5413 dicitur
3204 5362 3358 5426 (Luc.
3390 5373 3490 5417 vn.
3521 5357 3611 5425 28)
3655 5372 3666 5410 :

2019 5442 2159 5513 quia
2217 5458 2392 5514 quem
2447 5442 2638 5500 caeteri
2697 5444 3144 5518 prophetarunt,
3204 5444 3329 5518 ipse
3356 5460 3671 5516 conspexe-

2018 5623 2295 5697 t‘eren’dus
2327 5623 2453 5697 huc
2473 5640 2705 5697 quoque
2736 5630 2827 5682 est
2854 5625 3307 5697 Chrysostomus
3337 5623 3581 5682 homil.3
3610 5626 3667 5681 in

2020 5697 2048 5777 I
2077 5695 2306 5777 adCor.
2344 5695 2782 5777 :AThe‘odoritus
2835 5696 2899 5753 de
2944 5698 3204 5751 curandis
3237 5695 3551 5755 Graecorum
3586 5700 3671 5777 af-

2023 5767 2248 5825 fectibus
2290 5767 2465 5827 scrm.
2500 5771 2531 5823 8
2563 5774 2670 5829 etc.
