4332 6574
2033 347 2071 372 ς

691 440 803 505 511

1954 449 2021 513 8.
2067 447 2381 515 EUSEBII
2424 446 2871 513 HIEBONYMI

3984 448 4098 513 ω

694 574 791 641 rit,
826 578 885 632 et
912 574 1098 651 digito
1155 576 1592 653 demonstrarit,
1650 581 1852 640 dicens
1902 599 1915 638 :
1965 585 2096 641 Ecce
2149 590 2344 657 Agnus
2373 584 2429 649 Α
2458 580 2814 655 praedicandi
2836 580 3158 638 necessitas
3187 578 3603 637 imcumbebat.
3639 578 3789 638 ὅθι
3824 579 3986 647 Quod
4015 586 4103 640 est

694 665 841 727 Dei:
871 681 991 721 ecce
1028 668 1125 739 qui
1183 668 1327 725 tollit
1376 679 1598 741 peccata
1662 673 1857 728 mundi
1914 673 2094 744 (Joan.
2143 693 2181 742 1,
2232 677 2345 745 29).

699 752 876 811 Juxta
905 772 1078 827 quem
1111 772 1352 814 sensum
1398 764 1455 815 et
1483 759 1625 816 illud
1657 762 1864 833 exponi
1897 768 2089 834 potest
2121 781 2133 818 :
2179 766 2351 820 Multi

694 844 978 916 prephetae
1034 856 1088 901 et
1132 848 1283 918 justi
1336 852 1625 921 cupierunt
1683 852 1861 908 videre
1897 868 2020 924 quae
2048 854 2261 922 videtis,
2296 864 2350 911 et

698 949 811 989 non
840 934 1113 1007 viderunt,
1173 942 1226 992 et
1275 938 1474 994 audire
1528 956 1646 1010 qua).
1677 941 1903 1008 auditis,
1935 947 1987 997 et
2014 960 2131 998 non
2159 945 2348 1000 audie-

699 1031 832 1079 runt
858 1025 1010 1096 (Luc.
1068 1042 1103 1081 x
1158 1028 1269 1092 24).
1323 1028 1450 1082 Haec
1482 1029 1682 1100 utique
1711 1030 1904 1086 videre
1934 1036 1987 1086 et
2017 1033 2217 1089 audire
2247 1050 2347 1089 cu-

702 1111 959 1184 piebant,
993 1130 1123 1184 quae
1162 1116 1358 1170 futura
1414 1124 1820 1188 cognoverant.
1854 1120 2017 1183 Quod
2049 1120 2097 1175 si
2128 1122 2347 1177 nescie-

701 1200 846 1257 bant
874 1207 1136 1265 ventura,
1181 1205 1469 1271 quomodo
1515 1206 1847 1263 desiderare
1895 1214 2185 1281 poterant,
2221 1229 2347 1282 quae

703 1288 939 1361 penitus
968 1290 1365 1361 ignorabant?
1395 1293 1669 1364 Legimus
1702 1296 1760 1351 in
1794 1296 2128 1369 Regnorum
2158 1300 2346 1371 libris,

702 1376 1017 1433 Dominum
1049 1380 1204 1437 590
1235 1380 1531 1439 Salomoni
1572 1384 1631 1440 in
1690 1386 1923 1442 somnia
1980 1387 2348 1459 pollicentem

696 1470 881 1536 atque
946 1467 1233 1524 dicentem
1302 1488 1315 1525 :
1384 1477 1495 1528 Pro
1552 1488 1611 1528 eo
1639 1473 1780 1544 quod
1807 1477 2075 1546 petiistia.
2116 1494 2351 1533 meverv

704 1553 831 1610 bum
884 1557 1046 1624 istud,
1110 1562 1161 1614 et
1216 1575 1327 1615 non
1376 1563 1597 1632 petiisti
1652 1564 1754 1618 tibi
1814 1563 1930 1620 dies
1995 1567 2215 1637 multos,
2251 1583 2353 1623 nec

695 1646 985 1718 postulasti
1029 1646 1277 1715 divitias,
1322 1665 1424 1705 nec
1479 1653 1697 1708 animas
1726 1653 2081 1710 inimicorum
2110 1664 2349 1723 tuorum,

701 1733 785 1790 sal
808 1736 1002 1807 petisti
1056 1744 1117 1791 ut
1161 1738 1495 1807 intelligeres
1542 1749 1592 1795 et
1637 1740 1861 1797 audires
1880 1743 2159 1815 judicium
2191 1762 2203 1800 :
2236 1761 2352 1802 ecce

699 1823 811 1895 feci
836 1824 1064 1880 verbum
1092 1828 1251 1881 tuum
1284 1830 1378 1893 ‘,et
1429 1828 1553 1884 dedi
1582 1830 1683 1885 tibi
1709 1847 1806 1887 cor
1851 1832 2101 1903 prudens
2157 1837 2205 1889 et
2260 1851 2352 1889 sa-

698 1912 859 1984 piens
884 1914 1032 1970 sicut
1058 1921 1115 1970 tu
1142 1914 1249 1985 (Al.
1307 1918 1411 1983 tui)
1466 1933 1575 1974 non
1627 1918 1747 1992 fuit
1793 1928 1920 1976 ante
1965 1926 2038 1991 te,
2069 1930 2120 1977 et
2148 1929 2271 1991 post
2301 1927 2353 1979 te
2382 1951 2430 2021 Β

694 2017 814 2057 non
869 2007 1053 2073 surget
1107 2006 1308 2060 similis
1362 2006 1466 2061 tibi
1522 2008 1620 2080 (III
1670 2010 1794 2079 Reg.
1849 2026 1933 2076 ιιι,
1996 2011 2082 2079 11,
2146 2014 2250 2082 12).
2287 2012 2353 2067 Et

701 2092 996 2163 quomodo
1013 2092 1254 2163 quidam
1278 2098 1485 2165 putant
1503 2096 1781 2167 apostolis
1804 2097 2015 2154 Christi
2034 2099 2351 2156 revelatum

700 2195 829 2236 esse
858 2182 1226 2253 mysterium,
1286 2184 1440 2255 quod
1472 2184 1741 2257 ignotum
1805 2187 1977 2243 fuerit
2034 2188 2353 2258 Salomoni,

703 2285 837 2325 cum
870 2270 1149 2342 apostolis
1180 2274 1455 2329 omnibus
1506 2274 1919 2347 sapientiorem
1975 2277 2156 2333 fuisse
2195 2278 2353 2335 Salo-

704 2374 962 2426 moncm,
1022 2362 1078 2415 et
1135 2365 1286 2417 retro
1339 2362 1690 2433 patriarchis
1719 2380 1827 2419 vox
1868 2365 2065 2421 divina
2097 2366 2357 2438 pollicita

706 2443 832 2500 sit?
861 2446 961 2517 qui
991 2447 1062 2503 de
1093 2464 1155 2504 se
1186 2466 1420 2523 quoque
1473 2450 1598 2522 ipse
1626 2452 1892 2524 loquitur
1926 2454 2287 2513 conﬁdenter
2336 2473 2350 2511 :

705 2535 846 2591 Deus
884 2535 1068 2592 docuit
1119 2555 1207 2593 me
1252 2541 1603 2610 sapientiam,
1658 2542 1996 2600 intellectum
2045 2554 2358 2601 sanctorum

702 2626 933 2695 cognovi
958 2625 1107 2699 (Sap.
1140 2644 1237 2698 vn,
1271 2629 1382 2700 22),
1420 2628 1656 2686 Necnon
1688 2634 1746 2686 et
1806 2632 1981 2687 David
2010 2633 2081 2689 de
2112 2634 2359 2693 scientia

706 2713 916 2771 occulti
949 2716 1211 2788 mysterii
1242 2716 1753 2790 gloriatur,dicens
1783 2736 1795 2775 :
1828 2723 2041 2778 Incerta
2072 2727 2121 2777 el
2150 2724 2359 2780 occulta

711 2805 1002 2877 sapientiae
1026 2810 1133 2862 tua:
1163 2808 1531 2879 manifestasti
1558 2809 1699 2864 mihi
1728 2811 1898 2872 (Psal.
1958 2830 2007 2866 ι.
2066 2812 2144 2883 8).
2191 2814 2257 2868 Et
2286 2813 2357 2870 ad

698 2907 840 2949 eum
872 2892 973 2965 qui
1005 2894 1115 2950 sibi
1163 2896 1235 2951 de
1290 2896 1579 2970 sapientia
1608 2898 2057 2969 supplaudebat,
2096 2905 2245 2957 Deus
2275 2900 2356 2956 lo-

709 2980 911 3053 quitur
939 2998 1043 3052 per
1090 2983 1433 3055 prophetam
1469 3000 1481 3040 :
1513 2986 1790 3059 Numquid
1843 2996 1903 3042 tu
1957 2990 2259 3060 sapientior
2306 3005 2360 3045 es

711 3071 942 3126 Daniele
971 3071 1185 3141 (Ezech.
1218 3089 1415 3127 xxvm.
1465 3074 1520 3145 3)
1549 3075 1576 3128 ?
1624 3079 1739 3131 Aut
1785 3074 1881 3131 ille
1929 3076 2108 3149 igitur
2144 3078 2213 3134 de
2245 3095 2359 3151 quo

708 3159 836 3231 jam
896 3176 1078 3231 supra
1105 3159 1517 3230 disseruimus,
1546 3164 1834 3220 tenendus
1881 3170 1970 3221 est
2018 3182 2248 3235 sensus,
2282 3167 2362 3223 ita

709 3248 1078 3321 patriarchas
1108 3254 1167 3305 et
1223 3251 1556 3324 prophetas,
1586 3259 1651 3309 ut
1706 3271 1862 3311 nunc
1896 3256 2174 3328 apostolis
2205 3274 2359 3313 reve-

2456 676 2650 727 autem
2684 671 2791 726 hoc
2851 670 3216 743 mysterium,
3251 670 3427 742 quod,
3461 669 3615 724 sicut
3641 684 3820 736 nunc,
3852 667 3985 725 aliis
4010 685 4102 741 ge-

2456 761 2860 817 nerationibus
2916 778 3033 816 non
3089 759 3199 815 fuit
3255 759 3573 815 revelatum
3612 758 3640 812 ?
3694 757 3905 829 Utique
3961 757 4099 816 illud

2456 852 2612 923 quod
2648 851 2935 921 sequitur,
2968 866 3080 905 esse
3109 854 3293 919 gentes
3322 848 3647 912 cohaeredes,
3677 849 4096 919 concorporaies,

2456 949 2509 996 et
2564 942 2983 1011 comparticipes
3027 941 3411 1010 promissionis
3467 940 3527 991 in
3587 937 3799 992 Christo
3854 938 3977 993 Jesu
4008 953 4104 1009 per

2458 1030 2844 1099 Evangelium,
2879 1029 3050 1099 cujus
3084 1028 3272 1083 tactus
3301 1032 3391 1083 est
3427 1026 3644 1082 Paulus
3695 1025 3986 1093 minister,
4015 1042 4099 1082 se-

2460 1118 2721 1173 cundum
2752 1118 2974 1173 donum
3006 1118 3205 1189 gratiae
3237 1116 3361 1185 Dei,
3410 1132 3537 1187 quae.
3580 1116 3719 1171 data
3748 1120 3839 1170 est
3865 1115 3915 1169 ei
3939 1116 4104 1185 juxta

2460 1207 2860 1279 operationem
2909 1206 3140 1262 virtutis
3189 1206 3340 1274 ejus.
3387 1206 3516 1260 Scio
3563 1205 3623 1259 in
3679 1203 4101 1277 ap'positionem

2458 1296 2887 1367 conjunctionis
2932 1295 3081 1366 ejus,
3133 1312 3236 1366 per
3281 1310 3460 1365 quam
3492 1293 3728 1363 dicitur,
3784 1292 4103 1362 coheredes,

2457 1386 2885 1455 eoncorporates,
2932 1391 2985 1439 et
3038 1385 3470 1455 comparticipes,
3530 1382 3865 1438 indecorem
3921 1382 4103 1438 facere

2458 1473 2518 1530 in
2548 1473 2752 1529 Latino
2808 1488 3080 1528 sermone
3110 1472 3482 1527 sententiam.
3514 1472 3623 1528 Sed
3652 1472 3792 1542 quia
3820 1471 3903 1526 ita
3929 1470 4101 1527 habe-

2458 1567 2556 1619 tur
2585 1563 2643 1619 in
2674 1566 2890 1625 Graeco,
2922 1566 2979 1617 et
3008 1560 3229 1633 singuli
3265 1577 3590 1628 sermones,
3611 1559 3867 1633 syllabas,
3896 1561 4108 1632 apices,

2461 1657 2696 1725 puncta,
2730 1652 2788 1707 in
2822 1650 3035 1707 divinis
3066 1650 3383 1723 Scripturis
3415 1649 3589 1722 plena
3617 1654 3756 1706 sunt
3786 1649 4061 1706 sensibus
4087 1666 4105 1705 :

2461 1747 2767 1814 propterca
2797 1740 2985 1812 magis
3015 1739 3284 1795 Volumus
3315 1739 3375 1796 in
3407 1739 3830 1811 compositione
3852 1742 4108 1795 structu-

2460 1848 2642 1903 raque
2708 1830 3038 1896 verborum,
3099 1846 3277 1901 quam
3349 1827 3734 1902 intelligentia
3772 1827 4103 1899 periclitari.

2460 1920 2673 1976 Gentes
2722 1919 2903 1991 igitur
2940 1918 3268 1974 coheredes
3310 1922 3453 1974 sunt
3495 1917 3716 1984 lsraeli,
3766 1917 3906 1984 sive,
3958 1916 4112 1989 quod

2465 2008 2681 2065 melius
2729 2008 3108 2075 arbitramur,
3178 2006 3410 2064 Christo
3467 2005 3796 2062 coheredes
3833 2011 3998 2072 sunt,
4054 2009 4115 2060 ut

2466 2096 2774 2153 baereditas
2823 2100 3025 2152 nostra
3056 2101 3206 2152 Deus
3260 2094 3354 2162 sit,
3404 2098 3461 2151 et
3515 2094 3847 2151 coheredes
3875 2094 4112 2150 Christi.

2465 2186 2627 2250 Quod
2661 2190 2716 2241 et
2746 2185 2806 2241 in
2857 2183 2971 2241 alio
3022 2183 3147 2240 loco
3201 2183 3487 2256 scriptum
3539 2191 3648 2240 est.
3690 2183 3949 2241 Haeredes
3994 2184 4111 2251 Dei,

2464 2274 2769 2331 oohaeredes
2799 2282 2980 2329 autem
3036 2273 3241 2329 Christi
3296 2274 3472 2344 (Rom.
3505 2290 3628 2343 VIII,
3662 2273 3771 2343 17).
3803 2273 3929 2329 Non
3961 2272 4115 2344 quod

2466 2363 2663 2435 aliqua
2706 2363 2859 2418 inter
2914 2380 3020 2419 nos
3079 2362 3371 2435 possessio
3427 2362 3758 2432 dividatur;
3798 2362 3902 2418 sed
3959 2361 4115 2434 quod

2466 2453 2592 2526 ipse
2623 2452 2910 2510 Dominus
2942 2452 3017 2510 sit
3039 2451 3345 2509 hereditas
3372 2456 3572 2507 nostra
3594 2455 3768 2523 atque
3794 2452 4117 2522 possessio.

2466 2545 2733 2601 Dominus
2772 2542 3009 2613 quippe,
3052 2545 3153 2608 ait,
3194 2540 3489 2598 haereditas
3548 2545 3726 2597 vestra
3788 2549 3865 2596 est
3930 2542 4115 2611 (Deut.

2422 2668 2427 2673 ο
2468 2648 2628 2689 xvm.
2660 2633 2753 2703 2);
2787 2635 2845 2687 et
2874 2630 3012 2687 alibi
3047 2648 3059 2688 :
3091 2630 3354 2688 Dominus
3383 2647 3512 2702 pars
3568 2647 3710 2699 mea,
3743 2633 3793 2686 et
3822 2630 4120 2686 hereditas

2468 2739 2593 2778 mea
2650 2721 2820 2791 (Psal.
2880 2736 2972 2790 xv,
3042 2720 3118 2790 5).
3185 2718 3637 2791 Concorporales
3711 2723 3907 2776 autem
3975 2718 4121 2775 illud

2470 2810 2785 2882 signiﬁcat,
2816 2813 2880 2865 ut
2910 2807 3412 2881 quemadmodum
3444 2809 3503 2865 in
3536 2825 3653 2865 uno
3680 2825 3922 2881 corpore
3950 2808 4125 2881 plura

2471 2904 2612 2956 sunt
2640 2897 2906 2955 membra
2931 2915 2953 2961 ;
2983 2897 3141 2953 verbi
3175 2913 3377 2966 causa,
3433 2895 3609 2971 oculi,
3666 2913 3902 2965 manus,
3950 2911 4126 2954 aures

2471 2988 2670 3060 pedes,
2697 2992 2919 3053 venter,
2950 2991 3007 3043 et
3044 3002 3236 3059 genua
3267 3004 3281 3042 :
3314 2991 3371 3043 et
3427 3003 3562 3043 cum
3616 2986 3676 3042 in
3706 3004 3822 3043 uno
3853 2986 3977 3043 sint
4008 3002 4129 3043 cor-

2471 3094 2629 3150 pore,
2663 3076 2919 3133 habeant
2950 3075 3307 3133 ditl‘erentias
3347 3092 3510 3144 suas,
3563 3079 3620 3133 et
3648 3092 3751 3148 pro
3782 3091 3844 3131 se
3872 3075 4125 3131 invicem

2471 3167 2761 3233 laetentur,
2794 3169 2851 3222 et
2898 3163 3134 3221 doleant
3188 3182 3201 3221 :
3254 3164 3358 3233 sic,
3414 3164 3555 3221 licet
3581 3165 3843 3221 diversas
3870 3164 4130 3223 habeant

2475 3255 2714 3329 gratias,
2742 3254 2803 3311 hi
2826 3253 2925 3326 qui
2954 3253 3013 3310 in
3046 3252 3278 3310 Christo
3332 3252 3648 3321 credidere,
3688 3254 3749 3310 in
3779 3269 3896 3311 uno
3924 3257 4126 3310 tamen

709 3337 897 3395 latum
929 3342 1039 3410 est,
1062 3322 1272 3396 Christi
1304 3322 1603 3414 ignorasse
1637 3322 2002 3417 mysterium,
2034 3347 2171 3417 quia
2200 3346 2360 3404 aliud
2389 3322 2435 3391 (ἶ
2474 3322 2595 3401 sint
2625 3322 2889 3400 Ecclesiae
2923 3359 3163 3414 corpore
3218 3342 3570 3415 conglobati.
3612 3344 3683 3399 Et
3709 3342 3769 3399 in
3800 3340 4126 3414 superiori-

711 3428 788 3484 sit
829 3431 1025 3484 tenere
1056 3429 1198 3501 quid
1244 3431 1540 3500 manibus,
1572 3431 1727 3488 aliud
1762 3434 2026 3491 futurum
2056 3434 2115 3490 in
2148 3436 2359 3508 spiritu

711 3517 1043 3591 praevidere,
1094 3524 1212 3573 Aut
1240 3520 1574 3593 dicendum,
1636 3524 1931 3594 quomodo
1972 3541 2088 3580 non
2120 3529 2259 3581 sunt
2288 3524 2363 3581 si-

708 3606 880 3671 miles
911 3608 1089 3665 facies
1120 3608 1401 3676 faciebas,
1435 3610 1518 3666 sic
1549 3626 1654 3667 nec
1686 3614 1859 3669 corda
1889 3630 2018 3669 esse
2045 3613 2357 3681 cordibus;

712 3700 769 3751 et
815 3696 987 3766 juxta
1052 3697 1420 3769 Apostolum,
1489 3699 1718 3755 diversa
1783 3716 1911 3755 esse
1980 3701 2359 3769 charismata,

711 3783 895 3841 alium
925 3784 1139 3841 habere
1165 3786 1737 3859 prophetiam,alium
1757 3805 1971 3860 genera
2002 3788 2363 3861 linguarum,

713 3872 895 3928 alium
962 3873 1115 3929 dona
1171 3874 1561 3945 curationum,
1625 3874 1805 3932 alium
1855 3875 2269 3948 opitulationes
2308 3882 2365 3934 et

708 3962 1188 4035 .gubernationes,
1223 3961 1386 4019 illum
1411 3980 1538 4020 esse
1579 3964 2087 4037 sapientem,hunc
2109 3966 2360 4038 fidelem,

714 4051 894 4109 istum
925 4052 1142 4125 pollere
1172 4052 1418 4110 scientia
1471 4059 1851 4123 secretorum,
1910 4054 2075 4111 illum
2109 4054 2364 4127 simplici

715 4146 947 4199 tantum
1007 4143 1122 4199 ﬁde
1178 4160 1305 4199 esse
1357 4148 1699 4201 contentum
1758 4144 1810 4217 (1
1850 4148 1971 4201 Cor.
2030 4161 2130 4213 xu,
2168 4145 2360 4213 4,11).

713 4231 912 4305 Neque
941 4232 1098 4289 enim
1129 4249 1336 4291 omnes
1366 4233 1421 4288 in
1456 4232 1786 4307 exemplum
1811 4233 2139 4289 Salomonis
2159 4234 2232 4289 de
2263 4250 2363 4289 na-

717 4321 862 4377 turis
886 4321 1208 4378 bestiarum
1230 4326 1287 4378 et
1316 4320 1640 4393 volucrum,
1663 4327 1720 4378 et
1748 4321 2063 4377 herbarum
2095 4321 2369 4379 similiter

717 4414 858 4466 sunt
887 4409 1091 4476 locuti,
1122 4414 1187 4466 ut
1216 4410 1589 4483 disputarent
1639 4428 1673 4467 a
1703 4410 1873 4467 cedro
1920 4410 2146 4476 Libani,
2180 4428 2367 4484 usque

714 4499 786 4553 ad
821 4498 1141 4571 hyssopum
1171 4516 1299 4571 quae
1355 4499 1495 4555 exiit
1546 4515 1650 4571 per
1678 4500 1960 4572 parietem
1990 4500 2095 4570 (ili
2133 4502 2255 4573 Reg.
2291 4518 2364 4573 ιν,

715 4587 830 4659 33).
866 4587 1198 4643 Econtrario
1226 4587 1498 4644 Salomon
1551 4606 1665 4645 non
1711 4589 1794 4645 ita
1849 4589 2091 4646 forsitan
2136 4591 2363 4660 viderit,

2470 3435 2582 3492 bus
2613 3434 2854 3506 quidem
2884 3433 3118 3491 duobus
3148 3433 3362 3501 verbis,
3395 3432 3453 3488 id
3487 3437 3596 3500 est,
3637 3432 3698 3487 in
3728 3448 3795 3488 eo
3834 3431 3992 3504 quod
4024 3430 4127 3497 ait,

2472 3523 2776 3582 eohwredes
2804 3532 2855 3582 et
2900 3524 3332 3595 eoneorporales,
3366 3526 3593 3596 poterat
3645 3522 3706 3577 in
3738 3536 3854 3579 uno
3883 3535 4129 3593 corpore

2470 3614 2768 3671 diversum
2800 3606 3024 3684 aliquid
3055 3610 3367 3683 suspicari.
3399 3611 3480 3667 Ex
3511 3628 3577 3668 eo
3613 3615 3809 3667 autem
3838 3610 3996 3683 quod
4026 3608 4131 3666 ad-

2472 3702 2621 3758 didit
2679 3719 2692 3756 :
2751 3703 2817 3758 Et
2880 3700 3292 3770 eomparticipes
3345 3700 3732 3770 promissionis
3783 3701 3845 3755 in
3914 3698 4131 3754 Christo

2468 3794 2630 3855 Jesu,
2665 3787 2857 3845 omnis
2914 3785 3149 3858 penitus
3180 3784 3489 3853 diversitas
3540 3792 3842 3859 amputata
3869 3792 3976 3845 est.
4011 3785 4127 3843 Ubi

2468 3878 2629 3935 enim
2660 3892 2778 3932 una
2807 3872 3309 3946 comparticipatio
3339 3877 3448 3940 est,
3480 3874 3752 3931 universa
3779 3875 4129 3933 communia

2472 3969 2633 4021 sunt.
2687 3961 2934 4020 Pulchre
2978 3960 3156 4017 etiam
3205 3959 3449 4030 addidit,
3492 3978 3594 4032 per
3619 3964 4002 4033 Evmigelium,
4034 3981 4131 4023 cu-

2473 4054 2559 4125 ius
2612 4054 2792 4123 factus
2858 4067 2978 4106 sum
3028 4051 3288 4107 minister
3341 4048 3641 4105 secundum
3676 4050 3885 4107 donum
3922 4056 4134 4121 gratiae

2470 4160 2595 4215 quae
2623 4142 2753 4197 data
2808 4144 2889 4196 est
2936 4139 3078 4195 mihi
3096 4140 3267 4210 juxta
3294 4139 3663 4211 operationem
3689 4140 3915 4195 virtutis
3942 4141 4072 4211 ejus
4112 4160 4134 4198 .°

2476 4238 2541 4291 ut
2568 4232 2669 4289 Dei
2701 4230 2973 4304 gratiam,
3008 4246 3122 4285 non
3151 4244 3325 4286 suum
3360 4228 3636 4289 meritum
3666 4230 4130 4287 demonstraret.

2474 4320 2701 4378 Sciebat
2730 4336 2793 4376 se
2824 4334 3080 4391 namque
3111 4322 3541 4389 persecutorem
3572 4318 3777 4387 fuisse,
3817 4323 3877 4375 et
3905 4317 4133 4377 Christi

2476 4410 2793 4468 Ecclesium
2823 4410 3178 4475 devastasse,
3210 4424 3281 4464 ex
3308 4424 3427 4481 qua
3454 4407 3809 4477 humilitate,
3838 4422 4134 4480 arrogan-

2475 4501 2569 4558 tia)
2623 4498 2858 4573 penitus
2899 4497 3123 4556 crimen
3180 4497 3529 4554 excluditur.
3582 4499 3771 4571 Super
3810 4513 3931 4570 qua
3984 4512 4137 4557 non-

2477 4589 2623 4646 nulli
2685 4605 2821 4646 eum
2889 4586 3434 4659 reprehendendum
3509 4590 3777 4659 putant:
3816 4585 4135 4658 quiaaibi

722 4679 786 4731 ut
814 4675 1041 4748 Moyses
1080 4692 1283 4733 omnes
1342 4677 1568 4750 species
1598 4678 1993 4749 victimarum,
2043 4683 2099 4736 et
2129 4679 2366 4736 culturae
2399 4695 2444 4761 Ι)
2475 4678 2685 4737 dixerit
2712 4678 3057 4750 mysterium
3089 4674 3426 4749 revelatum,
3478 4676 3635 4748 quod
3667 4672 4015 4749 patriarchis
4074 4677 4137 4731 et

725 4764 860 4835 Dei;
894 4781 997 4822 nec
1026 4766 1077 4822 ei
1120 4766 1263 4823 facie
1292 4768 1364 4823 ad
1397 4768 1602 4825 faciem
1663 4769 1741 4825 sit
1794 4768 2027 4826 locutus
2057 4769 2365 4838 Dominus,

725 4870 830 4911 nec
858 4872 1131 4913 vasorum
1161 4860 1389 4914 tantam
1442 4857 1530 4914 vel
1564 4858 1853 4931 habuerit,
1885 4858 1973 4915 vel
2022 4858 2374 4916 intellexerit

726 4943 1429 5019 supellectilem,quorum
1460 4954 1663 5021 typum
1684 4948 1767 5003 illi
1789 4948 1847 5003 in
1871 4951 2065 5005 monte
2086 4948 2372 5015 Dominus

725 5035 985 5091 ostendit
1006 5036 1195 5108 (Exod.
1230 5054 1431 5106 χχχιιι,
1464 5038 1525 5093 41
1555 5055 1567 5107 ;
1600 5055 1730 5107 xxv,
1765 5038 1787 5091 1
1826 5038 1935 5109 40).
1966 5039 2031 5094 Et
2080 5038 2371 5109 quomodo

725 5125 1086 5199 patriarchae,
1145 5131 1202 5183 et
1260 5126 1552 5200 prophetae
1609 5127 1943 5183 habuerunt
1992 5126 2192 5200 aliqua
2246 5144 2371 5199 quis

725 5214 1022 5288 apostolos
1061 5233 1175 5273 non
1207 5216 1488 5271 habuisse
1519 5217 1873 5273 credendum
1897 5220 1986 5274 est
2018 5232 2030 5272 :
2069 5216 2152 5272 sic
2177 5234 2207 5272 e
2238 5234 2373 5272 con-

725 5305 904 5361 trario
938 5322 1039 5379 pro
1072 5306 1507 5378 opportunitate
1546 5306 1847 5377 temporis,
1906 5310 1965 5363 et
2022 5323 2125 5378 pro
2189 5310 2372 5361 Evan-

722 5392 858 5465 gelii
893 5391 1660 5466 prtedicatione,habuerunt
1679 5393 1925 5465 apostoli
1950 5393 2138 5467 magis
2170 5398 2372 5450 notum

727 5483 1073 5554 mysterium
1104 5481 1339 5538 Christi.
1359 5482 1522 5548 Quod
1553 5481 1813 5539 scierunt
1832 5483 2069 5555 quidem
2101 5487 2160 5539 et
2188 5483 2372 5539 sancti

727 5571 1053 5643 antiquitus
1110 5571 1239 5642 viri,
1301 5571 1402 5628 sed
1436 5588 1550 5628 non
1609 5570 1690 5628 ita
1738 5578 1803 5627 ut
1857 5572 2126 5645 apostoli,
2159 5572 2374 5644 quibus

2478 4767 2780 4842 prophetis
2812 4765 2987 4822 fuerit
3039 4765 3193 4822 592
3255 4765 3545 4837 ignotum.
3595 4765 3911 4837 Nunquam
3964 4762 4133 4821 enim

2480 4855 2832 4914 humilitatis
2915 4854 3262 4927 discipulus,
3330 4853 3521 4912 verbis
3575 4854 3916 4926 arrogantia
3975 4852 4139 4910 intu-

2480 4950 2786 5016 mesceret,
2826 4944 3204 5018 Evangelium
3234 4944 3406 5015 cujus
3447 4944 3720 5002 minister
3746 4949 3856 5011 est,
3888 4959 4004 5000 non
4036 4942 4136 5000 sui

2485 5034 2678 5093 meriti
2726 5034 2930 5092 dicens
2978 5034 3178 5104 fuisse,
3246 5034 3350 5089 sed
3386 5033 3583 5106 gratiae
3616 5032 3733 5091 Dei.
3762 5032 3873 5098 Qui
3926 5030 4142 5089 volunt

2480 5125 2808 5200 prophetas
2840 5140 2956 5181 non
3005 5122 3362 5180 intellexisse
3408 5123 3563 5195 quod
3611 5121 3882 5190 dixerint,
3934 5125 3992 5178 et
4020 5122 4137 5191 [Αι.

2483 5217 2607 5286 sed]
2637 5214 2806 5288 quasi
2838 5214 2899 5271 in
2957 5212 3170 5270 ecstasi
3229 5211 3480 5283 locutos,
3513 5229 3648 5270 cum
3675 5211 3947 5286 presenti
3978 5210 4142 5268 testi-

2483 5302 2854 5375 monio,illud
2880 5318 3114 5375 quoque
3143 5301 3299 5373 quod
3320 5300 3394 5357 ad
3424 5302 3720 5360 Romanos
3747 5302 3807 5358 in
3836 5298 4144 5374 plerisque

2482 5393 2781 5450 codicibus
2811 5390 3203 5458 invenitur,ad
3224 5390 3743 5451 conformationem
3764 5390 3856 5448 sui
3887 5393 4143 5464 dogma-

2482 5481 2557 5538 tis
2588 5482 2852 5549 trahunt,
2881 5480 3139 5553 legentes
3173 5497 3187 5537 :
3222 5482 3293 5537 Ei
3318 5484 3506 5537 autem
3561 5483 3659 5556 qui
3705 5483 3881 5556 petest
3919 5495 4017 5536 vos
4047 5495 4144 5536 m-

2484 5571 2675 5627 borare
2729 5571 2890 5640 iuxta
2944 5569 3315 5644 Evangelium
3342 5586 3546 5643 meum,
3596 5580 3651 5628 et
3692 5569 4146 5647 predioationem

800 5715 815 5747 ¹
876 5713 1056 5773 Penes
1124 5715 1467 5785 Victorium,
1533 5716 1831 5775 secundum
1892 5716 2136 5774 verbum.
2193 5716 2483 5775 Caeterum
2535 5713 2665 5772 vide
2721 5730 2847 5789 quae
2920 5713 3095 5788 paulo
3144 5714 3394 5775 inferius
3445 5715 3517 5774 ad
3565 5714 3770 5775 versis.
3821 5713 3889 5772 to
3944 5711 4148 5772 obsor-

643 5840 663 5857 κ
725 5800 933 5844 vamus

2050 6533 2449 6541 ——_—————‘

2293 6562 2450 6574 —
