4332 6594
244 477 360 538 513

896 475 1410 538 COMMENTAR.
1457 475 1537 535 IN
1583 474 1828 536 EPIST.
1878 473 1982 534 AD
2026 475 2306 536 EPHES.
2350 476 2496 538 LIB.
2545 476 2623 553 II,
2669 477 2842 538 CAP.
2889 479 2998 541 ΙΙΙ.

3530 478 3652 544 5M

244 613 377 666 Jesu
409 607 617 664 Christi
642 607 942 665 secundum
997 605 1399 663 revetationom
1455 608 1704 678 mysterii
1753 611 1892 661 tem-
1921 606 1975 671 Α
2007 623 2109 678 per
2136 605 2383 662 Paulum
2417 610 2710 679 profertur
2763 609 2822 664 in
2854 615 3056 682 gentes
3085 613 3114 668 ?
3172 612 3282 670 Sed
3344 613 3648 672 ininvesti-

246 701 482 772 poribus.
505 701 728 756 aeternis
782 698 962 764 taciti,
1022 696 1364 768 mani/estati
1407 701 1590 751 autem
1619 712 1769 751 nunc
1799 711 1898 766 per

246 789 560 861 Scripturas
586 787 951 860 propheticus.
1002 790 1052 841 et
1099 787 1395 842 adventum
1440 787 1676 842 Domini
1720 786 1895 840 nostri

247 880 372 936 Jesu
404 877 624 943 Christi,
670 881 727 932 et
783 875 1027 948 reliqua.
1089 876 1314 939 Quibus
1375 874 1623 930 breviter
1653 891 1895 945 respon-

255 968 512 1024 dendum
543 969 650 1034 est,
684 965 1050 1037 temporibus
1077 964 1382 1036 praeteritis
1413 963 1652 1019 tacitum
1685 962 1897 1019 Christi

257 1056 437 1114 fuisse
466 1055 836 1128 mysterium,
869 1071 984 1109 non
1016 1055 1170 1125 apud
1204 1069 1302 1108 eos
1335 1051 1434 1124 qui
1461 1051 1604 1107 illud
1633 1053 1898 1107 futurum

258 1145 703 1218 pollicebantur,
735 1144 835 1200 sed
878 1142 1031 1214 apud
1064 1143 1367 1196 universas
1422 1145 1624 1213 gentes
1684 1140 1899 1211 quibus

256 1239 455 1307 postea
485 1234 928 1290 manifestatum
960 1235 1066 1288 est.
1101 1231 1170 1286 Et
1202 1231 1423 1303 pariter
1470 1230 1898 1298 adnotandum,

255 1324 406 1396 quod
439 1327 874 1380 sacramentum
909 1322 1042 1377 fidei
1077 1325 1308 1387 nostrae,
1343 1319 1457 1374 nisi
1507 1335 1610 1390 per
1639 1319 1898 1389 Scriptu-

260 1430 354 1470 ras
388 1414 787 1486 propheticas,
823 1415 880 1467 et
923 1412 1240 1467 adventum
1298 1409 1487 1464 Chrisi
1542 1425 1656 1462 non
1715 1407 1905 1462 valeat

259 1500 520 1556 revelari.
565 1501 766 1556 Sciant
815 1498 992 1572 igitur
1036 1498 1133 1568 qui
1177 1496 1490 1568 prophetas
1538 1513 1653 1552 non
1687 1495 1903 1550 intelli-

257 1594 427 1662 gunt,
462 1605 568 1645 nec
603 1590 751 1645 scire
782 1588 1136 1658 desiderant,
1195 1591 1522 1642 asserentes
1581 1602 1642 1641 se
1673 1590 1903 1641 tantum

255 1677 569 1750 Evangelia
603 1693 733 1733 esse
761 1681 1086 1743 contentos,
1145 1674 1361 1731 Christi
1421 1673 1645 1730 nescire
1695 1679 1907 1746 myste-

257 1768 432 1835 rium,
467 1767 622 1838 quod
662 1765 1028 1836 temporibus
1085 1764 1316 1820 aeternis
1375 1765 1648 1836 gentibus
1681 1763 1907 1818 cunctis

259 1855 434 1911 fuerit
461 1855 816 1927 ignoratum.

332 1948 520 2014 (Vers.
551 1945 608 2010 8,
637 1944 716 2015 9.)
749 1966 777 1994 ‹‹
808 1943 949 2000 Mihi
1000 1943 1204 1998 inﬁmo
1253 1944 1518 1999 omnium
1569 1947 1906 1998 sanctorum

262 2035 396 2090 data
416 2037 504 2090 est
535 2033 720 2105 gratia
749 2033 889 2100 haec,
925 2033 984 2088 in
1013 2033 1287 2106 gentibus
1319 2032 1714 2104 evangelizare
1748 2032 1908 2086 inve-

261 2123 566 2196 stigabiles
597 2121 829 2178 divitias
861 2121 1100 2192 Christi,
1149 2127 1205 2177 et
1257 2121 1593 2178 illuminare
1651 2138 1854 2177 omnes
1888 2122 1904 2154 ί

262 2230 386 2286 quae
419 2212 497 2267 sit
526 2210 889 2284 dispensatio
923 2211 1183 2284 mysterii
1229 2211 1550 2268 absconditi
1583 2229 1616 2265 a
1681 2209 1910 2266 saeculis

262 2303 320 2357 in
348 2302 466 2357 Deo
497 2301 600 2373 qui
632 2301 903 2357 universa
934 2301 1207 2356 creavit.»
1249 2301 1374 2355 Non
1402 2305 1542 2372 puto
1576 2299 1907 2372 apostolum

265 2391 511 2448 Paulum
547 2396 680 2447 cam
712 2391 927 2446 mentis
959 2408 1076 2446 sua:
1127 2390 1511 2464 concordasse
1569 2395 1812 2457 secreto,
1847 2394 1910 2444 ut

262 2497 394 2537 vere
425 2480 702 2537 omnibus
746 2481 852 2551 [AL
904 2496 973 2536 ex
1029 2480 1326 2550 omnibus]
1386 2480 1607 2536 sanctis
1639 2479 1910 2534 inﬁmum

266 2586 393 2626 esse
451 2586 512 2626 se
572 2568 1017 2624 dixerit:verbi
1066 2585 1265 2634 causa,
1327 2569 1418 2623 his
1476 2569 1574 2640 qui
1627 2573 1792 2623 erant
1848 2568 1909 2622 in

259 2659 511 2732 Epheso,
547 2658 644 2731 qui
673 2658 729 2713 in
765 2658 1060 2727 Corintho,
1110 2658 1210 2729 qui
1260 2657 1318 2712 in
1352 2657 1790 2724 Thessalonica,
1822 2656 1912 2712 vel

269 2749 367 2822 qui
401 2748 459 2803 in
490 2753 609 2804 toto
640 2748 777 2804 orbe
810 2747 1195 2803 crediderant.
1229 2747 1392 2812 Quod
1425 2764 1557 2802 cum
1605 2747 1912 2801 humilita-

271 2838 349 2894 tis
399 2837 682 2893 indicium
744 2836 838 2904 sit,
901 2853 962 2892 se
1022 2836 1299 2892 omnibus
1364 2835 1584 2891 sanctis
1641 2835 1913 2890 infimum

273 2927 486 2996 dicere,
523 2925 812 2982 mendacii
843 2931 936 2982 est
966 2924 1360 2993 reatus,aliud
1394 2926 1451 2980 in
1492 2929 1723 2997 pectore
1753 2925 1911 2980 clau-

272 3034 403 3074 sum
425 3015 826 3079 habere,aliud
857 3016 912 3070 in
943 3013 1145 3088 lingua
1183 3031 1467 3087 promere.
1487 3014 1914 3086 Reperieudum

268 3122 406 3179 ergo
440 3111 529 3162 est
557 3109 998 3179 argumentum,
1033 3106 1188 3176 quod
1220 3111 1278 3161 et
1311 3097 1524 3160 Paulus
1553 3121 1687 3160 vere
1720 3105 1916 3159 omni-

271 3197 386 3252 bus
399 3195 619 3252 sanctis
645 3194 1024 3264 [ALomnium
1058 3197 1418 3264 sanctorum]
1446 3193 1687 3248 inﬁmus
1722 3194 1915 3260 fuerit,

273 3290 332 3340 et
390 3289 587 3341 tamen
641 3286 712 3341 de
741 3283 1062 3356 apostolica
1117 3301 1230 3338 non
1292 3283 1566 3339 ceciderit
1611 3282 1913 3355 dignitate.

2004 697 2225 768 gabiles
2285 701 2341 752 et
2390 698 2800 753 absconditum
2876 701 3188 771 dupliciter
3250 704 3646 760 sentiendum.

2005 785 2166 848 Quod
2201 786 2701 858 ininvestigabiles
2732 792 2866 842 ante
2887 789 3098 844 divitiis
3131 791 3363 858 fuerint,
3398 799 3451 848 et
3495 810 3650 849 nunc

2007 881 2138 947 post
2163 875 2388 930 Domini
2421 881 2630 947 apertae
2660 877 2781 931 sint
2811 877 3292 948 passionem.Aut
3323 888 3480 937 certe
3512 901 3650 955 quas

2007 971 2218 1022 natura
2249 982 2358 1020 sua
2386 965 2608 1019 homini
2643 966 3144 1039 ininvestigabiles
3193 975 3362 1026 erant
3395 971 3503 1038 hie,
3539 978 3651 1029 Deo

2009 1054 2317 1122 revelante,
2351 1059 2492 1109 sunt
2519 1055 2938 1125 cognitaeQuia
2959 1056 3114 1112 aliud
3146 1063 3234 1113 est
3256 1061 3325 1114 ad
3359 1068 3650 1119 secretum

2009 1142 2346 1198 curiositate
2376 1144 2611 1213 propria
2650 1144 2968 1213 pervenire,
3004 1148 3157 1217 quod
3219 1153 3534 1221 postquam
3568 1153 3654 1207 in-

2009 1237 2246 1287 ventum
2296 1232 2489 1302 fuerit,
2522 1232 2738 1286 desinit
2779 1249 2907 1288 esse
2962 1234 3415 1309 ininvestigbile.
3475 1240 3650 1298 Aliud

2011 1321 2242 1393 prepria
2275 1320 2762 1393 diliigentiaillud
2787 1338 3162 1394 nequaquam
3190 1341 3360 1396 posse
3393 1345 3660 1402 compre—

2012 1411 2282 1476 hendere,
2317 1410 2416 1465 sed
2470 1426 2572 1480 per
2630 1411 2877 1481 gratiam
2937 1429 3286 1485 cognoscere
3349 1417 3470 1483 Dei,
3503 1421 3660 1490 quod

2015 1517 2146 1554 cum
2179 1499 2402 1567 scieris,
2428 1504 2484 1554 et
2507 1499 2726 1554 caeteris
2774 1517 3005 1572 quoque
3050 1505 3402 1572 ostenderis,
3444 1507 3661 1564 nihilo-

2015 1589 2212 1644 minus
2243 1587 2710 1660 ininvestigabile
2735 1597 3083 1659 perseverat,
3119 1594 3258 1647 dum
3312 1595 3418 1649 tibi
3474 1614 3660 1669 quan-

2016 1683 2142 1733 tum
2176 1678 2233 1732 in
2261 1683 2317 1732 te
2349 1681 2457 1745 est,
2494 1679 2601 1730 fuit
2632 1683 2944 1750 antequam
3004 1681 3413 1739 ostenderetur
3467 1686 3661 1741 occul-

2016 1773 2165 1822 tum.
2199 1766 2444 1822 Divitias
2474 1766 2692 1821 Christi
2742 1767 3271 1842 ininvestigabiles,
3333 1774 3402 1826 ad
3461 1774 3661 1846 ipsum

2019 1872 2253 1927 quoque
2283 1855 2576 1911 Christum
2608 1855 2852 1927 loquens
2908 1857 3220 1914 Psalmista
3275 1866 3542 1930 testatur,
3576 1864 3662 1918 di-

2020 1961 2202 2000 cens:
2240 1945 2412 2012 Quam
2441 1946 2620 2014 inﬁmi
2665 1946 2960 2002 multitudo
3017 1948 3278 2004 bonitatis
3337 1955 3442 2006 tua:
3499 1969 3665 2024 quam

2019 2036 2356 2090 abscondisti
2407 2035 2722 2089 timentibus
2776 2043 2824 2090 te
2879 2035 3056 2106 (Psat.
3116 2055 3246 2105 xxx,
3277 2041 3387 2111 20).
3430 2046 3524 2095 Hae
3558 2043 3666 2098 bo-

2018 2125 2220 2180 nitatis
2253 2125 2381 2194 ejus
2411 2122 2620 2178 divitia
2654 2125 2726 2177 ab
2757 2124 3032 2180 omnibus
3064 2130 3215 2182 retro
3260 2129 3491 2185 saeculis
3535 2131 3666 2187 abs-

2020 2213 2265 2269 conditze
2299 2213 2534 2266 fuerunt
2561 2211 2621 2266 in
2654 2211 2790 2277 Deo,
2825 2212 2923 2284 qui
2957 2218 3182 2270 creator
3228 2222 3316 2272 est
3373 2219 3663 2275 omnium.

2019 2302 2126 2358 Ubi
2153 2306 2293 2356 sunt
2324 2300 2579 2355 Marcion
2608 2305 2665 2355 et
2711 2301 3074 2371 Valentinus,
3107 2310 3163 2359 et
3220 2321 3423 2362 omnes
3482 2308 3666 2365 barre-

2020 2392 2115 2446 tici
2177 2389 2276 2460 qui
2332 2388 2578 2444 alterum
2643 2392 2868 2458 mundi,
2930 2392 2986 2446 id
3047 2398 3135 2448 est
3204 2395 3550 2464 visibilium,
3610 2401 3670 2453 et

2020 2480 2268 2536 alterum
2302 2484 2573 2534 asserunt
2619 2479 3000 2536 invisibilium
3060 2484 3418 2540 conditorem
3440 2487 3468 2540 ?
3499 2491 3667 2542 Hunc

2014 2572 2244 2642 justum
2277 2586 2405 2624 esse
2435 2569 2696 2624 dicentes
2730 2569 2897 2625 illum
2949 2571 3142 2627 nescio
3201 2589 3374 2643 quem
3435 2591 3670 2646 semper

2024 2660 2332 2730 ignotum:
2364 2662 2593 2712 tantum
2639 2659 2884 2726 bonum,
2925 2659 3025 2730 qui
3081 2661 3248 2717 Pater
3299 2663 3509 2720 Christi
3568 2664 3664 2720 sit.

2024 2749 2162 2803 Ecce
2194 2748 2368 2811 Deus,
2400 2747 2459 2800 in
2487 2763 2600 2818 quo
2635 2748 2978 2818 mysterium
3011 2749 3221 2806 Cbristi
3255 2752 3325 2806 ab
3386 2752 3668 2808 omnibus

2024 2843 2177 2892 retro
2210 2835 2436 2891 saeculis
2468 2837 2874 2891 absconditum
2911 2837 3022 2892 fuit
3050 2841 3094 2905 ³,
3125 2841 3359 2895 Creator
3388 2857 3516 2896 esse
3548 2858 3668 2896 om-

2026 2927 2191 2981 nium
2223 2925 2590 2996 pradicatur.
2639 2926 2716 2979 Ex
2773 2942 2888 2996 quo
2944 2929 3270 2984 ostenditur
3328 2929 3481 2985 idem
3539 2947 3670 2986 esse

2028 3021 2178 3071 Deus
2234 3015 2375 3068 Novi
2406 3018 2463 3068 et
2494 3014 2717 3069 Veteris
2776 3015 3168 3072 Testamenti.
3218 3018 3418 3074 Potest
3473 3026 3669 3075 autem

2026 3106 2367 3177 mysterium
2401 3120 2434 3157 a
2465 3102 2694 3158 saeculis
2725 3103 3135 3161 absconditum
3178 3111 3236 3162 et
3293 3108 3460 3164 aliter
3516 3110 3672 3166 594

2027 3193 2295 3264 intelligi,
2329 3193 2485 3263 quod
2518 3192 2647 3263 ipsa
2676 3191 2822 3248 illud
2856 3194 3068 3250 saecula
3117 3196 3529 3268 ignoraverint,
3556 3199 3667 3255 hoc

2029 3289 2116 3339 est
2162 3298 2365 3338 omnes
2429 3281 2766 3352 spirituales
2823 3288 2880 3338 et
2953 3285 3333 3341 rationabiles
3390 3293 3671 3342 creatura;

273 3375 558 3446 Loquitur
591 3374 872 3430 Dominus
902 3372 962 3428 in
994 3372 1303 3444 Evangelia
1335 3373 1408 3428 ad
1441 3372 1790 3444 discipulos:
1815 3374 1919 3440 Qui
1949 3364 1991 3429 C
2030 3389 2156 3444 quae
2186 3372 2245 3426 in
2279 3370 2510 3426 szeculis
2538 3372 2794 3426 fuerunt.
2842 3373 3133 3428 Saeculum
3167 3375 3342 3446 quipe
3401 3377 3673 3446 frequen-

272 3465 390 3520 vutt
427 3465 487 3519 in
543 3464 692 3518 vobis
747 3463 927 3534 major
979 3478 1089 3517 esse
1146 3461 1242 3530 ﬁat
1290 3463 1542 3517 omnium
1589 3463 1775 3516 minor
1823 3465 1918 3532 qui

271 3555 390 3610 vult
445 3568 558 3608 esse
614 3553 832 3624 primus
886 3554 958 3606 sit
1002 3553 1250 3606 omnium
1306 3551 1633 3606 novissimus
1695 3550 1915 3620 (Matth.

272 3661 366 3715 xx,
424 3644 495 3697 26
523 3644 637 3713 27).
693 3641 854 3704 Quod
913 3640 1127 3697 Paulus
1183 3657 1354 3712 opere
1429 3639 1776 3711 complebat,
1831 3641 1917 3694 di-

272 3748 410 3790 cens
443 3750 455 3789 :
489 3735 629 3788 Puto
661 3733 809 3786 enim
831 3733 968 3801 quia
988 3733 1128 3785 Deus
1156 3747 1255 3785 nos
1294 3731 1560 3800 apostolos
1588 3731 1922 3785 novissimos

271 3822 502 3878 ostendit
531 3822 690 3893 quasi
719 3823 886 3876 morti
915 3821 1219 3876 destinatos
1277 3819 1323 3891 (ι
1375 3821 1504 3875 Cor.
1563 3836 1638 3873 ιν.
1671 3820 1749 3887 9,)
1791 3820 1923 3874 0m-

275 3913 454 3967 nibus
485 3911 663 3984 igitur
694 3910 791 3982 qui
825 3927 886 3966 se
916 3915 1152 3982 propter
1169 3909 1467 3964 Christum
1499 3908 1765 3964 infirmos
1796 3925 1924 3964 esse

280 4001 616 4073 cupiebant,
660 3999 961 4070 apostolus
1007 3997 1224 4054 Paulus
1282 3997 1574 4053 inﬁrmior
1597 4002 1720 4052 erat
1750 4003 1806 4052 et
1833 3998 1921 4053 id-

277 4092 434 4146 circo
467 4091 673 4160 major.
709 4089 872 4146 593.
898 4089 1161 4144 Omnibus
1189 4090 1358 4157 enim,
1405 4087 1618 4158 inquit,
1652 4087 1772 4142 illis
1796 4087 1928 4158 plus

283 4179 537 4238 laboravi
580 4195 691 4234 non
738 4187 925 4234 autem
978 4194 1080 4250 ego
1167 4177 1256 4232 sed
1313 4178 1498 4248 gratia
1564 4177 1662 4231 Dei
1714 4193 1927 4232 mecum

279 4269 434 4338 est(l
491 4268 611 4322 Cor.
670 4285 760 4331 xv,
821 4268 930 4338 10),
995 4267 1234 4337 Propter
1290 4282 1470 4336 quam
1531 4265 1925 4322 humilitatem

279 4359 425 4414 dum
457 4355 720 4413 omnium
751 4362 1093 4412 sanctorum
1145 4360 1236 4410 est
1291 4354 1532 4409 inﬁmus
1593 4355 1730 4409 data
1758 4360 1846 4411 est
1876 4356 1927 4412 ei

281 4447 472 4520 gratia
502 4447 621 4501 base
653 4445 711 4500 in
743 4445 1038 4518 gentibus,
1073 4449 1138 4499 ut
1176 4442 1600 4515 evangelizaret
1626 4444 1928 4500 ininvesti-

283 4536 507 4610 gabiles
539 4534 776 4592 divitias
805 4535 1038 4605 Chrisii,
1064 4538 1119 4589 et
1149 4534 1382 4589 doceret
1426 4532 1927 4604 dispensationem

285 4625 554 4698 mysterii
585 4624 918 4681 absconditi
945 4641 978 4680 a
1009 4623 1239 4679 saeculis
1270 4624 1330 4677 in
1354 4623 1470 4678 Deo
1523 4621 1621 4693 qui
1656 4623 1929 4680 universa

2028 3469 2116 3516 ter
2147 3478 2247 3533 pro
2279 3460 2372 3515 his
2431 3476 2559 3531 quas
2617 3460 2673 3513 in
2734 3461 2948 3516 saeculo
3005 3468 3318 3518 versantur
3365 3463 3672 3535 accipitur.

2029 3552 2190 3607 Sicut
2221 3549 2434 3604 Paulus
2465 3551 2535 3603 ad
2586 3547 2820 3604 Galatas
2875 3549 3139 3622 loquitur
3189 3551 3390 3607 dicens
3423 3571 3441 3606 :
3477 3554 3538 3609 Ut
3570 3555 3676 3608 eri-

2024 3645 2179 3713 peret
2207 3656 2302 3695 nos
2329 3640 2394 3694 de
2417 3638 2904 3710 prmsentisazcuto
2943 3657 3182 3712 nequam
3237 3641 3439 3713 (Galat.
3483 3660 3523 3710 1,
3586 3644 3663 3714 4).

2033 3733 2101 3785 Et
2129 3730 2188 3784 in
2221 3730 2332 3784 alio
2365 3727 2490 3783 loco
2521 3746 2538 3781 :
2565 3729 2626 3784 Ut
2684 3728 2982 3784 ostenderet
3037 3733 3099 3785 in
3155 3734 3402 3788 venturis
3459 3734 3676 3788 saeculis

2033 3819 2226 3892 (Ep/tes
2253 3836 2313 3881 ιι,
2343 3819 2422 3887 7),
2454 3835 2556 3889 pro
2589 3834 2654 3872 eo
2686 3819 2838 3889 quod
2873 3823 2978 3886 est,
3013 3819 3106 3876 his
3140 3822 3416 3877 omnibus
3451 3840 3576 3894 qua:
3612 3822 3670 3878 in

2033 3907 2581 3981 supervenientibus
2611 3907 2841 3962 saeculis
2872 3908 3072 3964 futura
3103 3916 3290 3966 erant.

2106 3998 2290 4068 (Vers.
2326 3998 2411 4061 10,
2448 3998 2531 4050 11.
2569 3995 2686 4065 )Ut
2716 3997 3103 4053 innotesceret
3162 4017 3316 4054 nunc
3377 4001 3677 4074 principa-

2033 4087 2193 4141 tibus
2224 4091 2282 4140 et
2313 4084 2701 4154 potestatibus
2732 4085 2790 4138 in
2823 4084 3158 4142 coelestibus
3214 4104 3316 4159 per
3346 4089 3667 4146 Ecclesiam

2036 4173 2342 4246 multiplex
2373 4173 2659 4244 sapientia
2690 4173 2787 4228 Dei
2821 4175 3144 4229 secundum
3172 4178 3536 4248 propositum
3569 4195 3677 4234 sae-

2036 4265 2324 4332 culorum,
2383 4279 2560 4333 quam
2625 4261 2754 4316 fecit
2810 4261 2867 4316 in
2932 4263 3159 4318 Christo
3215 4265 3355 4320 Jesu
3431 4267 3677 4323 Domino

2038 4359 2257 4412 nostro.
2291 4376 2318 4402 ››
2350 4352 2525 4408 Juxta
2578 4352 2798 4407 donum
2848 4353 3048 4424 gratiae
3081 4353 3198 4424 Dei,
3232 4371 3362 4426 qua:
3413 4355 3548 4411 data
3591 4360 3682 4412 est

2038 4442 2334 4517 Apostolo,
2364 4446 2430 4497 ut
2459 4441 2878 4513 evangelizaret
2924 4443 3421 4517 ininvestigabiles
3444 4445 3682 4504 divitias

2038 4532 2253 4589 Christi
2286 4537 2342 4586 et
2372 4531 2602 4586 doceret
2631 4529 2690 4585 in
2718 4531 2990 4601 gentibus
3049 4534 3394 4604 mysterium
3454 4536 3610 4606 quod
3650 4552 3690 4591 a'

2040 4621 2267 4678 sazculis
2289 4621 2478 4676 fuerat
2506 4621 2831 4692 ignoratum
2871 4639 2882 4688 ;
2916 4621 3132 4679 idcirco
3182 4623 3443 4696 idipsum
3485 4641 3680 4682 sacra-

283 4715 519 4771 creavit.
570 4715 630 4771 Si
676 4714 1181 4787 ininvestigabiles
1238 4712 1448 4768 divitiae
1508 4711 1722 4767 Christi
1767 4718 1925 4781 sunt,
1961 4734 2005 4798 D
2042 4717 2303 4768 mentum
2337 4710 2386 4766 ei
2421 4715 2510 4765 est
2538 4709 2876 4779 revelatum,
2912 4718 2976 4766 ut
3009 4729 3126 4768 non
3159 4713 3351 4769 solum
3385 4715 3682 4786 gentibus,

285 4805 580 4876 quomodo
610 4803 1085 4876 evangelizantur
1113 4802 1174 4857 in
1206 4801 1420 4874 populo
1452 4801 1480 4855 ‘I
1531 4801 1588 4856 Si
1619 4801 1927 4858 abscondi-

286 4899 414 4950 tum
445 4898 534 4951 est
564 4910 598 4948 a
627 4892 860 4950 seculis
913 4894 1258 4965 mysterium
1290 4891 1348 4946 in
1381 4891 1520 4959 Deo,
1561 4908 1679 4963 qua
1707 4892 1931 4950 ratione

363 5040 376 5073 ¹
411 5037 630 5093 Tacent
661 5035 759 5092 alii
788 5036 922 5092 libri
969 5053 1188 5103 vocem,
1221 5052 1424 5104 omnes,
1488 5052 1614 5106 quae
1673 5036 1730 5090 in
1785 5053 1927 5093 mss.

280 5109 505 5182 aliquot
533 5108 744 5164 Graecis
775 5109 1161 5164 desideratur.

352 5178 529 5235 "Duo
548 5197 701 5253 mss.
735 5186 1055 5246 contectum,
1088 5197 1191 5253 pro
1221 5178 1616 5253 absconditum.

353 5255 378 5288 ³
407 5251 697 5308 Nimirum
729 5269 796 5307 ex
827 5250 1209 5310 vetustiorum
1265 5252 1492 5322 aliquot
1520 5250 1784 5306 Ecclesiae
1832 5255 1934 5305 Pa-

285 5331 446 5381 trum
490 5341 665 5380 sensu
699 5323 980 5396 loquitur,
1012 5325 1248 5397 quibus,
1290 5329 1376 5397 ut_
1408 5323 1632 5395 pridem
1687 5323 1934 5397 Huctius

233 5465 240 5468 _
280 5397 718 5468 animadvertit,
740 5394 903 5452 locus
935 5394 1045 5452 iste
1072 5395 1332 5468 Apostoli
1365 5394 1433 5468 in,
1463 5411 1642 5449 causa
1686 5395 1816 5468 fuit,
1872 5399 1934 5449 ut

280 5468 606 5540 crederent,
666 5467 943 5539 pleraque
1023 5465 1141 5523 Dei
1199 5466 1477 5540 mysteria
1534 5465 1777 5540 angelos
1827 5483 1936 5540 per

281 5537 602 5596 Ecclesium
637 5537 914 5595 didicisse
948 5557 959 5594 :
995 5557 1107 5594 non
1140 5556 1207 5595 ea
1238 5537 1498 5610 quidem,
1551 5555 1675 5609 qum
1726 5537 1933 5592 divinae

279 5618 505 5667 naturae
539 5612 869 5668 necessario
902 5611 1106 5665 insunt
1136 5611 1258 5681 (illa
1282 5610 1574 5680 siquidem
1594 5626 1933 5681 cognovere,

281 5700 422 5739 cum
462 5684 640 5740 semel
695 5683 812 5738 illis
857 5682 1170 5738 contuendi
1204 5682 1300 5738 Dei
1358 5681 1603 5736 facultas
1660 5698 1938 5737 concessa

255 5757 415 5828 est),
449 5756 548 5811 sed
579 5772 708 5828 quaa
738 5754 1106 5828 libereDeus
1147 5758 1204 5809 et
1252 5753 1585 5828 forinsecus
1637 5759 1933 5825 operatur,

281 5825 778 5902 Nyssenus'bom.
836 5828 870 5882 8
925 5825 986 5883 in
1045 5825 1209 5883 Cant.
1275 5825 1613 5899 cognovisse
1671 5842 1769 5883 eos
1835 5841 1938 5900 per

2041 4803 2140 4858 sed
2185 4804 2242 4856 et
2270 4798 2699 4871 principatibus
2731 4805 2788 4854 et
2818 4803 3336 4875 potestatibus3per
3364 4803 3683 4861 Ecclesium

2040 4891 2352 4946 manifesta
2382 4888 2543 4942 fieret
2566 4887 2873 4960 multiplex
2901 4890 3192 4962 sapientia
3226 4892 3340 4961 Dei,
3367 4911 3494 4966 quae
3516 4895 3687 4972 juxta

2042 5032 2355 5105 Ecclesium
2397 5029 2854 5105 incarnationis.
2899 5033 3587 5105 redemptionis,-crucis,
3629 5039 3686 5090 et

2042 5106 2250 5178 mortis
2279 5103 2794 5178 Ch_risti_mysteria
2827 5104 3012 5178 docet,
3055 5103 3504 5178 Chrysostomus
3528 5103 3675 5177 prte-

2045 5187 2197 5234 terea
2227 5176 2446 5246 liquido
2480 5175 2756 5247 declarat,
2791 5176 3030 5247 angelos
3087 5175 3282 5233 rerum
3339 5179 3451 5232 sibi
3513 5175 3684 5232 antea

2043 5245 2404 5304 occultarum
2439 5251 2494 5299 et
2525 5245 2857 5316 ignotarum
2878 5245 3160 5304 notitiam
3196 5267 3263 5305 ex
3294 5250 3420 5321 ipso
3453 5255 3681 5321 aposto-

2043 5322 2232 5378 lorum
2268 5336 2365 5374 ore
2396 5321 3092 5392 comparasse,pr:ecipue
3122 5339 3254 5377 vero
3286 5320 3682 5377 conversionis

2086 5393 2309 5448 entium
2343 5391 2411 5443 ad
2444 5388 2653 5462 Christi
2687 5388 2880 5458 (idem,
2916 5388 3048 5446 cum
3101 5399 3272 5448 antea
3319 5393 3676 5462 ignorarent.

2086 5412 2309 5448 enuum
2343 5412 2411 5443 uu
2444 5412 2653 5443 blll'lSLl
2687 5412 2880 5458 IIUBKH,
2916 5412 3048 5446 cum
3101 5412 3272 5448 antea
3319 5412 3676 5462 lgDOFal‘BDE.

2045 5412 2154 5520 ἐτεά
2207 5463 2263 5517 in
2301 5461 2755 5534 commodiorem
2815 5464 2994 5534 accipi
3054 5480 3291 5519 sensum
3353 5459 3684 5534 Hieronymi

2046 5537 2166 5592 hzec
2198 5538 2444 5607 possunt
2474 5532 2655 5607 verba
2688 5532 2977 5604 siquidem
3039 5537 3298 5590 eruditos
3358 5551 3457 5607 per
3489 5532 3682 5589 Eccle-

2046 5604 2659 5677 sium—angelosgquasi
2690 5622 2886 5659 rerum
2922 5611 3098 5660 testes
3137 5613 3192 5661 et
3251 5604 3537 5673 conecios,
3570 5622 3683 5660 non

2092 5678 2215 5733 uasi
2245 5675 2586 5750 discipulos,
2633 5691 2891 5750 asserere
2923 5677 3202 5750 videatur.
3242 5679 3300 5732 ln
3357 5694 3471 5750 quo
3527 5685 3583 5732 et
3613 5678 3685 5732 ab

2092 5698 2215 5733 [1381
2245 5698 2586 5748 αιεοιρυιυδ,
2633 5698 2891 5731 asserere
2924 5698 3202 5733 VltlBﬂLUI‘.
3244 5698 3300 5732 In
3357 5698 3471 5750 quo
3527 5698 3583 5732 6L
3613 5698 3684 5732 8.0

2046 5698 2588 5824 grigenisplacito,
2632 5748 2802 5824 quod
2863 5748 3344 5824 impugnavimus
3395 5750 3466 5806 ad
3524 5749 3684 5824 hom.

2046 5817 2179 5898 ejus
2201 5817 2452 5894 23,jure
2503 5817 2824 5890 meritaque
2877 5817 3166 5879 dissentit.
3227 5822 3456 5896 Pugnat
3506 5822 3690 5881 enim-
