4332 6570
680 452 798 518 515

678 586 1045 659 propositum
1092 587 1351 641 veterum
1404 582 1751 639 saeculorum
1809 580 1946 637 olim
2008 581 2320 650 destinata,
2355 582 2408 648 Α

680 691 837 731 nunc
876 678 1284 731 consummata
1310 673 1543 731 videtur
1586 672 1645 726 in
1703 670 1951 726 Christo.
2013 669 2071 724 Si
2130 676 2326 724 autem

677 764 1104 838 principatibus
1134 768 1191 818 et
1225 762 1611 819 Potestatibus
1642 762 1699 816 in
1724 760 2069 830 ccelis,quas
2091 764 2326 815 sanctas

684 854 1106 925 ministrasque
1150 852 1252 908 Dei
1285 854 1543 924 accipere
1585 850 1868 905 debemus
1900 848 2059 918 (licet
2087 847 2330 920 quidam

679 943 1002 1015 principem
1037 942 1186 998 aeris
1239 941 1408 996 istius
1464 940 1683 1011 (Ep/ws.
1750 956 1811 1007 ιι,
1861 939 1915 1007 2)
1976 942 2032 992 et
2089 936 2327 1008 angelos

678 1034 806 1103 ejus
839 1029 1542 1103 interpretentur),ignota
1573 1028 1681 1083 fuit
1705 1026 2010 1098 multiplex
2038 1025 2325 1097 sapientia

677 1123 797 1192 Dei,
832 1140 957 1195 quis
1018 1136 1171 1176 nunc
1227 1119 1311 1173 eis
1367 1135 1471 1189 per
1526 1116 1847 1172 Ecclesiam
1908 1114 2163 1171 revelata
2214 1119 2322 1179 est,

677 1217 897 1284 quanto
929 1210 1115 1281 magis
1147 1206 1495 1280 patriarchis
1527 1210 1585 1262 et
1615 1205 1917 1278 prophetis
1958 1205 2159 1276 ignota
2194 1203 2322 1269 fuit,

676 1317 823 1371 quos
854 1315 1030 1370 supra
1065 1313 1178 1351 non
1213 1296 1515 1367 ignorasse
1548 1294 1893 1366 mysterium
1946 1292 2180 1357 Christi,
2219 1292 2321 1346 sed

680 1390 759 1443 ita
788 1393 851 1442 ut
878 1385 1171 1459 apostolos
1203 1383 1461 1439 nescisse
1492 1382 1949 1439 monstravimus
1981 1382 2007 1435 ?
2029 1380 2329 1452 Multiplex

677 1477 894 1549 quippe
912 1474 1201 1547 sapientia
1230 1472 1490 1543 Dei,quie
1520 1488 1790 1527 sermone
1821 1468 2325 1540 Grieco,7:o).o7:o€-

672 1566 853 1635 κιλος,
908 1570 964 1620 et
1018 1568 1084 1619 ut
1145 1564 1229 1618 ita
1298 1562 1511 1628 dicam,
1568 1561 1918 1630 multi/aria,
1978 1558 2326 1637 appellatur,

676 1673 777 1729 per
808 1653 1122 1711 Ecclesiam
1159 1651 1254 1706 Dei
1295 1666 1452 1705 nunc
1481 1654 1538 1705 et
1587 1649 2021 1721 principatibus
2080 1652 2134 1702 et
2168 1653 2325 1718 pote-

673 1745 926 1800 statibus
957 1740 1209 1797 revelata
1238 1744 1345 1795 est.
1370 1742 1556 1804 Quam
1580 1738 1722 1793 olim
1782 1738 1934 1793 Deus
1967 1738 2226 1792 futuram
2264 1736 2323 1791 in

675 1850 784 1889 ua
816 1837 1011 1887 mente
1042 1831 1394 1895 decreverat,
1428 1834 1484 1882 et
1513 1844 1669 1883 nunc
1700 1844 1827 1882 esse
1884 1827 2201 1898 perfectam
2256 1842 2324 1879 ex

675 1938 741 1977 eo
773 1921 928 1993 quod
958 1920 1248 1983 videmus,
1282 1917 1845 1988 agnoscimus.Crux
1875 1917 2073 1987 itaque
2105 1914 2320 1970 Christi

674 2028 792 2067 non
824 2009 1018 2065 solum
1048 2006 1346 2075 nobis,sed
1378 2009 1435 2061 et
1463 2004 1687 2077 angelis
1717 2006 2064 2076 cunctisque
2092 2004 2152 2059 in
2173 2002 2317 2058 cmlo

670 2098 988 2156 virtutibus
1023 2096 1262 2168 profuit,
1295 2100 1350 2150 et
1376 2095 1606 2166 aperuit
1664 2100 2100 2150 sacramentum
2162 2093 2312 2163 quod

675 2194 851 2245 antea
882 2187 1242 2243 nesciebant.
1279 2184 1538 2256 Denique
1576 2184 1645 2239 ad
1697 2184 1907 2239 coelum
1966 2184 2116 2240 595
2180 2198 2314 2237 cum

672 2294 911 2350 corpore
938 2276 1121 2332 Deum
1163 2278 1543 2329 revertentem
1579 2274 1891 2340 mirantur,
1950 2279 2007 2327 et
2065 2274 2267 2327 dicunt
2299 2288 2312 2326 :

673 2369 814 2439 Quis
844 2376 922 2422 est
952 2367 1055 2421 iste
1084 2365 1178 2435 qui
1233 2362 1479 2418 ascendit
1530 2362 1594 2418 de
1644 2364 1815 2418 Edom
1839 2380 1857 2417 :
1882 2362 2103 2433 [uivida
2162 2364 2317 2415 vesti-

678 2459 859 2511 menta
891 2456 1006 2526 ejus
1036 2470 1105 2509 ex
1132 2455 1318 2522 Basor,
1348 2455 1428 2507 sic
1458 2451 1567 2519 [ΑΙ.
1601 2453 1708 2521 hic]
1755 2452 2028 2521 formosus
2085 2442 2147 2506 in
2176 2452 2316 2505 stola

675 2544 917 2601 candida
949 2544 1072 2613 (Isa.
1125 2559 1282 2596 LXIII.
1344 2542 1451 2611 10).
1505 2542 1573 2595 Et
1621 2540 1677 2595 in
1739 2540 1851 2595 alio
1903 2540 2028 2595 loco
2064 2557 2075 2593 :
2112 2542 2217 2608 Qui
2240 2544 2318 2595 est

669 2637 770 2690 iste
798 2650 898 2689 rex
914 2634 1151 2704 gloriae?
1171 2632 1435 2686 Dominus
1466 2632 1735 2685 virtutum
1765 2631 1878 2701 ipse
1889 2640 1965 2685 est
1992 2647 2091 2684 rex
2119 2630 2317 2698 gloria?

672 2724 843 2795 (Psal.
877 2738 1039 2788 xxm,
1076 2720 1183 2791 10).
1222 2720 1344 2777 Non
1404 2724 1680 2790 putemus
1737 2719 1915 2790 igitur
1969 2718 2028 2773 in
2061 2718 2316 2773 Ecclesia

670 2829 799 2868 esse
830 2809 1157 2883 simplicem
1184 2809 1381 2875 ﬁdem,
1413 2809 1514 2863 sed
1549 2806 1933 2879 multiplicem
1966 2812 2023 2862 et
2054 2806 2313 2861 multifa-

672 2903 819 2957 riam
852 2917 982 2956 esse
1011 2898 1387 2969 sapientiam,
1420 2903 1484 2951 ut
1525 2913 1641 2951 non
1673 2896 1865 2952 solum
1892 2897 2053 2951 varia
2082 2896 2176 2962 sit,
2212 2896 2313 2951 sed

672 2989 860 3045 multa
889 2988 1171 3043 varietate
1201 2985 1496 3041 distincta.
1533 2985 1794 3056 Respicis
1835 3002 2019 3040 cunas
2046 2984 2259 3040 Christi
2297 3001 2310 3041 :

669 3078 799 3133 vide
832 3076 1049 3149 pariter
1078 3079 1137 3130 et
1165 3073 1376 3129 ccelum
1438 3076 1587 3143 (Luc.
1642 3089 1703 3139 ιι,
1762 3075 1934 3144 7-14).
1968 3073 2309 3145 Vagientem

668 3168 729 3222 in
760 3181 1017 3238 praesepe
1047 3163 1294 3218 intueris
1327 3163 1609 3217 infantem
1646 3180 1657 3215 :
1696 3162 1795 3217 sed
1850 3161 2087 3233 angelos
2133 3160 2310 3217 simul

666 3254 937 3311 ausculta
982 3253 1289 3309 laudantes
1329 3251 1533 3323 (lbid.).
1613 3251 1867 3306 Herodes
1918 3250 2308 3322 persequitur,

1919 453 1984 513 S.
2032 449 2343 512 EUSEBII
2391 450 2838 511 HIERONYMI

3858 492 3873 501 ς
3966 450 4076 514 516

2513 580 2678 652 (Vers
2736 581 2848 652 42.)
2882 603 2908 631 ‹‹
2943 584 3007 636 In
3059 598 3173 653 quo
3231 580 3517 636 habemus
3576 577 3852 635 ﬁduciam
3910 586 3965 637 et
3993 600 4079 640 ac-

2440 687 2670 726 cessum
2722 670 2779 725 in
2838 671 3189 726 conﬁdentia
3245 687 3347 742 per
3398 670 3573 725 ﬁdem
3643 666 3791 740 ejus.
3848 693 3875 720 »
3925 671 4073 729 Nihil

2440 760 2610 815 nobis
2640 760 2723 814 ita
2753 764 2942 831 potest
2975 760 3045 814 ad
3105 760 3290 814 Deum
3350 760 3604 831 praebere
3661 760 3961 829 ﬁduciam,
4019 767 4074 819 et

2440 848 2805 902 conscientiae
2863 849 3174 919 puritatem
3235 849 3304 903 de
3349 865 3465 919 qua
3537 848 3796 904 dicitur:
3836 850 3897 905 Si
3947 866 4071 906 con-

2436 940 2661 992 scientia
2692 954 2789 992 nos
2809 954 2918 991 non
2950 938 3357 1008 reprehenderit
3400 938 3792 1008 conﬁdentiam
3820 939 4069 996 habemus

2438 1026 2515 1080 ad
2549 1028 2715 1081 Deum
2772 1026 2820 1096 (I
2869 1028 3024 1081 Joan.
3080 1043 3163 1092 III,
3216 1027 3328 1097 21),
3390 1026 3501 1081 nisi
3562 1043 3778 1091 sermo,
3837 1028 4064 1095 veritas,

2439 1115 2742 1186 sapientia,
2787 1116 3042 1185 justitia,
3103 1132 3230 1187 quae
3282 1116 3480 1171 omnia
3536 1115 3949 1188 intelliguntur
4012 1117 4067 1172 in

2438 1204 2664 1259 Christo
2695 1204 2742 1275 (Ι
2773 1207 2900 1259 Cor.
2936 1222 2971 1272 1,
3024 1206 3134 1270 30).
3168 1205 3467 1268 Quomodo
3530 1204 3709 1277 igitur
3752 1205 3873 1260 haec
3908 1206 4067 1261 nobis

2438 1292 2705 1347 tribuunt
2738 1293 3013 1348 ﬁduciam
3046 1294 3114 1348 ad
3180 1299 3395 1348 Deum:
3431 1293 3513 1349 sic
3542 1297 3600 1348 et
3655 1310 3978 1363 accessum,
4009 1300 4071 1350 ut

2443 1385 2644 1437 noster
2674 1382 2744 1436 ad
2778 1399 2911 1438 eum
2939 1398 3149 1437 sensus
3178 1383 3435 1452 accedat,
3468 1387 3525 1437 et
3554 1381 3899 1453 diligentius
3932 1399 4064 1438 con-

2441 1469 2763 1542 templetur
2792 1476 2851 1527 et
2880 1470 3099 1542 aliquid
3148 1472 3258 1526 sibi
3311 1471 3380 1526 de
3412 1473 3539 1542 ejus
3570 1473 3879 1542 majestate
3906 1490 4071 1528 assu-

2440 1565 2561 1614 mat
2591 1565 2647 1613 et
2675 1559 2947 1622 vindicet,
2982 1567 3039 1616 et
3083 1561 3249 1632 quasi
3296 1562 3365 1615 de
3421 1559 3598 1615 radiis
3656 1560 3795 1616 solis
3830 1561 4071 1617 colorem

2438 1650 2750 1720 quemdam
2786 1649 3273 1721 splendoremque
3304 1649 3545 1705 luminis
3576 1655 3879 1705 mutuetur
3903 1656 3958 1705 et
3986 1650 4075 1705 di-

2435 1739 2527 1789 cat
2558 1752 2569 1790 :
2600 1738 2887 1805 Signatum
2916 1740 2993 1791 est
3016 1738 3169 1793 596
3199 1754 3364 1808 super
3391 1754 3486 1793 nos
3518 1738 3702 1793 lumen
3748 1739 3932 1793 vultus
3968 1740 4069 1806 tui,

2435 1825 2660 1879 Domine
2688 1826 2949 1896 (Psal.1v,
2982 1827 3057 1893 7).
3090 1826 3365 1898 Magnum
3397 1832 3485 1882 est
3542 1844 3678 1898 ergo
3737 1845 3854 1883 non
3886 1827 4070 1883 solum

2434 1929 2540 1968 nos
2570 1913 2785 1969 habere
2834 1915 3127 1983 ﬁduciam,
3190 1917 3290 1970 sed
3350 1916 3527 1971 etiam
3586 1916 3802 1972 habere
3861 1934 3987 1973 eam
4015 1916 4072 1973 in

2429 2003 2797 2058 conﬁdentia.
2834 2003 2947 2059 Nec
2979 2008 3208 2059 tantum
3249 2004 3461 2060 habere
3518 2023 3849 2073 accessum,
3879 2008 3977 2063 sed
4010 2011 4073 2063 ut

2429 2091 2552 2162 ipse
2584 2092 2805 2147 ﬁrmior
2834 2092 2909 2147 sit
2940 2109 3231 2158 accessus,
3282 2093 3494 2149 habere
3544 2093 3711 2150 illum
3771 2095 3832 2150 in
3893 2096 4067 2152 conﬁ-

2427 2179 2642 2250 dentia,
2675 2182 2843 2251 cujus
2874 2181 3095 2236 ﬁduciae
3137 2185 3311 2253 atque
3368 2199 3661 2253 accessus,
3707 2183 4061 2257 principium

2427 2269 2692 2341 etorigo,
2729 2270 2870 2324 ﬁdes
2922 2271 2978 2325 in
3038 2269 3263 2325 Christo
3314 2276 3421 2326 est.
3474 2272 3582 2336 Qui
3636 2272 3817 2344 igitur
3877 2274 4073 2329 omnia

2427 2358 2649 2413 ratione
2680 2364 2737 2413 et
2770 2358 2974 2414 ordine
3036 2360 3189 2427 iacit,
3243 2359 3352 2415 iste
3410 2362 3595 2416 credit
3654 2362 3712 2416 in
3770 2361 4073 2418 Christum

2426 2464 2755 2502 sermonem
2788 2452 2963 2519 atque
2988 2448 3272 2505 rationem
3311 2468 3323 2505 :
3352 2450 3453 2521 qui
3486 2451 3837 2523 sapientiam
3872 2457 4078 2525 potue-

2427 2535 2499 2590 rit
2521 2537 3036 2608 comprehendere,
3061 2539 3242 2593 credit
3266 2539 3325 2594 in
3358 2539 3651 2595 Christum
3686 2540 4072 2613 sapientiam:

2428 2624 2527 2696 qui
2611 2624 2959 2680 intellexerit
3015 2627 3341 2695 veritatem,
3376 2630 3557 2685 credit
3640 2630 3697 2685 in
3775 2631 4078 2688 Christum

2422 2713 2726 2768 veritatem
2788 2716 2887 2785 qui
2930 2716 3092 2785 justo
3146 2716 3370 2783 vixerit,
3429 2719 3611 2774 credit
3664 2719 3722 2773 in
3789 2736 3934 2775 eum
3985 2721 4079 2792 ju-

2424 2801 2664 2857 stitiam.
2698 2803 2812 2857 Nec
2843 2820 2991 2875 opus
3021 2810 3109 2859 est
3139 2805 3313 2876 plura
3372 2807 3586 2876 dicere,
3634 2824 3768 2863 cum
3802 2810 4075 2883 frequen-

2422 2895 2509 2945 ter
2542 2891 2683 2946 mihi
2715 2893 3033 2948 necessitas
3067 2894 3398 2950 incubuerit
3427 2896 3498 2951 de
3528 2896 3756 2953 Christo
3789 2898 4071 2955 similiter

2424 2979 2773 3037 disserendi.

2493 3068 2678 3140 (Vers.
2705 3070 2814 3141 13.)
2848 3094 2875 3120 ‹‹
2908 3075 3150 3143 PrOpter
3180 3073 3335 3144 quod
3369 3078 3498 3146 peto
3558 3091 3629 3131 ne
3686 3075 3978 3133 deﬁciatis
4005 3078 4063 3133 in

2422 3157 2897 3215 tribulationibus
2932 3162 3075 3215 meis
3132 3179 3235 3232 pro
3290 3164 3480 3230 vobis,
3538 3181 3668 3236 qua:
3727 3170 3816 3221 est
3875 3167 4063 3239 gloria

2422 3252 2612 3303 vestra
2642 3271 2668 3298 »
2702 3250 2760 3303 Id
2796 3251 2945 3318 quod
2979 3267 3134 3306 nunc
3168 3251 3409 3308 Latinus
3440 3253 3755 3311 translator
3777 3256 4067 3328 expressit

668 3343 769 3398 sed
804 3341 1049 3397 adorant
1079 3339 1233 3411 magi
1264 3338 1469 3410 (Matth.
1506 3356 1567 3408 ιι,
1620 3340 1726 3407 16).
1789 3339 2065 3411 Ignorant
2114 3338 2310 3393 Phari-
2342 3326 2383 3392 C
2422 3355 2492 3392 ne
2517 3338 2805 3406 deﬁciatis,
2840 3344 3031 3411 potest
3063 3342 3230 3410 juxta
3258 3342 3436 3397 Grieci
3470 3344 3759 3399 sermonis
3782 3326 4068 3417 ambigui-

668 3431 789 3498 sisi,
840 3431 938 3486 sed
999 3428 1167 3485 stella
1223 3429 1587 3484 demonstrat
1641 3427 1833 3500 (Ibid.)
1890 3426 2223 3499 Baptizatur
2280 3444 2313 3482 a

668 3537 835 3577 servo
871 3536 882 3575 :
918 3519 1014 3575 sed
1068 3536 1175 3573 vox
1235 3508 1634 3589 desuper‘Dei
1694 3516 2017 3571 intonantis
2074 3517 2315 3572 auditur

668 3609 873 3683 (Matth.
906 3625 991 3664 ιιι.
1020 3608 1105 3677 16,
1142 3608 1249 3672 17).
1295 3606 1479 3678 Aquis
1524 3606 1811 3678 mergitur
1842 3622 1855 3660 :
1887 3607 1986 3661 sed
2041 3605 2313 3661 columba

670 3697 990 3765 descendit,
1026 3696 1142 3750 imo
1202 3694 1456 3767 Spiritus
1509 3695 1567 3749 in
1627 3694 1898 3749 columba
1956 3695 2166 3765 (Ibid).
2228 3695 2311 3749 Ad

675 3785 1010 3859 passionem
1040 3784 1197 3838 venit
1227 3789 1281 3838 et
1313 3783 1431 3854 pati
1462 3784 1652 3850 timet,
1684 3782 1808 3837 vult
1857 3783 2109 3837 transire
2167 3783 2311 3837 cali-

676 3889 827 3943 cem,
858 3876 915 3929 et
968 3876 1203 3927 Petrum
1261 3870 1400 3941 quia
1454 3870 1694 3925 calicem
1750 3870 2012 3939 timebat,
2077 3874 2316 3926 accusat

674 3962 884 4034 (Matth.
915 3978 1066 4025 xxvr,
1098 3961 1165 4014 37
1195 3976 1367 4032 seqq.;
1396 3970 1509 4030 XVI,
1540 3961 1756 4031 21-23).
1819 3958 1964 4023 Quid
2024 3958 2131 4014 hac
2170 3958 2313 4014 stul-

675 4052 805 4109 titia
851 4050 1220 4124 prudentius,
1284 4050 1556 4106 varietate
1608 4049 1969 4115 dictinctius,
2028 4036 2329 4119 sapientia'

669 4141 999 4208 obscurius,
1032 4156 1211 4212 quam
1242 4139 1376 4195 fecit
1431 4140 1585 4195 Deus
1616 4139 1672 4193 in
1732 4138 1960 4193 Christo
2017 4138 2157 4193 Jesu
2211 4137 2315 4192 Do-

670 4231 827 4287 mino
860 4234 1058 4286 nostro
1088 4230 1114 4284 ‘I
1146 4229 1296 4285 Licet
1351 4227 1506 4284 enim
1549 4246 1583 4283 a
1638 4226 1932 4298 plerisque
1987 4226 2311 4281 secundum

669 4322 935 4376 ordinem
959 4320 1421 4390 juncturamque
1454 4315 1765 4385 sermonis,
1798 4321 1853 4369 et
1878 4314 2132 4369 Ecclesia
2161 4315 2314 4370 facta

666 4408 914 4481 intelligi
947 4408 1153 4480 possit,
1186 4411 1243 4462 et
1272 4403 1547 4480 πρόθεσις,
1581 4404 1636 4458 id
1665 4409 1753 4458 est
1782 4404 2095 4474 propositio,
2135 4421 2312 4474 quam

670 4514 776 4553 nos
804 4513 1013 4569 genere
1045 4494 1296 4550 neutrali
1330 4495 1387 4549 in
1425 4493 1629 4548 Latino
1663 4509 1931 4548 sermone
1977 4495 2315 4565 propositum

672 4585 959 4640 habemus
1014 4600 1393 4655 expressam:
1429 4588 1624 4637 tamen
1676 4582 1964 4654 sapientia
2021 4583 2209 4655 magis
2253 4584 2313 4638 in

677 4672 908 4728 Christo
942 4674 1089 4727 facta
1122 4676 1313 4743 potest
1343 4688 1612 4728 resonare
1642 4689 1818 4743 quam
1850 4674 2316 4727 caeterafatuum

681 4764 883 4834 quippe
935 4762 1033 4817 Dei
1057 4763 1363 4834 sapientius
1418 4770 1497 4818 est
1553 4762 1866 4817 hominibus
1894 4763 1941 4832 (1
1971 4762 2092 4817 Cor.
2126 4780 2162 4830 1,
2195 4763 2309 4829 25).

668 4851 829 4915 Quod
864 4852 912 4906 si
969 4851 1028 4905 in
1086 4851 1312 4907 Christo
1365 4852 1693 4907 secundum
1767 4852 2041 4922 mysticos
2095 4851 2315 4907 intelle-

668 4945 799 5005 ctus
829 4936 1043 4997 dicitur
1074 4941 1225 4996 facta
1250 4941 1557 5013 sapientia,
1591 4939 1921 5012 intelligant
1962 4941 2154 4995 Ariani
2195 4943 2313 4995 fru-

669 5035 790 5085 stra
818 5046 880 5085 se
910 5030 983 5085 de
1012 5029 1111 5085 illo
1143 5030 1500 5085 testimomio
1526 5028 1761 5102 gloriari
1788 5029 1845 5082 in
1880 5046 1994 5100 quo
2026 5030 2314 5101 sapientia

668 5120 726 5175 in
758 5119 927 5175 initio
957 5119 1182 5175 viarum
1210 5119 1305 5174 Dei
1326 5124 1573 5175 creatam
1595 5136 1656 5173 se
1674 5112 1743 5172 'et
1763 5118 2021 5190 genitam
2053 5117 2315 5190 loquitur

667 5212 723 5264 et
754 5208 1059 5264 fundatam
1091 5208 1278 5279 (Eccli.
1310 5224 1419 5275 xw,
1455 5208 1562 5278 14).
1617 5206 1682 5260 Et
1740 5207 1939 5277 utique
1979 5207 2151 5277 juxta
2180 5206 2311 5263 illos

665 5302 856 5353 creata
887 5302 997 5365 est,
1034 5302 1171 5353 nata
1199 5313 1325 5352 esse
1379 5314 1492 5352 non
1557 5296 1761 5367 potuit.
1820 5295 1875 5350 Si
1928 5301 2123 5350 autem
2176 5302 2313 5352 nata

663 5392 753 5443 est
781 5388 1077 5459 quomodo
1106 5392 1164 5443 et
1196 5387 1439 5442 fundata
1469 5384 1686 5441 dicitur
1716 5388 1774 5439 et
1802 5388 1995 5439 creata
2029 5387 2050 5439 Ρ

665 5578 796 5637 vero
814 5580 963 5637 cum
996 5565 1304 5637 Scriptura:
1337 5580 1511 5637 sacras
1546 5561 2124 5637 testimoniisputare
2148 5564 2310 5637 prius

668 5632 1006 5708 hominibus
1041 5632 1218 5708 quam
1251 5635 1475 5708 angelis
1514 5634 1832 5690 revelatum
1890 5632 2310 5692 incarnationis

667 5706 1074 5788 mysteriumf
1093 5706 1432 5782 quanquam
1466 5709 1750 5787 bonorum
1805 5722 1935 5788 quae
1976 5722 2138 5788 eaeo
2170 5724 2308 5788 con:

667 5775 837 5851 sequi
866 5775 1175 5849 debebant,
1225 5775 1290 5841 ut
1334 5784 1425 5840 est
1472 5775 1869 5839 conversionis
1917 5777 2183 5855 gentium
2235 5780 2308 5839 ad

2420 3431 2598 3482 tatem
2631 3433 2686 3483 et
2744 3429 2824 3483 ita
2871 3429 3000 3499 legi,
3064 3446 3128 3486 ne
3184 3431 3457 3501 deﬁciam.
3532 3432 3606 3488 Ut
3663 3434 3741 3489 sit
3800 3451 4063 3501 sensus:

2420 3518 2650 3584 Pr0pter
2705 3517 2844 3589 quod
2889 3526 3013 3587 peto
3064 3536 3132 3573 ne
3178 3519 3430 3590 deficiam
3505 3524 3565 3576 in
3608 3523 4064 3579 tribulationibus

2421 3608 2556 3660 meis
2585 3622 2680 3676 pro
2712 3607 2876 3671 vobis,
2911 3613 3018 3662 etc.
3071 3608 3187 3662 Hoc
3230 3613 3317 3664 est
3360 3627 3495 3681 ergo
3544 3612 3701 3682 quod
3746 3612 4065 3685 Apostolus

2422 3699 2606 3763 rogat,
2640 3699 2695 3748 et
2724 3712 2756 3748 a
2791 3696 3029 3749 Domino
3063 3712 3412 3766 magnopere
3456 3698 3819 3768 deprecatur,
3856 3719 3926 3756 ne
3960 3702 4060 3757 de-

2425 3780 2579 3834 ﬁciat
2607 3780 2663 3833 in
2693 3783 2982 3849 pressaris
3014 3782 3156 3835 suis.
3185 3781 3430 3838 Videbat
3451 3785 3667 3856 quippe
3698 3805 3760 3843 se
3791 3790 3860 3843 de
3888 3793 4064 3845 Jeru-

2422 3867 2603 3923 salem
2638 3884 2822 3938 usque
2853 3870 2920 3922 ad
2958 3869 3253 3940 Illyricum
3288 3872 3657 3943 Evangelium
3692 3878 4070 3946 praedicasse,

2424 3956 2539 4010 isse
2568 3955 2835 4024 Romam,
2868 3957 2939 4010 ad
2976 3955 3300 4028 Hispanias,
3334 3958 3419 4012 vel
3480 3962 3821 4031 porrexisse,
3855 3965 3945 4019 vel
3981 3968 4070 4022 ire

2422 4044 2729 4115 disponere
2760 4043 2929 4114 (Rom.
2963 4061 3054 4111 xv,
3091 4045 3298 4116 19-25).
3332 4046 3510 4102 Totus
3568 4050 3824 4105 mundus
3854 4052 3925 4105 ad
3962 4055 4071 4109 do-

2423 4133 2669 4188 ctrinam
2703 4132 2889 4203 ipsius
2920 4135 2987 4188 de
3021 4138 3303 4204 potestate
3358 4136 3639 4208 principis
3691 4138 4017 4196 tollebatur
4057 4159 4072 4199 :

2420 4222 2842 4277 deserebantur
2870 4221 3044 4287 idola,
3078 4228 3133 4278 et
3163 4223 3490 4282 cultoribus
3546 4228 3770 4299 templa
3829 4229 4072 4288 deserta

2423 4309 2692 4382 squalore
2749 4316 2805 4366 et
2869 4313 3142 4367 sordibus
3248 4313 3639 4386 replebantur.
3732 4318 3815 4373 Ob
3884 4335 4074 4390 quam

2422 4418 2661 4456 causam
2694 4402 2887 4458 omnis
2937 4405 3228 4459 exercitus
3279 4406 3612 4462 daemonum
3665 4408 3857 4464 omnis
3894 4410 4075 4466 turba

2426 4491 2794 4547 inimicarum
2822 4493 3468 4561 fortitudinum,contra
3487 4495 3682 4567 ipsum
3710 4496 3857 4552 facto
3881 4514 4073 4555 cuneo

2423 4581 2742 4636 dimicabat
2774 4586 2856 4650 ut,
2890 4598 2993 4653 per
3021 4582 3431 4639 tribulationes
3461 4589 3517 4639 et
3545 4585 4071 4658 angustias,Evan-

2348 4695 2392 4759 D
2423 4670 2640 4743 gelium
2691 4671 2903 4727 Christi
2949 4672 3241 4727 desineret
3294 4673 3627 4744 praedicare,
3659 4680 3715 4730 et
3736 4674 3929 4732 lassus
3961 4674 4072 4731 ali-

2425 4761 2659 4832 quando
2709 4760 3114 4832 requiesceret.
3192 4761 3307 4817 Hoc
3358 4766 3445 4817 est
3506 4763 3702 4836 itaque
3750 4765 3904 4836 quod
3937 4765 4069 4821 ait:

2425 4852 2550 4905 Pelo
2580 4866 2648 4905 ne
2677 4849 2933 4919 deﬁciam
2962 4853 3023 4905 in
3074 4851 3526 4922 trzbulationiqus
3572 4855 3712 4908 meis
3763 4870 3861 4925 pro
3919 4854 4073 4909 vobis

2419 4939 2628 4994 Totum
2659 4938 2812 4993 enim
2846 4940 2999 5010 quod
3033 4940 3401 5011 patior,quod
3434 4942 3700 5013 tribulor,
3727 4944 3881 5013 quod
3906 4959 4070 4999 coar~

2423 5033 2565 5093 ctor,
2592 5032 2793 5083 vestrae
2821 5027 3089 5083 salutatis
3119 5033 3209 5084 est
3238 5046 3436 5096 causa,
3503 5031 3643 5085 dum
3687 5031 3849 5086 vobis
3880 5032 4074 5087 Evan-

2423 5116 2565 5172 lium
2588 5117 2938 5173 annuntiare
2968 5117 3256 5173 desidero:
3291 5136 3417 5189 qua:
3462 5118 3871 5177 tribulationes
3902 5138 4069 5178 mets:

2421 5211 2613 5262 vestra
2637 5211 2725 5261 est
2754 5206 2961 5278 gloria.
3023 5210 3201 5262 Porro
3255 5208 3422 5278 quasi
3476 5208 3785 5280 imperitus
3834 5209 4074 5266 locutus

2421 5302 2529 5363 est,
2592 5302 2656 5351 ut
2714 5295 2923 5367 plurali
2991 5296 3435 5351 tribulationum
3496 5316 3765 5366 numero,
3817 5298 4072 5371 gloriam

2420 5385 2805 5457 subjungeret
2839 5384 3199 5455 singularem
3230 5390 3288 5440 et
3335 5386 3554 5443 diceret
3587 5406 3599 5444 :
3631 5390 3691 5443 In
3743 5388 4074 5444 tribulatio-

2422 5565 2618 5631 ﬁdem,
2681 5562 2795 5616 fere
2837 5560 3076 5634 nullam
3146 5565 3536 5634 cognitionem
3596 5566 3873 5621 habuisse
3935 5565 4072 5622 illos

2420 5636 2592 5711 liceat
2622 5633 2846 5711 opinari
2884 5650 2895 5686 :
2931 5634 3104 5711 idqu‘e
3135 5633 3321 5711 genus
3354 5654 3422 5693 ea
3451 5655 3601 5705 esse,
3636 5640 3693 5694 in
3725 5638 3944 5710 quibus
3964 5654 4071 5711 per

2420 5706 2635 5765 Christi
2668 5709 2915 5761 mortem
2949 5706 3317 5777 profecerint.
