4332 6616
348 446 461 508 517

1005 444 1520 512 COMMENTAR.
1566 449 1645 510 ΙΝ
1688 448 1942 512 EPIST.
1989 452 2093 511 AD
2137 452 2415 513 EPHES.
2461 454 2609 514 LIB.
2656 453 2735 525 II,
2781 452 2953 515 CAP.
2998 452 3104 514 lll.

3643 457 3763 516 5l8

347 583 511 638 nibus
536 584 674 639 meis
702 596 798 655 pro
827 581 994 650 vobis,
1044 598 1162 653 qum
1215 590 1294 638 est
1336 582 1521 651 gloria
1566 591 1766 649 vestra,
1802 598 1904 655 pro
1937 599 2004 638 eo
2033 583 2088 649 Α
2118 583 2249 638 Nolo
2289 601 2382 640 vos
2425 587 2704 653 ignorare,
2753 589 2983 657 [ratres,
3030 586 3099 642 de
3147 586 3507 642 tribulatione
3550 590 3760 662 nostra,

352 671 507 743 quod
536 676 647 737 est,
679 686 803 743 quae
829 679 959 727 sunt
988 672 1368 727 tribulationes
1396 672 1581 742 gloria
1626 668 1807 727 vestra
1838 689 1857 726 :
1890 671 2002 726 nisi

350 761 499 816 forte
529 762 660 834 quis
692 760 867 816 altius
913 764 971 815 et
1022 777 1126 833 per
1172 760 1558 833 hyperbaton,
1590 761 1678 816 vel
1730 762 1798 816 ad
1856 761 2004 816 ﬁdu-

350 850 522 919 ciam,
555 848 641 905 vel
672 850 742 905 ad
776 865 1099 918 accessum,
1131 849 1219 905 vel
1253 851 1323 905 ad
1358 850 1532 906 ﬁdem
1562 850 1673 906 hoc
1712 850 2009 916 existimet

350 955 477 995 esse
507 938 961 1006 referendum,et
981 938 1221 1009 dicat,in
1249 955 1364 1010 quo
1388 938 1678 995 habemus
1702 940 2004 1008 ﬁduciam,

351 1028 498 1085 597
522 1032 918 1097 etaccessum,
955 1031 1011 1084 et
1051 1027 1249 1082 ﬁdem.
1280 1028 1414 1091 Quae
1465 1028 1699 1095 ﬁducia,
1736 1045 2006 1083 accessus

351 1122 407 1173 et
435 1117 600 1186 ﬁdes,
631 1121 828 1173 vestra
865 1121 955 1173 est
1004 1114 1211 1188 gloria.
1247 1115 1357 1171 Sed
1390 1115 1580 1188 magis
1611 1116 1878 1189 superior
1908 1133 2003 1172 se-

354 1207 601 1263 ctandus
626 1210 717 1263 est
738 1205 1174 1264 sensus.Potest
1194 1209 1391 1261 autem
1415 1205 1742 1261 secundum
1766 1205 1823 1260 id
1849 1206 2004 1277 quod

347 1294 588 1351 Latinus
617 1294 946 1368 expressit:
993 1299 1220 1365 Propter
1260 1293 1400 1363 quod
1441 1296 1569 1365 peto
1616 1310 1687 1350 ne
1735 1294 2007 1365 deﬁciatis

349 1386 407 1439 in
464 1384 916 1441 tribulationibus
958 1385 1097 1440 meis
1143 1399 1245 1455 pro
1294 1384 1463 1451 vobis,
1514 1398 1641 1454 quae
1692 1387 1773 1439 est
1820 1384 2007 1452 gloria

344 1478 548 1545 vestra,
579 1473 725 1529 illud
758 1473 965 1546 exponi
998 1473 1153 1545 quod
1187 1488 1288 1544 pro
1321 1472 1595 1545 Ephesiis
1627 1477 1808 1545 petat,
1843 1488 1914 1527 ne
1944 1473 2003 1527 in

349 1562 643 1635 pressuris
670 1561 929 1635 Apostoli
968 1559 1295 1616 lassescant
1341 1565 1515 1632 atque
1567 1561 1862 1617 deﬁciant.
1915 1562 2003 1617 Si-

349 1652 585 1724 quidem
634 1656 692 1707 et
738 1668 806 1706 ea
851 1667 976 1722 qua:
1011 1655 1361 1722 sequuntur,
1390 1650 1530 1706 huic
1579 1651 1777 1707 sensui
1811 1651 2005 1723 magis

347 1744 678 1812 congruunt
709 1756 722 1794 :
754 1740 1045 1809 Propterea
1072 1755 1237 1795 curvo
1264 1756 1446 1810 genua
1488 1756 1610 1796 mea
1653 1739 1724 1795 (ιτί
1774 1741 2003 1795 Patrem

350 1830 575 1885 Domini
600 1830 785 1885 nostri
809 1833 942 1886 Jesu
991 1828 1213 1895 Christi,
1256 1831 1317 1883 ut
1366 1829 1457 1885 det
1510 1829 1661 1884 vobis
1709 1828 2006 1885 secundum

350 1918 577 1974 divitias
611 1918 802 1990 gloriae
848 1932 967 1975 suae
1010 1919 1214 1973 virtute
1258 1919 1562 1989 confortari
1589 1918 1749 1990 (vers.
1787 1918 2002 1991 14-16).

350 2006 755 2063 Necessarium
786 2005 1005 2079 quippe
1036 2006 1332 2062 habebant
1364 2006 1787 2072 fortitudinem,
1822 2023 1894 2062 ne
1943 2006 2003 2062 in

350 2095 840 2152 tribulationibus
896 2095 1281 2152 vincerentur.
1347 2095 1513 2150 Dicat
1578 2094 1792 2167 aliquis
1864 2114 1876 2151 :
1946 2096 2002 2150 Si

350 2186 604 2243 fuissent
632 2185 844 2258 Ephesi
872 2185 929 2240 in
963 2185 1256 2258 angustiis
1299 2184 1622 2252 constituti,
1657 2191 1810 2241 recte
1860 2190 2006 2242 Pau-

350 2276 448 2332 lus
486 2292 590 2347 pro
613 2274 698 2331 eis
720 2278 990 2348 potuerat
1034 2274 1355 2347 deprecari,
1392 2290 1460 2329 ne
1489 2274 1805 2330 deﬁcerent
1829 2281 2006 2348 atque

358 2365 779 2421 lassescerent:
814 2379 971 2419 nunc
1017 2378 1153 2418 vero
1208 2361 1518 2418 ridiculum
1570 2368 1677 2429 est,
1727 2362 1904 2420 Paulo
1945 2364 2005 2419 in

358 2452 844 2510 tribulationibus
889 2451 1098 2525 posito,
1132 2468 1336 2524 rogare
1379 2468 1516 2506 eum
1566 2468 1638 2507 ne
1684 2452 1893 2524 Ephesi
1947 2453 2006 2508 in

361 2559 469 2600 suo
500 2542 698 2599 labore
730 2541 1142 2598 deﬁciant.Sed
1165 2546 1221 2597 et
1237 2540 1309 2595 ad
1341 2540 1492 2596 hanc
1522 2541 2007 2613 quaestiunculam

360 2631 816 2703 dissolvendam,
852 2629 994 2686 illud
1026 2635 1295 2686 sumetur
1325 2629 1656 2701 exemplum
1696 2649 1708 2686 :
1748 2632 2012 2688 Tentatio-

358 2738 489 2778 nem
551 2722 787 2778 vestram
833 2722 894 2777 in
941 2736 1105 2776 carne
1159 2735 1282 2775 mea
1323 2735 1436 2776 non
1475 2721 1781 2790 sprevistis,
1839 2736 2014 2792 neque

360 2811 641 2882 abjecistis
687 2810 890 2881 (Galat.
947 2826 1024 2867 IV.
1072 2808 1182 2879 13).
1235 2808 1573 2864 Ostenditur
1616 2808 1905 2881 siquidem
1949 2811 2009 2866 in

361 2900 473 2956 hoc
507 2900 682 2972 dicto,
716 2899 871 2973 quod
903 2900 963 2954 in
994 2912 1169 2954 carne
1195 2896 1359 2953 Pauli
1390 2896 1521 2954 aliis
1551 2899 1629 2953 sit
1661 2903 1799 2954 nata
1827 2903 2013 2955 tenta-

361 2988 464 3046 tio.
497 2989 948 3046 Consideremus
977 2986 1159 3044 totius
1191 2987 1395 3043 mundi
1428 2986 1698 3043 homines
1749 2988 1828 3059 (et
1871 2988 2010 3060 quid

362 3078 423 3134 in
452 3094 761 3151 commune
810 3077 882 3133 de
926 3077 1203 3133 omnibus
1233 3074 1460 3149 loquor,
1493 3092 1592 3132 eos
1622 3076 1724 3148 qui
1754 3076 1814 3132 in
1846 3077 2012 3133 Chri-

366 3172 522 3224 stum
552 3172 837 3241 putantur
865 3166 1559 3238 eredere,discutiamus),
1594 3170 1651 3221 et
1681 3165 2014 3223 videbimus

2116 688 2239 744 quae
2292 676 2440 744 facta
2495 678 2569 730 est
2622 676 2679 728 in
2727 676 2878 740 Asia,
2927 677 3060 746 quia
3104 692 3264 748 super
3305 675 3546 743 modum,
3599 692 3766 748 super
3830 668 3839 675 ”

2112 763 2371 817 virtutem
2437 765 2721 834 aggravati
2796 780 3006 831 sumus,
3062 764 3139 819 ita
3216 768 3276 819 ut
3356 764 3766 835 desperaremus

2113 852 2281 906 etiam
2325 853 2520 918 vivere,
2570 852 2663 907 sed
2717 853 2825 923 ipsi
2872 854 2929 907 in
2979 853 3387 924 nobismetipsis
3447 869 3766 925 responsum

2113 942 2307 995 mortis
2334 941 2643 1011 habuimus,
2672 951 2730 996 ut
2758 958 2863 996 non
2900 942 3224 1012 conﬁdentes
3273 958 3507 997 essemus
3556 943 3621 998 in
3664 958 3766 999 n0-

2110 1030 2217 1099 bis,
2248 1030 2343 1083 sed
2374 1032 2432 1084 in
2462 1031 2560 1084 Deo
2590 1032 2692 1101 qui
2719 1033 2951 1086 suscitat
2991 1035 3253 1102 mortuos,
3304 1032 3402 1102 qui
3447 1030 3514 1086 de
3564 1031 3767 1087 talibus

2113 1119 2381 1173 mortibus
2422 1118 2674 1174 liberavit
2722 1135 2837 1185 nos,
2881 1128 2930 1175 et
2978 1120 3233 1175 liberat:
3262 1136 3540 1190 speramus
3582 1123 3769 1176 autem

2115 1208 2245 1277 quia
2275 1213 2328 1261 et
2358 1207 2700 1263 liberaturus
2750 1210 2819 1263 sit
2868 1210 2941 1279 (II
2989 1209 3109 1263 Cor.
3162 1225 3205 1275 ι,
3245 1209 3430 1276 8ί10).
3471 1212 3767 1274 Quantum

2114 1300 2288 1367 putas
2318 1312 2452 1351 eum
2484 1296 2934 1351 tribulationum
2968 1297 3198 1368 pondus
3231 1299 3500 1369 urgebat,
3534 1303 3598 1352 ut
3619 1298 3771 1355 dice-

2115 1390 2202 1439 ret
2232 1401 2244 1439 :
2282 1385 2387 1452 Qui
2415 1385 2482 1440 de
2510 1388 2685 1441 tantis
2714 1390 2766 1441 et
2793 1387 2996 1441 talibus
3034 1388 3302 1441 mortibus
3334 1387 3587 1442 liberavit
3629 1390 3769 1443 nos?

2117 1474 2289 1529 Recte
2319 1475 2499 1546 igitur
2528 1477 2690 1547 petit,
2723 1492 2795 1530 ne
2825 1476 3056 1532 deﬁciat
3088 1476 3231 1531 ﬁdes
3283 1475 3669 1547 Ephesiorum
3705 1476 3765 1531 in

2115 1562 2408 1634 pressuris
2438 1564 2563 1619 suis
2596 1568 2772 1635 atque
2806 1564 3114 1636 angustiis,
3149 1582 3297 1636 quas
3328 1569 3634 1636 propterea
3663 1582 3765 1638 pa-

2113 1652 2276 1719 titur,
2311 1653 2451 1723 quia
2483 1652 2748 1724 Ephesiis
2796 1653 3171 1725 Evangelium
3224 1654 3594 1725 praedicabat.
3630 1654 3764 1718 Quae

2115 1740 2352 1812 quidem
2385 1758 2673 1812 pressurae
2707 1743 2862 1813 apud
2892 1741 3197 1797 incedulos
3229 1759 3409 1814 poenae
3441 1743 3763 1814 sunt,apud

2115 1829 2317 1885 ﬁdeles
2348 1829 2534 1901 gloria
2563 1834 2740 1902 atque
2770 1830 3031 1896 victoria,
3081 1832 3220 1903 quia
3261 1831 3495 1897 vicisse,
3529 1836 3618 1886 est
3660 1832 3761 1886 ad-

2113 1919 2386 1975 versariis
2415 1918 2473 1973 in
2507 1920 2794 1992 angustiis
2821 1937 2933 1976 non
2967 1921 3238 1976 cessisse.

2191 2008 2370 2071 (Vers.
2410 2010 2519 2080 14.)
2558 2031 2577 2057 ι
2613 2010 2925 2081 Propterea
2966 2026 3139 2065 curvo
3171 2027 3362 2083 genua
3393 2029 3522 2068 mea
3554 2014 3624 2069 ad
3658 2017 3762 2068 Pa-

2117 2103 2268 2153 trem
2322 2098 2542 2153 Domini
2576 2099 2761 2153 nostri
2809 2098 2949 2154 Jesu
2999 2098 3214 2154 Christi
3249 2101 3290 2168 ¹,
3323 2116 3392 2154 ex
3421 2118 3536 2172 quo
3571 2101 3763 2157 omnis

2115 2188 2438 2260 paternitas
2468 2187 2526 2242 in
2559 2187 2740 2257 ccelis,
2773 2192 2831 2242 et
2868 2186 2927 2242 in
2976 2192 3130 2243 terra
3160 2188 3516 2245 nominatur.
3556 2213 3577 2239 n
3614 2193 3764 2256 Quo-

2117 2275 2288 2329 modo
2311 2274 2370 2329 in
2387 2275 2787 2347 superioribus
2808 2276 3276 2332 demonstratum
3301 2279 3487 2343 est,ad
3511 2279 3765 2351 efﬁgiem

2117 2363 2504 2434 corporalium
2566 2363 2856 2419 luminum
2910 2380 3039 2421 esse
3092 2364 3292 2421 oculos
3352 2366 3691 2437 spirituales
3749 2384 3762 2424 :

2118 2452 2201 2506 sic
2233 2468 2388 2506 nunc
2420 2451 3007 2523 intelligendum,a|ia
3036 2469 3165 2511 esse
3184 2455 3486 2511 exterioris
3507 2455 3766 2513 hominis

2118 2557 2331 2613 genua,
2364 2541 2477 2596 alia
2526 2540 2835 2597 inferioris.
2873 2542 3099 2598 Etenim
3149 2542 3296 2598 illud
3348 2545 3505 2616 quod
3553 2545 3768 2601 dicitur

2120 2631 2176 2684 in
2228 2629 2378 2685 Isaia
2424 2648 2437 2687 :
2486 2629 2892 2703 Confortamini
2939 2648 3131 2687 manus
3179 2632 3439 2701 dimissae,
3489 2638 3543 2689 et
3588 2647 3770 2704 genua

2118 2719 2382 2774 dissoluta
2411 2718 2539 2790 (Isa.
2571 2735 2734 2786 xxxv,
2769 2720 2845 2792 3).
2879 2720 2949 2775 Et
2994 2719 3053 2775 in
3103 2719 3216 2775 alio
3266 2720 3390 2777 loco
3440 2722 3565 2794 ipse
3606 2724 3765 2796 Apo-

2121 2806 2309 2863 stolus
2361 2825 2374 2862 :
2435 2809 2499 2864 Ut
2536 2809 2597 2861 in
2643 2809 2888 2875 nomine,
2941 2808 3155 2880 inquit,
3197 2814 3351 2875 Jesu,
3411 2827 3569 2867 omne
3623 2827 3769 2883 genu

2120 2898 2397 2966 ﬂectatur,
2465 2897 2783 2964 caelestium,
2848 2900 3221 2966 terrestrium,
3290 2905 3343 2954 et
3420 2902 3770 2972 infernarum

2122 2985 2398 3057 (Philipp.
2453 3003 2513 3052 ιι,
2568 2986 2677 3058 10),
2729 3002 2843 3040 non
2893 2987 2963 3041 ad
3009 3003 3201 3059 genua
3247 2990 3529 3061 corporis,
3563 2992 3664 3046 sed
3696 2991 3767 3047 ad

2123 3074 2545 3145 subjectionem
2579 3074 2792 3131 mentis
2814 3074 3328 3132 etinclinationem
3377 3079 3608 3146 animae,
3641 3094 3770 3136 cor-

2122 3163 2331 3234 disque
2371 3164 2719 3235 obsequium
2766 3164 3033 3237 pertinet,
3064 3170 3229 3221 terraa
3283 3183 3346 3222 se
3391 3168 3769 3241 coaequantis,

366 3260 475 3314 hac
539 3273 639 3313 eos
699 3257 789 3313 vel
845 3255 1099 3312 maxime
1156 3255 1480 3327 quaestione
1537 3255 1772 3325 tentari,
1833 3272 2015 3328 quare
2125 3257 2189 3307 ut
2218 3252 2531 3308 Psalmista
2561 3269 2792 3325 quoque
2821 3253 2995 3321 canit,
3030 3254 3289 3311 dicens:
3341 3256 3586 3314 Adhaesit
3619 3259 3775 3330 pavi-

366 3347 586 3402 sanetis
632 3345 772 3401 viris
820 3349 878 3400 et
924 3344 1040 3401 Deo
1088 3344 1498 3413 servientibus,
1538 3343 1723 3400 multa
1770 3346 2015 3402 adversa
2045 3331 2087 3396 C
2126 3351 2301 3398 mento
2356 3344 2552 3398 anima
2604 3359 2725 3399 mea
2779 3344 2951 3414 (Psal.
3015 3360 3206 3415 cxvm,
3268 3347 3381 3413 25).
3439 3349 3552 3402 Res
3615 3346 3771 3402 enim

364 3435 652 3505 eveniant,
685 3438 743 3490 et
773 3437 974 3489 contra
1002 3432 1291 3504 scelerati,
1337 3432 1525 3505 impii,
1578 3434 1879 3505 parricida:
1912 3435 2013 3491 ﬂo-

365 3529 552 3593 reant,
603 3523 857 3595 vigeant,
900 3522 1019 3577 sint
1065 3520 1273 3577 divites
1324 3525 1380 3576 et
1426 3526 1717 3594 potentes.
1757 3524 2016 3588 Quorum

368 3615 550 3672 verba
606 3613 718 3669 sub
775 3628 884 3667 sua
940 3627 1190 3683 persona
1246 3612 1424 3666 David
1480 3610 1813 3683 exprimens
1872 3612 1952 3667 ait
2002 3630 2015 3668 :

368 3705 548 3774 Quam
577 3704 748 3759 bonus
776 3702 916 3757 Deus
945 3701 1123 3757 Israel
1151 3702 1316 3757 rectis
1340 3701 1516 3757 corde.
1564 3700 1669 3755 Mei
1716 3716 1840 3757 vero
1883 3717 2020 3773 pene

364 3795 505 3849 moti
531 3799 661 3848 sunt
689 3790 847 3863 pedes
876 3808 894 3844 :
918 3806 1056 3862 pene
1084 3791 1246 3862 effusi
1274 3799 1400 3846 sunt
1429 3806 1643 3862 gressus
1692 3793 1818 3846 mei.
1866 3795 2021 3861 Quo-

366 3884 521 3938 niam
549 3881 845 3939 mmulatus
872 3897 995 3936 sum
1021 3896 1185 3952 super
1214 3881 1269 3935 in
1281 3880 1646 3951 iquis,pacem
1673 3884 2021 3952 peccatorum

367 3974 559 4027 videns
607 3970 781 4043 (Psal.
834 3987 1007 4039 LXXI',
1060 3970 1201 4041 1-3),
1251 3974 1306 4024 et
1358 3968 1604 4041 reliqua.
1658 3970 1847 4041 Super
1894 3984 2021 4042 qum

368 4059 585 4116 infert:
618 4062 726 4132 Ego
755 4069 939 4114 autem
975 4059 1099 4114 dixi
1128 4077 1146 4114 :
1176 4074 1301 4130 ergo
1347 4061 1468 4115 sine
1512 4075 1682 4115 causa
1721 4060 2024 4131 justiﬁcovi

370 4166 467 4205 cor
493 4164 697 4221 meum,
728 4158 778 4204 et
808 4150 920 4203 lavi
947 4150 1097 4204 inter
1134 4150 1453 4204 innocentes
1499 4165 1705 4204 manus
1752 4164 1921 4215 meas,
1973 4155 2024 4203 et

371 4239 552 4309 factus
596 4253 719 4292 sum
767 4238 1079 4308 ﬂagellalus
1130 4242 1244 4293 tota
1293 4238 1384 4292 die
1432 4237 1594 4309 (Ibid.
1633 4238 1718 4305 13,
1760 4238 1864 4308 14).
1899 4238 2023 4293 Non

373 4327 572 4398 itaque
602 4325 816 4381 mirum
845 4330 952 4397 est,
987 4325 1056 4396 si,
1092 4324 1359 4396 pluribus
1405 4324 1582 4381 Paulo
1629 4325 1918 4399 angustiis
1964 4325 2024 4381 in

375 4414 603 4487 Epheso
631 4418 686 4471 et
712 4414 773 4470 in
801 4416 939 4471 Asia
967 4418 1277 4484 coarctato,
1334 4414 1569 4486 Ephesii
1621 4416 2022 4483 tentabantur,

373 4509 431 4560 et
459 4504 753 4560 habebant
778 4502 1173 4561 necessarium
1206 4503 1536 4559 orationum
1560 4504 1688 4575 ejus
1720 4503 2024 4572 auxilium,

372 4610 447 4649 ne
486 4594 801 4650 deﬁcerent
847 4592 907 4649 in
960 4592 1255 4665 pressuris
1305 4592 1454 4663 ejus.
1509 4592 1671 4658 Quod
1723 4596 1915 4647 autem
1966 4591 2026 4647 in

372 4683 603 4757 Epheso
651 4685 791 4755 (Act.
846 4700 964 4753 xxx,
1009 4700 1080 4738 xx
1124 4682 1354 4755 passim)
1385 4682 1522 4738 etin
1556 4682 1695 4737 Asia
1724 4681 1860 4753 (Act.
1909 4698 2025 4749 χχι,

372 4787 507 4829 Xxiv
560 4774 791 4845 passim)
854 4772 1031 4828 fuerit
1091 4770 1406 4844 Apostolus
1464 4770 1634 4843 plura
1690 4785 2024 4843 perpessus,

374 4862 661 4934 scriptum
693 4865 783 4918 est
810 4862 1046 4933 quidem
1077 4866 1134 4917 et
1163 4861 1222 4915 in
1268 4860 1514 4916 Actibus
1559 4859 1957 4932 apostolorum
2012 4879 2024 4916 :

375 4951 529 5009 598
562 4952 664 5008 sed
698 4950 889 5025 magis
919 4950 991 5006 de
1012 4950 1200 5024 ipsius
1228 4949 1387 5006 Pauli
1415 4949 1693 5022 Epistolis
1721 4949 2026 5018 discimus,

373 5038 435 5096 in
468 5040 684 5113 quibus
716 5040 800 5097 ait
831 5057 844 5097 :
879 5040 940 5096 Si
964 5040 1123 5106 iuxta
1150 5040 1429 5095 hominem
1457 5040 1535 5095 ad
1566 5038 1766 5094 bestias
1785 5041 2032 5111 pugnavi

374 5132 437 5186 in
470 5129 701 5201 Epheso,
734 5129 865 5202 quid
893 5129 1037 5185 mihi
1060 5129 1296 5201 prodest,
1336 5130 1387 5184 si
1430 5131 1637 5184 mortui
1683 5144 1793 5184 non
1840 5144 2029 5184 resur-

372 5226 511 5291 gunt
541 5220 590 5288 (ι
619 5218 746 5275 Cor.
780 5236 873 5291 xv,
907 5218 1039 5291 32)?
1076 5219 1146 5275 Et
1175 5218 1235 5273 in
1269 5218 1527 5275 secunda
1555 5217 1627 5273 ad
1658 5216 2026 5286 Corinthios;

450 5363 466 5396 ¹
506 5358 807 5435 Victorius
842 5363 1126 5435 expungit
1170 5362 1366 5429 verba,
1422 5362 1641 5435 Domini
1687 5361 1863 5416 nostri
1907 5362 2032 5435 {esu

379 5433 607 5504 Christi,
658 5433 813 5504 quod
860 5432 934 5489 in'
973 5432 1235 5490 subnexa
1284 5433 1645 5504 expositione
1694 5450 1762 5488 ea
1800 5432 2031 5488 novisse

378 5504 769 5577 Hieronymus
801 5522 914 5561 non
945 5506 1229 5562 videatur.
1274 5508 1467 5573 Porro,
1518 5504 1732 5576 inquit,
1778 5504 1917 5577 quod
1946 5520 2029 5559 se-

417 5576 690 5641 uitur,’ad
726 5580 979 5645 Patrem,
1005 5593 1072 5631 ex
1101 5594 1214 5648 quo
1244 5578 1436 5633 omnis
1468 5576 1787 5648 paternitas
1819 5576 1875 5630 in
1918 5592 2031 5631 cce-

404 5650 454 5704 is
482 5653 541 5705 et
571 5649 628 5720 in
663 5648 835 5703 terris
866 5649 1225 5720 nominatur,
1254 5666 1386 5720 non,
1419 5653 1479 5704 ut
1508 5650 1573 5703 in
1605 5648 2033 5720 Latiniscodici-

383 5722 485 5777 bus
512 5719 763 5777 additum
809 5723 906 5788 est,
957 5720 1029 5774 ad
1082 5719 1310 5776 Patrem
1372 5719 1602 5776 Domini
1652 5719 1835 5775 nostri
1892 5719 2032 5776 Jesu

380 5792 629 5864 Christi;
678 5791 771 5850 sed
817 5791 1165 5866 simpliciter,
1213 5792 1286 5850 ad
1335 5791 1565 5850 Patrem
1611 5791 1923 5867 legendum,
1965 5798 2033 5883 ut

2125 3430 2448 3504 spiritualis
2477 3436 2534 3487 et
2561 3431 2902 3503 incorporea
2933 3431 3149 3500 anima,
3188 3432 3266 3488 rei
3297 3434 3580 3506 corporali
3612 3435 3771 3506 pavi-

2126 3526 2321 3576 mento
2352 3522 2643 3593 quomodo
2674 3521 2861 3587 potuit
2891 3520 3228 3577 adhaerere?
3258 3522 3393 3577 Esto
3447 3522 3663 3595 quippe
3710 3523 3770 3578 in

2127 3610 2364 3665 nomine
2391 3610 2532 3665 Jesu
2564 3610 2800 3665 ﬂectant
2827 3625 3022 3681 genua
3040 3611 3342 3667 terrestria
3376 3627 3389 3666 :
3424 3612 3694 3684 nunquid
3717 3615 3775 3669 et

2128 3698 2366 3772 angelos
2413 3705 2770 3771 caeterasque
2819 3699 3088 3765 virtutes,
3134 3716 3266 3772 quae
3322 3701 3381 3756 in
3437 3700 3775 3758 coelestibus

2129 3794 2520 3861 perseverant,
2556 3806 2870 3861 possumus
2917 3790 3212 3846 afﬁrmare
3260 3790 3513 3863 speciem
3562 3791 3788 3848 habere‘

2130 3895 2488 3951 corpoream,
2522 3884 2588 3933 ut
2620 3878 2675 3933 in
2710 3878 2946 3934 nomine
2995 3880 3123 3950 ejus
3176 3879 3413 3936 ﬂectant
3459 3881 3658 3953 genu?
3688 3881 3779 3938 vel

2132 3969 2285 4040 apud
2334 3967 2551 4023 inferos
2601 3967 2829 4023 animas
2870 3966 3121 4024 vinculis
3171 3970 3432 4041 corporis
3477 3969 3777 4038 liberatas,

2133 4072 2283 4128 genu
2317 4056 2473 4128 quod
2519 4073 2631 4111 non
2681 4056 2918 4126 habent,
2965 4072 3094 4112 esse
3148 4056 3436 4114 ﬂexuras?
3479 4060 3780 4123 Quomodo

2133 4146 2285 4202 599
2341 4145 2520 4216 igitur
2576 4144 2913 4216 quicunque
2977 4145 3278 4215 subjectus
3327 4150 3416 4201 est
3470 4145 3778 4217 Salvatori,

2136 4233 2362 4289 ﬂectere
2393 4234 2442 4288 ei
2477 4250 2626 4305 genu
2660 4233 2875 4288 dicitur
2906 4250 2920 4287 :
2956 4234 3040 4289 sic
3072 4233 3170 4305 qui
3203 4234 3419 4306 peccati
3455 4251 3656 4290 servus
3694 4240 3784 4291 est

2134 4324 2321 4394 (Joan.
2353 4340 2473 4381 vin.
2508 4323 2620 4393 35),
2655 4326 2711 4377 et
2742 4322 2915 4376 habet
2945 4321 3218 4393 spiritum
3250 4322 3548 4378 servitutis
3570 4323 3785 4379 iterum

2136 4411 2193 4467 in
2227 4412 2434 4467 timore
2464 4414 2641 4482 (Rom.
2692 4428 2811 4482 vm,
2867 4410 2974 4482 15),
3025 4427 3176 4484 genu
3233 4411 3512 4468 scribitur
3556 4411 3788 4468 ﬂexisse

2138 4507 2390 4572 peccato.
2422 4501 2767 4570 Derelinquit
2795 4500 2959 4569 mihi,
2995 4500 3077 4555 ait
3105 4499 3408 4572 Dominus,
3430 4504 3629 4572 septem
3656 4501 3787 4556 mil-

2140 4590 2219 4645 lia
2264 4591 2532 4658 virorum,
2570 4592 2665 4662 qui
2689 4606 2799 4645 non
2829 4606 3078 4646 curvavei
3098 4592 3196 4645 unt
3242 4607 3424 4660 genua
3469 4597 3601 4647 ante
3652 4591 3790 4647 Baal

2060 4704 2105 4768 D
2140 4680 2245 4751 (Ill
2277 4680 2402 4751 Reg.
2434 4696 2551 4745 xix,
2584 4678 2696 4750 18),
2727 4678 2883 4734 idolo
2914 4677 3137 4735 scilicet
3166 4684 3342 4751 atque
3390 4683 3646 4752 peccato.
3678 4678 3789 4747 Qui

2139 4767 2454 4823 fornicator
2485 4771 2655 4835 est,et
2685 4784 2787 4839 per
2812 4768 3120 4839 lupanaria
3151 4772 3459 4840 scortaque
3490 4770 3790 4838 discurrit,

2136 4856 2369 4913 libidini
2390 4857 2570 4912 ﬂectit
2599 4872 2751 4927 genu
2776 4856 3087 4921 suum.0ui
3120 4857 3398 4925 furiosus,
3420 4859 3567 4915 ﬂexo
3589 4859 3795 4915 adorat

2141 4947 2289 5002 iram
2318 4962 2491 5019 genu.
2526 4945 2633 5009 Qui
2666 4962 3064 5002 mammonam
3098 4946 3365 5020 suscipit,
3397 4952 3456 5003 et
3485 4948 3632 5004 deus
3663 4950 3791 5020 ejus

2140 5041 2227 5092 est
2271 5039 2470 5091 venter
2503 5036 2766 5107 (Philipp.
2796 5052 2878 5101 ιιι,
2912 5036 3021 5109 49),
3078 5036 3257 5093 ﬂectit
3301 5053 3493 5109 genua
3535 5034 3787 5092 avaritia:

2141 5131 2316 5198 atque
2363 5124 2625 5181 luxuriae.
2677 5125 2747 5179 Et
2787 5123 2927 5196 quid
2979 5142 3071 5180 me
3119 5142 3355 5181 necesse
3412 5130 3501 5182 est
3557 5122 3789 5195 singula

2140 5213 2491 5289 peragrare?
2521 5214 2716 5270 Toties
2747 5212 2978 5270 diabolo
3009 5214 3298 5272 ﬂectimus
3327 5231 3503 5287 genu,
3535 5212 3787 5284 quoties-

2140 5361 2240 5416 Dei
2266 5360 2449 5414 Patris
2478 5375 2677 5414 nomen
2704 5373 2817 5413 non
2848 5360 3081 5414 Domino
3131 5363 3314 5413 nostro
3359 5361 3494 5415 Jesu
3542 5355 3750 5410 Christo
3765 5371 3811 5415 ;ι

2139 5432 2234 5487 sed
2263 5432 2524 5487 omnibus
2554 5432 2823 5485 creaturis
2868 5430 3231 5485 rationalibus
3278 5430 3575 5499 coaptetur.
3609 5425 3785 5497 Equi-

2141 5505 2274 5559 dem
2306 5508 2363 5558 et
2387 5508 2606 5557 veteres
2639 5518 2781 5557 mss.
2815 5500 2948 5555 libri
3000 5501 3176 5556 Graeci
3225 5516 3379 5555 nunc
3430 5501 3785 5569 suppetunt;

2144 5575 2242 5647 qui
2268 5575 2443 5629 verba
2470 5577 2566 5625 τοῦ
2598 5571 2795 5647 Kuplou
2827 5572 2986 5647 ἠμῶγ
3021 5570 3200 5641 Ἰησοῦ
3222 5572 3452 5647 Χριστοῦ
3476 5586 3788 5647 nonagno-

2143 5641 2338 5713 scunt,
2371 5647 2617 5718 duaeque
2646 5641 2786 5701 item
2818 5641 3125 5700 versiones
3156 5641 3425 5717 antiquas,
3454 5641 3786 5718 [Ethiopica

2142 5723 2200 5776 et
2229 5721 2428 5792 Cepta.
