4332 6608
544 451 662 511 519

1754 446 1859 508 -S.
1906 440 2217 507 EUSEBII
2266 440 2709 506 lIlERONYMI

3832 440 3954 504 520

540 594 772 652 cunque
801 593 1132 651 peccamus.
1174 577 1305 635 Haec
1353 579 1548 636 autem
1596 576 1980 651 spiritualiter
2007 592 2181 649 expo-
2214 578 2268 643 Α
2299 576 2564 632 essentne
2585 591 2704 632 suae
2725 589 2937 631 nomen
2960 578 3135 646 atque
3157 572 3704 642 substantiae,etiam
3727 573 3953 631 caeteris

542 673 768 735 nentes,
803 684 918 725 non
950 669 1146 725 statim
1171 670 1341 739 juxta
1373 669 1625 725 litteram
1649 667 1851 723 orandi
1875 672 2191 722 consuetu-

544 758 743 814 dinem
766 756 1050 822 tollimus,
1080 773 1197 829 qua
1226 758 1410 813 Deum
1442 773 1596 829 genu
1628 756 1815 827 posito
1847 754 2193 827 suppliciter

545 846 879 913 adoremus,
912 851 971 903 et
1018 847 1130 921 ﬁxo
1175 845 1234 901 in
1286 850 1499 901 terram
1542 845 1781 917 poplite,
1815 843 2005 916 magis
2034 843 2188 914 quod

545 938 620 990 ab
669 951 735 991 eo
787 934 1104 1007 poscimus,
1148 934 1551 1005 impetramus.
1608 934 1878 1001 Legimus
1927 931 2083 986 enim
2134 935 2190 986 et

542 1022 791 1079 Paulum
833 1023 892 1077 in
941 1023 1133 1079 littore
1180 1022 1261 1077 sic
1300 1039 1517 1091 orasse,
1552 1028 1606 1077 et
1636 1020 2096 1093 geniculationes
2126 1020 2186 1074 in

539 1113 802 1168 oratione
844 1115 1160 1184 praeceptas
1218 1110 1352 1180 (Act.
1403 1127 1518 1177 xxx,
1563 1110 1639 1181 5).
1688 1110 1795 1164 Sed
1841 1108 1994 1164 sicut
2040 1107 2184 1163 illud

537 1202 787 1257 zediiicat
815 1198 1113 1271 simplices
1146 1217 1159 1257 :
1187 1199 1272 1254 sic
1301 1215 1495 1254 veram
1526 1198 2019 1271 geniculationem
2057 1212 2187 1251 esse

537 1290 826 1345 docemus
843 1287 902 1342 in
934 1288 1151 1357 animo,
1186 1287 1325 1358 quia
1352 1286 1522 1342 multi
1552 1284 1850 1358 corporale
1882 1285 2182 1341 ﬂectentes

537 1392 710 1448 genu,
744 1374 951 1430 animae
981 1389 1353 1445 nequaquam
1385 1373 1665 1446 poplitem
1695 1376 2099 1449 curvaverant.
2118 1372 2183 1425 Et

532 1468 755 1535 contra,
816 1463 913 1518 alii
970 1468 1159 1519 erecto
1229 1465 1406 1517 Deum
1474 1477 1715 1532 corpore
1782 1461 2182 1532 deprecantes,

531 1553 721 1626 magis
752 1569 815 1608 se
844 1552 1040 1608 animo
1067 1556 1472 1607 curvaverunt.
1500 1550 1673 1605 Porro
1705 1550 1858 1621 quod
1892 1548 2178 1621 sequitur,

527 1642 599 1698 ad
626 1644 849 1698 Patrem
892 1657 961 1697 ea:
1005 1656 1113 1713 quo
1158 1642 1344 1696 omnis
1384 1640 1701 1711 paternitos
1748 1640 1810 1692 in
1856 1638 2003 1692 caelis
2030 1642 2083 1692 et
2120 1638 2180 1692 in

523 1739 679 1786 terra
705 1730 1050 1794 nominatur,
1084 1744 1198 1784 non
1231 1732 1297 1783 ut
1330 1727 1551 1783 Latinis
1580 1726 1882 1782 codicibus
1910 1726 2175 1781 additum

523 1823 632 1888 est,
662 1818 733 1874 ad
762 1823 987 1879 Patrem
1016 1816 1236 1872 Domini
1262 1818 1444 1871 nostri
1470 1818 1602 1872 Jesu
1632 1814 1862 1882 Christi,
1898 1815 1997 1869 sed
2032 1814 2176 1868 sim-

526 1906 851 1980 pliciter,ad
881 1910 1124 1970 Patrem,
1156 1904 1491 1977 legendum,
1518 1908 1583 1959 ut
1604 1903 1704 1959 Dei
1727 1902 1916 1958 Patris
1940 1919 2173 1998 nomen,
2206 1946 2252 2010 Β

526 2011 649 2051 non
702 1994 951 2050 Domino
1011 1999 1210 2050 nostro
1253 1992 1394 2049 Jesu
1445 1992 1696 2061 Christo,
1751 1991 1853 2047 sed
1902 1990 2176 2045 omnibus

527 2082 812 2140 creaturis
878 2081 1325 2139 rationabilibus
1389 2086 1713 2153 coaptetur.
1790 2080 2175 2144 Quaerendum

530 2188 668 2244 ergo
700 2172 992 2244 quomodo
1040 2187 1107 2227 ex
1150 2171 1267 2227 Deo
1308 2170 1478 2226 Patre
1528 2169 1721 2225 omnis
1765 2169 2085 2241 paternitas
2115 2168 2175 2222 in

530 2260 695 2316 oculis
721 2266 780 2317 et
807 2260 866 2315 in
895 2265 1050 2317 terra
1077 2260 1154 2317 sit
1182 2260 1503 2315 nominata.
1536 2260 1605 2313 Et
1632 2258 1808 2314 simul
1857 2263 2174 2329 antequam

528 2348 753 2421 aliquid
786 2354 1153 2416 retractetur,
1185 2349 1531 2414 notandum,
1564 2349 1718 2419 quod
1775 2364 1890 2402 non
1938 2347 2171 2418 dixerit,

521 2454 592 2493 ea:
614 2454 718 2510 quo
747 2441 937 2494 omnis
948 2439 1259 2510 palemitas
1288 2440 1349 2493 in
1377 2439 1526 2493 caelis
1555 2442 1608 2492 et
1642 2438 1699 2491 in
1733 2446 1879 2493 terra
1902 2441 2038 2492 nata
2074 2445 2168 2505 est,

521 2526 612 2583 vel
641 2536 865 2595 creata;
894 2528 1017 2598 sed,
1048 2544 1118 2583 ea:
1147 2542 1248 2598 quo
1278 2529 1458 2582 omnis
1483 2527 1796 2598 paternitas
1844 2526 1906 2581 in
1950 2526 2097 2581 cwlis
2125 2532 2177 2580 et

521 2617 586 2671 in
611 2624 767 2672 terra
794 2618 1137 2673 nominatur.
1170 2614 1347 2670 Aliud
1394 2620 1485 2670 est
1513 2614 1669 2671 enim
1722 2613 2171 2687 appellationem

524 2705 891 2776 paternitatis
938 2705 1167 2775 mereri,
1196 2703 1354 2759 aliud
1406 2710 1625 2759 natura:
1676 2703 1889 2760 habere
1936 2720 2173 2759 consor-

524 2794 699 2862 tium,
733 2794 1148 2867 paternitatem
1168 2810 1299 2865 quze
1347 2792 1407 2848 in
1457 2794 1651 2849 Graeco
1678 2792 1897 2867 πατριὰ,
1929 2792 1989 2847 in
2018 2793 2173 2849 600

519 2882 760 2939 Hebraeo
791 2899 1197 2939 MISPHAHHATE
1226 2885 1510 2954 (misum,
1544 2882 1600 2936 id
1650 2886 1741 2937 est
1783 2883 2042 2954 cognatio
2083 2880 2172 2936 vel

515 2972 762 3041 familia,
804 2972 1037 3043 dicitur,
1093 2970 1345 3043 legimus
1392 2976 1450 3026 et
1496 2970 1557 3025 in
1608 2970 1881 3026 Numeris
1914 2989 1927 3026 :
1965 2971 2168 3037 Tollite,

515 3059 737 3131 inquit,
784 3076 1058 3115 summam
1102 3060 1279 3115 omnis
1324 3074 1612 3129 synagogas
1663 3060 1848 3124 Israel,
1870 3059 2036 3129 juxta
2082 3074 2169 3114 eo-

515 3149 801 3217 gnationes
827 3153 883 3204 et
914 3149 1168 3220 populos,
1187 3148 1485 3203 secundum
1515 3149 1705 3203 domos
1746 3150 2167 3219 paternitatum,

2301 663 2562 737 impertit
2593 664 2917 730 elementis,
2966 668 3031 719 ut
3076 664 3207 734 ipsa
3236 679 3469 735 quoque
3498 677 3626 718 esse
3655 662 3948 735 dicantur,

2302 770 2417 809 non
2448 770 2565 826 quo
2597 755 2922 810 secundum
2954 758 3224 808 naturam
3256 752 3510 823 sint(fuit
3538 749 3694 806 enim
3714 754 3950 825 tempus

2300 844 2534 913 quando
2568 842 2839 897 universa
2866 859 2980 897 non
3014 841 3270 909 luerunt,
3304 845 3359 897 et
3389 857 3647 904 rursum,
3680 841 3730 895 si
3758 840 3951 899 volue-

2299 931 2397 995 rit,
2430 930 2489 984 in
2524 930 2773 985 nihilum
2805 930 3188 1001 revertentur)
3219 930 3319 984 sed
3368 932 3432 983 ut
3473 944 3602 984 esse
3653 929 3945 998 dicantur,

2234 1028 2251 1043 ⁶
2297 1017 2516 1073 habent
2562 1018 2660 1073 Dei
2716 1019 2977 1073 bonitate
3015 1019 3297 1073 donatum
3333 1034 3346 1072 :
3381 1017 3465 1073 sic
3492 1022 3548 1072 et
3579 1019 3947 1089 paternitatis

2296 1123 2510 1162 nomen
2542 1123 2608 1161 ex
2639 1107 2952 1177 semetipso
2984 1106 3231 1178 largitus
3265 1110 3353 1161 est
3381 1106 3844 1172 omnibus.0uod
3882 1111 3948 1163 ut

2295 1195 2664 1250 manifestius
2696 1196 2815 1263 fiat,
2846 1194 3279 1266 Scripturarum
3312 1195 3714 1250 testimonium
3756 1195 3944 1268 profe-

2294 1300 2419 1340 ram
2452 1286 2559 1355 [Al.
2592 1285 2931 1358 proferant].
2967 1284 3253 1355 Loquitur
3281 1284 3340 1339 in
3380 1284 3574 1339 Exodo
3613 1285 3893 1340 Dominus
3925 1302 3940 1342 ε

2291 1376 2401 1442 Ego
2430 1390 2552 1429 sum
2581 1375 2680 1445 qui
2705 1389 2828 1428 sum
2878 1374 3072 1443 (Exod.
3109 1391 3194 1442 Ill,
3230 1374 3353 1441 14);
3385 1377 3481 1429 et:
3516 1374 3643 1429 Haec
3690 1374 3834 1429 dices
3880 1374 3942 1430 ﬁ-

2293 1465 2387 1519 liis
2417 1463 2580 1518 Israel
2611 1481 2629 1517 :
2663 1463 2769 1530 Qui
2813 1466 2910 1527 est,
2960 1464 3114 1517 misit
3160 1476 3248 1518 me
3294 1462 3364 1517 ad
3417 1477 3509 1519 vos
3562 1463 3752 1533 (Ibid.)
3780 1462 3941 1519 Nun-

2291 1552 2434 1624 quid
2465 1550 2626 1607 solus
2656 1552 2810 1607 Deus
2840 1555 2984 1618 erat,
3017 1555 3075 1606 et
3103 1555 3309 1607 caetera
3339 1567 3454 1606 non
3497 1551 3700 1607 erant?
3728 1551 3942 1624 Utique

2289 1640 2501 1712 angeli,
2560 1639 2793 1706 omium,
2840 1648 3014 1709 terra,
3057 1639 3143 1694 vel
3187 1640 3393 1706 maria,
3440 1644 3496 1695 et
3546 1641 3671 1711 ipse
3714 1641 3942 1713 Moyses

2288 1730 2381 1784 cui
2425 1729 2705 1785 Dominus
2734 1729 3100 1800 loquebatur,
3134 1733 3190 1785 et
3220 1728 3418 1795 Israel,
3461 1733 3518 1784 et
3560 1730 3833 1802 Egyptii,
3865 1731 3937 1786 ad

2287 1824 2520 1889 quos,et
2549 1823 2752 1873 contra
2782 1834 2931 1890 quos
2963 1818 3232 1890 princeps
3264 1822 3320 1873 et
3351 1818 3724 1875 adversarius
3745 1820 3936 1876 mitte-

2286 1906 2475 1975 batur,
2493 1910 2549 1961 et
2577 1912 2761 1962 erant.
2794 1908 2863 1961 Et
2893 1907 3187 1978 quomodo
3221 1923 3433 1962 nomen
3463 1923 3774 1963 commune
3797 1908 3934 1964 sub-

2286 1994 2651 2063 stantize,sibi
2687 1995 2988 2066 proprium
3020 1994 3279 2052 vindicat
3310 1995 3508 2051 Deus?
3536 1995 3657 2067 illa,
3692 2000 3755 2051 ut
3783 1996 3937 2051 dixi-

2285 2100 2439 2149 mus,
2471 2100 2649 2140 causa
2700 2100 2712 2137 :
2770 2084 2908 2156 quia
2955 2088 3159 2139 caetera
3209 2089 3275 2139 ut
3323 2084 3462 2150 sint,
3494 2084 3596 2140 Dei
3630 2102 3935 2159 sumpsere

2284 2172 2585 2229 beneﬁcio.
2620 2178 2770 2229 Deus
2817 2190 2951 2228 vero
3010 2172 3111 2243 qui
3167 2189 3397 2245 semper
3447 2178 3556 2242 est,
3608 2191 3711 2231 nec
3758 2175 3935 2231 habet

2283 2262 2518 2317 aliunde
2565 2262 2940 2334 principium,
2990 2263 3137 2318 θυι
3192 2267 3250 2319 et
3299 2263 3424 2335 ipse
3471 2264 3561 2319 sui
3614 2264 3774 2336 origo
3820 2269 3929 2330 est,

2284 2367 2521 2423 suaeque
2579 2368 2757 2407 causa
2820 2351 3184 2415 substantiae,
3243 2368 3357 2406 non
3428 2356 3618 2423 potest
3684 2351 3930 2424 intelligi

2283 2438 2520 2495 aliunde
2564 2440 2776 2495 habere
2832 2440 2987 2511 quod
3038 2440 3327 2496 subsistit.
3382 2441 3528 2496 Nam
3578 2445 3637 2497 et
3683 2441 3744 2495 in
3795 2440 3930 2513 igne

2283 2524 2441 2581 aliud
2473 2531 2562 2581 est
2590 2525 2868 2592 calidum,
2902 2526 3061 2582 aliud
3094 2526 3462 2583 calefactum.
3497 2528 3657 2600 Ignis
3710 2529 3931 2601 absque

2283 2614 2473 2671 calore
2519 2615 2765 2687 intelligi
2810 2632 2925 2671 non
2975 2620 3182 2686 potest.
3237 2617 3457 2673 Caetera
3504 2635 3630 2691 quas
3679 2633 3747 2674 ex
3796 2617 3931 2691 igne

2283 2704 2578 2773 caleiiunt,
2611 2704 2862 2759 calorem
2912 2704 3072 2760 illius
3123 2710 3492 2778 mutuantur,
3538 2712 3597 2762 et
3639 2705 3929 2779 paulatim

2283 2793 2331 2849 si
2391 2794 2544 2865 ignis
2601 2794 2969 2861 abscesserit,
3024 2793 3211 2849 calore
3267 2800 3525 2867 tenuato,
3576 2797 3821 2852 redeunt
3869 2796 3929 2851 in

2283 2886 2550 2937 naturam
2584 2887 2841 2946 suam,et
2871 2898 3244 2955 nequaquam
3268 2884 3457 2939 calida
3485 2890 3924 2957 nuncupantur.

2278 2972 2450 3026 Juxta
2506 2970 2662 3025 hunc
2715 2988 2954 3026 sensum
3013 2977 3070 3027 et
3126 2972 3182 3026 in
3235 2973 3546 3045 Evangelio
3603 2974 3819 3030 dicitur
3856 2975 3928 3030 ad

2281 3075 2416 3115 eum
2456 3059 2557 3131 qui
2609 3058 2965 3115 Salvatorem
3012 3076 3129 3116 non
3177 3062 3345 3133 quasi
3403 3062 3498 3120 Dei
3546 3062 3779 3130 Filium,
3826 3065 3927 3120 sed

2281 3149 2449 3221 quasi
2500 3150 2851 3221 magistrum
2901 3150 3123 3205 bonum
3170 3151 3414 3222 putabat
3462 3169 3475 3207 :
3528 3153 3670 3221 Quid
3708 3168 3795 3209 me
3824 3170 3925 3225 ap-

514 3238 679 3308 juxta
707 3253 1003 3293 numerum
1030 3238 1321 3293 nominum
1348 3253 1539 3293 eorum
1569 3236 1807 3307 (Num.|,
1841 3238 1916 3308 2).
1950 3238 2018 3291 Et
2040 3241 2169 3309 post
2276 3239 2449 3309 pellas
2522 3239 2762 3293 bonum?
2822 3255 2977 3295 nemo
3035 3247 3115 3294 est
3163 3241 3351 3308 bonus,
3414 3242 3530 3295 nisi
3591 3258 3735 3298 unus
3785 3243 3928 3298 Deus

518 3327 763 3399 paulum
794 3328 953 3398 (vers.
990 3328 1076 3399 16)
1112 3344 1124 3383 :
1157 3327 1224 3381 Hi
1249 3334 1380 3381 sunt
1412 3326 1571 3381 electi
1611 3342 1907 3399 synagoga
1954 3328 2163 3398 princi-
2197 3313 2239 3380 C
2277 3328 2427 3395 (Luc.
2477 3343 2636 3394 xvm,
2694 3328 2801 3398 19).
2852 3328 2920 3383 Et
2970 3335 3121 3383 certe
3172 3334 3382 3384 terram
3426 3329 3643 3386 bonam
3675 3330 3925 3403 legimus

515 3430 615 3486 pes
659 3417 923 3482 tribuum,
964 3416 1133 3489 juxta
1176 3417 1536 3487 paternilates
1583 3431 1713 3470 suas
1762 3415 1927 3471 duces
1976 3416 2165 3470 Israel.

512 3503 584 3559 Et
614 3521 851 3561 rursum
883 3505 955 3560 de
988 3506 1139 3560 tribu
1171 3505 1341 3562 Levi:
1365 3505 1658 3560 Etlocutus
1687 3512 1765 3559 est
1805 3505 2070 3561 Dominus
2095 3504 2170 3560 ad

513 3592 732 3664 Moysen
759 3596 822 3649 in
850 3593 1062 3651 deserto
1092 3594 1250 3661 Sina,
1279 3593 1468 3649 dicens
1498 3611 1517 3648 :
1545 3594 1799 3649 Numera.
1829 3594 1974 3663 ﬁlios
2020 3594 2166 3659 Levi,

512 3682 812 3738 secundum
855 3684 1041 3739 domas
1094 3685 1491 3752 paternitalum
1551 3698 1808 3749 suarum,
1866 3684 2169 3738 secundum

510 3769 751 3841 populos
791 3785 1000 3836 eorum,
1029 3771 1322 3826 secundum
1349 3772 1695 3841 cognationes
1738 3786 1925 3825 eorum
1964 3789 1984 3825 :
2014 3785 2170 3825 omne

516 3858 892 3915 masculinum
922 3876 955 3914 a
982 3875 1166 3915 mense
1209 3874 1318 3914 uno
1364 3867 1415 3914 et
1461 3875 1652 3930 supra,
1696 3859 2039 3934 considerate
2082 3875 2169 3915 eos

519 3946 702 4018 (Num.
733 3964 817 4019 In,
852 3949 960 4018 15).
996 3951 1126 4002 Haec
1157 3949 1227 4003 de
1257 3946 1471 4020 populo
1508 3946 1704 4014 Israel,
1752 3951 1806 4003 et
1857 3948 1927 4003 de
1974 3964 2169 4003 sacer-

520 4036 700 4093 dotali
729 4052 796 4093 ac
828 4036 1080 4093 Levitica
1107 4037 1287 4094 tribu.
1320 4037 1601 4093 Caeterum
1625 4053 1857 4093 mecum
1889 4037 2016 4108 ipse
2044 4053 2169 4109 per-

516 4129 793 4195 tractans,
830 4127 929 4183 ubi
958 4128 1029 4184 de
1060 4127 1336 4201 gentibus
1367 4125 1787 4199 paternitatum
1818 4126 2167 4181 vocabulum

514 4213 755 4287 legerim
790 4218 830 4285 1,
866 4234 1022 4273 nunc
1069 4217 1304 4273 interim
1355 4215 1515 4271 aliud
1577 4232 1691 4271 non
1748 4215 2000 4282 invenio,
2055 4214 2166 4271 nisi

513 4303 776 4361 vicesimi
808 4305 981 4377 primi
1014 4305 1228 4377 psalmi
1267 4304 1694 4369 testimonium,
1744 4303 1804 4358 in
1861 4320 1976 4375 quo
2026 4302 2167 4359 scri-

517 4396 685 4464 ptum
736 4399 827 4451 est
860 4410 872 4450 :
906 4395 972 4450 Et
1015 4395 1325 4450 adorabunt
1373 4394 1435 4448 in
1480 4400 1771 4463 conspectu
1810 4394 1930 4463 ejus
1979 4409 2168 4450 omnes

519 4483 727 4552 patriae
753 4484 1008 4554 gentium
1036 4484 1207 4553 (DsaL
1238 4499 1356 4550 xxi,
1381 4483 1507 4550 30);
1532 4489 1589 4536 et
1615 4481 1878 4537 vicesimi
1910 4482 2095 4537 octavi
2116 4484 2164 4535 2:

514 4569 715 4640 A/Terle
743 4571 971 4627 Domino
996 4574 1201 4642 patriae
1227 4572 1473 4642 gentium
1491 4587 1512 4632 ;
1537 4570 1729 4641 afferte
1754 4572 1984 4627 Domino
2026 4572 2170 4641 ﬁlios

2278 3418 2428 3488 (Luc.
2488 3433 2606 3486 vxu,
2668 3417 2744 3485 8),
2805 3420 2861 3471 et
2922 3416 3217 3472 hominem
3276 3418 3483 3487 (Matth.
3542 3436 3644 3486 xu,
3699 3420 3810 3492 35),
3871 3424 3927 3477 et

2277 3512 2571 3577 pastorem
2624 3504 2841 3560 bonum
2896 3506 3070 3577 (Joan.
3131 3524 3187 3572 χ,
3258 3508 3378 3578 11);
3432 3507 3532 3563 sed
3565 3524 3736 3565 nemo
3759 3510 3927 3581 juxta

2279 3599 2551 3650 naturam
2602 3596 2813 3660 bonus,
2870 3595 2983 3650 nisi
3033 3595 3193 3651 solus
3240 3596 3412 3651 Deus.
3467 3599 3682 3653 Caetera
3728 3603 3794 3653 ut
3839 3599 3926 3655 di-

2277 3688 2484 3739 cantur
2534 3684 2704 3749 bona,
2755 3683 3011 3738 bonitate
3061 3684 3220 3740 illius
3272 3684 3734 3757 consequuntur.
3766 3687 3928 3744 Sicut

2278 3788 2413 3844 ergo
2462 3771 2624 3827 solus
2666 3773 2878 3837 bonus,
2927 3772 3118 3828 bonus
3167 3774 3323 3844 facit,
3373 3782 3431 3831 et
3477 3775 3638 3831 solus
3686 3777 3919 3834 immor-

2277 3860 2430 3927 talis,
2482 3859 2983 3916 immortalitatem
3020 3862 3244 3927 tribuit,
3277 3869 3335 3919 et
3365 3864 3528 3921 solus
3559 3882 3751 3937 verus,
3777 3867 3935 3923 veri-

2277 3949 2437 4019 tatis,
2470 3965 2683 4003 nomen
2728 3948 2995 4020 impertit
3045 3968 3056 4005 :
3109 3952 3192 4006 ita
3237 3956 3293 4007 et
3344 3953 3506 4010 solus
3554 3954 3743 4023 Pater,
3795 3956 3934 4026 quia

2277 4044 2503 4094 creator
2583 4042 2674 4093 est
2761 4038 3049 4110 omnium,
3122 4045 3179 4096 et
3247 4042 3647 4099 universorum
3746 4059 3926 4098 causa

2277 4126 2890 4199 substantim,przestat
2910 4128 3131 4185 caeteris
3162 4134 3227 4186 ut
3256 4136 3451 4203 patres
3483 4149 3612 4189 esse
3634 4131 3930 4188 dicantur.

2280 4218 2356 4272 De
2386 4216 2630 4272 terrenis
2679 4215 2937 4274 cmlestia
2985 4220 3452 4293 contemplemur
3487 4239 3500 4277 :
3535 4222 3722 4278 Adam
3755 4237 3930 4294 quem

2276 4306 2535 4378 primum
2569 4304 2881 4378 plasmavit
2934 4307 3086 4365 Deus
3135 4309 3288 4381 (Gen.
3339 4327 3378 4378 ι,
3431 4312 3544 4381 27),
3585 4317 3642 4365 et
3696 4311 3936 4367 Creator

2277 4394 2485 4466 ipsius,
2519 4400 2574 4449 et
2603 4395 2772 4460 Pater
2817 4396 2945 4464 fuit,
2995 4403 3148 4453 certe
3192 4396 3307 4452 Deo
3349 4396 3504 4450 Patri
3557 4395 3668 4449 scit
3715 4411 3777 4449 se
3824 4397 3924 4451 de-

2276 4483 2413 4540 bere
2463 4484 2617 4555 quod
2669 4484 2955 4540 substitit.
2991 4486 3247 4539 Rursum
3295 4483 3356 4537 hi
3408 4481 3508 4552 qui
3557 4482 3738 4553 geniti
3787 4488 3928 4540 sunt

2276 4590 2343 4628 ex
2384 4573 2593 4639 Adam,
2628 4578 2853 4645 patrem
2904 4573 3071 4627 illum
3122 4570 3479 4641 intelligunt;
3530 4587 3599 4626 ex
3650 4588 3765 4643 quo
3812 4573 3923 4629 orti

514 4659 754 4713 arietum
823 4660 992 4730 (Psal.
1056 4677 1256 4728 xxvm,
1327 4661 1399 4727 1).
1464 4659 1763 4723 Quomodo
1823 4676 1958 4733 ergo
2014 4661 2243 4751 DeusD
2277 4667 2434 4718 sunt.
2500 4661 2659 4718 Unde
2712 4668 2770 4717 et
2817 4661 2874 4715 in
2930 4658 3239 4731 Evangelio
3299 4660 3624 4715 secundum
3685 4662 3923 4734 Lucam,

586 4764 601 4797 ι
633 4764 956 4839 Scripserat
984 4783 1114 4822 vero
1145 4782 1436 4839 perquam,
1457 4766 1682 4822 erudite
1734 4766 1984 4838 ipsemet
2026 4767 2164 4823 Hie-

516 4851 799 4907 ronymus
828 4836 930 4892 lib.
964 4836 1216 4893 adversus
1246 4836 1579 4906 Helvidium,
1615 4836 1778 4893 num?
1814 4839 1878 4893 14
1917 4856 1929 4894 :
1988 4862 2007 4889 α
2062 4841 2165 4896 Co-

519 4906 796 4981 gnatione
826 4909 1033 4965 fratres
1064 4910 1479 4981 vocantur,qui
1510 4916 1649 4965 sunt
1678 4911 1749 4965 de
1782 4927 1899 4965 una
1922 4911 2164 4980 familia,

517 4980 574 5034 id
607 4981 717 5050 est,
747 4982 957 5050 patria,
993 4999 1141 5054 quas
1171 4981 1335 5037 latini
1373 4980 1728 5054 p’aternitates
1776 4982 2164 5054 interpretan-

514 5057 613 5105 tur
642 5066 775 5107 cum
809 5068 877 5108 ex
907 5053 1026 5108 una
1054 5054 1251 5109 radice
1281 5053 1467 5108 multa
1497 5053 1725 5123 generis
1756 5053 2165 5110 turba’diﬂ'un-

516 5123 695 5197 ditur.
735 5146 755 5172 ι
791 5124 880 5197 Ad,
906 5142 1078 5197 quem
1112 5125 1304 5181 locum
1355 5141 1460 5178 nos
1506 5123 1933 5197 Tertullianum
1959 5125 2168 5181 lauda-

512 5194 728 5261 vimus,
785 5196 886 5267 qui
923 5194 1063 5253 eam
1122 5213 1318 5252 vocem
1380 5196 1561 5264 patria
1608 5196 1858 5251 servavit
1902 5204 2168 5268 poemate

516 5270 723 5339 quarto
757 5269 1039 5324 adversus
1071 5269 1425 5324 Marcionem
1460 5282 1473 5320 ε

611 5346 692 5411 Ltd
727 5361 885 5410 quem
918 5364 975 5398 se
1006 5362 1227 5400 curvare
1257 5360 1398 5411 genu
1430 5346 1587 5411 plane
1619 5358 1778 5393 omne
1814 5346 2030 5407 fatetur,

610 5408 684 5457 Ex
725 5408 832 5474 quo
874 5414 1050 5462 omnis
1083 5408 1352 5475 patriawin
1394 5410 1526 5457 coelo
1557 5412 1802 5469 terraque
1832 5416 2070 5459 vocatur.

586 5478 607 5510 ²
638 5479 802 5536 Hunc
834 5481 1025 5540 locum
1060 5484 1286 5540 diverso
1319 5480 1491 5535 modo
1525 5478 1904 5550 depravatum
1940 5482 2167 5538 invenio

520 5549 676 5619 apud
744 5553 1051 5612 Erasmum
1101 5561 1160 5612 et
1205 5552 1555 5609 Marianum.
1602 5549 1895 5606 Erasmus
1939 5554 2011 5607 de
2060 5572 2166 5610 suo

519 5619 766 5703 addidit,
802 5634 872 5705 ⁸ιρι
920 5630 981 5683 in
1027 5628 1385 5705 nonagesimo
1430 5625 1660 5694 quinto;
1714 5622 2076 5705 mutavitque
2120 5635 2170 5681 et

520 5692 582 5743 in
645 5692 896 5751 vicesimo
970 5692 1196 5756 octavo:
1248 5692 1543 5753 Marianus
1608 5708 1740 5747 vero
1810 5692 2168 5754 additionem

518 5761 763 5842 Erasmi
804 5768 1068 5842 retinuit,
1126 5770 1327 5842 delens
1377 5771 1435 5822 et
1490 5763 1881 5842 in_vi_cesimo
1967 5774 2167 5842 octavo

518 5832 636 5896 Nos
693 5834 768 5894 ad
819 5836 997 5897 ﬁdem
1043 5832 1309 5900 omnium
1357 5834 1782 5913 exemplarium
1840 5840 2168 5899 manuscri-

2273 4766 2954 4840 ptorumgrestituimus,
3004 4766 3346 4840 et_vicesimi
3401 4767 3597 4840 octavi,
3655 4770 3788 4840 etc.,
3848 4767 3923 4821 li-

2278 4836 2367 4895 cet
2412 4855 2481 4894 ex
2531 4837 2640 4891 hoc
2670 4841 2960 4909 contextu
3010 4836 3192 4892 falsus
3228 4837 3698 4909 deprehendatur
3726 4839 3926 4894 Hiero-

2278 4926 2512 4982 nymus,
2584 4906 2701 4982 qui
2748 4908 3041 4978 psalmum
3075 4925 3279 4982 Axxvm
3303 4906 3472 4965 'cum
3509 4911 3928 4982 nonagesimo

2277 4978 2480 5052 quinto
2518 4978 2849 5050 promiscue
2896 4979 3118 5051 accepit
3174 4986 3231 5037 et
3287 4980 3567 5037 recitavit.
3618 4978 3799 5038 ΜΑῖιΤ.
3853 5012 3923 5022 -

2275 5051 2687 5125 Cistercienses
2754 5067 2894 5106 mss.
2954 5054 3202 5125 vicesimi
3258 5053 3510 5119 habent;
3570 5054 3669 5108 sed
3730 5069 3920 5125 neque

2276 5125 2385 5180 hoc
2417 5124 2563 5179 bene
2596 5139 2608 5177 :
2646 5138 2833 5194 neque
2881 5123 3037 5178 enim
3088 5131 3188 5181 aut
3234 5125 3293 5180 in
3342 5125 3615 5180 vicesimo
3648 5123 3919 5195 septimo,

2278 5202 2399 5264 aut,
2461 5195 2617 5268 quod
2677 5195 2965 5266 impressa
3016 5197 3185 5252 lectio
3246 5199 3492 5268 praefert,
3551 5202 3752 5252 octavo
3806 5195 3925 5251 ulla

2276 5267 2563 5340 depatria
2611 5272 2699 5320 est
2750 5268 2984 5322 mentio.
3046 5269 3111 5323 Et
3157 5267 3468 5323 manifesto
3512 5268 3697 5339 liquet
3742 5268 3918 5323 versi-

2276 5339 2473 5394 culum
2509 5339 2687 5393 istum
2721 5354 2733 5393 :
2768 5340 2965 5409 Afferte
2993 5340 3242 5405 Domino,
3270 5344 3471 5410 patria
3505 5342 3776 5408 gentium,
3809 5344 3922 5394 etc.

2276 5410 2650 5481 Nonagesimi
2684 5411 2871 5483 quinti
2908 5410 3119 5463 Psalmi
3153 5428 3301 5476 esse,
3334 5413 3937 5483 quemadmodum,re

2275 5483 2405 5554 ipsa
2454 5486 2713 5551 cogente,
2748 5481 3025 5554 Erasmus
3073 5481 3392 5538 rescribere
3441 5501 3554 5538 non
3611 5482 3920 5538 dubitavit.

2276 5552 2564 5608 Victorius
2596 5552 2920 5607 econtrario
2972 5554 3178 5607 maluit
3206 5570 3273 5609 ea
3302 5557 3496 5619 verba,
3528 5555 3611 5610 vel
3640 5557 3700 5609 in
3730 5555 3925 5609 vicesi-

2276 5642 2366 5679 mo
2397 5631 2602 5709 octauo,
2624 5638 2753 5703 una
2782 5638 2915 5709 cum
2948 5622 3045 5709 illo
3073 5625 3305 5709 .psalmi
3353 5643 3522 5709 versu
3568 5641 3917 5709 expungere,

2279 5695 2553 5779 quissi-bi
2584 5693 2709 5774 visa
2761 5700 2902 5748 sunt
2946 5695 3017 5779 ab
3071 5693 3585 5779 iinperitoualiquo.
3627 5693 3916 5779 immixta,

2277 5764 2467 5842 Nobis
2487 5764 2827 5842 Erasmiana
2857 5764 3292 5842 restitutio-non
3325 5764 3595 5842 displicet
3620 5784 3631 5822 :
3653 5768 3925 5842 illudque

2277 5838 2656 5900 manifestum
2688 5840 2968 5913 putamus
2999 5838 3920 5916 mendum,non’Hieronymiﬁed
