4332 6570
365 445 478 511 591

1019 450 1532 512 COMMENTAR.
1580 453 1659 512 IN
1703 451 1953 512 EPIST.
1983 449 2106 512 ἈΒ
2151 449 2428 513 EPHES.
2475 452 2621 512 LIB.
2669 454 2744 522 ll,
2793 453 2963 513 CAP.
3009 452 3118 513 III.

3660 453 3790 514 522-

363 593 498 638 c‘um
530 571 814 654 paulatim
847 596 880 635 a
908 579 1139 635 Christo
1171 580 1372 651 David,
1405 585 1463 635 et
1487 581 1782 637 Abraham
1806 586 2017 636 retror-
2049 585 2099 650 Α
2133 598 2265 637 nem
2298 582 2570 653 cupimus
2603 582 2862 637 roborari
2895 597 2908 638 :
2945 586 3011 639 ut
3058 586 3371 655 postquam
3428 583 3791 639 habitaverit»

367 688 498 727 sum
523 675 678 726 esset
707 669 1000 742 generatio
1032 673 1350 741 supputata
1380 670 1527 741 (Luc.
1561 688 1646 735 111,
1677 672 1891 737 23-34),
1944 671 2012 724 ad

366 766 690 815 extremum
721 759 1022 830 Scriptura
1079 759 1205 814 ait:
1270 757 1407 814 Filii
1462 759 1610 824 Seth,
1663 759 1770 830 filii
1823 759 2014 828 Adam,

365 849 476 918 ﬁlii
505 850 600 902 Dei
628 847 783 919 (Ibid.
819 849 908 917 38)
937 865 950 915 ;
986 853 1050 902 ut
1091 848 1459 919 paternitatis
1513 848 1573 902 in
1634 853 1790 904 terra
1847 866 2015 904 voca-

366 926 596 1003 bulum,
652 954 684 992 a
718 942 827 993 Deo
887 937 1146 1008 primum
1203 943 1394 992 ortum
1457 954 1585 992 esse
1643 943 2014 993 monstraret.

368 1023 658 1092 Quazritur
683 1042 816 1082 vero
849 1042 1026 1097 quam
1060 1028 1131 1081 ob
1164 1042 1427 1091 causam,
1460 1031 1515 1080 et
1540 1027 1600 1080 in
1632 1025 1791 1082 caelis
1824 1027 1895 1082 ab
1952 1042 2017 1081 eo

367 1116 558 1171 omnis
591 1116 912 1187 paternitas
933 1115 1273 1189 appelletur.
1301 1117 1601 1181 Quomo’do
1627 1133 1753 1188 nos,
1778 1116 1877 1188 qui
1903 1133 2018 1171 non

366 1222 575 1261 sumus
603 1206 674 1261 de
696 1221 907 1277 genere
936 1204 1254 1276 Abraham,
1280 1205 1329 1260 si
1354 1206 1528 1260 ﬁdem
1563 1204 1721 1261 illius
1747 1206 2019 1260 habueri-

365 1310 520 1361 mus,
537 1293 642 1348 ﬁlii
663 1309 942 1350 vocamur
963 1294 1288 1350 Abraham:
1322 1294 1683 1365 patriarchas
1707 1311 1941 1367 quoque
1965 1298 2021 1349 et

365 1384 682 1456 prophetas
712 1382 783 1453 (si
817 1387 1013 1439 tamen
1046 1399 1151 1438 nos
1182 1385 1253 1438 ab
1282 1384 1367 1438 eis
1401 1387 1635 1455 peccata
1667 1400 1782 1439 non
1847 1399 2019 1454 sepa-

366 1475 515 1540 rent)
542 1475 773 1527 nostros
797 1476 988 1543 patres
1011 1472 1291 1527 dicimus:
1318 1471 1400 1526 ita
1417 1477 1554 1544 puto
1581 1477 1636 1528 ct
1649 1471 2015 1544 angelos,cieo

364 1566 639 1633 terasque
658 1561 907 1616 virtutes
926 1561 1138 1616 habere
1163 1561 1450 1632 principes
1473 1562 1560 1617 sui
1588 1561 1820 1634 generis
1836 1563 1889 1616 in
1905 1578 2016 1616 coe-

363 1649 784 1720 lestibus,quos
800 1654 993 1721 patres
1005 1650 2020 1722 gaudeantappellare.Archangelus

364 1740 541 1804 enim,
570 1739 682 1793 nisi
703 1738 1046 1811 angelorum
1073 1739 1185 1794 dici
1219 1755 1334 1794 non
1362 1744 1572 1811 potest,
1597 1744 1653 1795 et
1673 1735 2017 1808 dominatio,

363 1833 419 1885 et
449 1828 832 1900 principatus,
855 1832 911 1883 et
934 1833 1210 1899 potestas,
1246 1829 1398 1885 602
1422 1828 1532 1884 nisi
1556 1827 1858 1884 inferiores
1883 1829 2019 1884 sub-

358 1918 545 1988 jectos
571 1915 845 1985 habeant,
880 1933 994 1972 non
1029 1921 1328 1972 vocantur.
1363 1917 1558 1972 Potest
1604 1933 1740 1990 ergo
1797 1921 1853 1973 et
1909 1919 2022 1973 hoc

368 2006 502 2072 dici,
536 2022 604 2061 ex
632 2021 699 2060 eo
731 2005 884 2078 quod
921 2011 1072 2061 Deus
1128 2010 1293 2061 Pater
1350 2005 1583 2061 Domini
1642 2007 1829 2062 nostri
1882 2007 2021 2062 Jesu

368 2094 583 2152 Christi
604 2096 774 2166 juxta
803 2095 1195 2150 substantiam
1231 2095 1394 2151 Pater
1422 2100 1528 2166 est,
1571 2100 1628 2151 et
1683 2096 2023 2168 unigenitus

369 2200 486 2239 non
515 2187 604 2239 est
633 2183 946 2254 adoptione
978 2183 1181 2250 Filius,
1214 2185 1314 2239 sed
1351 2189 1560 2239 natura
1586 2202 1598 2240 :
1628 2189 1847 2240 caetera)
1879 2201 2023 2256 quo-

369 2288 482 2346 que
507 2276 784 2329 creaturae
816 2273 1188 2343 paternitatis
1218 2290 1431 2328 nomen
1463 2273 1776 2346 adoptione
1801 2291 2026 2330 merue-

368 2365 525 2416 runt.
559 2361 850 2432 Quidquid
877 2365 1075 2417 autem
1099 2362 1168 2416 de
1189 2362 1358 2417 Patre
1379 2366 1435 2417 et
1468 2361 1612 2418 Filio
1635 2363 2025 2434 dicimus,hoc

369 2450 628 2506 sciamus
655 2450 876 2505 dictum
899 2466 1028 2506 esse
1052 2451 1122 2505 de
1151 2450 1370 2522 Spiritu
1394 2455 1614 2507 sancto.
1648 2452 1792 2507 Nam
1813 2457 1870 2507 et
1896 2451 2022 2507 Sal-

365 2544 529 2610 vator
559 2543 760 2594 noster
782 2544 1010 2594 Patrem
1033 2555 1160 2595 esse
1183 2555 1244 2594 se
1267 2540 1449 2607 novit,
1477 2541 1676 2596 dicens
1706 2559 1718 2596 :
1745 2542 1876 2607 Fili,
1936 2540 2020 2595 di-

367 2631 667 2683 mittuntur
696 2630 801 2683 tibi
822 2637 1053 2699 peccata
1083 2633 1182 2683 tua
1209 2629 1393 2696 (Marc.
1429 2646 1490 2695 II,
1541 2631 1596 2700 5)
1621 2647 1640 2690 ,·
1701 2634 1758 2684 et
1779 2647 1797 2684 :
1857 2630 2021 2697 Filia,

365 2716 507 2787 ﬁdes
537 2720 630 2771 tua
660 2718 714 2770 le
739 2716 958 2770 salvam
983 2717 1115 2787 fecit
1172 2717 1380 2787 (Matth.
1438 2734 1518 2783 1x,
1549 2719 1640 2788 22)
1671 2735 1684 2786 ;
1741 2722 1836 2773 et:
1895 2720 2026 2773 Filii

367 2807 496 2872 mei,
527 2804 707 2861 adhuc
735 2805 1008 2860 modicum
1034 2805 1311 2861 vobiscum
1339 2823 1463 2861 sum
1491 2807 1669 2876 (Joan.
1730 2823 1833 2878 vn,
1893 2808 1982 2878 33)
2004 2824 2026 2868 ,-

371 2898 428 2950 et
457 2910 557 2966 per
587 2893 870 2966 Spiritum
902 2900 1194 2960 sanctum,
1219 2897 1368 2966 justi
1402 2895 1621 2966 quique
1673 2896 2028 2967 adoptantur

371 2982 431 3037 in
463 2981 632 3038 ﬁlios.
660 2981 1004 3038 Valentinus
1028 2985 1376 3039 saeculorum
1410 3001 1654 3039 suorum
1703 2984 1972 3056 probolas
2006 2986 2022 3018 ί

373 3076 546 3143 atque
578 3070 870 3143 conjugia,
911 3087 979 3126 ex
1011 3072 1120 3128 hoc
1171 3073 1259 3128 vel
1318 3072 1572 3129 maxime
1629 3073 1755 3129 loco
1814 3075 2028 3130 conﬁr-

377 3161 625 3216 mandas
649 3164 856 3232 putat:
892 3177 1263 3232 nequaquam
1315 3161 1670 3234 intelligens,
1729 3166 1793 3217 ut
1849 3180 2028 3234 supra

309 3315 312 3318 ἢ
381 3248 656 3320 diximus,
689 3249 759 3304 ad
792 3248 1238 3305 similitudinem
1273 3251 1370 3306 Dei
1400 3251 1604 3318 Patris,
1637 3255 1694 3306 et
1752 3252 1811 3306 in
1864 3251 2027 3322 caelo,

2127 672 2394 727 Christus
2426 673 2482 726 in
2516 672 2790 726 interiore
2840 672 3098 737 homine,
3156 672 3216 727 in
3274 672 3461 744 ipsius
3520 673 3777 730 inferiori

2128 761 2385 816 hominis
2418 760 2640 816 habitet
2669 760 3000 832 principali,
3031 761 3090 816 id
3136 765 3226 817 est
3253 761 3312 816 in
3346 761 3621 817 cordibus
3678 775 3782 818 no-

2128 851 2266 906 stris
2293 867 2306 906 :
2342 867 2714 922 nequaquam
2747 867 2849 922 per
2877 855 3090 904 cuncta
3111 851 3238 919 ejus
3270 850 3538 905 membra
3557 850 3782 906 discur-

2128 956 2284 1004 rens,
2317 940 2416 994 sed
2451 940 2510 994 in
2543 938 2873 994 rationabili
2914 940 3042 1009 ejus
3102 938 3420 994 habitans:
3484 943 3541 994 et
3597 939 3656 995 in
3715 954 3791 995 eo:

2077 1021 2087 1032 ’
2131 1027 2514 1099 domicilium,
2550 1029 2868 1099 sedemque
2920 1044 3088 1083 suam
3143 1041 3387 1100 ponens.
3447 1028 3601 1084 θοι
3666 1028 3790 1084 Hoc

2129 1122 2324 1172 autem
2359 1121 2542 1172 totum
2577 1134 2679 1189 per
2706 1118 2878 1172 ﬁdem
2912 1118 3030 1184 ﬁet,
3066 1116 3116 1172 si
3146 1117 3456 1173 credamus
3504 1117 3564 1173 in
3624 1132 3781 1174 eum.

2131 1207 2521 1271 Quamobrem
2553 1207 2670 1261 ait:
2703 1206 2963 1262 Habitare
3011 1206 3289 1262 Christum
3341 1221 3444 1278 per
3501 1206 3669 1277 ﬁdem
3723 1207 3788 1262 in

2129 1296 2390 1351 cordibus
2446 1297 2656 1351 vestris.
2719 1294 3014 1350 Habitatio
3072 1299 3272 1350 autem
3323 1294 3440 1350 ista
3494 1311 3626 1366 quae
3683 1309 3789 1368 per

2130 1384 2432 1439 exordium
2466 1384 2597 1440 ﬁdei
2631 1384 2966 1454 fabricatur,
3029 1383 3254 1439 radices
3313 1388 3371 1438 et
3426 1383 3786 1440 fundamen-

2129 1473 2338 1528 tumin
2364 1473 2647 1528 charitate
2686 1473 2895 1528 habet:
2932 1477 2995 1527 ut
3049 1471 3327 1544 quoniam
3386 1472 3488 1529 Dei
3541 1471 3790 1541 agriculo

2130 1566 2259 1616 tura
2294 1577 2523 1628 sumus,
2557 1562 2656 1616 Dei
2688 1561 2992 1616 aediﬁcatio
3046 1562 3090 1629 (ι
3122 1560 3242 1616 Cor.
3303 1578 3388 1632 III,
3446 1561 3524 1633 9),
3584 1560 3790 1617 omnia.

2130 1651 2187 1705 in
2221 1651 2508 1706 charitate
2538 1653 2911 1705 succrescant
2968 1653 3140 1720 atque
3193 1650 3574 1706 adiﬁcantur.
3638 1648 3788 1706 Cum

2132 1745 2327 1795 autem
2360 1739 2603 1795 radicati
2633 1744 2690 1794 et
2722 1738 2946 1794 fundati
2979 1739 3037 1792 in
3069 1738 3375 1806 charitate,
3411 1739 3469 1794 in
3514 1738 3792 1795 interiore

2131 1829 2368 1884 homine
2421 1829 2684 1884 habitare
2743 1827 3042 1883 Christum
3098 1831 3219 1883 tota
3296 1827 3510 1884 mentis
3571 1826 3792 1884 ﬁducia

2133 1919 2500 1974 noverimus:
2533 1922 2673 1973 tunc
2711 1916 3062 1988 incipiemus
3089 1933 3226 1972 cum
3281 1916 3506 1972 cmteris
3565 1916 3794 1974 sanctis

2135 2008 2313 2064 etiam
2347 2009 2418 2062 ad
2453 2006 2552 2061 illa
2578 2023 2683 2062 nos
2711 2006 2984 2061 tendere:
3024 2010 3088 2062 ut
3119 2005 3314 2078 sagaci
3375 2005 3574 2062 animo
3629 2019 3788 2062 com-

2136 2097 2570 2170 prehendamus
2603 2113 2729 2167 quae
2761 2095 2836 2149 sit
2869 2094 3137 2166 latitudo,
3167 2099 3225 2149 et
3272 2094 3594 2166 longitudo,
3655 2111 3790 2168 pro-

2134 2185 2405 2252 fundum,
2441 2189 2496 2239 et
2526 2184 2810 2239 altitudo:
2844 2188 2898 2238 et
2931 2199 3046 2238 non
3070 2182 3262 2238 solum
3288 2183 3418 2248 hoc,
3451 2184 3553 2239 sed
3611 2183 3790 2240 etiam

2133 2274 2665 2347 supercminentem
2696 2271 2953 2328 scientiae
2983 2271 3325 2327 charitatem
3367 2271 3583 2328 Christi
3638 2272 3792 2330 scire

2133 2365 2479 2436 cupiemus;
2531 2366 2596 2417 ut
2647 2365 2958 2433 postquam
3021 2360 3144 2416 haec
3197 2361 3396 2417 omnia
3453 2360 3672 2418 fuerint
3726 2361 3790 2418 in

2133 2454 2302 2509 nobis
2332 2452 2534 2507 ordine
2582 2456 2640 2506 et
2698 2450 2918 2506 ratione
2971 2450 3281 2522 completa,
3344 2455 3487 2506 tunc
3543 2450 3788 2522 implea-

2135 2560 2268 2598 mur
2295 2543 2352 2596 in
2387 2540 2661 2596 omnibus
2692 2539 3098 2612 plenitudine’
3133 2539 3256 2595 Dei.
3289 2539 3684 2596 Latitudinem
3731 2543 3790 2596 et

2132 2632 2582 2704 longitudinem,
2615 2629 2972 2701 profundum
3004 2632 3061 2684 et
3089 2627 3484 2698 altitudinem,
3537 2628 3609 2684 de
3660 2639 3790 2683 cor-

2135 2719 2432 2791 poralibus
2463 2722 2598 2773 ante
2631 2716 2951 2781 discamus,
2985 2720 3050 2771 ut
3080 2732 3182 2787 per
3210 2732 3286 2771 ea-
3327 2717 3398 2771 ad
3455 2715 3790 2787 spiritualia

2135 2809 2384 2864 transire
2413 2806 2729 2862 valeamus.
2764 2805 2934 2860 Verbi
2966 2805 3177 2877 gratia,
3223 2805 3302 2860 sit
3351 2804 3599 2861 latitudo
3657 2803 3788 2860 cceli

2135 2898 2308 2953 istius
2339 2901 2396 2952 et
2424 2900 2610 2961 terrae,
2641 2895 2699 2949 id
2730 2899 2837 2962 est,
2897 2895 3079 2950 totius
3139 2895 3365 2961 mundi,
3424 2895 3496 2950 ab
3555 2893 3792 2950 Oriente

2137 3003 2326 3059 usque
2357 2986 2426 3040 ad
2472 2984 2882 3040 Occidentem:
2941 2983 3268 3055 longitudo,
3329 3001 3364 3039 a
3418 2983 3659 3040 Meridie
3715 2983 3790 3040 ad

2135 3076 2639 3149 Septentrionem:
2672 3073 3050 3145 profundum,
3086 3073 3144 3127 in
3177 3072 3425 3145 abyssis,
3478 3077 3536 3129 et
3588 3073 3650 3128 in
3707 3073 3792 3128 in.-

2137 3167 2332 3222 ferno:
2393 3163 2660 3233 altitudo,
2721 3179 2848 3234 quae
2912 3179 3092 3233 supra
3168 3162 3425 3218 coalestia
3506 3161 3791 3219 sublima-

2141 3259 2258 3310 tur.
2289 3254 2397 3310 Sed
2429 3252 2706 3325 quoniam
2737 3269 2772 3306 a
2817 3251 3111 3324 plerisque
3158 3253 3328 3322 juxta
3382 3251 3790 3316 Ecclesiastem

381 3338 526 3393 etin
560 3346 729 3404 terra,
763 3339 1142 3409 paternitates
1191 3356 1306 3395 non
1363 3341 1508 3410 ﬁeri,
1568 3342 1668 3396 sed
1727 3321 2025 3412 appellari.
2060 3321 2102 3387 C
2142 3345 2284 3417 (cap,
2333 3360 2373 3412 ι,
2431 3321 2508 3413 fi),
2563 3341 2773 3396 caelum
2819 3321 3163 3395 afﬁrmatur
3217 3341 3555 3410 rotundum,
3617 3345 3675 3396 et
3727 3340 3791 3400 in

451 3427 632 3498 (Vers.
669 3428 735 3480 16
765 3427 954 3498 seqq.)
986 3449 1013 3476 «
1042 3427 1115 3482 Ut
1163 3428 1260 3483 det
1312 3429 1496 3499 vobis,
1557 3431 1880 3485 secundum
1939 3431 2030 3484 di-

376 3515 551 3570 vitias
581 3514 778 3586 gloriae
809 3532 949 3583 suae,
977 3515 1190 3571 virtute
1234 3517 1546 3572 confortari
1601 3535 1704 3590 per
1755 3519 2029 3589 spiritum

377 3603 587 3675 ejusin
619 3602 954 3660 interiorem
1009 3605 1348 3661 hominem:
1411 3605 1675 3662 habitare
1733 3607 2030 3663 Christum

377 3710 480 3764 per
510 3693 684 3748 ﬁdem
718 3693 775 3747 in
809 3695 1083 3750 cordibus
1102 3695 1349 3753 vestris:
1383 3696 1440 3750 in
1474 3695 1757 3752 charitate
1787 3698 2032 3752 radicati

376 3785 433 3837 et
463 3781 723 3837 fundati:
780 3787 845 3837 ut
874 3784 1112 3855 possitis
1171 3784 1663 3856 comprehendere
1712 3803 1847 3841 cum
1909 3803 2032 3842 om-

378 3871 553 3927 nibus
582 3873 824 3938 sanctis,
881 3889 1007 3944 quae
1039 3874 1118 3928 sit
1148 3873 1417 3941 latitudo,
1479 3878 1535 3929 et
1590 3876 1915 3948 longitudo“,
1976 3881 2034 3932 et

377 3960 756 4031 profundum,
813 3966 870 4017 et
923 3962 1209 4018 altitudo:
1267 3964 1417 4019 scire
1474 3964 1650 4020 etiam
1711 3965 2033 4038 superemi-

379 4055 612 4106 nentem
646 4051 902 4108 scientiis
934 4052 1277 4108 charitatem
1310 4053 1545 4120 Christi,
1582 4059 1648 4109 ut
1673 4054 2035 4126 impleamini

383 4138 443 4193 in
495 4139 654 4195 omni
722 4141 1087 4212 plenitudine
1141 4143 1247 4213 (Al.
1307 4158 1540 4198 omnem
1585 4142 2032 4214 plenitudinem]

385 4227 502 4282 Dei.
534 4249 564 4278 »
594 4227 904 4302 Propterea
932 4230 1146 4300 inquit,
1171 4247 1344 4285 curvo
1378 4246 1570 4302 genua
1612 4249 1740 4287 mea
1799 4234 1870 4288 ad
1930 4233 2033 4288 Pa-

383 4320 556 4382 trem,
589 4317 656 4372 ad
689 4319 858 4390 cujus
889 4318 1334 4374 similitudinem
1369 4319 1560 4373 omnis
1589 4319 1645 4374 in
1674 4320 1816 4376 caelo
1863 4326 1920 4376 et
1976 4322 2035 4376 in

380 4408 538 4461 terra
560 4408 878 4478 paternitas
921 4409 1281 4478 nominatur,
1316 4407 1638 4478 deprecans
1669 4426 1804 4465 eum
1862 4414 2037 4481 atque

385 4495 717 4558 obsecrans,
750 4501 815 4552 ut
843 4497 1064 4552 tribuat
1092 4496 1254 4578 vobis
1312 4497 1587 4552 virtutem
1645 4497 1842 4569 glorise
1895 4516 2033 4570 suae,

383 4581 441 4639 id
473 4590 566 4639 est
593 4585 916 4656 majestatis
947 4602 1087 4652 suae,
1121 4585 1335 4642 habere
1369 4585 1728 4640 consortium
1757 4604 1769 4642 :
1821 4603 2038 4658 vosque

2142 3434 2378 3506 Sphaerae
2429 3431 2670 3486 modum
2728 3429 2899 3484 volvi.
2959 3428 3136 3484 Nulla
3184 3433 3379 3484 autem
3439 3428 3790 3496 rotunditas,

2140 3520 2512 3578 latitudinem
2564 3523 2622 3574 et
2676 3517 3102 3588 longitudinem
3161 3517 3356 3588 habet,
3420 3516 3794 3574 altitudinem

2143 3627 2375 3684 quoque
2404 3614 2460 3665 et
2489 3607 2880 3680 profundum;
2945 3607 3043 3663 sed
3085 3622 3152 3662 ex
3209 3606 3499 3662 universis
3530 3606 3796 3679 partibus

2143 3698 2453 3771 coasqualis
2483 3702 2588 3760 est,
2643 3697 2986 3752 necessitate
3045 3694 3473 3768 compellimur,
3535 3695 3795 3753 altitudi-

2142 3807 2299 3854 nem,
2333 3786 2572 3860 angelos
2619 3784 2943 3858 intelligere
3002 3801 3366 3857 superasque
3426 3785 3533 3855 (Al.
3592 3802 3800 3858 super-

2144 3880 2390 3950 nasquc]
2468 3863 2734 3932 virtutes.
2808 3875 3170 3930 Profundum
3235 3892 3370 3932 vero
3435 3875 3678 3941 inferos,
3745 3879 3802 3932 et

2144 3985 2270 4040 quae
2303 3967 2456 4021 infra
2484 3981 2582 4020 eos
2614 3968 2772 4020 sunt.
2806 3963 3258 4035 Longitudinem
3301 3969 3496 4020 autem
3554 3969 3610 4020 et
3664 3964 3799 4020 lati-

2143 4055 2431 4118 tudinem,
2509 4052 2701 4107 media
2760 4068 2888 4122 quae
2947 4051 3100 4106 inter
3158 4068 3404 4123 superos
3463 4052 3799 4125 inferosque

2144 4141 2493 4198 consistunt.
2551 4141 2620 4194 Et
2678 4139 2816 4210 quia
2872 4154 3238 4210 consequens
3293 4145 3400 4210 est,
3434 4145 3537 4196 aut
3568 4139 3798 4212 superis

2145 4231 2424 4303 aliquem,
2483 4234 2584 4284 aut
2633 4227 2834 4283 inferis
2895 4243 3024 4283 esse
3086 4227 3365 4296 vicinum,
3434 4243 3800 4300 quaecunque

2145 4320 2434 4392 incipiunt
2467 4320 2537 4374 ad
2572 4317 2812 4372 meliora
2841 4317 3140 4389 proﬁcere,
3175 4321 3232 4373 et
3280 4318 3352 4374 ad
3410 4317 3685 4387 caelestia,
3744 4321 3802 4374 et

2145 4411 2216 4465 ad
2249 4409 2362 4465 alia
2411 4422 2781 4480 consurgere,
2849 4406 3152 4478 longitudo
3217 4406 3606 4479 appellentur.
3665 4407 3800 4471 Quae

2144 4515 2280 4555 vero
2309 4497 2566 4553 inferiori
2600 4495 2750 4569 parti
2784 4496 3046 4567 proxima
3076 4500 3236 4568 sunt,
3284 4501 3342 4552 et
3401 4497 3474 4552 ad
3504 4495 3648 4552 vitia
3703 4498 3802 4552 de-

2147 4588 2446 4655 labuntur,
2481 4587 2573 4642 his
2620 4585 2952 4640 latitudinis
3010 4602 3224 4642 nomen
3283 4585 3634 4658 impositum
3686 4586 3800 4643 sit:

383 4673 616 4729 roboret
644 4679 819 4746 atque
871 4675 1178 4730 conﬁrmet
1235 4692 1338 4748 per
1391 4675 1673 4747 Spiritum
1727 4680 2035 4731 sanctum:
2070 4691 2116 4754 Β
2149 4678 2282 4732 Lata
2329 4679 2532 4747 quippe
2575 4683 2625 4730 el
2680 4675 2925 4745 spatiosa
2979 4676 3074 4730 via
3129 4690 3257 4747 quae
3296 4675 3448 4732 ducit
3475 4676 3547 4731 ad
3575 4680 3809 4734 mortem

386 4762 526 4835 quia
555 4762 734 4818 nulla
767 4763 1042 4820 fortitudo
1099 4766 1324 4836 absque
1378 4763 1594 4836 Spiritu
1655 4769 1856 4820 sancto
1913 4769 2036 4821 est:
2151 4767 2373 4839 (Matth.
2434 4783 2532 4835 vn,
2593 4765 2700 4834 13).
2763 4768 2893 4820 Haec
2952 4764 3244 4836 universa,
3301 4770 3359 4822 et
3406 4766 3465 4821 in
3498 4782 3670 4822 cruce
3699 4767 3807 4822 Do-

387 4850 640 4907 Boboret
693 4856 888 4908 autem
947 4858 1123 4925 atque
1181 4854 1490 4909 conﬁrmet
1560 4853 1620 4908 in
1705 4853 2040 4911 interiorem
2152 4854 2297 4911 mini
2325 4854 2678 4910 nostriJesu
2735 4851 2948 4909 Christi
2981 4852 3227 4926 intelligi
3288 4859 3531 4926 queunt.
3589 4859 3806 4912 Ascen-

388 4939 710 4997 hominem.
743 4941 868 4998 Non
919 4943 1076 4998 enim
1130 4942 1390 5015 corporis
1443 4943 1616 5011 vires,
1677 4945 1777 5000 sed
1836 4945 2042 5000 animae
2155 4945 2298 4999 dens
2329 4943 2545 5015 quippe
2590 4941 2648 4997 in
2681 4940 2888 5010 altum,
2949 4941 3236 5014 captivam
3297 4943 3463 5000 duxit
3514 4943 3811 5016 captivita-

391 5032 743 5100 quzsrimus:
778 5047 882 5086 nec
913 5031 1276 5102 exteriorem,
1310 5032 1409 5088 sed
1464 5031 1798 5088 interiorem
1852 5033 2046 5090 homi-
2154 5037 2270 5088 tem
2298 5051 2312 5101 ;
2343 5037 2402 5088 et
2431 5031 2732 5087 descendit
2763 5031 2821 5086 in
2853 5032 3133 5088 interiora
3163 5033 3319 5088 604
3362 5037 3527 5088 terra;
3585 5031 3806 5103 (Ephes.

391 5155 716 5210 scribarum
753 5155 812 5211 in
845 5157 1164 5212 numericis
1197 5157 1348 5212 notis
1409 5157 1630 5228 passim
1683 5158 2042 5227 errantium;
2159 5175 2292 5214 mus
2323 5158 2392 5212 ad
2438 5157 2653 5213 librum
2713 5173 2752 5210 η
2808 5157 2845 5211 Α
2889 5159 3030 5228 olog.
3094 5155 3549 5227 llieronymianae
3605 5159 3809 5210 contra

392 5225 544 5280 nihil
570 5231 766 5283 tamen
799 5228 1186 5283 immutamus
1215 5234 1416 5283 contra
1450 5246 1590 5283 mss.
1624 5227 1820 5283 ﬁdem.
2158 5231 2460 5283 Ruﬁnum.
2496 5246 2658 5283 num.
2694 5230 2779 5283 19.
2814 5175 2912 5283 ι]ςὶ
2945 5231 3025 5283 ait
3051 5233 3108 5283 S.
3163 5234 3402 5283 Doctor:
3461 5228 3604 5282 Dicit
3662 5225 3804 5281 Can-

392 5225 544 5280 nihil'
570 5231 766 5283 tamen
799 5228 1186 5285 immutamus
1215 5225 1426 5284 contra
1450 5246 1590 5284 mss.
1624 5227 1820 5283 ﬁdem.
2033 5225 2037 5227 Ὗ
2158 5231 2460 5297 Ruﬁnum,
2496 5246 2658 5284 num.
2694 5230 2779 5299 19,
2814 5225 2912 5283 ubi
2945 5225 3025 5284 ait
3051 5233 3108 5284 S.
3163 5225 3402 5284 Doctor:
3461 5228 3604 5282 Dicit
3662 5225 3804 5299 Cari-

466 5299 727 5371 1tiupino
802 5316 997 5356 errore
1049 5300 1334 5356 hactenus
1387 5300 1660 5366 obtinuit,
1717 5301 2050 5357 saeculorum
2157 5303 2316 5357 dictus
2348 5296 2786 5369 (Valentinianae
2819 5301 3105 5356 haereseos
3140 5299 3429 5369 defensor)
3487 5299 3693 5371 Filium
3741 5296 3810 5371 Ade

392 5365 614 5454 suomni
664 5373 981 5454 parabolas,
1041 5389 1144 5454 pro
1205 5389 1318 5454 quo
1375 5389 1482 5454 nos
1535 5365 1812 5454 probolas,
1873 5374 2048 5454 etiam
2161 5365 2485 5454 Putris'esse
2513 5374 2840 5454 substantia,
2873 5374 3166 5454 errans-in
3193 5388 3257 5426 eo
3305 5365 3445 5454 quod
3487 5365 3808 5454 ςπῃοολήν,

395 5441 616 5516 absque
647 5441 790 5516 mss.
826 5441 1126 5514 suffragio,
1161 5441 1241 5500 rei
1273 5449 1514 5516 cogente
1535 5441 1819 5516 ’veritate,
1880 5443 2048 5516 resti-
2161 5445 2217 5500 id
2245 5449 2323 5501 est
2352 5445 2743 5515 prolationem,
2777 5445 2992 5516 asserit,
3031 5443 3165 5498 Vide
3193 5441 3811 5516 que’ibiadnotamus,

391 5512 637 5588 tuimus.
699 5514 836 5568 Erat
910 5512 1214 5588 enimvero
1275 5512 1685 5571 Valentiniana
1768 5512 2047 5588 προοολῆ,
2164 5533 2234 5572 ne
2266 5512 2467 5571 eadem
2504 5515 2596 5570 hic
2628 5531 2936 5588 recoquere
2976 5512 3345 5588 longum’sit.

394 5583 550 5640 idem
582 5591 760 5656 atque
787 5585 1094 5655 productio,
1133 5604 1266 5642 cum
1301 5587 1533 5643 scilicet
1556 5583 1872 5642 constituto
1932 5587 2050 5658 ple-
2233 5589 2253 5621 ²
2288 5587 2491 5642 Maluit
2524 5583 2826 5652 Victorius,
2881 5589 2941 5640 in
2997 5583 3210 5640 omnem
3265 5583 3688 5658 plenitudinem,
3750 5587 3816 5658 ut

399 5663 639 5732 romate,
672 5658 883 5712 onues
935 5674 1038 5732 pro
1079 5675 1187 5713 sua
1236 5659 1487 5730 quisque
1544 5661 1862 5725 voluntate,
1899 5657 2051 5730 quod
2164 5659 2501 5732 inVulgata
2533 5664 2588 5715 et
2619 5658 2850 5715 Graeco:
2881 5661 3001 5725 aut,
3036 5658 3094 5710 in
3123 5661 3274 5712 omni
3316 5657 3693 5730 plenitudine,
3750 5657 3815 5714 ut

401 5727 514 5802 sibi
544 5734 670 5802 erat
700 5727 1094 5802 praestantius,
1115 5727 1466 5802 conferebat
1507 5732 1578 5787 ad
1640 5747 1855 5786 novum
1916 5727 2053 5802 pro-
2165 5729 2358 5787 intra.-

387 5799 740 5861 .ducendum
769 5802 976 5858 fetum.
1010 5800 1193 5857 Multa
1223 5818 1328 5860 nos
1360 5819 1428 5861 ea
1456 5803 1528 5861 de
1564 5818 1701 5860 voce
1761 5799 2053 5861 concessh

730 5929 992 6010 Parant.
1036 5927 1255 5996 XXVI.

2832 5903 2837 5909 ’
3422 5931 3493 5996 ιτ
