4332 6636
511 499 628 562 533

510 735 744 776 omnem
779 722 994 775 terram
1053 718 1193 775 exiit
1237 719 1569 790 prmdicatio
1602 719 1813 775 crucis.
1860 722 2049 790 Atque
2077 718 2158 773 ita

508 811 568 864 et
599 807 988 879 altitudinem,
1023 812 1080 863 et
1123 808 1499 880 profundum,
1533 813 1591 863 et
1621 807 2072 879 longitudinem,
2101 811 2158 862 et

505 896 878 954 latitudinem
916 901 1094 953 tenet.
1168 896 1279 954 Nec
1343 898 1559 952 mirum
1627 897 1675 951 si
1743 913 1880 952 crux
1943 895 2155 951 Christi

506 986 780 1044 universa
817 986 1132 1059 possideat,
1166 1002 1301 1042 cum
1332 987 1508 1042 etiam
1557 985 1606 1040 si
1673 985 1806 1056 quis
1844 984 2157 1040 cruciﬁxus

507 1075 683 1132 fuerit
720 1092 855 1132 cum
914 1075 1162 1142 Christo,
1203 1075 1468 1130 eamdem
1507 1073 1720 1129 habeat
1785 1077 2151 1144 potestatem.

508 1165 664 1222 Sciet
691 1165 907 1238 quippe
942 1164 1200 1238 primum
1239 1161 1609 1218 latitudinem
1670 1162 1741 1217 ab
1781 1161 2154 1217 inferioribus

509 1253 817 1326 incipiens,
858 1257 916 1309 et
946 1253 1174 1308 minora
1219 1267 1595 1322 cognoscens.
1639 1250 1859 1306 Deinde
1897 1251 2151 1322 longitu-

510 1343 730 1414 dinem,
770 1357 868 1398 eos
935 1341 1034 1413 qui
1091 1341 1152 1396 in
1211 1345 1368 1396 terra
1431 1339 1628 1410 positi,
1669 1339 1740 1394 ad
1781 1338 2060 1394 sublimia
2097 1344 2155 1396 et

509 1431 626 1488 alta
689 1430 990 1487 festinant.
1031 1429 1168 1486 Post
1205 1428 1326 1484 haec
1365 1429 1746 1500 profundum,
1789 1428 2154 1484 adversaries

505 1520 944 1593 contrariasque
1009 1520 1274 1586 virtutes,
1343 1534 1471 1590 quae
1539 1521 1742 1573 contra
1799 1533 1905 1572 nos
1945 1516 2000 1571 in
2043 1517 2153 1572 hoc

504 1610 725 1667 mundo
753 1609 973 1666 bellum
1004 1611 1234 1682 gerunt.
1275 1607 1346 1662 Et
1383 1607 1456 1662 ad
1497 1611 1822 1662 extremum
1889 1605 2149 1660 altitudi-

504 1716 639 1757 nem
674 1716 689 1757 :
729 1699 868 1771 quia
906 1703 1219 1770 postquam
1258 1695 1529 1751 notitiam
1595 1711 1796 1750 earum
1847 1694 2149 1761 habentes,

504 1787 816 1844 fecerimus
846 1786 1016 1841 nobis
1047 1802 1145 1841 eas
1175 1800 1305 1840 esse
1343 1785 1454 1840 sub
1502 1783 1786 1855 pedibus:
1849 1787 1990 1837 tunc
2031 1799 2150 1838 me-

505 1876 769 1932 rebimur
799 1875 870 1932 ad
901 1873 1021 1931 alta
1049 1878 1106 1929 et
1134 1872 1359 1929 excelsa
1416 1872 1823 1928 conscendere.
1881 1871 1994 1926 Nec
2044 1888 2152 1943 pu-

1751 498 1813 558 S.
1864 495 2170 559 EUSEBII
2215 494 2663 558 HIERONYMI

509 647 585 698 ιν,
614 630 725 702 89).
794 628 862 685 Et
917 631 1049 702 post
1111 628 1482 686 altitudinem
1539 633 1596 686 et
1653 630 2029 701 profundum,
2089 629 2148 683 in
2179 631 2455 702 Agatur,
2514 633 2570 685 et
2623 646 2755 702 spes
2812 631 3042 684 nostras
3108 628 3259 683 vinci
3347 625 3691 683 effectibus:

3799 494 3918 555 524

3780 643 3918 698 quia

2266 719 2590 774 secundum
2623 719 2679 774 id
2713 719 2865 791 quod
2899 722 3122 790 oportet
3151 734 3335 786 orare,
3386 715 3680 772 nescimus
3738 717 3912 788 (Rom.

2263 825 2387 878 vm,
2413 809 2523 878 26),
2557 813 2615 863 et
2644 825 2794 880 sape
2825 813 3029 862 contra
3059 824 3164 863 nos
3223 807 3498 878 petimus,
3559 805 3915 861 aestimantes

2265 913 2393 952 esse
2423 915 2527 968 pro
2560 897 2750 964 nobis,
2783 899 3009 961 Quanto
3041 896 3194 951 enim
3228 894 3436 950 melius
3477 899 3602 949 erat
3660 895 3914 950 fornica-

2263 986 2375 1041 tori
2407 991 2707 1058 egrotare,
2738 990 2795 1040 et
2821 984 3117 1040 debilitate
3149 984 3428 1055 torqueri,
3464 1000 3638 1056 quam
3697 983 3913 1040 Christi

2264 1074 2547 1146 templum
2576 1076 2762 1130 facere
2793 1075 3056 1128 membra
3085 1073 3406 1129 meretricis
3438 1075 3482 1144 (I
3511 1072 3631 1128 Cor.
3664 1089 3742 1143 γι,
3774 1074 3860 1144 15)
3886 1071 3914 1127 ?

2265 1169 2469 1234 potens
2502 1167 2590 1218 est
2621 1179 2755 1233 ergo
2790 1166 2959 1228 Deus,
2991 1179 3104 1216 non
3151 1161 3343 1216 solum
3403 1178 3581 1234 super
3638 1162 3696 1216 id
3734 1162 3909 1232 'quod

2264 1253 2541 1324 petimus,
2601 1252 2702 1307 sed
2733 1251 2909 1306 etiam
2942 1267 3116 1321 super
3171 1251 3229 1304 id
3287 1251 3440 1323 quod
3498 1249 3910 1322 intelligimus,

2263 1343 2517 1397 tribuere
2547 1340 2762 1412 (Ephes.
2799 1357 2884 1408 ιιι,
2914 1341 3026 1412 20).
3060 1340 3264 1395 Evenit
3292 1339 3608 1407 interdum,
3672 1345 3736 1394 ut
3778 1357 3909 1396 sen-

2264 1448 2394 1484 sum
2471 1434 2738 1485 nostrum
2815 1446 2928 1484 non
3005 1429 3405 1500 exprimamus
3475 1429 3534 1483 in
3599 1445 3819 1500 vocem,
3852 1433 3912 1484 et

2263 1523 2518 1574 mentem
2549 1520 2722 1573 verba
2764 1535 2879 1572 non
2939 1516 3244 1588 explicent,
3306 1517 3598 1590 tacitoque
3654 1517 3910 1591 cogitatu

2262 1607 2578 1681 gemitibus
2617 1607 3128 1674 inenarrabilibus,
3189 1611 3252 1661 ut
3307 1606 3433 1678 ipse
3489 1605 3800 1678 Apostolus
3832 1606 3913 1662 ait

2263 1696 2436 1767 (Rom.
2495 1714 2616 1768 vm,
2676 1698 2788 1765 26),
2851 1697 3045 1752 nescio
3105 1697 3268 1767 quid,
3337 1696 3491 1768 quod
3548 1696 3740 1751 dicere
3794 1709 3942 1751 non‘

2262 1803 2602 1858 possumus,
2659 1786 3059 1858 deprecemur.
3136 1786 3440 1840 Prazstabit
3498 1785 3679 1857 igitur
3735 1802 3913 1857 super

2263 1892 2438 1948 quam
2474 1875 2746 1947 petimus,
2781 1880 2884 1930 aut
2931 1874 3337 1947 intelligimus,
3397 1875 3721 1930 secundum
3779 1891 3907 1930 eam

501 1965 749 2021 tandum
779 1963 840 2019 in
869 1963 980 2019 hoc
1010 1962 1225 2031 laboris
1255 1962 1441 2018 nostri
1473 1978 1620 2027 esse,
1671 1966 1734 2016 ut
1787 1960 2028 2015 radicati
2095 1965 2152 2015 et
2180 1995 2228 2060 B
2260 1964 2534 2019 virtutem
2567 1981 2690 2035 quae
2723 1968 2993 2036 operatur
3024 1964 3083 2019 in
3115 1964 3285 2020 nobis
3346 1963 3564 2036 (Ephes.
3620 1980 3705 2032 III,
3762 1964 3856 2034 20)
3893 1980 3906 2020 :

505 2052 734 2109 fundati
799 2051 860 2108 in
926 2051 1230 2118 charitate,
1297 2050 1594 2123 possimus
1657 2050 2225 2121 comprehendere"
2260 2059 2322 2108 ut
2353 2055 2642 2125 quomodo
2676 2069 2830 2108 nunc
2888 2069 3003 2108 non
3055 2053 3225 2124 juxta
3281 2054 3556 2109 meritum
3615 2057 3905 2122 nostrum,

506 2158 642 2198 cum
673 2140 949 2198 omnibus
978 2141 1218 2208 sanctis,
1251 2157 1377 2212 qua:
1408 2140 1485 2196 sit
1540 2139 1812 2209 latitudo,
1853 2143 1909 2194 et
1965 2138 2148 2210 longi-

502 2230 647 2287 tudo
684 2233 742 2287 et
767 2229 1145 2303 profundum,
1177 2233 1235 2284 et
1263 2227 1528 2297 altitudo,
1589 2227 1703 2283 nisi
1759 2227 1933 2283 etiam
1987 2228 2147 2284 omni

503 2319 698 2376 studio
729 2335 902 2376 nosse
931 2319 1261 2391 cupiamus,
1295 2316 1649 2373 eminentem
1700 2316 1953 2373 scientiae
2012 2317 2146 2372 cha-

501 2409 738 2465 ritatem
792 2407 1031 2480 Christi,
1090 2411 1157 2463 ut
1212 2423 1328 2462 non
1399 2405 1647 2478 simplex
1726 2406 2000 2471 charitas,
2048 2408 2144 2462 sed

503 2497 948 2571 supereminens
969 2501 1107 2554 nota
1123 2497 1199 2552 sit
1229 2496 1398 2552 nobis
1423 2514 1436 2552 :
1473 2511 1578 2551 nec
1609 2496 1718 2551 iste
1751 2496 1827 2551 sit
1857 2496 2146 2552 terminus

500 2587 717 2644 habere
755 2586 1022 2644 notitiam
1057 2585 1550 2658 supereminentis
1580 2585 1883 2640 charitatis
1912 2584 2145 2654 Christi,

500 2676 616 2734 nisi
646 2675 934 2733 addamus
972 2679 1030 2732 et
1058 2673 1237 2742 aliud,
1299 2679 1364 2729 ut
1418 2674 1948 2746 supereminentem
2008 2673 2144 2729 cha-

498 2765 732 2823 ritatem
763 2765 1014 2823 scientia
1081 2780 1531 2836 consequamur.
1600 2764 1681 2818 Ex
1737 2780 1851 2835 quo
1887 2763 2148 2818 animad-

497 2855 862 2926 vertendum,
896 2853 1036 2926 quia
1091 2853 1371 2926 grandem
1403 2857 1460 2909 et
1500 2853 1850 2908 immensam
1881 2852 2147 2908 Christus

499 2943 752 3001 scientiae
809 2943 1022 3000 habeat
1074 2941 1441 3008 charitatem,
1500 2941 1558 2995 id
1616 2945 1725 3008 est,
1785 2957 1986 2996 eorum
2047 2941 2146 3012 qui

498 3045 572 3086 ne
618 3029 768 3086 scire
799 3029 1152 3098 desiderant,
1185 3028 1286 3101 qui
1317 3027 1378 3083 in
1424 3027 1548 3099 lege
1606 3029 1734 3098 ejus
1791 3028 2150 3084 meditantur

500 3118 596 3175 die
650 3135 717 3174 ac
783 3121 949 3174 nocte
1004 3117 1175 3188 (Psal.
1224 3133 1266 3184 1,
1295 3118 1372 3188 2),
1396 3117 1505 3188 .qui
1565 3117 1741 3172 verba
1796 3122 2027 3172 vertunt
2088 3118 2146 3172 in

501 3223 696 3280 opera,
755 3211 812 3264 et
867 3208 1024 3280 quod
1091 3222 1188 3263 ore
1271 3205 1670 3274 meditantur,'
1735 3212 2149 3263 consummant

507 3313 688 3354 manu
755 3297 931 3370 (Rom.
991 3314 1052 3368 ιι,
1119 3297 1228 3367 13).
1288 3295 1396 3360 Qui
1455 3299 1648 3351 autem
1709 3295 1843 3351 talis
1902 3300 2008 3364 est,
2083 3302 2148 3352 ut

2259 2144 2360 2198 sed
2394 2159 2573 2214 supra
2601 2146 2733 2198 vota
2765 2141 2864 2196 dat
2893 2141 3061 2197 nobis
3093 2141 3310 2212 aliqua,
3371 2159 3498 2215 quae
3557 2158 3662 2198 nec
3716 2146 3911 2213 petere

2258 2231 2386 2288 ausi
2416 2230 2656 2297 fuimus,
2692 2247 2794 2286 nec
2828 2231 2876 2286 si
2908 2230 3280 2303 petissemus,
3322 2230 3744 2286 estimavimus
3803 2246 3909 2286 nos

2257 2320 2512 2375 mereri:
2573 2319 2653 2374 ita
2710 2323 2767 2374 et
2830 2325 3036 2374 caetera
3090 2319 3333 2386 tribuat,
3394 2336 3522 2392 qua:
3581 2336 3684 2375 nec
3741 2335 3908 2376 mens

2259 2412 2448 2480 potest
2478 2409 2750 2479 cogitare,
2786 2425 2890 2463 nec
2937 2407 3137 2479 lingua
3195 2409 3471 2480 proferre.
3538 2408 3654 2481 Ipsi
3712 2408 3909 2481 itaque

2260 2502 2370 2552 Deo
2455 2498 2531 2552 sit
2603 2497 2828 2570 gloria:
2889 2499 3148 2569 primum
3214 2498 3272 2552 in
3330 2497 3588 2554 Ecclesia
3655 2515 3785 2570 qua:
3821 2504 3910 2555 est

2257 2603 2422 2658 pura,
2457 2603 2570 2642 non
2613 2587 2837 2643 habens
2897 2585 3187 2642 maculam
3249 2604 3435 2659 neque
3504 2604 3710 2660 rugam
3743 2587 3904 2661 (Eph.

2256 2693 2308 2744 ν,
2341 2677 2452 2747 26),
2515 2681 2572 2732 et
2628 2693 2753 2746 quae
2815 2681 3118 2748 propterea
3173 2675 3418 2747 gloriam
3496 2678 3592 2733 Dei
3654 2678 3908 2750 recipere

2257 2770 2466 2836 potest,
2527 2765 2667 2836 quia
2722 2781 2934 2838 corpus
2991 2769 3079 2820 est
3137 2765 3349 2821 Christi
3407 2766 3625 2838 (Coloss.
3671 2783 3732 2836 ιι,
3794 2768 3902 2839 17).

2256 2853 2475 2908 Deinde
2506 2854 2563 2908 in
2596 2853 2822 2909 Christo
2851 2854 3016 2920 Jesu,
3049 2853 3186 2924 quia
3215 2855 3273 2908 in
3321 2871 3558 2927 corpore
3616 2857 3906 2928 assumpti

2257 2941 2535 3008 hominis,
2568 2944 2736 3014 cujus
2767 2947 2902 2999 sunt
2933 2944 3201 2999 universa
3231 2945 3496 3000 membra
3517 2946 3903 3014 credentium,

2258 3032 2452 3087 omnis
2513 3031 2786 3086 divinitas
2843 3031 3132 3087 inhabitet
3190 3032 3568 3104 corporaliter
3619 3034 3773 3106 (Ibid.
3824 3034 3906 3103 9.)

2257 3123 2391 3187 Quae
2424 3121 2658 3192 quidem
2691 3120 2875 3192 gloria
2903 3137 3018 3176 non
3051 3120 3110 3175 in
3168 3137 3425 3192 praesens
3480 3126 3708 3178 tantum
3763 3127 3910 3178 tem-

2257 3227 2370 3282 pus
2399 3210 2746 3275 extenditur,
2779 3214 2835 3265 et
2866 3210 3077 3265 futuris
3107 3209 3334 3266 saeculis
3364 3211 3751 3282 terminatur;
3803 3212 3905 3268 sed

2255 3298 2317 3353 in
2348 3314 2551 3354 omnes
2609 3299 3031 3372 generationes,
3087 3305 3144 3354 et
3200 3300 3476 3356 saeculum
3536 3301 3902 3371 smculorum,

510 3386 726 3461 dignus
761 3365 852 3444 sit
906 3365 1044 3459 peri
1077 3365 1380 3442 scientiam
1439 3401 1606 3441 suam
1666 3384 1880 3440 habere
1936 3386 2149 3444 Christi
2180 3365 2222 3432 (ἶ
2259 3387 2540 3444 ineffabili
2573 3365 2888 3444 aeternitate
2945 3394 3266 3460 permanet,
3299 3390 3527 3458 crescit,
3563 3397 3829 3464 augetur.

505 3477 1037 3550 supereminentem
1111 3474 1456 3541 claritatem,
1534 3473 1630 3530 ille
1732 3473 1877 3528 nihil
1980 3477 2150 3532 debet

503 3566 664 3623 aliud
695 3569 900 3640 praeter
930 3564 1235 3622 scientiam
1266 3563 1538 3635 cogitare.
1580 3567 1770 3633 Atque
1824 3563 1908 3620 ita
1937 3564 2143 3637 imple-

500 3655 659 3712 bitur
687 3657 748 3712 in
803 3654 965 3711 omni
1021 3653 1384 3726 plenitudine
1449 3653 1594 3708 Dei:
1664 3670 1779 3708 non
1838 3653 2029 3710 solum
2085 3655 2145 3710 in

500 3743 775 3818 praesenti
806 3741 1039 3809 saeculo,
1073 3742 1174 3798 sed
1205 3741 1381 3797 etiam
1408 3741 1466 3795 in
1499 3742 1692 3797 futuro
1727 3759 1739 3796 :
1775 3747 1839 3797 ut
1863 3744 1962 3814 qui
1991 3761 2146 3799 nunc

498 3832 709 3906 plenus
737 3849 865 3888 esse
891 3831 1063 3903 coepit
1092 3830 1151 3885 in
1182 3830 1377 3886 studio
1409 3845 1511 3901 per
1546 3829 1877 3899 lectionem,
1947 3837 2149 3904 postea

499 3921 815 3996 perfectius
844 3919 1159 3993 impleatur
1187 3919 1321 3988 Deo,
1350 3918 1450 3990 qui
1508 3923 1596 3975 est
1652 3919 1952 3991 plenitudo
2021 3938 2145 3977 om-

500 4011 690 4081 nium,
723 4026 786 4067 se
815 4007 1162 4082 complente.

573 4099 756 4174 (Vere.
815 4101 905 4168 20,
964 4099 1078 4172 21.)
1135 4098 1261 4154 «Ei
1314 4103 1511 4155 autem
1566 4098 1666 4171 qui
1726 4105 1914 4172 potest
1971 4119 2147 4174 super

502 4190 700 4248 omnia
729 4190 917 4248 facere
942 4188 1338 4246 abundantius
1367 4205 1545 4260 quam
1589 4189 1842 4260 petimus
1899 4196 2000 4246 aut
2056 4192 2146 4246 in-

502 4280 847 4355 telligimus,
892 4279 1219 4336 secundum
1247 4277 1521 4333 virtutem
1577 4293 1702 4348 qua:
1757 4285 2031 4350 operatur
2086 4281 2144 4335 in

500 4371 691 4438 nobis,
723 4370 835 4443 ipsi
867 4367 1052 4442 gloria
1080 4367 1139 4422 in
1173 4366 1446 4433 Ecclesia,
1478 4370 1535 4420 et
1593 4366 1652 4420 in
1701 4366 1926 4422 Christo
1981 4372 2144 4437 Jesu,

499 4459 560 4515 in
611 4458 886 4515 omnibus
941 4455 1418 4530 generationibus
1476 4453 1588 4524 [Αι.
1647 4471 1849 4510 omnes
1905 4473 2144 4529 genera-

497 4547 710 4618 tiones]
741 4545 937 4602 saeculi
995 4543 1364 4614 szeculorum,
1420 4549 1692 4598 Amen.»
1750 4544 1836 4598 Ad
1899 4544 1955 4599 id
1989 4547 2140 4617 quod

500 4652 679 4708 supra
733 4634 989 4690 dixerat:
1050 4635 1342 4704 Propterea
1425 4648 1590 4688 curvo
1666 4648 1844 4702 genua
1897 4650 2017 4690 mea
2073 4636 2143 4691 ad

2328 3479 2481 3534 006
2515 3479 2669 3550 (Cap.
2715 3477 2804 3534 IV.
2851 3509 2918 3520 —-
2973 3478 3134 3534 Vers.
3189 3479 3263 3550 1.)
3315 3502 3344 3530 ‹‹
3403 3480 3651 3537 Obsecro
3709 3482 3906 3554 itaque

2253 3585 2356 3623 vos
2385 3583 2489 3641 ego
2521 3567 2752 3623 vinctus
2792 3569 2850 3623 in
2914 3568 3176 3639 Domino,
3237 3572 3302 3623 ut
3359 3569 3532 3641 digne
3590 3571 3904 3627 ambuletis

2255 3657 2552 3712 vocatione
2583 3674 2699 3729 qua
2727 3657 2912 3712 vocati
2944 3657 3105 3712 estis.
3132 3679 3159 3706 »
3208 3661 3407 3713 Potest
3459 3663 3517 3714 et
3572 3660 3631 3714 in
3690 3659 3904 3716 Christi

2253 3744 2522 3813 vinculis,
2555 3745 2709 3800 etin
2765 3761 2994 3800 carcere
3052 3761 3154 3816 pro
3212 3747 3489 3818 martyrio
3549 3751 3904 3806 constitutus

2255 3833 2375 3887 hmo
2406 3832 2688 3887 scribere:
2726 3832 2935 3886 melius
2967 3836 3160 3886 autem
3200 3835 3308 3897 est,
3367 3831 3417 3887 si
3474 3833 3735 3890 vinctum
3797 3839 3901 3892 Do-

2255 3919 2399 3974 mini
2432 3919 2537 3989 [Αι.
2571 3919 2727 3974 addit
2759 3919 2964 3988 nostri]
3033 3919 3092 3972 in
3138 3918 3350 3974 Christi
3407 3919 3687 3978 charitate
3745 3925 3903 3980 dica-

2255 4026 2408 4064 mus.
2443 4009 2621 4080 Cujus
2654 4007 2736 4062 rei
2767 4011 2824 4062 et
2853 4006 3117 4062 Clemens
3148 4008 3220 4062 ad
3251 4007 3583 4064 Corinthios
3613 4013 3786 4067 testis
3817 4018 3907 4069 est

2256 4097 2555 4154 scribens:
2612 4096 2928 4152 Vinculum
2987 4094 3288 4151 charitatis
3347 4097 3445 4153 Dei
3503 4098 3636 4170 quis
3695 4101 3906 4171 poterit

2255 4204 2524 4245 enarrare
2557 4189 2569 4221 ι
2596 4187 2623 4240 Ῡ
2654 4187 2719 4240 Et
2751 4185 2808 4240 in
2840 4185 3028 4257 primo
3061 4186 3393 4258 Regnorum
3427 4186 3573 4243 libro
3613 4187 3899 4261 legimus:

2254 4279 2478 4333 Factum
2529 4286 2609 4332 est
2659 4283 2776 4348 post
2822 4275 2986 4331 verba
3047 4275 3180 4343 haec,
3239 4277 3500 4348 colligata
3545 4281 3624 4332 est
3715 4281 3905 4333 anima

2253 4370 2502 4426 Jonathae
2557 4384 2682 4424 cum
2739 4369 2932 4423 anima
2987 4367 3157 4423 David
3208 4367 3256 4439 (1
3318 4373 3449 4438 Reg.
3501 4385 3660 4437 xvm,
3709 4369 3780 4440 1).
3837 4369 3906 4424 Et

2255 4458 2536 4531 prepheta
2564 4459 2635 4513 de
2665 4456 2982 4530 apostolis:
3036 4461 3160 4512 Post
3215 4465 3282 4524 te,
3341 4457 3549 4529 inquit,
3609 4461 3904 4530 sequentur

2250 4549 2449 4603 vinclis
2512 4549 2668 4619 ferro
2724 4547 2983 4602 manibus
3012 4548 3185 4617 (Psal.
3241 4563 3352 4617 cv1,
3413 4547 3518 4621 15).
3584 4547 3690 4612 Qui
3745 4549 3901 4604 enim

2250 4637 2546 4693 Christum
2571 4636 2842 4709 diligunt,
2868 4640 3200 4707 sequuntur
3225 4651 3359 4690 eum
3377 4633 3683 4692 charitatis
3707 4637 3904 4692 vincu-

499 4724 651 4782 605
682 4725 937 4781 Patrem:
967 4741 1040 4778 ea:
1068 4737 1172 4795 quo
1202 4723 1383 4777 omnis
1407 4722 1708 4791 paternitas
1763 4724 1824 4778 in
1882 4723 2038 4778 caelis
2091 4733 2142 4780 et
2170 4735 2217 4800 D
2247 4725 2320 4781 lis
2350 4725 2626 4799 colligati.
2661 4726 2761 4781 Est
2793 4729 2850 4780 et
2880 4723 2992 4779 alia
3022 4723 3325 4794 expositio,
3386 4741 3511 4795 quae
3571 4725 3903 4798 recipienda

496 4831 558 4869 in
586 4817 739 4868 terra
765 4813 1125 4868 nominatur:
1159 4819 1220 4866 ut
1247 4810 1333 4866 det
1364 4811 1510 4867 vobis
1565 4811 1861 4867 secundum
1918 4814 2143 4870 divitias

493 4919 624 4959 suas
677 4903 877 4958 virtute
939 4902 1241 4972 confortari
1299 4900 1454 4972 (vers.
1517 4902 1728 4972 14-16),
1783 4905 1838 4957 et
1893 4902 2140 4975 reliqua,

495 5008 653 5048 nunc
682 4990 890 5046 infert:
922 4993 998 5046 Ei
1027 4999 1207 5046 autem
1247 4992 1340 5062 qui
1368 4995 1537 5062 potest
1592 5007 1756 5062 super
1809 4995 1996 5048 omnia
2047 4996 2142 5063 fa-

494 5098 613 5139 cere
640 5081 1020 5138 abundantius
1078 5096 1242 5151 quam
1294 5081 1550 5148 petimus,
1607 5083 1704 5135 aut
1759 5082 2138 5153 intelligimus,

493 5173 604 5229 hoc
652 5171 990 5236 ostendens,
1049 5186 1112 5225 se
1171 5169 1407 5240 quidem
1457 5171 1628 5241 juxta
1683 5169 2139 5226 imbecillitatem

493 5261 751 5318 hominis
800 5258 1149 5333 postulasse,
1209 5275 1334 5330 quae
1392 5258 1478 5313 eis
1535 5258 1929 5313 conducibilia
1982 5260 2139 5315 vide-

493 5350 748 5408 bantur:
783 5354 1054 5405 caaterum
1087 5351 1373 5420 quantum
1407 5346 1477 5401 ad
1510 5346 1589 5402 rei
1649 5346 1834 5418 ipsius
1891 5347 2142 5418 pertinet

491 5440 813 5508 veritatem,
849 5437 982 5511 plus
1023 5435 1174 5492 Deus
1238 5433 1427 5492 valere
1477 5435 1750 5504 tribuere,
1813 5451 1989 5506 quam
2047 5452 2137 5491 ro-

561 5637 588 5709 ‘_
609 5635 900 5709 Nimirum
931 5635 1189 5709 Epistola
1220 5635 1288 5709 l,_
1313 5650 1474 5709 num.
1509 5634 1597 5709 49,
1641 5632 1730 5709 τὸν
1784 5628 2003 5709 decuria
2033 5639 2132 5709 τῇς

489 5705 707 5781 ᾀγάπημς
761 5703 1041 5781 robes—oi)
1097 5705 1181 5768 τίς
1268 5703 1485 5760 δύναται
1542 5703 1896 5781 tamquam,
1944 5703 2133 5763 vincu-

487 5778 603 5838 lum
625 5778 918 5833 charitatis
947 5780 1043 5835 Dei
1071 5781 1192 5850 quis
1219 5782 1389 5850 potest
1418 5778 1718 5850 enarrare?

2254 4816 2350 4880 sit,
2411 4831 2610 4884 necne,
2670 4814 2778 4868 erit
2836 4814 2895 4868 in
2953 4817 3238 4884 potestate
3287 4811 3553 4869 lectoris:
3588 4813 3901 4873 Vinculum

2252 4904 2479 4972 animae,
2504 4919 2715 4974 corpus
2741 4901 2849 4957 hoc
2905 4901 3038 4968 dici,
3074 4907 3132 4956 et
3191 4901 3330 4973 quia
3388 4901 3604 4960 Paulus
3664 4906 3736 4960 ob
3796 4905 3903 4960 mi-

2251 4991 2561 5048 nisterium
2605 4989 2897 5062 Evangelii
2933 5006 3143 5061 corpus
3175 4991 3281 5046 hoc
3339 4993 3642 5063 acceperit,
3701 5010 3902 5050 conse-

2251 5084 2496 5152 quenter
2564 5078 2775 5134 Christi
2840 5079 3070 5134 vinctus
3135 5081 3212 5134 sit
3277 5080 3622 5152 appellatus.
3678 5085 3898 5155 Corpus

2249 5169 2356 5225 hoc
2415 5169 2713 5225 vinculum
2741 5167 2875 5235 dici,
2907 5173 2964 5223 et
2993 5185 3091 5223 eos
3148 5168 3247 5240 qui
3307 5169 3367 5223 in
3427 5187 3666 5242 corpore
3718 5172 3898 5227 vincti

2250 5263 2409 5325 sunt,
2443 5258 2665 5314 vinctos
2695 5263 2858 5313 terra:
2891 5257 3192 5330 appellari,
3233 5260 3513 5315 Jeremias
3546 5277 3778 5333 quoque
3836 5261 3894 5317 in

2249 5349 2503 5404 secundo
2535 5350 2555 5382 ε
2587 5347 2894 5420 alphabeto
2927 5351 3193 5414 testatur,
3227 5349 3461 5404 dicens:
3507 5352 3570 5406 Ut
3623 5351 3894 5406 humilia—

2247 5447 2328 5495 ret
2355 5439 2453 5493 sub
2479 5437 2708 5509 pedibus
2737 5439 2851 5491 suis
2881 5453 3063 5492 omnes
3096 5440 3296 5492 vinctos
3326 5442 3483 5494 terrae
3523 5439 3746 5511 (Thren.
3807 5455 3894 5505 Ill,

2248 5642 2366 5693 tem
2391 5638 2455 5692 S.
2490 5635 2820 5708 Hieronymi
2854 5651 3223 5707 nequaquam
3277 5642 3582 5693 assecutus
3641 5642 3764 5694 est:
3798 5637 3894 5693 hic

2246 5709 2401 5763 enim
2432 5712 2672 5763 sanctus
2709 5711 2913 5762 Doctor
2941 5710 2997 5762 in
3029 5710 3287 5764 Jcremiae
3348 5710 3892 5765 Lamentationibus

2247 5782 2360 5835 duo
2387 5783 2628 5864 tantum.
2653 5779 2918 5864 agnoscit
2946 5779 3276 5864 alphabeta,
3310 5785 3546 5853 propter
3600 5781 3891 5864 duplicem

553 5852 576 5892 ³
603 5854 714 5910 Pro
741 5850 998 5920 secundo,
1030 5849 1326 5909 Marianus
1355 5849 1556 5925 posuit
1591 5850 1770 5918 tertio,
1805 5849 1943 5932 quia
1974 5867 2133 5911 men-
2243 5850 2497 5928 speciem
2520 5849 2773 5910 metri’et
2791 5849 3115 5913 litterarum
3133 5849 3890 5918 diversam'connexionem.
