4332 6636
395 457 515 550 525

1052 475 1572 538 COMMENTAR.
1618 477 1697 536 IN
1742 476 1990 538 EPIST.
2037 478 2140 536 AD
2186 476 2465 538 EPHES.
2510 478 2662 537 LIB.
2710 477 2786 550 Il,
2833 475 3006 538 CAP.
3052 477 3156 538 IV.
3215 497 3218 500 ’

3684 473 3808 535 526

395 612 508 684 34).
541 611 613 667 Et
640 609 780 666 alibi
811 607 921 664 hoc
937 607 1130 680 ipsum
1154 608 1406 681 legimus
1434 626 1502 665 ex
1531 609 1748 664 Christi
1771 625 2043 681 persona,
2075 609 2128 675 Α
2160 608 2484 664 constituti.
2518 607 2715 664 Sancti
2748 608 2962 680 quippe
2996 624 3110 664 non
3137 607 3444 664 habebunt
3473 606 3808 679 [ALhabent

395 699 645 756 dicentis
678 717 690 755 :
723 700 820 754 His
848 699 946 768 qui
973 705 1132 753 erant
1187 699 1248 753 in
1293 699 1531 753 vinculis
1581 701 1748 764 emite,
1775 702 1826 754 et
1866 700 1964 769 qui
1988 700 2046 752 in

395 789 636 845 tenebris
689 787 1013 843 revelamini
1063 787 1189 856 (Isa.
1240 803 1391 855 xmx,
1449 789 1524 857 9).
1583 791 1776 843 Potest
1807 787 2048 860 quidem

396 876 690 933 vinculum
756 876 850 931 hic
906 875 1147 947 peccati,
1216 881 1274 931 et
1343 878 1613 931 tenebras
1683 876 2046 948 ignorantiae,

399 967 648 1022 adventu
695 969 754 1020 et
804 964 1214 1036 praedicatione
1262 964 1476 1020 Christi
1528 965 1813 1038 propheta
1854 970 2048 1021 osten-

399 1055 534 1110 dere
611 1053 953 1110 dissolutas.
1005 1053 1116 1108 Sed
1183 1058 1240 1108 et
1291 1053 1560 1125 superior
1620 1069 1832 1109 sensus
1877 1053 2054 1107 habet

400 1142 641 1198 locum:
693 1142 850 1214 quod
898 1141 1223 1207 vinculum,
1281 1158 1494 1212 corpus
1542 1142 1637 1207 sit,
1697 1147 1754 1196 et
1777 1143 2050 1198 tenebrae.

398 1236 630 1288 terrena
661 1230 782 1286 haec
813 1229 1116 1296 habitatio,
1146 1229 1244 1284 ubi
1295 1236 1438 1286 sunt
1487 1235 1738 1286 rectores
1784 1232 2051 1286 tenebra-

402 1337 555 1377 rum.
590 1324 647 1376 et
676 1323 904 1375 montes
946 1319 1258 1385 tenebrosi,
1316 1321 1388 1375 ad
1430 1337 1580 1391 quos
1631 1320 1806 1390 pedes
1854 1319 2052 1391 prohi-

401 1411 611 1466 bemur
661 1408 972 1464 oll‘endere.
1013 1407 1174 1471 Quod
1231 1411 1426 1462 autem
1477 1407 1559 1462 ait
1608 1409 1670 1463 Ut
1720 1407 1882 1477 digne
1931 1423 2048 1461 am-

405 1499 601 1554 buletis
619 1498 894 1554 vocatione
923 1513 1027 1567 qua
1075 1498 1275 1552 vocatis
1318 1499 1467 1552 estis.
1525 1496 1710 1568 Digne
1751 1496 2053 1551 vocatione

403 1588 708 1645 ambulare
738 1587 1066 1642 credendus
1116 1590 1223 1652 est,
1271 1585 1372 1657 qui
1404 1584 1732 1658 ingreditur
1781 1602 1882 1656 per
1919 1602 2052 1641 eum

405 1677 506 1750 qui
536 1676 677 1732 dicit
710 1701 724 1744 ;
755 1677 863 1747 Ego
883 1691 1010 1729 sum
1039 1676 1131 1728 via
1164 1676 1342 1746 (Jvan.
1405 1692 1520 1742 xw,
1580 1677 1658 1743 6),
1717 1679 1774 1729 et
1804 1691 1919 1729 non
1953 1675 2051 1730 de-

405 1767 602 1836 clinat,
659 1781 849 1836 neque
893 1765 968 1820 ad
1019 1764 1305 1835 dextram,
1359 1780 1549 1836 neque
1603 1765 1674 1819 ad
1728 1765 2051 1830 sinistram,

409 1855 618 1912 avertit
647 1855 856 1927 pedem
881 1870 1057 1908 suum
1080 1855 1152 1909 ab
1170 1853 1326 1910 omni
1359 1853 1451 1908 via
1484 1852 1640 1909 mala
1669 1853 2054 1925 (Isa.xxx,21);

2159 698 2312 768 quod
2346 698 2496 752 inter
2527 714 2588 752 se
2619 697 2866 752 invicem
2899 698 3182 753 sufferant
3216 713 3228 753 :
3263 698 3364 752 sed
3397 696 3458 751 hi
3503 697 3600 768 qui
3636 695 3805 768 quasi

2160 787 2428 842 homines
2473 785 2669 858 aliqua
2699 787 2890 841 adhuc
2949 787 3222 856 passione
3281 790 3655 858 superantur.
3690 785 3807 841 Nec

2161 876 2378 931 mirum
2411 876 2460 932 si
2495 876 2702 948 Ephesi
2735 877 2852 931 haec
2885 876 3128 930 audiant
3157 893 3288 930 cum
3333 876 3394 931 in
3425 874 3808 931 multitudine

2161 965 2521 1020 credentium
2557 965 2677 1020 sint
2705 964 2888 1036 aliqui
2916 964 3016 1036 qui
3047 964 3238 1019 adhuc
3287 964 3534 1020 invicem
3567 964 3810 1020 sufferre

2162 1069 2224 1108 se
2254 1054 2520 1123 debeant,
2554 1058 2673 1110 Hoc
2706 1053 2898 1125 ipsum
2935 1053 3079 1108 mihi
3105 1053 3337 1109 videtur
3385 1053 3716 1125 significare
3747 1057 3809 1109 et

2160 1141 2307 1197 illud
2340 1143 2492 1214 quod
2525 1143 2595 1197 ad
2627 1141 2862 1198 Galatas
2894 1129 3171 1198 scribitur
3204 1142 3598 1200 :Alterutrum
3639 1158 3812 1199 onera

2161 1240 2341 1286 vestra
2367 1235 2580 1302 portate
2610 1231 2812 1303 (Galat.
2844 1249 2922 1299 v1,
2955 1233 3032 1302 2).
3063 1232 3382 1287 Possumus
3413 1247 3550 1304 ergo
3582 1237 3810 1289 utrum-

2163 1337 2276 1392 que
2307 1320 2711 1376 testimonium
2745 1325 2802 1375 et
2830 1321 2998 1376 aliter
3027 1320 3396 1392 interpretari
3423 1339 3435 1376 :
3472 1325 3537 1376 ut
3555 1321 3645 1376 vel
3676 1319 3814 1377 alte-

2164 1414 2392 1465 rutrum
2425 1427 2603 1466 onera
2634 1414 2884 1482 portare,
2918 1397 3007 1464 vel
3040 1410 3282 1465 sufferre
3315 1409 3559 1465 invicem
3591 1409 3658 1466 in,
3681 1409 3810 1466 cha-

2165 1499 2357 1564 ritate,
2385 1505 2440 1554 et
2469 1516 2568 1554 eos
2598 1498 2890 1571 complere
2920 1499 3206 1564 dicamus,
3241 1499 3340 1571 qui
3389 1499 3598 1554 divites
3647 1505 3809 1566 sunt,

2163 1592 2220 1643 et
2250 1587 2505 1659 inopiam
2541 1604 2866 1660 pauperum
2900 1587 3228 1643 sublevant.
3254 1587 3314 1643 Si
3345 1588 3478 1659 quis
3508 1589 3811 1660 agrotanti

2163 1677 2327 1731 fratri
2360 1677 2577 1748 prtebet
2606 1677 2974 1748 obsequium,
3017 1677 3221 1733 suﬂ‘ert
3250 1693 3384 1732 eum
3415 1677 3474 1732 in
3507 1677 3808 1734 charitate.

2162 1766 2219 1820 Si
2252 1766 2386 1837 quis
2416 1767 2475 1821 in
2507 1765 2775 1822 caelibatu
2807 1765 3036 1821 beatam
3057 1766 3392 1838 transigens
3420 1766 3810 1835 vitam,alium

2165 1855 2264 1926 qui
2286 1860 2342 1909 et
2372 1872 2608 1910 uxorem
2635 1855 2810 1910 habet
2831 1859 2884 1910 et
2905 1855 3204 1923 liberos,et
3224 1855 3484 1927 seipsum
3508 1857 3601 1912 vix
3623 1861 3815 1929 potest

410 1943 854 2016 completurque
909 1943 972 1997 in
1029 1959 1095 1998 eo
1129 1959 1142 1997 :
1193 1945 1230 1998 A
1265 1944 1493 1999 Domino
1541 1958 1756 2013 gressus
1817 1943 2056 1998 hominis
2089 1983 2136 2048 B
2167 1960 2424 2016 pascere,
2457 1945 2548 2014 adj
2562 1945 2766 2009 uverit,
2798 1948 2856 1999 et
2886 1950 3186 2016 utcunque
3217 1949 3428 2017 potest,
3481 1946 3656 2002 fuerit
3684 1962 3816 2002 con-

409 2034 736 2105 diriguntur
761 2032 933 2102 (Psal.
967 2048 1154 2099 xxxvx,
1187 2031 1298 2103 23).

480 2123 664 2195 (Vers.
695 2121 774 2194 2.)
807 2143 834 2171 »
859 2121 1003 2176 Cum
1035 2120 1195 2175 omni
1240 2120 1572 2176 humilitate
1625 2126 1683 2176 et
1715 2125 2056 2176 mansuetu-

411 2213 568 2278 dine,
601 2227 738 2267 cum
770 2209 1068 2282 patientia.
1101 2232 1128 2260 »
1166 2210 1272 2275 Qui
1305 2215 1519 2265 terram
1550 2213 1606 2266 et
1645 2210 1902 2266 cinerem
1931 2227 2059 2266 esse

411 2318 473 2357 se
505 2300 683 2368 novit,
716 2304 773 2355 et
804 2304 935 2371 post
959 2297 1265 2371 paululum
1296 2299 1354 2353 in
1391 2298 1683 2370 pulverem
1729 2298 2057 2355 dissolven-

411 2392 576 2458 dum,
609 2405 913 2459 nunquam
960 2387 1236 2459 superbia
1283 2387 1430 2442 007
1495 2386 1832 2443 elevabitur.
1862 2388 1929 2443 Et
1958 2388 2058 2459 qui

409 2479 509 2549 Dei
541 2477 861 2534 aeternitate
894 2480 1217 2549 perspecta,
1251 2476 1421 2532 breve
1450 2481 1508 2531 et
1555 2492 1702 2548 pene
1741 2478 1812 2532 ad
1859 2477 2060 2549 puncti

411 2568 597 2625 instar
616 2567 887 2622 humanae
919 2566 1044 2620 vitae
1077 2565 1336 2636 spatium
1370 2564 1659 2637 cogitarit,
1693 2570 1828 2621 ante
1861 2564 2059 2620 oculos

411 2674 549 2714 suos
578 2673 810 2727 semper
837 2653 1076 2710 habebit
1106 2654 1429 2724 interitum,
1463 2659 1521 2708 et
1552 2654 1660 2709 erit
1693 2654 1939 2710 humilis
1972 2659 2058 2710 at-

412 2763 525 2820 que
555 2744 1152 2817 dejectus.00rruptile
1188 2744 1341 2799 enim
1386 2759 1580 2814 corpus
1627 2752 1890 2814 aggravat
1935 2747 2058 2800 ani-

413 2853 582 2902 mam,
614 2839 666 2890 et
709 2838 990 2890 terrenum
1036 2833 1135 2889 hoc
1165 2833 1581 2888 tabernaculum
1625 2849 1845 2888 sensum
1875 2835 2062 2905 oppri-

416 2928 518 2982 mit
542 2926 716 2980 multa
735 2927 1017 2979 curantem
1047 2922 1202 2995 (Sep.
1239 2940 1312 2986 IX,
1347 2923 1453 2994 15).
1483 2922 1724 2993 Propter
1750 2923 1903 2994 quod
1928 2939 2063 2978 cum

421 3014 581 3072 omni
612 3013 948 3069 humilitate
977 3012 1246 3068 dicamus
1274 3030 1288 3068 :
1319 3013 1564 3076 Domine,
1596 3027 1703 3066 non
1737 3015 1813 3066 est
1843 3011 2063 3068 exalta-

422 3110 540 3160 tum
583 3120 675 3160 cor
721 3119 923 3170 meum,
973 3118 1147 3173 neque
1185 3103 1319 3158 elati
1363 3110 1492 3157 sunt
1560 3101 1707 3156 oculi
1752 3103 1864 3156 mei
1893 3103 2064 3173 (Psal.

422 3211 585 3264 cxxx,
621 3194 693 3264 1).
727 3192 933 3248 Omnis
963 3197 1156 3246 autem
1190 3191 1513 3260 humilitas,
1547 3207 1663 3246 non
1713 3194 1830 3244 tam
1857 3191 1914 3244 in
1948 3208 2068 3246 ser-

423 3299 598 3339 mone
638 3299 814 3354 quam
859 3281 918 3335 in
967 3285 1162 3335 mente
1208 3285 1316 3348 est,
1369 3284 1434 3335 ut
1481 3277 1736 3334 humiles
1788 3297 1894 3335 nos
1942 3297 2072 3336 esse

2168 2031 2413 2099 solatus,
2447 2033 2703 2089 alienum
2744 2050 2893 2090 onus
2947 2040 3210 2106 portasse
3263 2034 3418 2089 608
3475 2034 3818 2092 laudabitur

2167 2122 2269 2177 Est
2300 2123 2400 2194 qui
2431 2129 2676 2178 matrem
2706 2121 2793 2177 vel
2828 2138 3086 2178 sororem
3117 2122 3354 2179 viduam
3401 2140 3644 2180 cernens
3693 2141 3817 2196 ege-

2169 2215 2320 2267 state
2349 2211 2667 2280 tabescere,
2703 2228 2818 2266 non
2852 2216 3044 2282 potest
3075 2213 3350 2282 adjuvare
3383 2229 3396 2267 :
3432 2213 3570 2269 huic
3601 2215 3652 2269 si
3683 2214 3818 2286 quis

2170 2299 2490 2370 porrexerit
2538 2313 2802 2366 manum,
2859 2300 3144 2355 sustinuit
3185 2317 3318 2357 eum
3379 2301 3438 2356 in
3509 2301 3816 2359 charitate.

2168 2389 2295 2445 Sive
2316 2394 2511 2444 autem
2531 2389 2890 2460 superiorem
2919 2390 3309 2454 sensum,sive
3323 2390 3704 2462 posteriorem
3730 2408 3817 2448 se-

2170 2495 2444 2550 quamur:
2467 2494 2570 2533 nec
2593 2482 2928 2549 peccantem
2962 2479 3335 2545 fratrem,nec
3353 2478 3587 2552 inopem
3609 2497 3816 2537 conso-

2171 2566 2345 2636 latur,
2369 2566 2468 2638 qui
2502 2583 2614 2621 non
2651 2565 3264 2636 habetcharitatem,et
3293 2569 3618 2624 contemnit
3642 2569 3818 2625 verba

2169 2655 2426 2727 Apostoli
2476 2655 2906 2710 commonentis
2944 2673 2956 2710 :
2991 2655 3250 2712 Debemus
3302 2662 3494 2714 autem
3545 2674 3664 2727 nos,
3721 2660 3819 2730 qui

2169 2747 2418 2818 fortiores
2472 2760 2661 2798 sumus
2706 2745 3056 2814 inﬁrmitates
3088 2745 3516 2802 imbecilliorum
3568 2755 3809 2818 portare,

2172 2845 2222 2892 et
2249 2852 2356 2890 non
2412 2834 2806 2905 nobismetipsis
2831 2835 3050 2904 placere
3081 2835 3256 2905 (Rom.
3290 2852 3381 2903 xv,
3410 2837 3483 2906 1).

2245 2924 2429 2995 (Vers.
2475 2924 2527 2991 3,
2560 2922 2637 2994 4.)
2674 2945 2702 2972 ‹‹
2736 2921 2978 2977 Solliciti
3029 2940 3258 2978 servare
3307 2925 3591 2980 unitatem
3645 2925 3818 2998 spiri-

2174 3018 2271 3069 tus
2302 3013 2359 3066 in
2391 3009 2621 3067 vinculo
2658 3011 2837 3083 pacis.
2871 3011 3065 3067 Unum
3113 3029 3349 3086 corpus,
3380 3020 3436 3069 et
3464 3031 3620 3070 unus
3650 3015 3820 3087 spiri-

2177 3109 2294 3173 tus,
2328 3101 2481 3156 sicut
2509 3105 2566 3156 et
2593 3101 2778 3155 vocati
2811 3100 2953 3156 estis
2983 3100 3044 3155 in
3081 3119 3197 3157 una
3227 3119 3329 3174 spe
3378 3104 3701 3160 vocationis
3730 3121 3825 3160 ve-

2180 3197 2333 3248 strae.
2367 3212 2395 3240 »
2428 3189 2696 3262 Ephesiis
2728 3189 2968 3262 quijam
3001 3191 3286 3247 unitatem
3334 3192 3590 3264 Spiritus
3641 3194 3828 3250 sancti

2181 3283 2414 3336 fuerant
2461 3279 2779 3346 consecuti,
2816 3284 2970 3334 recte
3023 3280 3240 3337 dicitur
3273 3298 3285 3335 :
3319 3280 3557 3338 Solliciti
3615 3299 3834 3339 servare

426 3371 801 3440 conscientia,
846 3369 1090 3436 noverit,
1137 3386 1440 3440 nunquam
1495 3385 1599 3424 nos
1649 3368 1737 3423 vel
1785 3369 1952 3438 scire,
1986 3370 2074 3426 vel
2109 3355 2151 3422 C
2188 3372 2459 3425 um'tatem
2488 3370 2716 3440 spirit-us
2745 3385 2807 3423 in
2835 3367 3060 3425 vinculo
3103 3371 3270 3441 pacis.
3318 3371 3425 3437 Qui
3483 3372 3641 3427 enim
3691 3372 3831 3444 quid

428 3459 774 3531 intelligere,
805 3457 894 3512 vel
935 3473 1062 3512 esse
1111 3455 1330 3529 aliquid
1377 3457 1757 3513 aestimemus.
1800 3458 2076 3514 Mansue-

426 3551 568 3606 tudo
602 3564 835 3621 quoque
869 3546 969 3601 illa
998 3550 1239 3618 est,qua
1273 3545 1433 3601 nulla
1464 3547 1734 3617 passione
1765 3549 2072 3617 turbatur;

425 3643 482 3694 ct
513 3636 845 3710 specialiter
869 3635 957 3690 ira
986 3640 1043 3691 et
1072 3636 1265 3690 furore
1287 3652 1403 3691 non
1437 3634 1950 3706 rumpitur.Quam
1974 3639 2078 3710 qui

422 3725 714 3793 habuerit,
747 3724 1325 3796 beatitudinem,qua3
1357 3723 1589 3780 Domini
1617 3741 1751 3780 voce
1783 3727 2078 3798 promissa

424 3822 535 3880 est,
563 3818 957 3887 consequetur
991 3831 1002 3870 :
1037 3819 1103 3869 ut
1133 3814 1429 3886 possideat
1466 3819 1703 3883 terram,
1736 3815 1794 3870 id
1825 3820 1932 3883 est,
1966 3817 2074 3872 im-

425 3910 587 3980 peret
615 3905 841 3977 corpori
873 3920 1004 3969 suo,
1037 3903 1486 3976 domineturque
1515 3905 1784 3976 subjecto
1821 3923 1833 3972 ;
1868 3910 1926 3961 et
1958 3909 2077 3961 haec

429 3996 508 4052 sit
537 3996 666 4066 ejus
697 3993 888 4066 prima
916 3992 1239 4062 haereditrs,
1290 3993 1350 4047 in
1381 4009 1555 4048 carne
1605 4010 1721 4049 non
1769 3995 2080 4051 carnaliter

428 4083 640 4139 vivere.
671 4080 951 4137 Nonnulli
985 4086 1193 4154 rugata
1222 4081 1431 4150 fronte,
1451 4082 1708 4138 demisso
1740 4083 2078 4155 supercilio.

430 4173 740 4244 verbisque
768 4171 1095 4241 trutinatis,
1128 4170 1535 4226 auctoritatem
1583 4171 1696 4227 sibi
1747 4172 2076 4240 doctorum,

435 4267 491 4316 et
511 4261 778 4331 judicum
809 4259 1260 4316 vindicant.Non
1284 4277 1400 4331 quo
1431 4259 1543 4332 ipsi
1575 4260 1822 4334 dignum
1855 4262 2079 4334 aliquid

437 4350 767 4421 arrogantia
799 4349 1063 4405 noverint
1097 4365 1109 4404 :
1137 4350 1237 4404 sed
1271 4349 1426 4420 quod
1477 4349 1774 4421 simplices
1815 4367 2081 4423 quosque

435 4439 706 4509 fratrum,
762 4439 850 4495 sui
904 4438 1170 4510 quaedam
1219 4436 1454 4493 videant
1498 4440 1933 4509 comparatione
1980 4456 2090 4496 ηε·-

433 4527 604 4584 scire.

507 4640 535 4670 «
568 4617 924 4673 Suﬂ‘erentes
954 4616 1201 4673 invicem
1251 4616 1310 4672 in
1339 4615 1642 4672 charitate.
1677 4640 1704 4667 »
1739 4617 1799 4672 Si
1831 4618 1964 4689 quis
1994 4619 2081 4673 in-

2186 3461 2378 3524 habet,
2413 3457 2680 3514 servandi
2713 3457 2796 3512 illi
2830 3457 3168 3513 sollicitudo
3199 3458 3552 3531 praccipitur.
3585 3460 3692 3525 Qui
3726 3477 3827 3516 au-

2185 3555 2302 3606 tem
2334 3565 2448 3602 non
2483 3547 2675 3613 habet,
2711 3547 2975 3602 studium
3005 3545 3088 3600 illi
3123 3550 3187 3601 ut
3226 3546 3440 3602 habere
3483 3547 3690 3615 valeat,
3723 3548 3832 3604 im-

2186 3642 2441 3711 peratur.
2473 3635 2577 3690 Hic
2607 3635 2772 3691 locus
2800 3634 2888 3691 vel
2921 3636 3176 3690 maxime
3197 3635 3509 3692 adversum
3528 3636 3830 3694 haereticos

2186 3727 2342 3794 facit,
2376 3725 2498 3798 qui,
2529 3724 2688 3797 pacis
2717 3723 2949 3780 vinculo
2979 3723 3264 3796 dissipato
3312 3729 3489 3797 atque
3536 3731 3829 3799 corrupto,

2187 3820 2396 3890 putant
2424 3831 2485 3871 se
2534 3819 2732 3870 tenere
2780 3813 3023 3886 spiritus
3077 3813 3362 3870 unitatem
3399 3831 3576 3872 :cum
3633 3817 3830 3873 unitas

2186 3906 2428 3979 spiritus
2459 3905 2518 3959 in
2552 3904 2714 3977 pacis
2741 3903 2970 3959 vinculo
3001 3906 3649 3971 conservetur.Quando
3675 3907 3832 3962 enim

2187 4012 2304 4051 non
2339 3994 2596 4066 idipsum
2628 4009 2833 4048 omnes
2868 3992 3187 4064 loquimur,
3221 3997 3278 4047 et
3328 3993 3480 4049 alius
3509 3994 3684 4050 dicit:
3726 3996 3834 4067 Ego

2186 4101 2307 4140 sum
2339 4083 2522 4149 Pauli,
2577 4097 2672 4150 ego
2727 4082 2936 4153 Apollo,
2996 4097 3089 4152 ego
3149 4081 3338 4152 Cephea
3407 4082 3453 4154 (Ι
3479 4085 3602 4139 Cor.
3655 4101 3695 4150 ι,
3727 4086 3836 4157 12),

2191 4173 2513 4228 dividimus
2544 4170 2787 4243 spiritus
2810 4169 3114 4239 unitatem,
3149 4175 3206 4224 et
3262 4187 3390 4225 eam
3445 4171 3504 4225 in
3554 4177 3748 4243 partes
3776 4189 3840 4228 ac

2188 4261 2453 4318 membra
2466 4259 3004 4332 discerpimus.Nec
3029 4258 3229 4314 statim
3255 4258 3468 4330 aliquis
3491 4259 3635 4314 illud
3657 4277 3840 4332 oppo-

2189 4357 2320 4406 nat:
2359 4350 2652 4422 quomodo
2686 4365 2821 4421 ergo
2851 4348 3090 4404 diversae
3132 4352 3270 4403 sunt
3319 4349 3522 4420 gratias
3574 4353 3630 4404 et
3682 4349 3847 4405 varia

2189 4441 2564 4510 charismata,
2600 4455 2733 4494 cum
2793 4438 2988 4493 unitas
3037 4435 3422 4492 custodienda
3451 4438 3528 4492 sit
3562 4437 3848 4510 spiritus?

2191 4532 2340 4585 Sunt
2368 4529 2605 4601 quidem
2635 4528 2805 4583 variae
2837 4526 3312 4594 donationes,sed
3342 4526 3402 4581 in
3424 4527 3633 4584 eodem
3665 4527 3848 4601 spiri-

2192 4619 2305 4673 ritu
2338 4635 2352 4672 :
2387 4623 2443 4673 et
2472 4617 2700 4673 diversa
2731 4615 3078 4687 ministeria,
3110 4617 3208 4672 sed
3242 4616 3396 4672 idem
3430 4615 3715 4673 Dominus
3749 4623 3843 4675 :et

433 4706 646 4779 telligit
677 4706 816 4779 quid
871 4707 966 4775 sit,
1021 4707 1340 4778 sufferentes
1389 4707 1627 4762 invicem
1676 4709 1734 4761 in
1783 4708 2079 4778 charitate,
2114 4729 2160 4794 Β
2194 4707 2550 4778 multiplices
2580 4706 3072 4778 operationes,sed
3097 4705 3222 4778 ipse
3255 4710 3404 4762 Deus
3437 4706 3536 4778 qui
3567 4712 3845 4780 operatur

438 4813 554 4852 non
585 4795 819 4868 putabit
849 4795 908 4850 in
941 4800 1174 4851 sanctos
1221 4796 1374 4850 viros
1410 4794 1519 4850 hoc
1567 4795 1874 4852 convenire
1917 4813 2082 4852 man-

441 4885 642 4941 datum
678 4902 690 4940 :
724 4902 925 4941 verum
959 4885 1016 4940 in
1051 4901 1148 4940 eos
1180 4883 1279 4956 qui
1318 4889 1458 4941 sunt
1485 4885 1545 4941 in
1577 4885 1860 4941 virtutum
1906 4883 2090 4942 initiis

445 5011 506 5065 In
538 5009 727 5081 primo
748 5009 972 5081 itaque,
1005 5009 1261 5065 secundo
1293 5014 1350 5064 et
1381 5013 1588 5081 quarto
1617 5009 1808 5081 capite
1829 5010 2092 5066 Threno-

443 5081 788 5153 rum,qidem
822 5099 888 5137 ac
919 5081 1168 5153 simplex
1186 5086 1274 5136 est
1299 5081 1684 5152 alphabetum
1719 5082 1924 5153 viginti
1955 5084 2096 5138 dua-

445 5155 557 5208 bus
584 5151 814 5217 litteris,
852 5151 2092 5225 metroquerquasi’Sapphicocompositum;

445 5225 504 5279 in
539 5225 710 5280 tertio
741 5224 1214 5298 autemcapitulo
1231 5224 1386 5279 aliud
1405 5229 1494 5279 est
1517 5224 2096 5298 alphabetum,quasi

440 5298 707 5352 trimetro
772 5296 1050 5352 carmine
1086 5297 1396 5367 scriptum,
1445 5296 1588 5351 tres
1624 5296 1847 5351 habens
1895 5296 2097 5353 versus

448 5368 558 5440 sub
579 5384 931 5440 unaquaque
949 5368 1142 5424 littera
1161 5368 1443 5423 Hebraica
1467 5374 1553 5422 ter
1576 5368 1766 5440 posita
1787 5384 2100 5440 connexos.

445 5439 595 5495 Vide
622 5439 1026 5496 adnotationes
1059 5446 1287 5496 nostras
1318 5439 1924 5495 inLamentationibus
1945 5444 2103 5496 Jore-

447 5511 600 5566 mite.
637 5511 824 5566 Msn'r.
860 5542 927 5552 ——
957 5512 1042 5566 Ita
1071 5517 1128 5566 et
1160 5513 1365 5582 nostri,
1403 5517 1527 5583 post
1562 5511 2103 5579 Martianzcum,co—

449 5583 632 5638 dices.
668 5584 850 5654 quue
893 5583 1157 5637 omnium
1203 5583 1506 5639 verissime
1540 5600 1554 5648 ;
1589 5583 1913 5638 secundum
1946 5584 2102 5639 enim

449 5653 834 5726 alphabetum
870 5654 1014 5708 illud
1060 5654 1448 5726 Hieronymus
1496 5655 1772 5726 appellat,
1824 5657 1978 5726 quod
2033 5656 2103 5711 ab

452 5724 635 5810 altero
671 5727 970 5810 diversum
992 5730 1111 5810 est.
1137 5724 1312 5810 Poi'ro
1359 5743 1427 5808 ex
1467 5724 1718 5810 quatuor
1748 5724 2102 5810 alphabetis,

455 5798 674 5871 quibus
707 5797 1175 5872 Lamentationes
1205 5796 1467 5872 Jeremiae
1489 5796 1949 5872 ‘constan_t,_ipso
1981 5800 2108 5855 Hie-

459 5868 704 5948 ronymo
732 5875 903 5942 teste,
938 5892 966 5922 «
999 5869 1122 5927 Duo
1152 5868 1345 5949 prima
1374 5870 1545 5946 quasi
1575 5868 1866 5946 Sapphico
1917 5875 2106 5930 metro

2195 4795 2394 4852 omnia
2423 4795 2480 4849 in
2514 4795 2789 4851 omnibus
2820 4796 2870 4862 (I
2897 4793 3015 4849 Cor.
3064 4812 3166 4863 xn,
3218 4795 3270 4862 4,
3322 4796 3400 4862 6).
3451 4795 3616 4868 Quod
3649 4802 3850 4853 autem

2199 4885 2280 4941 ait
2313 4902 2326 4940 :
2358 4885 2534 4941 Unum
2561 4900 2773 4955 corpus,
2805 4887 2860 4939 et
2891 4900 3036 4939 unus
3065 4885 3316 4956 spiritus,
3369 4883 3456 4940 vel
3505 4884 3854 4958 simpliciter

2202 5009 2421 5080 scripta
2450 5013 2609 5075 sunt,
2639 5009 2777 5080 quia
2807 5013 2923 5064 tres
2953 5007 3293 5082 versiculos,
3328 5009 3429 5082 qui
3462 5009 3574 5065 sibi
3608 5009 3852 5082 connexi

2203 5079 2361 5147 sunt,
2397 5082 2550 5136 etab
2600 5079 2736 5153 una,
2769 5087 2997 5136 tantum
3050 5081 3244 5136 littera
3290 5079 3600 5153 incipiunt,
3637 5079 3854 5136 heroici

2204 5170 2435 5208 comma
2467 5152 2787 5208 concludit.
2826 5175 2852 5202 ››
2888 5153 3006 5221 Et,«
3043 5154 3325 5217 Quartum
3361 5152 3739 5224 alphabetum
3768 5153 3851 5207 si-

2207 5224 2345 5280 mile
2371 5225 2670 5296 estgprimo
2705 5232 2760 5279 et
2789 5225 3066 5292 secundo;
3091 5244 3116 5276 ι)
3154 5225 3309 5279 unde
3324 5223 3442 5279 haec
3473 5224 3587 5296 tria
3604 5239 3706 5296 pro
3732 5239 3848 5278 uno

2207 5302 2433 5352 tantum
2471 5294 2564 5351 hic
2596 5297 2771 5351 habet
2803 5313 2815 5350 :
2856 5318 2882 5346 α
2919 5295 3179 5351 Tertium
3212 5311 3365 5364 vero,
3401 5294 3556 5366 quod
3589 5294 3853 5349 trimetro

2210 5369 2496 5440 scriptum
2520 5373 2627 5438 est,
2659 5373 2714 5422 et
2745 5384 2778 5422 a
2808 5367 2989 5440 ternis
3025 5367 3253 5432 litteris,
3306 5368 3410 5440 sed
3441 5366 3652 5440 iisdem
3687 5388 3714 5415 »
3745 5371 3862 5440 ter-

2211 5436 2552 5511 nos-incipit
2581 5436 3360 5521 \iersus,‘hic.pro_secundo
3405 5436 3866 5521 alphabeto,sive

2215 5529 2319 5584 pro
2346 5529 2430 5581 eo,
2468 5509 2621 5582 quod
2655 5516 2742 5566 est
2773 5511 2843 5565 ab
2876 5509 3005 5584 aliis
3037 5511 3354 5584 diversum,
3400 5509 3732 5584 rectissime
3764 5527 3865 5565 ac-

2213 5581 2372 5655 cipit.
2407 5581 2525 5638 Hoc
2556 5587 2752 5638 autem
2785 5599 2818 5637 a
2847 5581 3016 5655 tertio
3049 5582 3418 5655 Threnorum
3476 5581 3667 5655 capite
3701 5599 3866 5638 exor-

2215 5651 2378 5710 dium
2413 5657 2595 5710 sumit
2629 5673 2640 5707 :
2677 5653 3020 5726 quaal'raudi
3057 5668 3146 5726 res
3181 5652 3289 5705 fuit
3323 5651 3596 5726 Victorio.
3633 5659 3700 5710 ut
3723 5655 3872 5710 adeo

2215 5727 2452 5782 tertium
2485 5726 2577 5782 hic
2607 5723 2833 5803 laudari
2884 5723 3262 5803 alphabetum
3323 5723 3676 5783 existimarit
3705 5742 3718 5785 :
3746 5726 3871 5789 sio-

2217 5815 2329 5875 que
2358 5803 2574 5856 temere
2605 5798 2663 5854 in
2694 5801 2855 5854 textu
2886 5794 3269 5868 rescripserit.
