4332 6622
565 467 682 535 527

1813 472 1877 532 S.
1925 470 2234 533 EUSEBII
2282 471 2722 534 HIERONYMI

3852 468 3972 530 538

562 621 751 664 unum
782 622 996 681 corpus
1027 605 1234 680 Cgristi
1267 605 1631 677 intelligitur,
1663 622 1789 678 qum
1813 609 1901 660 est
1932 604 2203 672 Ecclesia,
2235 605 2287 671 Α
2319 609 2409 660 est
2439 623 2450 661 :
2483 604 2588 660 Sed
2614 607 2772 661 nobis
2795 621 2939 661 unus
2971 606 3109 661 Deus
3157 606 3348 671 Pater,
3396 620 3466 658 ex
3506 617 3609 674 quo
3659 603 3869 672 omnia,
3919 606 3972 657 et

559 695 650 753 vel
682 701 840 753 certe
865 697 1021 768 quod
1053 713 1120 752 ex
1150 695 1387 768 Virgine
1417 700 1506 751 est
1555 696 1828 768 dignatus
1855 709 2154 750 assumere
2188 710 2200 747 :

563 802 637 842 ne
665 785 832 842 illum
865 785 1103 858 quidem
1136 791 1342 858 putent
1373 786 1545 841 toties
1575 783 2204 857 corporatum,quoties

563 874 622 930 in
655 873 842 932 Veteri
857 875 1129 948 apparuit
1151 875 1615 932 Testamento.Et
1637 891 1789 928 unus
1803 872 2054 944 Spiritus
2077 889 2206 927 san-

563 969 693 1020 ctus
724 981 739 1019 :
776 981 928 1021 unus
961 964 1178 1038 quippe
1217 964 1538 1035 largitor,et
1567 963 1963 1018 sanctiﬁcator
1981 967 2206 1016 estom-

563 1053 750 1110 nium.
784 1053 889 1110 Vel
919 1058 1073 1109 certe
1105 1069 1289 1108 unum
1316 1069 1549 1125 corpus,
1601 1052 1672 1107 ad
1727 1052 1906 1106 vitam
1957 1052 2206 1106 refertur

562 1147 620 1198 et
639 1159 814 1214 opera
835 1159 960 1214 quae
981 1147 1173 1198 Graece
1195 1142 1472 1198 dicuntur
1495 1140 1786 1214 πρακτικὸς
1823 1139 2028 1215 placet
2049 1157 2206 1195 unus

561 1231 826 1304 spiritus,
878 1232 949 1287 ad
989 1230 1258 1288 sientiam
1325 1235 1382 1287 et
1445 1229 2028 1303 contemplationem,
2078 1245 2204 1300 quae

559 1321 792 1393 proprie
819 1325 1084 1376 versatur
1111 1320 1171 1375 in
1203 1320 1460 1391 corde,et
1491 1321 1563 1376 ab
1596 1320 1714 1376 illis
1736 1317 2206 1392 appellaturtlem-

559 1407 668 1481 plan.
703 1409 845 1464 Cum
875 1425 1011 1483 ergo
1043 1410 1375 1466 membrum
1408 1411 1542 1482 quis
1574 1409 1748 1465 fuerit
1785 1408 2076 1477 Ecclesiae,
2103 1422 2206 1463 nec

557 1499 630 1554 ab
645 1514 759 1554 uno
790 1499 918 1569 ejus
948 1498 1158 1570 spiritu
1189 1504 1516 1571 separatus,
1550 1503 1975 1569 consequenter
2004 1498 2114 1552 erit
2147 1495 2205 1550 in

556 1603 676 1643 una
714 1604 818 1659 spe
862 1589 1204 1644 vocationis.
1258 1588 1546 1652 Quaeritur
1601 1587 1894 1658 quomodo
1926 1603 2044 1641 una
2073 1602 2206 1657 spes

554 1677 876 1733 vocationis
916 1679 1097 1748 (Joan,
1147 1694 1260 1735 xw.
1306 1679 1383 1748 2).
1432 1679 1527 1742 sit,
1591 1695 1726 1732 cum
1771 1677 1925 1748 apud
1974 1680 2206 1730 Patrem

555 1759 796 1844 diversae
829 1765 982 1820 009
1010 1766 1130 1821 sint
1154 1766 1511 1821 mansiones.
1539 1767 1621 1821 Ad
1656 1767 2018 1837 quod,unam
2041 1780 2204 1836 spem

552 1853 900 1920 vocationis,
931 1871 1176 1927 regnum
1203 1855 1675 1928 ccelorum,quasi
1707 1871 1884 1911 unam
1919 1855 2158 1909 domum
2188 1855 2203 1887 ¹

555 1941 659 1998 Dei
687 1941 876 1998 Patris
905 1959 1031 1998 esse
1072 1942 1337 1998 dicemus
1380 1943 1487 2010 [AL
1534 1942 1832 2013 dicimus],
1882 1945 1938 1996 et
1990 1941 2048 1994 in
2093 1957 2208 1994 una

554 2031 730 2087 domo
758 2031 950 2087 varias
980 2032 1335 2088 mansiones.
1363 2033 1497 2087 Alia
1523 2035 1670 2087 enim
1699 2033 1877 2103 gloria
1905 2030 2055 2099 solis,
2088 2030 2202 2084 alia

557 2120 732 2188 lunae,
779 2121 896 2177 alia
937 2122 1230 2176 stellarum
1289 2122 1336 2193 (I
1367 2121 1483 2177 Cor.
1519 2138 1612 2188 xv,
1658 2121 1765 2190 41).
1803 2125 1920 2175 Aut
1951 2123 2102 2174 certe
2134 2118 2201 2171 il-

556 2207 660 2266 lud
716 2208 994 2266 subtilius
1033 2210 1346 2282 indicatur,
1387 2211 1544 2281 quod
1578 2210 1636 2264 in
1670 2211 1784 2264 fine
1832 2214 1888 2264 et
1935 2225 2205 2264 consum-

559 2297 815 2355 matione
870 2316 1067 2355 rerum
1111 2299 1171 2355 in
1221 2300 1538 2374 pristinum
1592 2303 1809 2355 statum
1845 2297 2206 2354 restituenda

559 2386 699 2456 sint,
751 2388 950 2444 omnia
988 2389 1222 2461 quando
1271 2405 1476 2444 omnes
1509 2406 1693 2444 unum
1725 2406 1936 2461 corpus
1984 2386 2204 2442 efﬁcie-

558 2495 712 2548 mur,
746 2482 805 2534 et
831 2477 892 2533 in
935 2478 1126 2533 virum
1186 2479 1504 2550 perfectum
1563 2479 2012 2534 reformabimus
2043 2478 2204 2547 (vers.

559 2567 653 2638 13)
688 2583 700 2623 :
732 2571 790 2623 et
817 2567 1004 2624 oratio
1034 2584 1136 2640 pro
1176 2568 1345 2624 nobis
1390 2568 1706 2624 Salvatoris
1758 2568 2099 2640 implebitur
2137 2568 2158 2599 ²
2189 2582 2201 2620 :

555 2656 742 2732 Pater,
773 2657 844 2713 da
870 2660 948 2726 ut,
983 2658 1244 2728 quomodo
1273 2673 1368 2728 ego
1397 2667 1448 2714 et
1503 2661 1562 2713 tu
1614 2675 1789 2713 unum
1816 2673 2023 2720 sumus,
2056 2657 2132 2710 sic
2161 2663 2212 2710 et

559 2747 658 2801 isti
683 2747 745 2802 in
772 2747 928 2802 nobis
956 2763 1130 2802 unum
1162 2748 1278 2802 sint
1308 2748 1490 2818 (Joan.
1523 2765 1664 2813 xvn,
1691 2748 1803 2816 21).
1846 2747 1972 2800 Non
2006 2746 2208 2815 ignoro

554 2833 616 2889 in
647 2852 713 2891 eo
745 2836 899 2906 quod
923 2852 1078 2892 nunc
1101 2837 1372 2908 exsposui
1395 2853 1410 2892 :
1436 2836 1674 2891 Solliciti
1700 2851 1919 2891 servare
1943 2835 2212 2889 unitatem

556 2926 785 2996 spiritus
827 2925 890 2979 in
918 2927 1135 2981 vinculo
1163 2927 1340 2996 pacis,
1372 2925 1656 2997 Spiritum
1700 2943 1733 2980 a
1766 2924 2061 2996 plerisque
2092 2940 2208 2978 non

555 3017 829 3069 sanctum
859 3013 1066 3084 accipi,
1098 3015 1200 3069 sed
1231 3013 1504 3070 affectum
1536 3014 1748 3069 mentis
1772 3019 1945 3085 atque
1976 3018 2209 3068 senten-

558 3094 725 3168 tiam,
749 3104 920 3174 juxta
949 3119 1125 3176 quam
1157 3104 1421 3158 omnium
1455 3103 1815 3159 credentium
1847 3107 1971 3158 erat
2013 3103 2210 3157 anima

561 3195 620 3247 et
649 3207 748 3247 cor
779 3208 964 3247 unum
996 3193 1146 3263 (Act.
1183 3209 1257 3261 Iv,
1297 3193 1408 3260 32).
1444 3194 1510 3247 Et
1566 3193 1638 3248 ab
1698 3192 1970 3264 Apostolo
2001 3191 2209 3262 virgini

560 3280 898 3354 praecipitur
927 3297 940 3336 :
974 3286 1034 3336 ut
1062 3283 1134 3337 sit
1151 3286 1342 3338 sancta
1367 3291 1418 3337 et
1447 3298 1680 3354 corpore
1709 3288 1763 3337 et
1785 3283 1984 3354 spiritu
2009 3283 2056 3350 (I
2087 3281 2208 3336 Cor.

2314 711 2455 750 unus
2482 697 2744 770 Dominus
2774 699 2955 751 noster
2980 692 3134 750 Iesus
3162 694 3429 757 Christus,
3448 709 3549 764 per
3577 707 3736 762 quem
3758 693 3966 758 omnia,

2315 792 2365 838 et
2409 800 2509 839 nos
2541 801 2639 856 per
2669 787 2848 856 ipsum
2890 787 2938 853 (I
2967 786 3086 840 Cor.
3134 801 3256 850 vm,
3296 784 3372 853 6).
3429 783 3588 838 Sicut
3622 780 3780 837 enim
3812 781 3970 836 θη

2316 873 2432 928 Deo
2466 873 2618 928 Patri
2650 891 2762 929 non
2815 873 3021 929 adimit
3055 873 3236 928 Filius
3270 888 3341 927 ne
3374 871 3655 926 Dominus
3696 871 3796 938 sit,
3831 887 3966 925 cum

2319 963 2599 1017 Dominus
2630 963 2790 1017 solus
2819 963 2943 1034 ipse
2973 962 3203 1018 dicatur
3233 978 3246 1016 :
3272 961 3353 1016 ita
3377 966 3435 1016 et
3459 959 3601 1016 Filio
3635 977 3747 1015 non
3780 960 3969 1015 aufert

2315 1051 2484 1106 Pater
2512 1057 2578 1106 ut
2608 1053 2762 1107 Deus
2791 1051 2886 1120 sit,
2919 1053 3018 1123 qui
3053 1051 3221 1106 Pater
3251 1055 3398 1105 Deus
3420 1050 3830 1105 tantummodo
3862 1066 3965 1104 no-

2317 1141 2594 1196 minatur.
2631 1141 2905 1213 Legimus
2937 1146 2995 1196 et
3027 1141 3084 1194 in
3117 1141 3228 1195 alio
3262 1139 3386 1195 loco
3443 1156 3455 1194 :
3521 1144 3586 1195 Et
3613 1141 3802 1194 scitote
3829 1155 3962 1209 quo-

2315 1232 2469 1284 uiam
2501 1232 2775 1285 Dominus
2806 1233 2918 1301 ipse
2945 1233 3022 1285 est
3056 1229 3378 1301 Deus(Psal.
3412 1230 3624 1297 xeix,2)
3650 1245 3663 1296 ;
3698 1232 3754 1283 et
3782 1227 3961 1283 alibi:

2318 1321 2584 1375 Dominus
2615 1321 2753 1375 Deus
2790 1323 2935 1387 tuus,
2970 1320 3108 1376 Deus
3156 1335 3297 1374 unus
3341 1323 3420 1373 est
3470 1319 3648 1388 (Deut.
3681 1334 3758 1384 v1,
3790 1317 3865 1387 li).
3906 1316 3966 1372 Si

2316 1408 2492 1475 enim,
2527 1414 2590 1464 ut
2629 1409 2970 1464 existimant
3016 1408 3238 1475 Ariani,
3288 1408 3444 1463 Deus
3487 1407 3656 1462 Pater
3684 1405 3844 1462 solus
3875 1410 3968 1462 est

2316 1499 2699 1565 Deus,eadem
2721 1497 3156 1569 consequentia,
3179 1496 3340 1553 solus
3363 1497 3473 1553 erit
3495 1497 3774 1552 Dominus
3793 1499 3966 1552 Jesus

2317 1587 2667 1655 Christus,et
2685 1605 2787 1642 nec
2819 1588 2988 1643 Pater
3012 1588 3121 1642 erit
3143 1587 3561 1654 Dominus,nec
3585 1584 3767 1641 Filius
3795 1587 3965 1652 Deus,

2317 1677 2428 1731 Sed
2453 1677 2625 1748 absit,
2660 1681 2724 1732 ut
2753 1695 2869 1733 non
2903 1677 2998 1747 sit,
3024 1676 3109 1732 vel
3143 1677 3203 1731 in
3236 1675 3634 1732 dominatione
3665 1673 3967 1742 deitas,vel

2319 1766 2374 1820 in
2409 1767 2620 1821 deitate
2647 1765 3162 1822 nominatio.Unus
3194 1770 3282 1820 est
3308 1764 3675 1834 Dominus,et
3696 1780 3850 1818 unus
3879 1767 3968 1818 est

2319 1854 2494 1922 Deus,
2527 1855 2665 1926 quia
2697 1855 2879 1910 Patris
2906 1860 2963 1910 et
3002 1855 3128 1909 Filii
3165 1854 3512 1920 dominatio,
3546 1870 3662 1908 una
3689 1852 3965 1908 divinitas

2317 1949 2424 2000 est.
2460 1949 2768 2016 Propterea
2797 1950 2852 2000 et
2885 1946 3028 2000 fides
3059 1962 3175 2000 una
3195 1943 3576 2016 dicitur,quia
3606 1941 3877 1998 similiter
3904 1941 3964 1996 in

2313 2037 2562 2101 Patrem,
2596 2039 2651 2088 et
2683 2033 2740 2087 in
2775 2033 3005 2099 Filium,
3041 2038 3098 2088 et
3126 2033 3186 2087 in
3218 2032 3501 2104 Spiritum
3532 2034 3803 2087 sanctum
3833 2046 3963 2085 cre-

2313 2123 2527 2178 dimus.
2561 2123 2631 2178 Et
2661 2123 2953 2193 baptisma
2979 2139 3183 2192 unum,
3204 2122 3407 2176 eodem
3439 2120 3595 2176 enim
3627 2121 3884 2185 modo,et
3906 2118 3962 2172 in

2312 2213 2541 2266 Patrem
2572 2217 2627 2266 et
2659 2211 2890 2277 Filium,
2951 2215 3006 2266 et
3055 2211 3112 2265 in
3145 2210 3428 2282 Spiritum
3471 2214 3742 2265 sanctum
3774 2207 3966 2280 bapti-

2314 2302 2615 2356 zamur.Et
2645 2306 2732 2356 ter
2761 2299 3102 2372 mergimur,
3138 2305 3202 2355 ut
3231 2299 3536 2355 Trinitatis
3571 2314 3753 2354 unum
3785 2314 3964 2369 appa-

2319 2396 2439 2446 reat
2494 2395 2947 2446 sacramentum.
3007 2391 3074 2444 Et
3133 2407 3248 2444 non
3282 2389 3650 2461 baptizamus
3681 2388 3740 2443 in
3771 2385 3964 2442 nomi-

2317 2479 2492 2535 nibus
2521 2479 2727 2545 Patris,
2761 2483 2817 2534 et
2849 2479 2995 2545 Filii,
3020 2484 3076 2534 et
3105 2479 3359 2551 Spiritus
3391 2477 3598 2545 sancti,
3632 2477 3732 2533 sed
3766 2477 3823 2531 in
3849 2492 3965 2532 uno

2320 2569 2556 2625 nomine
2586 2570 2806 2641 (Matth.
2840 2585 3039 2637 XXVIII,
3075 2569 3186 2634 19),
3217 2568 3372 2639 quod
3414 2567 3759 2639 intelligitur
3793 2571 3964 2621 Deus.

2316 2659 2386 2712 Et
2418 2659 2598 2713 miror
2629 2675 2744 2730 qua
2800 2657 3087 2730 sapientia
3142 2658 3202 2712 in
3264 2674 3380 2712 uno
3429 2655 3731 2724 vocabulo,
3763 2656 3965 2711 eodem

2319 2765 2508 2818 opere,
2551 2753 2608 2803 et
2636 2749 2839 2803 eodem
2872 2751 3258 2818 sacramento,
3291 2752 3511 2802 naturae
3543 2745 3962 2813 diversitatem,

2316 2837 2512 2908 Arius,
2547 2837 2943 2903 Macedonius,
2977 2842 3033 2892 et
3063 2837 3386 2893 Eunomius
3413 2836 3791 2907 suspicentur
3815 2836 3968 2904 (con-

2316 2927 2592 2982 cordante
2643 2927 2701 2981 in
2751 2928 3048 2998 impietate
3099 2927 3435 2998 discordia),
3485 2931 3542 2982 et
3587 2929 3866 2980 creaturis
3905 2923 3964 2979 in

2318 3016 2481 3086 Filio,
2513 3013 2569 3071 et
2607 3016 2825 3087 Spiritu
2849 3022 3051 3071 sancto
3084 3032 3376 3071 camosum
3418 3016 3636 3070 fontem
3677 3016 3963 3079 tenentes,

2318 3106 2577 3161 diversos
2602 3106 2887 3161 haereseos
2908 3105 3127 3161 rivulos
3150 3106 3440 3161 duxerint.
3465 3105 3644 3160 Unum
3675 3102 3960 3174 baptisma,

2319 3201 2375 3251 et
2417 3199 2619 3252 contra
2669 3195 3044 3252 Valentinum
3105 3196 3262 3266 facit,
3321 3194 3423 3266 qui
3464 3195 3579 3250 duo
3611 3191 3964 3265 baptismata

2320 3301 2448 3340 esse
2481 3285 2865 3355 contendit,et
2894 3290 3094 3342 contra
3134 3301 3337 3340 omnes
3367 3283 3762 3339 haereticoszut
3783 3281 3971 3337 sciant

559 3386 661 3440 VII,
691 3370 783 3440 34)
815 3385 828 3424 :
863 3371 1056 3426 carnis
1085 3371 1353 3427 videlicet
1382 3388 1574 3444 opere,
1626 3377 1682 3428 et
1708 3371 1920 3427 mentis
1975 3372 2206 3426 aﬂ‘ectu.
2241 3358 2284 3424 C
2325 3391 2438 3430 non
2471 3374 2683 3430 habere
2714 3392 2777 3430 se
2808 3374 3183 3446 baptismate,
3215 3374 3316 3429 sed
3350 3373 3408 3428 in
3441 3389 3560 3428 una
3605 3369 3817 3429 Christi
3864 3370 3966 3425 Ec-

561 3459 671 3515 Seu
701 3463 758 3516 et
782 3459 1071 3534 generalis
1091 3459 1418 3532 explanatio
1441 3461 1512 3516 ad
1536 3460 1849 3533 specialem
1871 3460 2215 3532 interpreta-

559 3548 781 3605 tionem
804 3548 956 3604 trahi
981 3551 1350 3622 potest,quod
1374 3556 1563 3606 servet
1584 3551 1868 3606 unitatem
1891 3551 2136 3622 spiritus
2155 3550 2214 3605 in

562 3635 794 3693 vinculo
825 3637 1007 3708 pacis,
1039 3639 1136 3709 qui
1173 3655 1287 3693 non
1320 3639 1582 3711 rapiatur
1610 3639 1766 3694 omni
1798 3646 1966 3695 vento
1998 3638 2211 3693 doctri-

565 3742 651 3780 na:
685 3727 869 3796 (vers..
905 3727 1012 3796 14),
1048 3743 1239 3798 neque
1284 3727 1342 3782 in
1387 3744 1607 3784 morem
1659 3727 1824 3783 stulti
1875 3729 2037 3798 quasi
2072 3728 2213 3783 luna

566 3818 871 3870 mutentur
899 3815 1088 3883 (Eccli.
1115 3819 1433 3887 xxvn,.12),
1468 3834 1623 3872 nunc
1667 3817 1897 3874 diabolo
1931 3817 2206 3874 serviens.

561 3919 718 3959 nunc
748 3902 1108 3960 Deo.Habeat
1135 3921 1268 3961 vero
1297 3922 1478 3961 unum
1515 3923 1724 3978 corpus
1754 3908 2208 3979 bonorum'ope-

535 3986 538 3990 ’
563 4008 718 4062 rum,
748 3997 806 4048 et
835 4009 1067 4066 semper
1095 4010 1326 4050 carnem
1361 4012 1529 4050 suam
1563 3996 1678 4052 Deo
1708 3995 1996 4067 templum
2048 3997 2207 4052 exhi-

559 4082 710 4137 beat.
743 4081 813 4136 Et
842 4098 1026 4138 unum
1058 4082 1371 4156 spiritum:
1404 4086 1606 4141 eadem
1633 4103 1863 4158 semper
1901 4087 2155 4142 sentiens
2191 4105 2203 4143 :

559 4170 616 4226 in
650 4188 768 4228 una
795 4189 896 4246 spe
926 4173 1267 4242 vocationis,
1291 4179 1356 4230 ut
1386 4192 1758 4247 nequaquam
1792 4177 1861 4232 de
1892 4176 2206 4248 repromis-

529 4260 822 4317 ‘sionibus
853 4261 1181 4336 ambigens,
1215 4264 1273 4319 in
1304 4265 1724 4320 resurrectione
1755 4270 1811 4320 et
1840 4265 2207 4321 restitutione

518 4417 520 4420 ι
557 4348 844 4417 omnium,
874 4348 1062 4406 solida
1092 4357 1284 4407 mente
1315 4353 1588 4408 confidat.

627 4436 813 4507 (Vere.
844 4439 898 4508 5,
931 4440 1014 4507 6.)
1045 4461 1073 4489 ‹‹
1109 4439 1270 4496 Unus
1302 4442 1607 4512 Dominus,
1650 4462 1768 4500 una
1798 4445 1964 4512 fides,
2019 4462 2202 4501 unum

554 4524 870 4596 baptisma,
905 4544 1060 4582 unus
1095 4534 1243 4586 Deus
1275 4535 1331 4586 et
1363 4532 1529 4587 Pater
1560 4533 1850 4599 omnium,
1883 4535 1981 4605 qui
2030 4552 2206 4608 super

554 4619 844 4680 omnes,et
874 4632 976 4687 per
999 4623 1286 4686 omnes,et
1316 4620 1374 4674 in
1406 4621 1738 4678 omnibus.»
1770 4625 2070 4689 Quomodo
2092 4625 2203 4680 alia

2324 3462 2500 3519 clesia
2531 3465 2746 3520 fontem
2777 3481 2902 3520 esse
2934 3463 3188 3520 vitalem.
3221 3464 3416 3520 Potest
3463 3478 3646 3517 unum
3677 3460 3973 3532 baptisma

2323 3557 2379 3607 et
2404 3554 2485 3608 ita
2514 3553 2625 3608 dici
2659 3555 2833 3625 quod,
2868 3554 3001 3610 licet
3029 3559 3115 3609 ter
3160 3553 3546 3625 baptizemur,
3579 3555 3815 3624 propter
3845 3566 3972 3622 my-

2324 3644 2565 3698 sterium
2586 3644 3112 3712 Trinitatis,tamen
3130 3659 3313 3698 unum
3336 3641 3632 3710 baptisma
3649 3643 3967 3711 reputatur.

2324 3731 2514 3786 Unum
2544 3749 2774 3803 quoque
2805 3732 3098 3802 baptisma
3127 3734 3215 3785 est
3247 3731 3304 3782 in
3337 3745 3509 3799 aqua,
3542 3727 3601 3781 in
3634 3727 3870 3798 spiritu,
3918 3731 3977 3783 et

2321 3821 2378 3875 in
2412 3822 2563 3894 igne.
2592 3821 2660 3875 Et
2687 3821 2759 3875 de
2791 3837 2904 3892 quo
2958 3818 3242 3874 Dominus
3297 3816 3558 3887 loquitur
3614 3832 3628 3869 :
3688 3819 3976 3886 Baptisma

2318 3911 2484 3965 habeo
2519 3911 2793 3980 baptizari
2819 3911 2969 3977 (Luc.
3029 3925 3129 3974 x11,
3161 3906 3291 3977 50);
3325 3911 3382 3961 et
3413 3905 3551 3960 alibi
3585 3922 3597 3960 :
3631 3907 3974 3976 Baptismate

2317 4015 2432 4055 meo
2465 3999 2893 4070 baptizabimini
2931 3998 3121 4067 (Marc.
3173 4014 3229 4065 x,
3269 3996 3382 4067 39).
3416 3994 3731 4050 Diversitas
3766 4000 3962 4051 autem

2316 4088 2792 4160 praepositionum
2823 4087 2882 4142 in
2915 4087 3133 4159 quibus
3162 4086 3377 4142 dicitur
3419 4101 3432 4140 :
3497 4085 3642 4140 Uuus
3701 4088 3865 4151 Deus,
3915 4087 3970 4139 el

2319 4180 2480 4233 Pater
2533 4179 2801 4245 omnium,
2858 4179 2957 4249 qui
3005 4193 3171 4247 super
3217 4191 3423 4240 omnes,
3464 4176 3512 4229 et
3541 4189 3638 4244 per
3675 4187 3880 4240 omnes,
3911 4181 3965 4228 et

2317 4270 2376 4322 in
2401 4268 2675 4336 omnibus,
2735 4268 3024 4324 diversam
3085 4264 3535 4338 intelligentiam
3577 4261 3749 4335 sapit.
3781 4265 3968 4333 Super

2316 4374 2519 4414 omnes
2549 4357 2705 4413 enim
2739 4363 2827 4413 est
2879 4358 3033 4413 Deus
3091 4356 3276 4421 Pater,
3309 4353 3448 4425 quia
3487 4355 3690 4407 auctor
3717 4355 3807 4407 est
3834 4366 3966 4406 om-

2316 4448 2500 4502 nium.
2558 4447 2662 4503 Per
2691 4464 2895 4503 omnes
2928 4446 3127 4514 Filius,
3164 4444 3301 4516 quia
3332 4447 3540 4498 cuncta
3587 4438 3964 4506 transcurrit,

2311 4538 2587 4610 vaditque
2619 4554 2720 4609 per
2748 4535 3035 4593 omnia.In
3059 4534 3336 4590 omnibus
3366 4533 3513 4588 6"
3553 4530 3808 4602 Spiritus
3829 4545 3966 4584 san-

2311 4632 2462 4694 ctus,
2497 4627 2634 4699 quia
2665 4625 2812 4680 nihil
2834 4626 3056 4695 absque
3085 4639 3150 4677 eo
3183 4625 3292 4677 est.
3326 4620 3440 4675 Nec
3472 4635 3603 4675 vero
3637 4619 3964 4690 putandum

553 4705 643 4792 est
671 4701 816 4792 fides
851 4721 884 4759 a
915 4704 1412 4777 baptismate,Deo
1443 4714 1499 4766 et
1529 4711 1888 4769 Dominozsic
1912 4714 2204 4787 baptisma
2235 4728 2281 4792 D
2314 4733 2497 4771 unum
2529 4717 2805 4780 Deum,et
2838 4715 3065 4769 Patrem
3095 4710 3357 4766 omnium
3387 4724 3516 4765 esse
3549 4707 3961 4775 communiter,

550 4789 838 4849 Dominus
885 4797 941 4848 et
972 4798 1144 4863 Deus,
1177 4795 1292 4852 alia
1320 4803 1459 4854 sunt
1488 4817 1521 4855 a
1549 4801 1739 4856 tribus
1771 4801 2039 4874 singulis,
2073 4822 2202 4876 quae

548 4879 767 4951 pariter
796 4882 1194 4941 nominantur.
1229 4886 1344 4943 Hoc
1377 4894 1567 4944 autem
1599 4891 1728 4946 dico
1758 4897 1994 4964 propter
2013 4894 2203 4949 Sabel-

547 4967 718 5037 lium,
751 4971 848 5043 qui
881 4974 1154 5030 eumdem
1189 4981 1371 5033 Deum
1400 4978 1630 5035 Patrem
1662 4981 1981 5038 arbitratur
2011 4987 2067 5038 et
2113 4984 2197 5037 Fi-

547 5058 715 5129 lium,
748 5063 1170 5137 confunditque
1202 5083 1502 5140 personas,
1529 5070 1668 5126 dum
1698 5072 1965 5126 eamdem
1998 5072 2201 5128 divini-

548 5151 728 5205 tatem
751 5150 811 5206 in
834 5157 1082 5224 utroque
1104 5155 1506 5227 deprehendit.
1531 5158 1674 5214 Ecce
1698 5160 2200 5219 manifesitissime

547 5255 704 5295 unus
733 5239 1020 5298 Dominus
1049 5243 1252 5311 Filius,
1307 5251 1364 5301 et
1396 5264 1552 5303 unus
1581 5247 1734 5303 Deus
1764 5251 1937 5304 Pater
1986 5267 2199 5306 vocan-

544 5331 664 5385 tur.
694 5328 856 5394 Quod
883 5332 958 5387 ad
989 5332 1318 5391 Corinthios
1375 5351 1609 5408 quoque
1651 5336 1880 5410 plenius
1910 5338 2197 5411 scriptum

624 5630 831 5713 ‘HNihil
862 5634 1263 5713 dubitavimus
1295 5639 1365 5694 ad
1416 5639 1608 5696 Ruﬁni
1642 5641 1948 5700 lectionem
1979 5645 2074 5702 hic
2106 5663 2193 5702 re-

552 5703 807 5788 scribere
838 5709 999 5776 quasi
1025 5725 1192 5788 unam
1220 5711 1461 5788 domum,
1491 5714 1617 5785 ipso
1646 5715 1727 5788 sic
1760 5717 2021 5788 exigente
2053 5736 2192 5774 con-

550 5777 732 5863 tentu,
766 5791 870 5864 pro
901 5794 1016 5849 quo
1046 5786 1226 5864 antea
1248 5786 1404 5864 quasi
1431 5777 1605 5842 unum
1638 5787 1837 5844 bonum
1852 5777 2189 5864 legebatur,

548 5849 746 5913 minus
768 5847 1101 5908 cohairente
1130 5847 1353 5913 caeteris
1378 5873 1575 5916 sensu.

2313 4812 2376 4860 ut
2404 4805 2627 4861 scilicet
2654 4805 2724 4859 ad
2758 4800 3490 4870 irrationabiliajumenta,
3529 4813 3742 4852 nomen
3774 4793 3962 4852 Patris

2315 4894 2499 4966 possit
2519 4893 2733 4964 aptari;
2761 4893 2860 4947 sed
2891 4889 3184 4962 quomodo
3209 4889 3267 4942 in
3295 4905 3355 4942 se
3377 4889 3575 4942 decem
3594 4885 3959 4941 hominibus.

2309 4983 2572 5054 quinque
2624 4981 2780 5052 filiis,
2840 4985 2897 5037 et
2944 4979 3205 5052 quinque
3261 4977 3465 5046 servis,
3498 4976 3712 5048 pariter
3742 4975 3960 5031 dicere-

2310 5090 2443 5128 mus
2477 5089 2490 5127 :
2525 5073 2737 5127 horum
2796 5071 3016 5134 decem,
3051 5085 3204 5123 unus
3256 5073 3345 5123 est
3374 5065 3673 5132 dominus,
3714 5071 3772 5120 et
3803 5080 3960 5120 unus

2309 5167 2397 5219 est
2429 5167 2626 5235 pater:
2668 5178 2785 5217 non
2817 5161 3021 5231 utique
3051 5158 3315 5213 omnium
3348 5160 3593 5228 patrem,
3627 5171 3734 5211 nec
3763 5154 3956 5211 domi-

2308 5269 2450 5308 num
2483 5251 2750 5306 omnium
2781 5263 3120 5306 vocaremus
3175 5264 3187 5300 :
3253 5245 3337 5301 sic
3367 5250 3421 5302 et
3451 5245 3510 5300 in
3541 5261 3607 5301 eo
3640 5244 3796 5317 quod
3827 5242 3910 5298 ait
3942 5257 3958 5298 :

2311 5343 2458 5399 Unus
2485 5341 2625 5396 Deus
2675 5342 2726 5395 et
2773 5343 2948 5394 Pater
2982 5337 3246 5407 omnium,
3289 5333 3539 5391 aliorum
3591 5334 3780 5401 Pater,
3815 5331 3956 5387 alio-

2373 5650 2395 5683 ²
2424 5647 2528 5702 Hic
2559 5660 2790 5717 quoque
2840 5643 3116 5717 Rufinum
3177 5641 3608 5717 praelegentem_
3631 5638 3816 5717 secuti
3848 5652 3948 5717 su:-

2303 5737 2472 5775 mus:
2509 5711 2828 5773 antea'non
2859 5716 3002 5770 satis
3033 5711 3204 5782 recte,
3234 5716 3293 5770 in
3319 5711 3564 5771 instanti
3595 5711 3954 5782 lectum,ef-

2298 5792 2690 5864 ﬁeicim_ur.....
2746 5781 3233 5864 reformam-ur..."
3289 5789 3575 5864 impletur.
3626 5784 3756 5844 Vid.
3794 5781 3952 5841 lib.I

2301 5860 2636 5922 Invectivar.
2669 5877 2834 5919 num.
2866 5860 2955 5929 41,
