4332 6598
415 445 533 511 529

1075 445 1592 513 COMMENTAR.
1639 449 1715 510 1N
1760 446 2010 511 EPIST.
2055 447 2160 510 AD
2202 443 2480 512 EPHES.
2526 449 2678 516 LIB.
2721 445 2800 529 II,
2847 442 3018 516 CAP.
3061 441 3172 518 IV;

3712 450 3833 514 530

417 597 550 640 rum
583 585 734 640 Deus
762 581 1166 656 accipiendum
1198 586 1306 638 est.
1325 581 1465 639 Tale
1490 582 1629 654 quid
1652 585 1723 639 de
1754 582 2060 650 creaturis,
2092 582 2146 648 Α
2175 585 2298 638 ctor
2318 584 2582 640 emeruit.
2599 585 3233 659 Ascendensquippein
3249 583 3824 661 alterum,oaptivam

420 677 476 729 et
505 673 576 729 de
610 675 720 729 Deo
746 673 917 728 etiam
951 674 1100 728 Zeno
1143 689 1276 728 cum
1310 672 1435 727 suis
1475 673 1687 728 Stoicis
1706 671 2060 745 suspicatur.

418 763 600 828 Quem
631 767 866 819 secutus
895 761 1174 835 Virgilius
1204 761 1284 818 ait
1313 763 1552 833 (.Eneid.
1585 763 1662 835 v1)
1688 778 1701 818 :

820 872 983 921 Deum
1003 884 1246 934 namque
1276 871 1354 920 ire
1385 883 1482 933 per
1511 883 1698 920 omnes

629 935 921 997 Terraeque
951 937 1258 997 tractusque
1285 947 1475 993 mares,
1502 938 1601 983 etc.
1623 949 1635 994 ;

408 1016 500 1070 et:

499 1104 761 1168 Principio
793 1105 986 1155 coelum
1016 1118 1079 1168 ac
1108 1107 1294 1161 terras,
1327 1117 1649 1168 camposque
1677 1105 1962 1168 liquentes,

500 1167 893 1231 Lucentemque
923 1167 1136 1230 globum
1167 1168 1329 1222 lunai.
1358 1167 1668 1231 Titaniaque
1702 1171 1860 1226 astra,

498 1231 901 1294 Spiritusintus
931 1231 1050 1294 alit:
1083 1232 1357 1294 totamque
1391 1231 1566 1279 infusa
1603 1244 1697 1292 per
1725 1235 1869 1279 artus

497 1293 837 1357 Mensagitat
863 1293 1075 1349 molem,
1109 1295 1161 1343 et
1187 1293 1383 1356 magno
1414 1307 1469 1342 se
1499 1307 1720 1355 corpore
1756 1295 1957 1343 miscet.

399 1391 649 1458 Quidam
681 1392 792 1448 hoc
821 1393 976 1464 quod
1008 1396 1097 1448 est
1148 1393 1431 1461 scriptum
1463 1407 1475 1444 :
1525 1391 1699 1461 Super
1726 1407 1844 1457 nos,
1876 1401 1930 1446 et
1957 1407 2055 1462 per

400 1494 609 1548 omnes,
639 1485 691 1537 et
715 1483 774 1537 in
804 1482 1080 1551 omnibus,
1114 1481 1184 1536 ad
1218 1481 1468 1547 Patrem,
1501 1484 1557 1536 et
1586 1479 1819 1550 Filium,
1850 1483 1906 1535 et
1922 1479 2051 1552 Spi-

398 1571 580 1626 ritum
612 1574 882 1626 sanctum
916 1570 999 1626 sic
1028 1571 1322 1625 instituant
1365 1586 1495 1625 esse
1543 1569 1933 1638 referendum,
1990 1573 2052 1624 ut

393 1676 558 1731 super
585 1661 774 1716 omnia
802 1660 969 1716 Pater
998 1660 1096 1725 sit,
1117 1659 1254 1731 quia
1275 1663 1478 1715 auctor
1506 1663 1597 1715 est
1625 1658 1890 1714 omnium
1917 1675 1928 1712 :
1949 1675 2052 1730 per

394 1764 600 1817 omnes,
632 1749 832 1815 Filius,
868 1749 1006 1821 quia
1036 1765 1138 1821 per
1166 1748 1380 1804 Filium
1411 1753 1607 1804 creata
1645 1753 1784 1804 sunt
1813 1748 2042 1804 omnia:

388 1839 450 1896 in
478 1839 748 1905 omnibus,
780 1837 1034 1910 Spiritus
1063 1841 1327 1906 sanctus,
1350 1837 1475 1910 ipse
1495 1839 1648 1892 enim
1674 1838 2045 1894 credentibus

2172 672 2338 728 duxit
2359 673 2771 745 captivitatem.
2796 674 2912 728 Nos
2944 675 3044 745 qui
3085 693 3240 732 nunc
3283 677 3342 732 in
3373 676 3601 732 Christo
3633 676 3819 735 credi-

2171 780 2304 821 mus
2338 765 2408 820 de
2438 765 2713 838 gentibus
2749 765 3101 838 congregati,
3134 783 3266 822 cum
3298 783 3564 823 essemus
3593 771 3820 824 creatu-

2170 871 2234 908 ra
2275 853 2392 920 Dei,
2427 872 2461 909 a
2490 854 2719 910 diabolo
2759 854 2912 927 capti
2941 871 3170 926 sumus,
3202 861 3260 911 et
3307 856 3435 927 ejus
3466 854 3820 914 satellitibus

2168 942 2488 999 distributi.
2521 943 2692 998 Venit
2719 944 2900 1016 igitur
2922 943 3201 1010 Dominus
3231 948 3431 1001 noster
3449 945 3623 1002 Jesus
3653 944 3818 1002 Chri-

2165 1035 2294 1087 stus
2325 1033 2646 1088 secundum
2667 1033 3046 1100 Ezechielem,
3077 1050 3217 1089 vasa
3236 1051 3435 1091 secum
3467 1034 3818 1107 captivitatis

2166 1127 2503 1194 apportans,
2535 1126 2593 1178 et
2623 1128 2820 1194 operto
2851 1124 3059 1195 capite,
3098 1140 3172 1179 ne
3220 1124 3292 1179 ab
3341 1123 3691 1180 adversariis
3719 1141 3817 1181 co-

2163 1217 2540 1284 gnosceretur
2597 1212 2824 1284 (Ezech.
2870 1230 2968 1284 xu,
2998 1212 3143 1283 3-6),
3175 1212 3510 1286 praedicavit
3564 1212 3657 1269 his
3715 1211 3818 1286 qui

2165 1301 2318 1372 capti
2351 1306 2520 1356 erant
2547 1301 2988 1369 remissionem;
3020 1305 3078 1357 et
3099 1303 3198 1373 qui
3228 1302 3583 1358 tenebantur
3605 1302 3666 1358 in
3695 1303 3818 1360 vin-

2163 1390 2330 1457 culis,
2364 1390 2715 1447 solutionem
2749 1392 2878 1463 (lsa.
2914 1409 3024 1460 LXI,
3055 1392 3112 1462 2)
3145 1395 3203 1446 et
3234 1407 3340 1448 nos
3360 1392 3433 1448 de
3456 1393 3684 1448 catenis
3705 1392 3816 1450 tho-

2161 1480 2366 1545 stium,
2399 1485 2454 1536 et
2484 1481 2555 1536 de
2586 1481 2967 1552 compedibus
3005 1480 3294 1547 liberavit,
3343 1481 3498 1537 sicut
3540 1480 3704 1538 illam
3748 1481 3811 1542 in

2160 1568 2470 1642 Evangelio
2518 1570 2844 1633 mulierem,
2898 1571 2970 1625 de
3009 1587 3126 1642 qua
3174 1571 3300 1642 ipse
3342 1574 3805 1628 commemorat:

2156 1659 2306 1713 Hanc
2351 1663 2532 1714 autem
2577 1660 2756 1728 ﬁliam
2801 1660 3095 1727 Abraham,
3126 1676 3296 1732 quam
3340 1661 3530 1731 ligavit
3575 1659 3808 1727 Satanas

2145 1748 2270 1819 jam
2296 1748 2474 1804 decem
2503 1753 2556 1804 et
2579 1752 2693 1804 octo
2720 1751 2906 1816 annis,
2955 1765 3067 1804 non
3113 1749 3355 1820 oportuit
3397 1749 3538 1804 solvi
3582 1749 3648 1820 de
3673 1750 3808 1806 vin-

2153 1838 2272 1894 culo
2303 1839 2399 1894 hoc
2426 1839 2485 1893 in
2515 1838 2605 1893 die
2633 1837 2859 1894 Sabbati
2884 1838 3037 1910 (Luc.
3060 1855 3184 1905 xm,
3219 1837 3348 1909 16)?
3387 1837 3808 1911 Liberatosque

391 1929 584 2000 datur,
615 1932 673 1984 et
701 1927 988 1999 templum
1022 1945 1230 1984 sumus
1256 1927 1516 2000 Spiritus
1549 1927 1766 1983 sancti:
1793 1931 1849 1983 et
1877 1927 2046 1984 Pater
2075 1956 2120 2020 Β
2152 1943 2280 1998 nos,
2308 1931 2365 1982 et
2411 1943 2514 2000 per
2554 1943 2760 1984 novam
2811 1926 3201 2000 captivitatem
3232 1927 3304 1982 de
3346 1926 3675 2020 captivitate
3703 1943 3802 1982 νο-

388 2022 446 2075 et
470 2017 651 2074 Filius
677 2017 943 2074 habitant
971 2017 1029 2072 in
1065 2017 1253 2073 nobis.

458 2105 644 2177 (Vers.
683 2106 763 2177 7).
797 2127 824 2155 ‹‹
869 2105 1192 2177 Unicuique
1238 2109 1434 2161 autem
1468 2111 1736 2161 nostrum
1787 2106 1923 2161 data
1952 2110 2041 2162 est

386 2194 576 2268 gratia
621 2195 946 2251 secundum
991 2211 1329 2251 mensuram
1380 2195 1712 2252 donationis
1739 2195 1972 2252 Christi.
2011 2219 2037 2245 »

385 2285 546 2342 Licet
579 2286 727 2340 Deus
757 2284 924 2341 Pater
952 2301 1129 2357 super
1156 2286 1354 2340 omnia
1383 2285 1478 2352 sit,
1512 2290 1570 2341 et
1590 2302 1694 2358 per
1723 2301 1948 2355 omnes,
1981 2292 2038 2342 et

387 2371 447 2428 in
479 2372 793 2429 omnibus:
845 2378 1041 2430 tamen
1102 2374 1290 2445 gratia
1315 2375 1481 2444 juxta
1519 2390 1856 2429 mensuram
1915 2391 2034 2432 cre-

388 2462 665 2518 dentibus
727 2464 921 2518 datur.
985 2463 1110 2521 Non
1170 2464 1323 2534 quod
1391 2464 1461 2517 ad
1523 2480 1857 2520 mensuram
1916 2464 2032 2536 spi-

384 2551 564 2606 ritum
603 2595 619 2623 ,
689 2555 746 2606 et
813 2551 1062 2624 gratiam
1117 2552 1339 2607 tribuat
1391 2552 1544 2608 Deus
1601 2553 2034 2624 (.magniticen-

387 2639 480 2695 tiae
512 2639 667 2696 enim
699 2641 828 2712 ejus
877 2657 991 2696 non
1022 2645 1111 2696 est
1141 2642 1276 2696 ﬁnis
1319 2642 1488 2712 (Psal.
1535 2658 1717 2710 cxuv,
1772 2643 1876 2714 13),
1927 2643 2028 2698 sed

379 2729 534 2801 quod
554 2729 722 2801 juxta
753 2746 1092 2786 mensuram
1123 2730 1518 2801 vasculorum,
1543 2731 1812 2787 infundat
1840 2731 2028 2803 liquo-

376 2835 520 2889 rem,
554 2823 785 2874 tantum
811 2819 1072 2876 muneris
1101 2819 1378 2893 largiens,
1406 2824 1690 2891 quantum
1724 2821 2031 2892 potestille

379 2907 471 2963 cui
503 2909 777 2976 donatur,
809 2909 1089 2981 accipere.
1124 2909 1238 2965 Nec
1288 2909 1441 2965 enim
1466 2910 1538 2964 ad
1563 2927 1898 2965 mensuram
1931 2910 2031 2966 dat

372 2997 528 3054 Deus
545 2997 819 3070 spiritum
844 2999 1021 3071 (Joan.
1051 3016 1137 3070 ιιι,
1155 2998 1246 3067 34)
1269 3014 1282 3054 :
1302 3004 1403 3054 aut
1421 3003 1610 3070 potest
1629 2999 1842 3054 habere
1866 3015 2028 3055 men-

380 3104 600 3156 suram,
631 3088 788 3159 quod
816 3088 1116 3160 aequaliter
1146 3087 1363 3160 ubique
1395 3089 1675 3163 diffusum
1705 3094 1817 3145 est.
1864 3090 2024 3154 Quod

380 3180 448 3233 ut
477 3176 848 3234 manifestius
897 3179 999 3234 fiat
1052 3179 1456 3250 imperfectum
1509 3179 1645 3233 licet
1675 3184 1732 3234 et
1773 3196 1886 3234 non
1915 3179 2024 3235 im-

380 3265 549 3338 plens
579 3265 1047 3338 similitudinem,
1073 3272 1266 3323 tamen
1289 3285 1391 3340 per
1420 3269 1573 3339 quod
1606 3269 1790 3340 possit
1810 3267 2024 3324 intelli-

376 3356 433 3428 gi
458 3357 611 3428 quod
635 3356 849 3412 dicitur
864 3374 1172 3412 sumamus
1193 3357 1546 3430 exemplum.
1567 3359 1723 3413 Mare
1748 3363 1899 3413 certe
1922 3359 2028 3413 im-

374 3461 646 3502 mensum
681 3448 788 3510 est,
823 3450 879 3501 et
908 3447 1200 3516 capacitas
1222 3447 1350 3516 ejus
1382 3447 1496 3502 Deo
1528 3445 1637 3502 soli
1667 3449 1819 3504 612
1854 3451 2023 3503 nota:

373 3551 443 3591 ex
472 3535 579 3590 hoc
619 3535 667 3592 si
699 3535 834 3607 quis
863 3535 1002 3590 velit
1033 3535 1234 3590 multis
1261 3535 1599 3591 hominibus
1624 3537 1944 3591 secundum
1969 3536 2026 3591 id

374 3625 528 3697 quod
563 3629 790 3698 gestare
829 3630 1072 3696 queunt,
1135 3625 1382 3696 tradere,
1444 3641 1679 3681 necesse
1709 3630 1797 3681 est
1843 3631 1909 3681 ut
1957 3627 2029 3682 ad

369 3730 710 3770 mensuram
741 3713 1060 3786 unicuique
1100 3715 1339 3779 tribuat,
1373 3718 1431 3768 et
1481 3719 1674 3786 partes
1707 3717 1836 3786 ejus
1866 3732 2029 3772 men-

371 3818 572 3858 suram
604 3803 911 3875 recipiant,
959 3804 1128 3874 cujus
1176 3802 1430 3859 solidum
1459 3805 1498 3870 ¹,
1549 3804 2032 3861 immensurabile

372 3894 480 3947 est.
516 3893 604 3948 Ita
631 3895 690 3948 et
721 3890 976 3964 Spiritus
1002 3895 1243 3948 sanctus
1273 3892 1603 3950 immensus
1650 3894 1886 3966 quidem
1922 3899 2029 3960 est,

375 3985 432 4036 et
461 3979 622 4036 nullo
653 3981 768 4036 fine
799 3980 1204 4038 concluditur:
1251 3985 1446 4038 tamen
1495 3983 1812 4055 unicuique
1860 3984 2034 4039 datur

377 4070 703 4126 secundum
734 4071 887 4142 quod
919 4071 1174 4143 expedit.
1205 4072 1276 4127 Et
1306 4071 1484 4127 simul
1506 4074 1851 4140 notandum,
1876 4073 2030 4145 quod

377 4157 502 4213 haec
532 4159 732 4215 eadem
765 4160 972 4234 gratia,
1006 4176 1134 4231 quae
1166 4177 1320 4216 nunc
1351 4161 1630 4217 attributa
1670 4162 2030 4234 perhibetur.

381 4247 706 4305 secundum
757 4265 1093 4306 mensuram
1146 4250 1480 4306 donationis
1528 4251 1740 4308 Christi
1774 4252 1909 4308 data
1955 4253 2033 4308 sit

379 4337 574 4395 nobis.

331 4445 336 4451 ν
445 4429 634 4499 (Vera.
667 4429 748 4501 8.)
790 4450 812 4479 ι
865 4430 1104 4502 Propter
1170 4421 1325 4502 quod
1371 4430 1548 4486 dicit:
1595 4432 1931 4488 Ascendens
1972 4432 2033 4487 in

331 4517 340 4522 ’
380 4516 589 4585 altum,
625 4518 913 4592 captivam
941 4520 1107 4576 duxit
1151 4519 1570 4592 captivitatem,
1593 4520 1753 4576 dedit
1790 4521 1943 4577 dona
1975 4521 2032 4578 in

377 4607 717 4665 hominibus
747 4611 920 4682 (Psal.
982 4627 1148 4679 vau,
1206 4610 1314 4681 19).
1366 4610 1512 4674 Quia
1542 4627 1721 4682 supra
1770 4611 2029 4666 dixerat:

2151 2017 2261 2072 teri
2291 2021 2508 2086 erutos,
2548 2032 2745 2073 secum
2796 2017 2980 2089 duxit,
3017 2016 3076 2072 in
3122 2015 3375 2074 celum:
3428 2020 3485 2073 et
3523 2015 3618 2071 his
3653 2014 3803 2088 ipsis

2150 2123 2298 2179 quos
2327 2107 2397 2162 de
2440 2106 2815 2162 inimicorum
2849 2123 3028 2162 manu
3073 2106 3260 2162 victor
3306 2105 3542 2177 eripuit,
3573 2104 3804 2176 diversa

2149 2196 2470 2269 gratiarum
2493 2196 2645 2252 dona
2669 2195 2913 2268 largitus
2933 2199 3041 2251 est.
3057 2196 3124 2250 Et
3143 2195 3442 2268 eleganter
3461 2193 3557 2250 hic
3577 2193 3798 2267 posuit,

2147 2286 2300 2341 Dedit
2331 2287 2473 2342 dona
2495 2287 2555 2341 in
2595 2286 2929 2353 hominibus,
2962 2301 3095 2340 cum
3121 2285 3181 2340 in
3203 2283 3482 2340 Psalterio
3508 2284 3796 2356 scriptum

2147 2376 2262 2431 sit:
2304 2377 2514 2447 Accepit
2560 2376 2703 2431 dona
2751 2377 2812 2431 in
2859 2375 3175 2430 hominibus
3203 2374 3374 2446 (Psal.
3434 2390 3603 2441 van,
3664 2373 3791 2444 19),:

2144 2465 2354 2520 Verum
2385 2464 2489 2532 ibi,
2522 2464 2659 2537 quia
2679 2465 2929 2520 necdum
2961 2465 3175 2519 factum
3208 2466 3352 2533 erat,
3391 2462 3493 2518 sed
3526 2463 3794 2519 futurum

2142 2553 2610 2624 promittebatur,
2679 2558 2987 2625 propterea
3049 2552 3283 2619 dicitur,
3341 2553 3630 2624 accepisse.
3689 2549 3796 2620 Hic

2140 2658 2274 2698 vero
2305 2659 2436 2698 cum
2468 2641 2782 2714 Apostolus
2805 2639 2958 2698 013
2979 2641 3202 2712 scribit,
3227 2640 3368 2712 quia
3383 2641 3511 2712 jam
3531 2640 3792 2710 dederat,

2140 2735 2199 2785 et
2229 2730 2288 2786 in
2319 2731 2591 2787 universo
2621 2731 2758 2787 orbe
2777 2729 3042 2787 Ecclesiae
3065 2729 3320 2785 fundatas
3340 2733 3540 2785 erant:
3574 2727 3792 2786 ideirco

2140 2837 2254 2875 non
2277 2823 2543 2892 accepisse
2571 2820 2869 2888 scribitur,
2902 2821 3002 2876 sed
3020 2819 3243 2875 dedisse.
3276 2819 3386 2874 Alii
3408 2817 3566 2873 hunc
3595 2816 3791 2876 locum

2139 2908 2223 2964 ita
2252 2910 2601 2978 edisserunt,
2636 2911 2792 2982 quod
2815 2911 2888 2965 ob
2938 2909 2993 2964 id
3028 2909 3313 2965 Dominus
3359 2911 3558 2964 noster
3611 2907 3788 2965 Jesus

2137 2997 2402 3054 Christus
2425 3000 2496 3055 ad
2521 2999 2696 3055 caelos
2716 3000 2901 3056 victor
2920 2998 3268 3065 ascenderit,
3290 3001 3356 3053 ut
3383 2997 3521 3054 inde
3549 2997 3790 3071 angelos

2138 3093 2492 3160 caeterasque
2517 3089 2760 3146 virtutes
2793 3089 2863 3144 ad
2881 3089 3209 3144 custodiam
3231 3087 3619 3146 Ecclesiarum
3651 3104 3787 3160 sua-

2137 3194 2267 3232 rum
2301 3178 2574 3234 mitteret.
2606 3179 2674 3232 Et
2699 3179 2840 3233 dum
2875 3177 3152 3251 indignus
3185 3177 3261 3234 sit
3289 3178 3453 3234 locus
3480 3177 3591 3235 iste
3620 3182 3797 3234 terre-

2141 3284 2274 3333 nus,
2325 3268 2671 3323 sublimium
2725 3272 3079 3339 potestatum
3130 3267 3346 3324 habere
3394 3267 3790 3339 praesentiam,

2140 3357 2572 3428 quodammodo
2606 3356 2716 3412 illae
2749 3357 3142 3412 sustinuerint
3189 3356 3604 3428 captivitatem.
3636 3357 3793 3420 ,Ideo

2139 3445 2292 3500 enim
2327 3445 2605 3516 (inquint)
2637 3446 2902 3501 ascendit
2931 3445 2990 3500 in
3023 3444 3228 3512 altum,
3253 3449 3318 3500 ut
3341 3445 3640 3518 captivans
3667 3462 3798 3518 capo

2140 3534 2444 3601 tivitatem,
2479 3536 2637 3589 dona
2685 3534 3026 3590 hominibus
3065 3533 3398 3606 largiretur.
3449 3534 3568 3590 Hoc
3598 3539 3798 3592 autem

2140 3627 2326 3679 totum
2360 3624 2490 3679 ideo
2523 3622 2839 3696 Apostolus
2862 3622 3122 3695 replicat,
3158 3628 3221 3679 ut
3251 3622 3682 3696 quiasuperius
3715 3624 3800 3686 di-

2138 3716 2332 3768 xerat:
2366 3712 2700 3785 Suﬂerentcs
2730 3715 2965 3770 invicem
3003 3714 3063 3768 in
3091 3713 3386 3781 charitate,
3417 3712 3649 3770 solliciti
3674 3729 3797 3771 ser-

2144 3818 2271 3858 vare
2302 3805 2571 3858 unitatem
2615 3803 2850 3875 Spiritus
2881 3805 2942 3858 in
2992 3803 3209 3860 vinculo
3250 3804 3403 3875 pacis
3446 3803 3611 3875 (vers.
3655 3807 3710 3871 2,
3741 3804 3797 3874 8)

2142 3891 2380 3948 duceret
2424 3892 2484 3947 in
2544 3893 2790 3949 diversis
2839 3892 3295 3950 charismatibus
3325 3892 3641 3950 Ecclesiam
3671 3909 3799 3951 esse

2143 3982 2510 4049 concordem,
2543 3986 2598 4038 et
2645 3999 2759 4037 non
2801 3982 2999 4038 statim
3032 3981 3420 4038 schismatum
3468 3987 3525 4038 et
3569 3981 3798 4042 dissen-

2142 4069 2375 4124 sionum
2396 4069 2758 4125 occasionem
2781 4069 2927 4140 dari,
2953 4070 3091 4142 quia
3107 4071 3433 4126 secundum
3455 4087 3796 4137 mensuram

2142 4158 2476 4214 donationis
2499 4159 2710 4214 Christi
2743 4159 3152 4231 unusquisque
3171 4163 3440 4215 nostrum
3474 4159 3800 4232 accepisset

2142 4247 2293 4304 dona
2318 4263 2330 4302 :
2356 4265 2473 4304 non
2505 4253 2731 4315 eadem,
2751 4249 2850 4305 sed
2876 4249 2932 4304 in
2969 4265 3156 4304 unum
3186 4265 3420 4321 corpus,
3444 4252 3502 4305 et
3531 4249 3590 4304 in
3611 4265 3799 4312 unum

2143 4337 2417 4408 spiritum
2451 4354 2656 4394 omnes
2687 4343 2920 4394 vocatos
2951 4355 3101 4405 esse,
3136 4337 3195 4394 id
3227 4342 3336 4405 est,
3368 4337 3616 4410 utfsicut
3641 4353 3800 4398 unus

2147 4425 2549 4494 Dominusest,
2565 4431 2621 4483 et
2641 4444 2759 4482 una
2772 4427 2936 4499 fides,
2951 4431 3008 4483 et
3029 4443 3214 4482 unum
3232 4427 3548 4499 baptisma,
3563 4431 3620 4484 et
3642 4442 3797 4485 unus

2144 4515 2299 4571 Deus
2331 4516 2500 4572 Pater
2529 4517 2690 4589 (vers.
2720 4518 2776 4582 5,
2807 4518 2863 4589 6)
2894 4517 2977 4572 ita
3007 4520 3064 4571 et
3094 4533 3200 4573 nos
3229 4516 3288 4572 in
3319 4516 3619 4574 charitate
3648 4516 3799 4590 idip-

2146 4621 2277 4660 sum
2307 4605 2516 4674 simus,
2548 4606 2607 4661 in
2635 4606 2794 4678 pacis
2815 4605 3046 4663 vinculo
3073 4610 3372 4664 servantes
3403 4605 3646 4679 spiritus
3670 4607 3803 4666 uni-

378 4697 682 4770 Unicuique
705 4707 890 4754 autem
917 4703 1166 4756 nostrum
1203 4700 1334 4756 data
1378 4703 1456 4756 est
1507 4703 1690 4769 gratia
1733 4700 2032 4755 secundum
2061 4697 2108 4763 D
2138 4697 2339 4749 tatem.

376 4801 696 4842 mensuram
723 4787 1036 4844 donationis
1087 4788 1291 4844 Christi
1318 4790 1477 4860 (vers.
1507 4791 1584 4858 7),
1619 4794 1686 4845 ut
1716 4790 2029 4845 conﬁrma-

379 4879 468 4930 ret
496 4875 618 4932 hac
648 4876 778 4949 ipsa
806 4879 979 4949 dona,
1001 4896 1126 4951 quae
1163 4883 1293 4951 post
1310 4879 1614 4952 paululum
1637 4896 1870 4951 quoque
1893 4895 2036 4935 enu-

377 4970 586 5034 merat,
621 4965 822 5022 dicens
848 4982 860 5021 :
894 4968 957 5022 Et
988 4969 1104 5039 ipse
1131 4968 1278 5024 dedit
1297 4970 1557 5040 quosdam
1577 4970 1801 5041 quidem
1829 4977 2040 5040 aposto-

379 5052 479 5121 los,
524 5055 786 5125 quosdam
845 5065 1034 5112 autem
1077 5057 1395 5129 prophetas,
1454 5059 1592 5114 alios
1649 5059 2033 5130 evangelistas,

373 5143 518 5199 alios
545 5149 793 5216 pastores
822 5153 875 5202 et
917 5148 1206 5218 magistros
1257 5151 1417 5215 (vers.
1453 5148 1562 5218 11),
1614 5151 1669 5202 et
1711 5147 1961 5219 reliqua,
2005 5165 2039 5203 a

325 5247 327 5250 ‘
376 5230 672 5290 Salvatore
703 5251 832 5291 esse
860 5235 1096 5303 donata,
1130 5235 1546 5308 testimonium.
1569 5236 1640 5292 de
1672 5236 2035 5307 sexagesimo

372 5320 625 5394 septimo
656 5324 884 5397 psalmo
941 5325 1283 5397 assumpsit,
1317 5329 1384 5380 ut
1414 5327 1673 5382 sciamus
1725 5325 1860 5382 illas
1907 5343 2034 5383 esse

377 5413 693 5470 manubias
725 5413 1067 5474 hominibus
1088 5415 1456 5482 distributas,
1489 5432 1636 5487 quas
1662 5415 1930 5472 Christus
1945 5418 2034 5472 vi-

457 5561 474 5595 ι
509 5559 594 5614 Ita
622 5555 764 5641 legit
791 5557 1134 5641 codex..ms.
1169 5559 1421 5641 Regius:
1466 5561 1554 5641 ita
1583 5577 1825 5641 quoque
1846 5561 2036 5634 prima

383 5645 562 5702 manu
582 5629 868 5702 scriptum
891 5634 1016 5685 erat
1036 5629 1091 5684 in
1114 5629 1442 5700 pervétusto
1460 5629 1826 5689 Cluniacensi
1847 5629 2037 5690 exem-

321 5758 330 5762 .,
381 5701 572 5774 piari:
606 5701 715 5770 sed
737 5702 1022 5758 recentior
1050 5717 1263 5760 manus
1292 5705 1541 5762 mutavit
1567 5706 1801 5762 solidum
1846 5708 1903 5761 in
1947 5723 2033 5762 so-

371 5779 523 5836 ‘lum.
554 5775 705 5833 Bditi
734 5787 845 5832 nec
869 5774 1136 5843 solidum,
1169 5791 1275 5834 nec
1301 5779 1480 5838 solum
1500 5779 1786 5848 retinent;
1818 5779 1920 5837 sed
1947 5793 2032 5836 so-

2217 4783 2400 4853 (Vers.
2436 4785 2516 4856 9.)
2552 4804 2578 4836 α
2608 4787 2768 4851 Quod
2805 4791 3000 4842 autem
3041 4786 3326 4855 ascendit,
3373 4785 3515 4859 quid
3542 4790 3650 4855 est,
3683 4785 3800 4846 nisi

2149 4872 2288 4943 quia
2308 4879 2367 4927 et
2389 4873 2687 4930 descendit
2703 4874 2761 4930 in
2794 4875 3067 4933 inferiora
3087 4876 3294 4932 terra?
3311 4897 3338 4928 η
3364 4875 3474 4942 Qui
3503 4875 3803 4934 ascendis-

2149 4977 2210 5018 se
2242 4979 2397 5017 nunc
2426 4962 2658 5034 dicitur,
2709 4969 3013 5038 propterea
3049 4965 3336 5034 ascendit,
3369 4965 3508 5037 quia
3535 4969 3670 5021 ante
3698 4964 3801 5022 de-

2150 5051 2476 5108 scenderat.
2509 5056 2630 5108 Hoc
2677 5055 2833 5110 enim
2865 5059 3069 5111 sonat:
3103 5054 3259 5125 Quod
3305 5057 3490 5111 autem
3530 5052 3796 5124 ascendit,

2148 5139 2278 5210 quid
2307 5149 2406 5212 est,
2438 5143 2552 5198 nisi
2593 5145 2733 5215 quia
2767 5152 2819 5199 et
2875 5144 3167 5202 descendit.
3197 5142 3632 5215 Requirendum
3689 5139 3801 5197 ita-

2149 5245 2262 5300 que
2293 5247 2472 5303 super
2499 5249 2565 5289 eo
2597 5235 2750 5306 quod
2784 5233 2922 5289 alibi
2953 5234 3239 5307 scriptum
3270 5237 3384 5289 est:
3418 5233 3582 5289 Nemo
3613 5245 3802 5292 ascen-

2146 5320 2228 5374 dit
2255 5325 2317 5378 in
2344 5325 2556 5392 cadum,
2590 5325 2705 5380 nisi
2744 5324 2843 5396 qui
2887 5323 2954 5379 de
2996 5324 3127 5379 caelo
3173 5321 3468 5388 descendit,
3498 5321 3676 5377 Filius
3705 5320 3804 5377 ho-

2146 5418 2318 5473 minis
2342 5416 2559 5485 (Joann.
2593 5431 2678 5485 III,
2712 5415 2823 5486 13),
2857 5413 3150 5486 quomodo
3180 5409 3508 5468 ascenderit
3535 5413 3670 5466 ante
3697 5409 3798 5467 de-

2146 5562 2317 5617 lium:
2351 5575 2464 5630 quo
2496 5574 2695 5626 sensu,
2726 5557 2836 5630 ipsi
2858 5555 3108 5630 viderint
3129 5553 3799 5630 ErasmusetLMarianus

2145 5624 2413 5689 editores.
2448 5630 2635 5686 MART.
2667 5624 2900 5684 +Cum
2932 5629 3164 5700 pridem,
3179 5625 3433 5700 vulgatis
3450 5624 3802 5700 iCirtercien-

2146 5720 2238 5760 ses
2271 5720 2415 5760 mss.
2466 5699 2706 5759 solium.'
2740 5697 3113 5756 Martiansaus
3151 5697 3210 5756 in
3251 5697 3383 5757 aliis
3422 5698 3589 5757 libris
3617 5699 3796 5755 solum

2143 5776 2382 5835 invenit.
