4332 6570
501 441 610 518 531

1752 460 1817 521 s.
1867 457 2178 522 susssu
2203 440 2668 523 'HIERONYMI

3791 461 3914 522 532

495 587 785 646 scandens
805 587 1102 654 ‘i'Quando
1124 589 1282 646 enim
1313 589 1435 647 haec
1478 589 1846 664 loquebatur,
1879 598 2012 664 post
2041 593 2138 648 de-
2171 594 2224 658 Α
2255 591 2486 650 vinitas.
2522 595 2825 668 Siquidem
2856 595 2964 652 hoc
2990 597 3142 669 quod
3167 611 3322 653 nunc
3343 593 3610 651 Christus
3631 593 3912 652 tribuisse

499 678 871 736 scensionem
929 697 960 735 e
1015 680 1196 750 caelis,
1255 682 1552 753 quondam
1612 683 1682 738 ad
1723 683 1899 737 caalos
1948 699 2147 737 ascen-

501 767 660 824 disse
681 769 1069 825 monstrabat.
1097 770 1211 825 Nec
1235 787 1346 826 non
1369 770 1578 826 etillud
1607 771 1822 842 pariter
1843 776 2152 827 retractan-

501 855 665 923 dum,
693 859 994 934 _quomodo
1016 858 1144 930 ipsa
1164 860 1466 916 descensio
1488 864 1543 915 et
1563 860 1825 916 ascensio
1850 860 2152 916 sentienda

501 944 602 1001 sit.
633 945 982 1003 Utrumnam
1006 949 1328 1003 secundum
1353 966 1562 1020 corpus
1582 948 1860 1015 localiter,
1877 967 1948 1004 an
1974 967 2153 1022 supra

500 1049 718 1106 corpus
749 1035 1154 1106 spiritualiter,
1182 1036 1270 1091 vel
1312 1043 1465 1092 certe
1495 1043 1742 1109 utroque
1776 1039 1964 1093 modo.
2001 1038 2151 1092 Infe-

503 1122 663 1178 riora
692 1128 887 1180 autem
916 1130 1105 1193 terrae,
1135 1125 1399 1182 infernus
1430 1126 1713 1198 accipitur
1737 1127 1806 1182 ad
1841 1143 2016 1198 quem
2047 1127 2153 1182 Do-

504 1211 704 1268 minus
737 1218 934 1269 noster
963 1213 1339 1286 Salvatorque
1369 1216 1686 1284 descendit,
1723 1221 1787 1271 ut
1817 1221 2152 1272 sanctorum

505 1301 754 1370 animas,
783 1319 907 1374 quae
931 1302 1008 1357 ibi
1050 1304 1400 1359 tenebantur
1429 1304 1691 1373 inclusas,
1724 1323 1922 1361 secum
1946 1307 2016 1362 ad
2047 1323 2155 1361 coe-

501 1388 592 1446 los
621 1391 803 1446 victor
832 1392 1162 1448 abduceret.
1198 1392 1361 1448 Unde
1392 1399 1448 1448 et
1492 1398 1623 1464 post
1667 1396 2152 1451 resurrectionem

505 1479 654 1550 ejus,
687 1478 942 1550 plurima
973 1497 1213 1552 corpora
1236 1483 1542 1552 justorum
1576 1484 1636 1538 in
1689 1490 1892 1540 sancta
1921 1484 2156 1540 civitate

501 1567 628 1624 visa
658 1574 797 1624 sunt
829 1570 1034 1637 (Matth.
1061 1587 1238 1638 xxvu,
1291 1572 1398 1641 52).
1453 1572 1615 1636 Quod
1650 1579 1845 1629 autem
1892 1573 2156 1630 infernus

506 1657 568 1712 in
607 1658 866 1714 inferiori
898 1664 1060 1730 parte
1091 1664 1259 1716 terra
1289 1663 1384 1733 sit,
1433 1667 1490 1717 et
1543 1662 1858 1718 Psalmista
1885 1666 2152 1730 testatur,

507 1745 740 1803 dicens:
773 1749 1008 1820 Apperta
1036 1755 1116 1804 est
1144 1755 1311 1818 terra,
1347 1760 1398 1806 et
1424 1752 1698 1807 devoravit
1729 1753 1968 1819 Dat/ian,
2002 1754 2156 1808 614

503 1843 558 1891 et
603 1838 814 1908 operuit
853 1855 1023 1910 super
1074 1843 1545 1911 congregationem
1590 1842 1794 1897 Abiron
1840 1843 2012 1910 (Psal.
2067 1859 2153 1911 cv,

2259 685 2408 740 615
2445 685 2812 745 describitur.
2846 686 2904 740 in
2937 686 3126 758 prima
3158 684 3414 757 Epistola
3443 684 3515 740 ad
3559 683 3910 750 Corinthios,

2261 773 2415 828 Deus
2447 775 2615 830 Pater
2657 775 2888 830 dedisse
2937 780 3244 830 narratur:
3277 776 3427 829 Alios
3455 774 3626 840 enim,
3679 773 3781 840 ait,
3810 790 3912 844 po-

2258 864 2370 916 suit
2433 864 2573 918 Deus
2619 866 2679 917 in
2735 864 3019 919 Ecclesia:
3074 866 3254 935 primo
3303 863 3622 934 apostolos:
3678 861 3914 918 secundo

2257 951 2572 1022 prophetas,
2605 953 2767 1007 tertio
2805 953 3088 1007 doctores:
3137 951 3332 1007 deinde
3384 953 3636 1016 virtutes,
3687 955 3740 1006 et
3769 952 3915 1008 dona

2259 1042 2584 1104 sanitatum,
2617 1041 3025 1109 opitulationes,
3074 1041 3516 1112 gubernationes,
3573 1057 3775 1113 genera
3814 1043 3917 1096 tin-

2259 1146 2501 1200 gnarum
2559 1134 2608 1198 (ι
2638 1131 2764 1186 Cor.
2797 1147 2900 1199 xu,
2931 1131 3043 1197 28).
3077 1131 3241 1194 Quod
3274 1128 3564 1186 Sabellius
3597 1146 3711 1185 non
3741 1129 3912 1186 intel-

2263 1218 2471 1291 ligens.
2505 1223 2736 1274 Patrem
2787 1220 3094 1276 confundit
3123 1225 3180 1274 et
3209 1218 3439 1286 Filium,
3473 1219 3615 1273 dum
3647 1219 3912 1274 eamdem

2264 1307 2661 1378 operationem
2694 1325 2822 1364 esse
2867 1324 2982 1363 non
3013 1312 3181 1380 putat
3228 1308 3609 1363 diversorum.
3643 1308 3709 1362 Et
3738 1306 3913 1363 simul

2266 1398 2613 1464 notandum,
2647 1399 2803 1468 quod
2835 1396 2925 1452 hic
2957 1396 3271 1469 apostolos,
3306 1396 3645 1468 prophetas,
3677 1412 3918 1469 evange-

2263 1485 2450 1556 listas,
2503 1494 2786 1558 pastores,
2819 1493 2876 1542 et
2900 1487 3211 1558 magistros
3245 1486 3474 1542 dedisse
3504 1485 3774 1541 Christus
3798 1493 3812 1540 :
3835 1485 3917 1540 ibi

2264 1591 2398 1630 vero
2456 1576 2692 1631 eosdem
2743 1576 2911 1631 Pater
2960 1575 3228 1647 posuisse
3281 1579 3659 1630 memoretur.
3715 1574 3920 1629 Posuit

2267 1663 2462 1734 itaque
2489 1664 2608 1720 sive
2638 1665 2796 1720 dedit
2827 1669 2997 1720 Pater
3025 1669 3083 1720 et
3129 1663 3334 1730 Filius,
3365 1663 3554 1735 primo
3603 1662 3916 1734 apostolos,

2267 1754 2523 1809 secundo
2556 1753 2868 1826 pr0phetas
2895 1772 2908 1808 :
2942 1771 3054 1809 non
3087 1752 3219 1808 illos
3249 1753 3348 1824 qui
3376 1752 3571 1807 futura
3598 1751 3918 1807 vaticinen-

2271 1846 2390 1906 tur,
2423 1842 2628 1914 quales
2657 1842 2718 1896 in
2749 1841 2940 1897 Veteri
2967 1841 3219 1914 legimus
3243 1841 3652 1896 Testamento:
3687 1840 3784 1896 sed
3817 1839 3919 1912 qui

507 1926 617 1997 17).
651 1926 718 2028 Et
764 1926 958 2028 ipsum
1013 1927 1072 1983 in
1117 1929 1506 1985 Numerorum
1569 1929 1718 1986 libro
1751 1931 1896 2003 (cap.
1942 1949 2057 1998 xw,
2089 1932 2158 1984 3‘2.
2192 1963 2238 2028 Β
2266 1931 2532 1987 inﬁdeles
2588 1937 2646 1986 et
2705 1930 3012 2003 imperitos
3043 1934 3289 2003 arguant
3345 1934 3519 2001 atque
3576 1928 3917 2028 dijudicen't.

503 2015 695 2086 seqq.)
739 2015 971 2087 plenius
1017 2017 1356 2089 explicatur.
1405 2019 1530 2074 Alio
1581 2036 1813 2093 quoque
1861 2020 1985 2075 loco
2016 2019 2157 2092 legi-

504 2119 677 2160 mus:
717 2105 906 2161 Veniat
932 2121 1076 2161 mors
1103 2123 1268 2179 super
1293 2124 1400 2175 eos,
1446 2117 1496 2164 et
1526 2108 1843 2164 descendant
1891 2110 1952 2164 in
1983 2111 2158 2178 infer-

505 2209 641 2248 num
670 2195 906 2250 viventes
936 2197 1106 2267 (Psal.
1139 2213 1249 2267 LIV,
1284 2198 1392 2269 16).

577 2281 768 2351 (Vers.
802 2284 912 2355 10.)
949 2307 969 2333 α
1001 2285 1107 2350 Qui
1140 2286 1460 2352 descendit,
1493 2287 1617 2358 ipse
1647 2292 1736 2344 est
1765 2288 1863 2360 qui
1898 2287 2161 2344 ascendit

508 2387 688 2443 supra
717 2387 922 2428 omnes
954 2372 1150 2442 caelos,
1175 2381 1239 2430 ut
1269 2374 1536 2444 impleret
1565 2377 1781 2432 omnia.
1807 2399 1834 2426 »
1862 2377 2156 2448 Numquid

509 2459 889 2532 corporaliter
913 2478 1115 2517 omnes
1139 2463 1336 2531 coalos,
1357 2469 1411 2520 et
1426 2464 1729 2521 universas
1746 2465 2155 2532 sublimitates,

509 2553 568 2605 et
596 2548 872 2605 caelorum
905 2550 1173 2619 circulos,
1209 2569 1356 2624 quas
1390 2553 1721 2626 philosophi
1771 2554 2030 2626 sphaerae
2057 2572 2157 2610 vo-

510 2643 665 2705 cant,
691 2639 984 2695 transiens
1002 2643 1175 2712 atque
1195 2644 1638 2712 transcendens,
1664 2643 1824 2699 stetit
1844 2644 1902 2698 in
1927 2661 2159 2700 summo

507 2728 633 2784 caeli
653 2727 893 2795 fornice,
916 2733 974 2785 et
1000 2734 1062 2784 ut
1082 2730 1208 2802 ipso
1231 2732 1404 2786 verbo
1429 2738 1579 2798 utar,
1611 2734 1812 2804 aspide
1833 2733 1860 2787 ἱ)
1886 2739 1973 2787 An
2007 2737 2161 2789 certe

507 2818 707 2874 omnia
735 2817 1056 2890 corporalia
1085 2824 1467 2876 contemnens
1515 2826 1689 2894 atque
1723 2822 2072 2894 despiciens,
2105 2826 2162 2877 et

507 2910 723 2963 aeterna
751 2908 1176 2978 contemplans,
1203 2926 1381 2982 super
1413 2909 1608 2976 ccelos,
1641 2912 1699 2966 id
1731 2917 1839 2975 est,
1865 2928 2041 2983 super
2077 2911 2161 2967 in-

505 2994 762 3051 visibilia
789 2995 1024 3052 stetisse
1070 2998 1395 3052 credendus
1420 2999 1556 3054 est?
1599 3000 1754 3070 quod
1800 3017 1904 3072 ego
1952 2999 2160 3055 melius

507 3087 669 3155 puto.
702 3083 1011 3139 Descendit
1057 3101 1192 3156 ergo
1225 3085 1284 3140 in
1326 3085 1601 3142 inferiora
1639 3092 1824 3153 terra,
1873 3093 1929 3144 et
1958 3106 2159 3145 ascen-

507 3171 594 3227 dit
619 3188 797 3243 super
825 3188 1031 3227 omnes
1062 3172 1234 3229 ccelos
1265 3173 1446 3230 Filius
1499 3176 1618 3243 Dei,
1672 3183 1734 3232 ut
1763 3195 1877 3233 non
1927 3183 2158 3233 tantum

508 3259 696 3333 legem
729 3260 1157 3334 prophetasque
1187 3263 1522 3334 compleret,
1573 3266 1673 3321 sed
1705 3271 1761 3321 et
1807 3266 1952 3322 alias
1985 3283 2157 3338 quas-

2269 2019 2434 2076 Tales
2483 2021 2698 2093 quippe
2729 2021 3041 2092 prophetas
3099 2019 3230 2075 novi
3286 2018 3640 2074 Testamenti
3699 2017 3757 2071 in
3807 2017 3921 2072 alia

2268 2108 2516 2181 epistola
2554 2125 2682 2166 esse
2732 2109 2936 2165 deﬁnit
2985 2110 3057 2180 (II
3086 2109 3206 2164 Cor.
3240 2126 3319 2176 x1,
3372 2109 3459 2164 13.
3521 2106 3712 2162 Tertio
3742 2123 3923 2162 evan-

2269 2197 2531 2270 gelistas,
2565 2215 2813 2270 quorum
2849 2197 3093 2270 speciosi
3120 2201 3293 2268 pedes
3321 2200 3459 2252 sunt
3475 2196 3546 2251 ad
3569 2195 3922 2251 annuntian-

2273 2288 2407 2342 dam
2462 2303 2662 2359 pacem
2695 2288 2867 2358 (Rom.
2898 2303 2953 2353 x,
2983 2287 3090 2355 15).
3115 2286 3370 2341 Necvero
3394 2285 3722 2357 putandum
3745 2284 3926 2355 quod,

2269 2375 2424 2431 sicut
2453 2376 2512 2430 in
2537 2374 2937 2447 superioribus
2959 2375 3170 2441 tribus,
3194 2374 3340 2428 alios
3363 2373 3508 2428 dixit
3535 2389 3664 2429 esse
3686 2378 3924 2444 aposto-

2270 2463 2376 2532 los,
2409 2465 2556 2520 alios
2597 2464 2933 2536 prophetas,
2980 2461 3126 2518 alios
3182 2462 3602 2534 evangelistas:
3654 2462 3741 2517 ita
3780 2465 3837 2516 et
3867 2462 3926 2516 in

2271 2553 2605 2625 pastoribus
2635 2559 2692 2607 et
2722 2553 2779 2606 in
2807 2550 3130 2625 magistris,
3163 2552 3355 2607 ofﬁcia
3385 2551 3613 2607 diversa
3642 2549 3921 2622 posuerit.

2269 2643 2394 2698 Non
2425 2643 2582 2697 enim
2617 2641 2697 2697 ait
2721 2631 2748 2695 :i
2769 2640 2912 2697 alios
2943 2645 3138 2696 autem
3171 2645 3433 2711 pastores
3462 2645 3518 2696 et
3555 2638 3701 2694 alios
3739 2638 3923 2711 magi-

2271 2736 2443 2798 stros,
2468 2732 2566 2785 sed
2603 2730 2748 2785 alios
2781 2734 3040 2802 pastores
3061 2734 3119 2784 et
3139 2728 3454 2800 magistros
3481 2745 3492 2784 :
3521 2732 3585 2783 ut
3606 2727 3704 2800 qui
3727 2731 3926 2798 pastor

2269 2825 2511 2886 est,esse
2523 2821 2731 2874 debeat
2751 2823 2808 2874 et
2832 2819 3130 2890 magister:
3149 2835 3254 2873 nec
3271 2818 3329 2872 in
3348 2817 3641 2883 Ecclesiis,
3656 2815 3924 2888 quamvis

2269 2913 2510 2965 sanctus
2530 2909 2625 2973 sit,
2657 2908 2908 2979 pastoris
2930 2907 3040 2963 sibi
3063 2923 3275 2963 nomen
3298 2923 3618 2973 assumere,
3645 2905 3758 2961 nisi
3789 2921 3923 2977 pos-

2269 2999 2347 3053 sit
2377 2998 2581 3053 docere
2612 3014 2758 3068 quos
2792 2996 2998 3068 pascit.
3033 2995 3133 3051 Vel
3161 3000 3313 3051 certe
3335 2995 3522 3061 aliter,
3556 3001 3620 3050 ut
3649 3011 3803 3050 unus
3833 2998 3921 3050 at-

2270 3103 2442 3158 quem
2471 3086 2626 3141 idem
2659 3101 2872 3157 praeses
2928 3083 3216 3150 Ecclesiae,
3250 3084 3327 3139 sit
3375 3088 3573 3156 pastor
3601 3088 3658 3138 et
3683 3084 3886 3138 doctor
3909 3125 3922 3150 ,

2270 3180 2469 3247 pastor
2499 3174 2729 3230 ovium:
2767 3173 3044 3246 magister
3075 3173 3403 3229 hominum.
3436 3174 3692 3228 Homines
3722 3173 3929 3243 quippe

2272 3273 2322 3320 et
2369 3266 2627 3335 jumenta
2681 3264 2857 3318 salvos
2907 3265 3101 3333 facies,
3156 3263 3383 3318 Domine
3441 3262 3611 3333 (Psal.
3643 3277 3811 3328 xxxv,
3843 3261 3922 3331 7).

509 3349 646 3405 dam
682 3348 940 3406 occultas
971 3333 1459 3424 dispensationes,
1485 3371 1630 3426 quas
1664 3354 1825 3410 solus
1856 3356 1982 3428 ipse
2003 3333 2162 3410 novit
2191 3333 2234 3398 C
2271 3333 2537 3409 Arbitror
2567 3352 2738 3407 hodie
2758 3351 3068 3424 quoquein
3091 3347 3388 3418 Ecclesiis,
3421 3349 3925 3422 quemadmodum

510 3453 646 3493 cum
679 3437 862 3494 Patre.
896 3439 1094 3511 Neque
1125 3440 1279 3496 enim
1308 3442 1454 3498 scire
1488 3460 1824 3514 possumus,
1872 3445 2164 3516 quomodo

509 3531 568 3582 et
599 3526 844 3599 angelis,
877 3531 933 3583 et
966 3528 1055 3584 his
1078 3530 1176 3600 qui
1205 3529 1265 3585 in
1297 3531 1523 3587 inferno
1539 3534 1981 3606 erant,sanguis
2003 3533 2162 3588 Chri-

510 3615 584 3672 sti
618 3616 923 3687 profuerit,
954 3622 1012 3672 et
1047 3622 1242 3674 tamen
1277 3620 1417 3690 quin
1452 3623 1734 3692 profuerit
1783 3623 2005 3678 nescire
2050 3640 2164 3677 non

509 3721 850 3776 possumus.
877 3705 1187 3761 Descendit
1205 3725 1440 3780 quoque
1462 3710 1532 3763 ad
1557 3710 1794 3782 inferos,
1819 3717 1876 3766 et
1904 3712 2168 3766 ascendit

509 3791 582 3849 ad
618 3792 813 3864 caelos,
849 3797 913 3848 ut
961 3794 1231 3866 impleret
1281 3813 1379 3852 eos
1409 3798 1503 3865 qui
1564 3797 1624 3853 in
1683 3797 1801 3854 illis
1833 3799 2168 3872 regionibus

513 3885 703 3948 erant,
721 3881 1044 3938 secundum
1071 3883 1125 3937 id
1151 3885 1303 3956 quod
1329 3902 1390 3941 se
1412 3903 1618 3958 capere
1639 3892 1926 3958 poterant.
1952 3890 2032 3944 Ex
2055 3905 2168 3960 quo

517 3971 842 4038 sciendum,
878 3972 1054 4043 quod,
1088 3978 1400 4046 antequam
1423 3975 1691 4032 Christus
1713 3978 2087 4033 descenderet
2117 3982 2173 4032 et

521 4060 1302 4132 ascenderet,vacuafuerint
1322 4064 1537 4136 omnia,
1559 4070 1614 4122 et
1630 4065 1992 4136 plenitudine
2013 4067 2172 4123 illius

520 4147 898 4221 indiguerint.
932 4149 1034 4206 Hic
1065 4150 1224 4208 locus
1247 4153 1554 4210 adversum
1577 4155 1876 4224 Ebionem,
1901 4161 1958 4210 et
1985 4155 2148 4211 Photi

522 4253 688 4303 num,
719 4238 805 4294 vel
841 4240 1094 4296 maxime
1124 4241 1278 4296 facit.
1307 4242 1365 4297 Si
1396 4242 1552 4297 enim
1577 4243 1702 4315 ipse
1733 4249 1821 4299 est
1849 4246 2173 4300 ascendens

522 4325 584 4381 in
615 4325 810 4394 cazlos,
843 4329 943 4399 qui
977 4331 1047 4384 de
1079 4330 1238 4385 cmlis
1270 4335 1405 4385 ante
1435 4331 1836 4397 descenderat,
1882 4333 2174 4405 quomodo

521 4414 807 4470 Dominus
836 4422 1033 4472 noster
1060 4418 1234 4474 Jesus
1282 4418 1550 4474 Christus
1600 4437 1712 4474 non
1752 4427 1884 4476 ante
1933 4420 2173 4477 Mariam

521 4507 633 4568 est,
660 4504 761 4559 sed
795 4510 928 4575 post
951 4505 1191 4561 Mariam
1217 4507 1245 4560 ?
1288 4507 1522 4562 Necnon
1553 4511 1610 4563 et
1656 4514 1856 4564 contra
1905 4525 2030 4577 eos,
2076 4511 2174 4581 qui

521 4592 673 4647 duos
716 4591 867 4648 ﬁlios
898 4594 1105 4649 insano
1131 4610 1323 4650 errore
1354 4596 1730 4668 conﬁngunt:
1775 4597 1985 4654 Filium
2017 4599 2174 4654 vide-

2276 3441 2560 3515 pr0pheta
2589 3445 2646 3496 et
2677 3440 3053 3513 evangelista,
3109 3444 3306 3511 pastor
3357 3454 3590 3510 quoque
3639 3437 3930 3493 invenitur

2275 3537 2332 3588 et
2357 3531 2595 3586 doctor:
2629 3529 2714 3585 ita
2743 3546 2913 3601 posse
2958 3536 3013 3584 et
3044 3529 3371 3600 apostolum
3425 3526 3687 3600 reperiri,
3720 3527 3780 3581 in
3812 3541 3926 3598 quo

2277 3619 2639 3692 apostolatus
2673 3618 2842 3689 signa
2873 3622 2928 3673 et
2961 3616 3177 3672 indicia
3218 3615 3663 3687 compleantur:
3691 3619 3748 3670 et
3779 3632 3810 3671 e
3840 3631 3928 3671 re-

2277 3709 2447 3781 gione
2477 3723 2606 3763 esse
2625 3705 2910 3778 plurimos
2943 3711 3061 3760 tam
3095 3705 3258 3773 foris,
3291 3722 3470 3777 quam
3501 3707 3683 3771 intus,
3716 3709 3838 3759 tam
3867 3704 3928 3759 in

2281 3795 2554 3860 Ecclesia,
2607 3811 2785 3865 quam
2833 3795 2891 3848 in
2942 3793 3284 3861 haeresibus,
3329 3794 3430 3865 qui
3461 3791 3928 3866 pseudoapostoli

2280 3885 2418 3952 sint,
2477 3891 2534 3939 et
2590 3885 2808 3955 pseudo
2877 3883 3191 3955 prophetae,
3251 3888 3308 3938 et
3361 3883 3581 3954 pseudo
3639 3879 3927 3954 evangeli-

2281 3978 2404 4042 staa,
2446 3978 2502 4028 et
2547 3973 3062 4044 pseudopastores,
3093 3977 3150 4026 et
3194 3970 3708 4043 pseudomagistri.
3761 3972 3829 4026 Et
3858 3971 3929 4025 de

2283 4061 2604 4117 haeresibus
2621 4061 2856 4132 quidem
2874 4061 3035 4116 nulla
3051 4060 3335 4116 dubitatio
3353 4066 3440 4116 est
3453 4061 3592 4133 quin
3607 4059 3929 4116 secundum

2228 4191 2234 4197 .
2283 4149 2490 4206 falsam
2527 4151 2726 4216 ﬁdem,
2760 4151 2910 4205 falsa
2944 4149 3180 4204 univers
3212 4148 3600 4221 apossideant.
3637 4150 3696 4204 In
3746 4146 3936 4203 Eccle-

2285 4239 2387 4295 siis
2419 4244 2614 4294 autem
2636 4255 2830 4294 nonne
2859 4239 3017 4295 vobis
3041 4239 3313 4294 videntur
3337 4237 3469 4294 falsi
3501 4254 3629 4294 esse
3659 4237 3932 4310 pastoris,

2284 4328 2383 4399 qui
2412 4345 2527 4383 non
2565 4332 2808 4399 pascunt
2856 4345 2988 4384 oves
3036 4345 3169 4384 cum
3227 4326 3558 4400 disciplina,
3617 4327 3718 4382 sed
3766 4324 3934 4396 quasi

2287 4416 2633 4472 mercenarii
2707 4433 3078 4489 nequaquam
3122 4416 3316 4490 gregis
3360 4415 3610 4472 salutem
3657 4413 3932 4486 cogitant,

2287 4506 2443 4577 quod
2474 4505 2706 4572 erravit,
2739 4523 2854 4561 non
2883 4510 3300 4570 convertentes,
3335 4509 3392 4560 et
3412 4505 3564 4576 quod
3597 4501 3790 4575 periit,
3813 4517 3932 4557 non

2287 4603 2610 4665 quaerentes
2636 4612 2648 4661 ;
2673 4595 2772 4650 sed
2793 4595 3201 4650 tantummodo
3219 4595 3290 4650 de
3307 4595 3511 4650 ovibus
3533 4591 3620 4648 lac
3640 4596 3697 4647 et
3713 4589 3934 4661 lanam,

521 4679 659 4736 licet
696 4681 821 4744 Dei,
852 4686 910 4737 et
942 4683 1128 4739 ﬁlium
1171 4684 1444 4740 hominis.
1499 4687 1640 4742 Ecce
1670 4686 1763 4742 hic
1809 4688 2178 4759 apertissime
2207 4699 2254 4762 D
2286 4685 2439 4738 616
2462 4685 2620 4738 cibos
2641 4681 2908 4738 videlicet
2929 4689 2986 4738 et
3014 4683 3360 4739 vestimenta
3387 4685 3684 4753 captantes
3706 4678 3934 4751 (Ezech.

525 4768 759 4841 dicitur,
789 4770 943 4841 quod
977 4771 1100 4843 ipse
1123 4773 1198 4827 sit
1227 4774 1548 4830 ascendens
1588 4779 1761 4846 atque
1792 4777 2173 4833 descendens.

526 4858 639 4914 Nec
663 4859 862 4914 statim
895 4860 1007 4915 ista
1026 4861 1304 4928 dicentes,
1323 4862 1513 4918 locum
1536 4865 1699 4920 alteri
1721 4865 1923 4921 haeresi
1945 4867 2176 4938 damus,

527 4965 654 5020 qua:
677 4947 1041 5004 dimidiatam
1064 4950 1274 5006 Christi
1301 4952 2017 5025 asseritdispensationem
2044 4973 2056 5010 :
2077 4955 2178 5009 sed

525 5036 620 5094 hic
647 5053 832 5093 unum
865 5042 922 5094 et
951 5038 1049 5095 Dei
1082 5045 1139 5095 et
1168 5039 1425 5096 hominis
1443 5041 1650 5097 Filium
1683 5045 2064 5099 conﬁtemur:
2108 5061 2180 5098 ne

525 5125 1027 5199 dispensationem
1050 5129 1338 5200 assumpti
1374 5129 1649 5200 hominis,
1703 5147 1820 5202 qua
1852 5131 2053 5186 salvati
2088 5148 2182 5186 su-

525 5231 682 5283 mus,
715 5232 785 5270 ex
817 5221 981 5288 parte
1007 5217 1332 5282 credentes,
1366 5219 1445 5271 im
1481 5225 1642 5288 parte
1673 5223 2035 5274 truncemus.

597 5305 783 5376 (Vere.
819 5307 907 5371 11,
939 5306 1050 5378 12.)
1080 5327 1106 5358 α
1131 5307 1199 5362 Et
1227 5305 1352 5377 ipse
1377 5305 1536 5361 dedit
1558 5324 1908 5379 quosquam,
1943 5308 2180 5378 quidem

524 5395 850 5467 apostolos:
899 5397 1184 5466 quosdam
1228 5400 1423 5450 autem
1467 5395 1817 5466 prophetas:
1869 5397 2014 5452 alios
2048 5414 2180 5452 vero

524 5483 941 5554 evangelistas:
995 5484 1140 5541 alios
1171 5495 1365 5539 autem
1404 5489 1664 5554 pastores
1697 5491 1752 5540 et
1775 5487 2085 5557 magistros
2109 5487 2178 5541 ad

517 5570 976 5637 instructionem
1023 5578 1388 5636 sanctorum,
1449 5572 1504 5625 in
1557 5588 1704 5644 Opus
1755 5573 2089 5641 ministerii,
2121 5573 2178 5629 in

525 5657 969 5714 aediﬁcationem
1015 5661 1272 5734 corporis
1319 5660 1553 5716 Christi.
1611 5683 1636 5709 ››
1694 5666 1760 5716 Et
1789 5680 1857 5717 ex
1901 5663 2008 5718 hoc
2055 5662 2179 5718 loco

529 5745 1007 5803 manifestissime
1029 5751 1458 5822 comprobatur,
1497 5751 1677 5806 Patris
1709 5755 1764 5807 et
1796 5751 1925 5808 Filii
1949 5769 2064 5808 una
2094 5753 2179 5808 di-

2287 4789 2476 4839 xxxxv,
2509 4774 2564 4838 3,
2593 4771 2667 4840 4).
2702 4773 2816 4827 Nec
2847 4789 2979 4828 vero
3031 4773 3252 4844 absque
3282 4772 3485 4826 ordine
3533 4773 3590 4826 in
3620 4769 3742 4826 haec
3771 4774 3937 4842 pute-

2290 4877 2422 4916 mus
2473 4860 2808 4931 Apostolum
2860 4861 3052 4916 subito
3110 4861 3487 4933 prorupisse;
3545 4875 3747 4914 verum
3801 4857 3940 4930 quia

2290 4948 2650 5022 praemiserat
2680 4965 2806 5006 esse
2840 4955 3017 5005 Deum
3049 4966 3224 5021 super
3252 4949 3450 5005 omnia
3496 4953 3552 5004 et
3589 4964 3692 5019 per
3719 4945 3937 5014 omnia,

2289 5043 2346 5092 et
2377 5038 2434 5092 in
2468 5037 2763 5110 omnibus,
2797 5043 2854 5094 et
2882 5039 3196 5110 unicuique
3219 5042 3556 5094 sanctorum
3588 5037 3787 5093 datam
3815 5052 3941 5108 gra-

2290 5127 2432 5182 tiam
2461 5129 2784 5183 secundum
2809 5144 3147 5184 mensuram
3169 5126 3502 5183 donationis
3515 5125 3759 5182 Christi:
3785 5135 3946 5181 nunc

2290 5217 2452 5272 addit
2481 5217 2626 5272 alios
2659 5215 2975 5288 apostolos,
3008 5217 3153 5271 alios
3188 5214 3683 5288 prophetas,alios
3703 5229 3943 5286 evange-

2291 5305 2478 5373 listas,
2515 5304 2662 5361 alios
2693 5312 2960 5378 pastores
2990 5309 3045 5359 et
3076 5305 3390 5377 magistros
3439 5321 3567 5361 esse
3604 5304 3663 5360 in
3688 5301 3943 5360 Ecclesia

2291 5394 2658 5465 distributos,
2691 5395 2791 5466 qui
2850 5392 3163 5450 necessarii
3223 5394 3342 5449 sint
3396 5395 3468 5450 ad
3526 5391 3939 5467 perfectionem

2291 5483 2855 5554 instructionemque
2885 5487 3221 5537 sanctorum
3254 5483 3311 5537 in
3345 5500 3491 5555 opus
3515 5480 3846 5551 ministerii,
3880 5481 3940 5534 in

2290 5571 2727 5626 mdiﬁcationem
2762 5570 3020 5641 corporis
3049 5571 3304 5626 Christi:
3358 5573 3497 5644 quia
3544 5587 3681 5626 cum
3726 5585 3939 5641 corpus

2290 5659 2521 5716 Domini
2548 5657 2802 5715 Ecclesia
2833 5659 2930 5731 sit,
2961 5665 3018 5715 et
3047 5659 3300 5717 Ecclesia
3328 5661 3399 5716 de
3447 5659 3590 5715 vivis
3638 5658 3938 5732 lapidibus

2291 5751 2665 5806 construatur
2687 5765 2700 5804 :
2725 5748 2783 5805 hi
2815 5765 2961 5822 quos
2983 5766 3161 5823 supra
3180 5749 3638 5810 memoravimus
3667 5747 3727 5806 in
3748 5745 3938 5817 Eccle-
