4332 6636
390 451 508 519 533

1060 455 1574 520 COMMENTAB.
1623 458 1701 518 ΙΝ
1746 457 1996 519 EPIST.
2041 455 2147 518 AD
2190 455 2472 519 EPHES.
2521 453 2670 521 LIB.
2715 454 2793 533 ΙῙ,
2840 457 3014 520 CAP.
3063 455 3168 520 IV.

3692 445 3813 519 B34

393 591 483 648 sia
519 587 962 660 constitutos,id
993 588 1212 646 habent
1253 591 1464 662 operis,
1493 595 1557 645 ut
1577 591 1900 646 secundum
1924 591 2045 647 dis-
2075 591 2131 658 Α
2162 590 2283 646 lum
2317 591 2675 663 pervenisse:
2711 592 2782 648 ad
2814 609 2882 649 ea
2910 609 3042 650 vero
3087 609 3214 667 qua
3271 587 3526 666 reposita
3582 587 3806 650 sanctis

389 680 798 754 pensationem
832 684 885 734 et
917 678 1108 736 ofﬁcia
1134 679 1244 734 sibi
1269 681 1508 747 credita,
1541 679 1856 736 Ecclesiam
1886 679 2045 736 Chri-

391 769 489 837 sti,
525 771 580 824 id
613 774 703 825 est
734 785 946 841 corpus
973 769 1123 840 ejus,
1147 769 1453 825 aedificent.
1479 769 1537 826 Si
1561 772 1693 842 quis
1717 769 1897 843 igitur
1928 787 2042 827 non

391 859 640 915 adiﬁcat
673 857 995 915 Ecclesiam
1027 858 1268 926 Christi,
1301 875 1404 914 nec
1439 859 1667 933 plebem
1691 860 1802 916 sibi
1843 860 2041 932 subje-

387 952 542 1002 ctam
568 946 811 1002 instruit
827 946 914 1018 (ut
927 947 996 1002 de
1011 947 1276 1017 subjecto
1293 945 1528 1019 pepulo,
1543 946 1756 1003 Christi
1783 947 2043 1003 Ecclesia

386 1038 805 1106 construatur),
841 1038 949 1092 iste
981 1051 1087 1091 nec
1119 1036 1442 1108 apostolus,
1477 1053 1583 1093 nec
1618 1036 2040 1108 propheta,nec

383 1126 764 1198 evangelista,
779 1143 886 1182 nec
902 1131 1118 1197 pastor,
1140 1143 1245 1181 nec
1266 1126 1543 1199 magister
1556 1125 2040 1198 estappellandus

451 1216 636 1289 (Vers.
671 1218 741 1272 13
771 1233 936 1288 seqq.
973 1218 990 1287 )
1019 1239 1047 1265 «
1082 1216 1273 1272 Donec
1305 1233 1684 1272 occurramus
1715 1233 1920 1272 omnes
1979 1217 2038 1271 in

379 1306 608 1363 unitate
641 1306 776 1361 fidei
803 1311 860 1361 et
893 1303 1208 1377 agnitionis
1233 1304 1334 1360 filii
1381 1305 1505 1372 Dei,
1558 1305 1617 1359 in
1667 1306 1857 1361 virum
1906 1321 2038 1377 per-

380 1395 622 1460 fectum,
654 1394 712 1450 in
748 1411 1085 1450 mensuram
1131 1395 1317 1450 aetatis
1365 1393 1748 1466 plenitudinis
1798 1393 2033 1450 Christi.

381 1484 453 1541 Ut
479 1484 633 1540 ultra
662 1500 776 1540 non
801 1483 987 1539 simus
1019 1483 1250 1556 parvuli
1283 1483 1657 1554 fluctuantes,
1691 1487 1747 1538 et
1784 1483 2036 1539 circume

380 1573 484 1630 lati
519 1573 677 1629 omni
711 1577 882 1628 vento
916 1573 1214 1638 doctrinae,
1248 1572 1306 1626 in
1341 1571 1570 1628 fallacia
1612 1573 1920 1628 hominum
1981 1576 2037 1626 et

381 1663 622 1729 astutia,
665 1663 738 1717 ad
797 1661 1359 1717 circumventionem
1418 1662 1650 1718 erroris.
1711 1661 2033 1718 Veritatem

382 1756 574 1809 autem
609 1751 886 1807 facientes
945 1749 1004 1805 in
1057 1751 1362 1817 charitate,
1420 1767 1742 1823 augeamus
1791 1751 1848 1806 in
1905 1749 2033 1823 ipso

381 1841 581 1896 omnia
611 1841 709 1913 qui
733 1846 822 1896 est
843 1844 1019 1912 caput
1050 1839 1340 1896 Christus.
1373 1862 1401 1891 »
1447 1841 1833 1907 Quaareudum
1883 1856 2031 1912 quos

379 1947 583 1986 omnes
615 1930 824 1986 dixerit
845 1945 1147 1986 occurrere
1183 1929 1239 1984 in
1294 1929 1519 1985 unitate
1569 1929 1737 1985 ﬁdei:
1797 1929 2030 1987 Utrum-

379 2037 517 2076 nam
550 2036 755 2075 omnes
786 2017 1077 2084 homines,
1110 2036 1181 2073 an
1210 2033 1414 2074 omnes
1447 2023 1704 2088 sanctos,
1749 2035 1821 2074 an
1879 2021 2030 2074 certe

379 2125 585 2166 omnes
618 2109 720 2180 qui
752 2108 998 2163 rationis
1017 2124 1261 2180 capaces
1291 2109 1477 2163 sunt?
1525 2107 1770 2164 Videtur
1834 2113 2028 2164 autem

381 2197 622 2255 mihide
665 2196 943 2254 omnibus
1001 2197 1344 2252 hominibus
1394 2195 1604 2263 dicere,
1669 2198 1805 2269 quia
1862 2197 2031 2252 multi

381 2287 538 2342 venti
575 2287 974 2342 doctrinarum
1007 2290 1176 2342 sunt:
1212 2290 1269 2342 et
1311 2286 1453 2342 ﬂatu
1497 2303 1698 2342 eorum
1758 2285 2034 2342 ﬂuctibus

389 2375 720 2440 concitatis,
755 2375 870 2430 huc
897 2379 1073 2446 atque
1103 2374 1242 2430 illuc
1273 2373 1538 2430 homines
1567 2374 1788 2430 incerto
1833 2391 2032 2441 cursu,

385 2468 444 2521 et
469 2464 630 2520 vario
663 2465 933 2520 feruntur
972 2480 1184 2520 errore.
1226 2464 1389 2519 Unde
1427 2463 1588 2519 omni
1635 2462 1830 2525 studio
1880 2463 2036 2519 labo-

388 2554 666 2620 randum,
701 2553 958 2625 primum
991 2554 1050 2608 in
1077 2553 1208 2608 fidei
1239 2569 1542 2609 occurrere
1601 2553 1826 2608 unitate
1858 2571 1870 2608 :
1933 2553 2032 2608 de-

387 2643 523 2699 inde
552 2643 613 2698 in
643 2643 845 2699 eadem
877 2642 1118 2710 unitate,
1154 2642 1367 2697 habere
1397 2641 1752 2714 agnitionem
1766 2641 1892 2697 Filii
1911 2641 2033 2698 Dei.

388 2733 647 2799 Quorum
679 2748 812 2786 cum
846 2731 1020 2786 fuerit
1049 2747 1257 2786 secura
1286 2731 1601 2802 possessio,
1634 2731 1858 2802 parvuli
1909 2747 2036 2786 esse

387 2827 704 2892 cessantes,
728 2825 785 2877 et
836 2836 1174 2876 mensuram
1221 2819 1513 2875 interioris
1571 2820 1830 2876 hominis
1890 2821 2036 2876 reci-

386 2910 611 2983 pientes
639 2911 784 2982 (quia
801 2927 1079 2966 mensura
1096 2908 1500 2981 plenitudinis,
1523 2926 1800 2965 mensura
1821 2909 2034 2966 Christi

279 2992 292 2997 ’
385 3001 514 3072 est),
551 3000 791 3072 perfecti
821 2999 932 3054 viri
963 2998 1313 3054 vocabulum
1345 2999 1692 3055 sortiemur:
1726 3000 1808 3054 ita
1839 3005 2034 3056 tamen

385 3094 452 3145 ut
481 3088 594 3162 [AL
634 3093 771 3145 tacet
803 3089 888 3160 ut]
920 3089 989 3144 ad
1026 3093 1495 3145 consummatam
1526 3093 1757 3144 aetatem
1790 3089 2036 3160 plenitu-

386 3178 543 3234 diuis
576 3177 813 3249 Christi,
858 3178 1051 3234 omnis
1086 3177 1450 3233 credentium
1489 3180 1661 3233 turba
1717 3178 2033 3250 perveniat,

2156 684 2316 748 sunt,
2350 681 2540 737 adhuc
2562 681 2871 753 parvulum
2910 681 3574 756 nuncupari.Siquidem
3598 696 3804 740 omnes

2155 770 2453 843 apostolos
2484 773 2584 843 qui
2609 772 2667 826 in
2699 771 2929 827 Christo
2946 771 3498 845 credant,parvulos
3520 771 3805 844 propheta

2153 865 2594 930 commemorat,
2635 861 2870 917 dicens:
2905 862 3041 916 Ecce
3067 877 3161 933 ego
3190 869 3244 917 et
3271 861 3502 934 parvuli
3528 877 3661 934 quo:
3706 861 3800 917 de-

2149 949 2230 1005 dit
2260 951 2402 1004 mihi
2439 951 2578 1005 Deus
2634 953 2760 1020 (Isa.
2816 968 2936 1016 vm,
2997 951 3108 1017 18),
3148 951 3286 1007 Post
3341 949 3464 1006 haec
3511 949 3794 1007 attentius

2151 1039 2579 1106 disserendum,
2616 1057 2687 1096 ne
2719 1039 2864 1095 forte
2891 1055 3022 1096 vere
3052 1041 3215 1109 iuxta
3233 1037 3647 1109 humilitatem,
3676 1055 3795 1096 non

2151 1127 2341 1184 solum
2375 1128 2683 1195 parvulum
2717 1127 3029 1201 Apostolus
3059 1146 3122 1185 se
3151 1144 3279 1185 esse
3309 1126 3540 1194 dixerit,
3573 1127 3798 1184 sedﬂu-

2149 1221 2468 1287 ctuantem,
2503 1223 2559 1272 et
2590 1218 2748 1274 omni
2797 1217 3196 1273 doctrinarum
3256 1218 3397 1274 ﬂatu
3446 1216 3507 1272 in
3565 1217 3797 1274 diversa

2148 1312 2465 1379 raptatum,
2501 1309 2560 1362 in
2606 1307 2834 1364 fallacia
2888 1307 3220 1374 hominum,
3268 1306 3327 1362 in
3378 1306 3660 1379 nequitia,
3721 1307 3796 1364 ad

2148 1396 2697 1453 circumventionem
2717 1397 2950 1452 erroris.
2987 1396 3095 1464 Qui
3127 1399 3326 1452 autem
3351 1395 3478 1452 vult
3504 1395 3625 1452 haec
3655 1411 3793 1453 eum

2147 1503 2261 1541 non
2294 1487 2364 1541 de
2394 1485 2750 1555 humilitate,
2773 1487 2875 1542 sed
2919 1486 2989 1541 de
3037 1485 3397 1542 conscientia
3451 1484 3790 1558 protulisse,

2145 1574 2324 1630 dicit:
2384 1573 2602 1630 Paulus
2644 1576 2965 1646 apostolus,
2999 1575 3175 1631 homo
3213 1578 3339 1630 erat
3366 1573 3522 1630 acuti
3549 1578 3607 1630 et
3638 1573 3796 1630 acris

2144 1664 2384 1736 ingenii,
2417 1669 2475 1719 et
2505 1663 2605 1736 qui
2656 1664 2726 1719 ad
2765 1663 2986 1736 primos
3043 1678 3309 1735 quosque
3356 1662 3788 1735 disputantium

2143 1758 2410 1820 conatus,
2443 1752 2638 1824 sagaci
2671 1756 2866 1808 mente
2895 1769 3025 1824 quas
3054 1755 3219 1808 erant
3260 1751 3581 1816 inferendo,
3640 1766 3786 1824 prm-

2143 1845 2428 1899 nosceret.
2461 1842 2708 1898 Videbat
2737 1841 2920 1914 igitur
2946 1857 3098 1913 saepe
3121 1857 3190 1897 ex
3210 1845 3460 1914 utraque
3490 1843 3655 1914 parte
3702 1839 3790 1897 sic

2141 1932 2277 2002 dici,
2311 1936 2366 1988 et
2395 1936 2517 1988 tam
2550 1930 2894 1987 verisimilia
2921 1931 2982 1986 in
3013 1930 3188 1987 rebus
3236 1929 3544 1987 contrariis
3583 1928 3786 2002 asseri,

2142 2025 2208 2075 ut
2233 2020 2464 2091 abigere
2496 2021 2753 2076 facerent
2786 2007 3156 2076 audientem:
3205 2019 3420 2076 idcirco
3477 2023 3544 2074 ut
3586 2017 3786 2089 homo,

2142 2114 2200 2166 et
2230 2111 2422 2166 adhuc
2451 2110 2511 2164 in
2541 2108 2731 2182 fragili
2754 2108 3098 2181 corpusculo
3127 2109 3504 2180 constitutus,
3544 2107 3796 2164 circum-

2143 2200 2436 2256 ferebatur
2464 2199 2699 2271 quidem
2731 2199 2892 2254 omni
2916 2203 3085 2254 vento
3125 2197 3422 2266 doctrinm,
3473 2197 3626 2254 618
3687 2195 3790 2252 sed

2145 2307 2262 2345 non
2285 2288 2611 2345 elidebatur
2633 2289 2690 2343 in
2721 2305 2878 2354 saxa,
2915 2304 3018 2343 nec
3050 2287 3214 2343 navis
3268 2287 3396 2358 ejus
3454 2285 3790 2360 gurgitibus

2143 2377 2535 2451 implebatur:
2572 2378 2765 2434 stabat
2794 2377 3011 2448 quippe
3041 2376 3098 2431 in
3132 2375 3311 2450 puppi
3325 2374 3791 2448 gubernaculum

2142 2471 2369 2532 tenens,
2403 2472 2461 2523 et
2492 2470 2834 2539 spumantes
2857 2465 3143 2522 hareseos
3173 2465 3390 2522 ﬂuctus
3439 2463 3571 2521 fidei
3632 2480 3795 2522 secu-

2145 2557 2316 2612 ritate
2352 2557 2808 2628 frangebat.Non
2834 2559 3030 2610 tamen
3062 2554 3396 2626 intrepidus
3432 2558 3489 2609 et
3515 2569 3790 2621 securus,

2146 2661 2250 2701 nec
2281 2646 2516 2717 quietus
2550 2649 2607 2700 et
2662 2644 2948 2717 placidus,
2982 2643 3373 2715 prospiciebat
3399 2646 3602 2699 ventos
3653 2640 3794 2700 hinc

2144 2734 2279 2791 inde
2294 2735 2699 2808 perﬂantes,et
2724 2731 2970 2790 sollicita
2995 2749 3135 2789 aure
3173 2732 3466 2806 captabat,
3497 2730 3794 2788 vincebat-

2146 2841 2259 2897 que
2308 2823 2636 2879 contraria:
2693 2825 2794 2880 sed
2852 2840 2966 2879 non
3027 2826 3151 2879 erat
3187 2821 3269 2876 illi
3294 2836 3500 2878 secura
3525 2819 3788 2877 victoria.

2144 2913 2292 2979 Quia
2322 2913 2515 2986 agitur
2542 2913 3009 2969 adversariorum
3049 2913 3242 2981 verba,
3281 2915 3457 2984 atque
3511 2910 3790 2977 rationes,

2145 3003 2363 3075 quibus
2393 3002 2694 3058 veritatem
2725 3007 2978 3058 evertere
3009 3001 3368 3067 nitebantur,
3399 2999 3636 3056 videbat
3671 3015 3787 3056 non

2145 3092 2314 3148 facile
2352 3108 2526 3164 posse
2583 3092 2869 3164 superari,
2923 3096 2980 3147 et
3028 3091 3187 3147 omni
3219 3089 3537 3147 calliditate
3566 3087 3794 3162 plenas,

2146 3181 2463 3238 dialecticae
2543 3197 2794 3253 quoque,
2853 3181 2970 3236 imo
3028 3178 3244 3236 diaboli
3282 3182 3405 3235 arte
3473 3181 3792 3246 contextae,

387 3271 443 3323 et
473 3283 849 3340 nequaquam
874 3267 933 3321 in
965 3266 1340 3340 dogmatibus
1361 3267 1789 3337 ﬂuctuans,lad
1849 3267 2037 3324 instar
2077 3337 2110 3344 _
2149 3271 2422 3344 sperabat
2443 3269 2544 3326 Dei
2576 3269 2882 3339 auxilium,
2918 3273 2982 3325 ut
3026 3284 3260 3326 omnem
3308 3266 3794 3324 deliberationem

387 3337 768 3429 parvulorum
813 3337 1459 3429 gurgitevinﬁdelitatis
1518 3356 1738 3412 feratur
1793 3357 2035 3424 incerto,
2069 3337 2112 3403 Ο
2150 3337 2221 3415 de
2243 3364 2438 3415 mente
2469 3376 2577 3414 sua
2634 3337 2982 3430 propelleret
3026 3361 3084 3413 et
3137 3360 3307 3412 certa:
3365 3359 3539 3427 atque
3594 3353 3796 3411 deﬁxae

389 3445 530 3502 dum
561 3444 717 3501 venti
745 3444 881 3500 hinc
913 3444 1048 3500 inde
1070 3443 1403 3516 perﬂantes,
1437 3444 1842 3501 haareticorum
1883 3447 2033 3502 617

389 3534 677 3603 videlicet,
710 3533 828 3590 sive
859 3532 1214 3606 sapientium
1248 3533 1467 3599 saeculi“,
1500 3533 1740 3588 diversae
1797 3551 2036 3607 compu-

391 3629 761 3697 gnantesque
783 3623 1061 3688 rationes,
1095 3622 1464 3694 naufragium
1506 3623 1882 3680 audientibus
1941 3628 2042 3680 aut

391 3714 673 3782 inferunt,
708 3717 809 3768 aut
840 3711 1173 3767 minantur:
1210 3711 1349 3767 dum
1382 3711 1479 3767 alii
1513 3712 2040 3784 absquevoluntate

391 3801 657 3867 fallaciae,
691 3819 760 3858 ea
781 3807 978 3857 tamen
1011 3817 1136 3872 quae
1169 3801 1318 3856 falsa
1347 3805 1506 3869 sunt,
1540 3801 1886 3874 pradicant:
1943 3802 2040 3858 alii

388 3907 522 3948 vero
571 3890 732 3946 omni
780 3889 1101 3946 calliditate
1140 3890 1353 3946 erroris
1401 3890 1642 3964 laqueos
1696 3909 2043 3965 componen-

392 3985 501 4052 tes,
527 3997 636 4037 nos
666 3980 931 4052 decipere
953 3984 1010 4036 et
1039 3982 1271 4036 vincere
1292 3980 1588 4036 festinant.
1641 3980 1786 4036 Cum
1844 3985 2040 4038 autem

391 4069 754 4127 occurrerint
783 4074 958 4141 atque
989 4069 1358 4141 pervenerint
1394 4071 1582 4126 sancti
1610 4071 1670 4126 in
1704 4087 2042 4127 mensuram

393 4158 717 4231 supradicti
748 4158 879 4225 viri,
913 4163 1055 4214 tunc
1084 4157 1480 4231 intelligentes
1512 4159 1856 4216 charitatem
1882 4160 2043 4215 Chri-

399 4246 475 4302 sti
504 4247 801 4320 augebunt
831 4247 891 4302 in
923 4263 989 4303 eo
1013 4247 1212 4302 omnia
1244 4263 1376 4320 quae
1426 4253 1768 4321 acceperant
1819 4249 2046 4305 semina

395 4335 686 4406 veritatis,
720 4335 1004 4392 habentes
1026 4335 1283 4409 corporis
1311 4335 1578 4392 Ecclesia:
1619 4343 1794 4410 caput
1848 4338 2045 4394 Domi-

398 4441 541 4480 num
572 4424 799 4481 Jesum.
849 4424 998 4488 Quia
1041 4441 1176 4480 vero
1232 4424 1349 4480 ait:
1406 4427 1468 4483 Ut
1511 4425 1661 4482 ultra
1707 4443 1818 4482 non
1871 4429 2048 4483 simus

393 4512 620 4584 parvuli
648 4513 995 4583 ﬂuctuantes,
1027 4516 1083 4568 et
1112 4511 1357 4585 reliqua,
1390 4529 1451 4568 se
1481 4529 1714 4586 quoque
1761 4519 2046 4572 ﬂuctuan-

395 4605 516 4658 tem
551 4605 608 4656 et
651 4601 967 4674 parvulum
1026 4617 1156 4658 esse
1202 4607 1559 4669 contestans,
1611 4605 2046 4660 retractandum

2149 3451 2372 3520 absque
2403 3447 2525 3503 ulla
2553 3445 2823 3502 molestia
2851 3446 3110 3502 crederet
3139 3443 3395 3509 veritati,
3447 3447 3504 3498 et
3560 3445 3803 3514 augeret

2148 3553 2275 3594 eam
2309 3537 2367 3592 in
2400 3535 2710 3592 dilectione
2767 3533 3013 3590 Christi:
3051 3549 3224 3606 quem
3257 3531 3482 3588 sciebat
3517 3534 3576 3587 et
3612 3529 3704 3586 sui
3745 3533 3804 3586 et

2148 3626 2329 3682 totius
2361 3624 2627 3680 Ecclesiae
2657 3623 2917 3695 corporis
2949 3626 3126 3694 caput
3154 3621 3368 3694 (Ephes.
3401 3637 3457 3692 ν,
3476 3620 3568 3675 25.
3601 3618 3802 3676 Scien-

2150 3716 2290 3771 dum
2314 3715 2468 3787 quod
2498 3713 2595 3769 hic
2622 3713 2786 3768 locus
2817 3711 2877 3767 in
2909 3713 3103 3768 Graeco
3133 3708 3502 3766 manifestior
3530 3707 3628 3777 sit,
3659 3707 3802 3764 dum

2151 3809 2347 3861 autem
2378 3804 2437 3859 in
2470 3803 2740 3858 Latinum
2774 3818 2806 3856 e
2835 3801 3011 3857 verbo
3043 3799 3398 3856 transfertur
3435 3798 3508 3854 ad
3536 3797 3800 3864 verbum,

2152 3910 2362 3950 sensus
2393 3892 2766 3949 sermonibus
2808 3889 3073 3959 involuti,
3109 3889 3428 3946 obscurum
3456 3886 3644 3943 fecere
3689 3884 3798 3957 [Αι.

2152 3982 2361 4054 facere]
2395 3983 2549 4054 quod
2580 3980 2813 4037 dicitur.

2224 4072 2406 4144 (Vers.
2443 4071 2554 4140 16.)
2583 4091 2611 4120 ‹‹
2643 4071 2724 4126 Ex
2753 4084 2869 4140 quo
2901 4071 3087 4123 totum
3130 4083 3344 4138 corpus
3403 4066 3798 4137 compactum,

2153 4165 2210 4218 et
2240 4158 2712 4232 conglutinatam
2744 4173 2847 4229 per
2876 4146 3110 4212 omnem
3133 4155 3476 4226 juncturam
3508 4151 3802 4210 submini-

2155 4247 2456 4305 strationis
2507 4245 2837 4302 secundum
2891 4242 3288 4316 operationem
3341 4241 3402 4297 in
3459 4256 3800 4297 mensuram

2155 4338 2627 4408 uniuscujusque
2660 4333 2907 4390 membri
2935 4336 3319 4405 augmentum
3372 4328 3630 4403 corporis
3664 4328 3806 4385 facit

2155 4428 2214 4483 in
2239 4425 2686 4483 aedificationem
2717 4424 2810 4480 sui
2840 4422 2900 4478 in
2933 4421 3238 4478 cbaritate.
3263 4440 3289 4474 η
3316 4425 3382 4476 ln
3421 4420 3539 4476 fine
3580 4434 3799 4490 rerum,

2155 4533 2288 4575 cum
2318 4521 2500 4572 Deum
2553 4513 2696 4570 facie
2745 4513 2941 4568 videre
2997 4509 3347 4583 cmperimus
3395 4509 3468 4565 ad
3527 4505 3732 4565 faciem
3759 4509 3806 4581 (ι

2158 4606 2280 4662 Cor.
2313 4623 2438 4671 xm,
2469 4606 2576 4675 l2),
2609 4608 2667 4660 et
2695 4603 2753 4658 in
2785 4597 3122 4658 mensuram
3177 4599 3612 4672 pervenerimus
3667 4601 3804 4656 eata-

396 4690 654 4760 videtur,
685 4695 964 4746 utrumne
995 4691 1116 4747 haec
1149 4693 1474 4748 secundum
1514 4691 1907 4748 humilitatem
1970 4693 2049 4750 Io-
2081 4711 2126 4775 ι)
2158 4696 2235 4751 tis
2267 4693 2652 4767 plenitudinis
2684 4691 2899 4747 Christi
2930 4695 3090 4760 (vers.
3127 4690 3214 4762 15)
3241 4688 3334 4764 [de
3391 4689 3561 4760 cujus
3618 4686 3804 4762 pleni-

399 4785 574 4836 cutus
605 4780 682 4836 sit
718 4798 732 4838 :
763 4796 837 4835 an
870 4785 1021 4836 certe
1055 4797 1124 4836 ex
1177 4785 1338 4852 parte
1383 4781 1608 4848 videns,
1670 4786 1726 4837 et
1771 4799 1839 4838 ex
1888 4787 2049 4855 parte

396 4884 762 4941 cognoscens
792 4871 841 4937 (I
858 4873 984 4926 Cor.
1017 4887 1141 4940 xm,
1175 4870 1250 4940 9),
1289 4869 1636 4926 intellexerit
1694 4877 1980 4943 quantum
2015 4890 2048 4928 a

405 4958 664 5030 perfecta
693 4958 849 5014 absit
877 4958 1142 5024 scientia,
1166 4963 1222 5016 et
1241 4958 1301 5014 in
1331 4975 1467 5015 vera
1512 4960 1880 5029 conscientiae
1929 4978 2047 5017 suae

397 5046 580 5103 verba
640 5047 995 5120 proruperit.
1053 5048 1112 5105 Si
1171 5049 1271 5119 qui
1298 5047 1480 5120 igitur
1504 5049 1624 5103 vult
1644 5066 1778 5104 eum
1818 5050 1936 5106 haec
1964 5067 2050 5106 se-

403 5136 690 5206 cundum,
709 5136 1106 5194 humilitatem
1123 5136 1384 5193 locutum
1407 5137 1506 5193 illo
1522 5143 1718 5194 utetur
1745 5141 2044 5212 exemplo;

400 5225 628 5295 Quando
655 5242 810 5282 cram
831 5228 1117 5297 parvulus,
1156 5228 1418 5298 loquebar
1448 5238 1508 5282 ut
1558 5229 1853 5299 parvulus,
1910 5245 2051 5299 cogi-

396 5315 586 5372 tabam
612 5323 675 5372 ut
701 5318 990 5388 parvulus,
1035 5317 1318 5388 sapicbam
1374 5323 1436 5372 ut
1480 5318 1765 5390 parvulus.
1827 5319 2049 5386 Quando

396 5421 521 5462 vero
550 5406 728 5476 factus
756 5421 877 5461 sum
904 5407 1010 5473 vir,
1042 5407 1301 5462 evacuavi
1329 5422 1396 5462 ca
1437 5422 1563 5480 qua:
1616 5412 1772 5463 erant
1826 5410 2050 5480 parvuli

398 5494 562 5568 (Ibid.
600 5496 708 5565 11).
741 5494 908 5552 Alius
937 5511 1069 5551 vero
1117 5494 1188 5550 ad
1247 5492 1362 5551 ista
1407 5495 1746 5570 repondeat,
1813 5514 2046 5571 compa-

399 5584 628 5641 ratione
646 5583 998 5652 multorum,
1028 5584 1086 5639 in
1119 5587 1344 5642 aetatem
1369 5587 1608 5658 perfecti
1646 5587 1753 5644 viri
1810 5591 2048 5662 Aposto-

2158 4784 2362 4840 tudine
2414 4798 2570 4838 nunc
2627 4797 2830 4836 omnes
2861 4782 2876 4816 ¹
2911 4779 3269 4851 accepimus]
3299 4778 3487 4852 (Joan.
3519 4779 3560 4847 ³,
3591 4778 3647 4846 6,
3691 4777 3801 4850 16),

2159 4874 2242 4930 ita
2272 4878 2335 4929 ut
2363 4873 2630 4929 Christus
2662 4887 2776 4926 non
2808 4887 2873 4926 ex
2911 4874 3074 4942 parte
3104 4869 3201 4938 sit,
3227 4869 3328 4925 sed
3343 4867 3576 4924 totusin
3592 4866 3802 4924 nobis:

2159 4970 2216 5022 et
2247 4960 2674 5019 relictisinitiis
2713 4957 3112 5034 parvulorum,
3155 4958 3508 5014 creverimus
3553 4955 3615 5013 in
3667 4971 3802 5012 eum

2157 5053 2370 5114 virum.
2404 5054 2474 5108 de
2506 5067 2622 5124 quo
2655 5049 2938 5123 propheta
2966 5047 3137 5104 dicit:
3171 5049 3299 5103 Ecce
3325 5048 3432 5115 vir,
3467 5045 3658 5104 Oriens
3701 5059 3802 5101 no-

2158 5160 2282 5200 men
2315 5143 2406 5198 illi
2427 5142 2608 5213 (Zach.
2642 5157 2720 5208 v1,
2755 5139 2864 5211 12).
2913 5139 2983 5195 Et
3020 5139 3276 5194 Joannes
3325 5134 3584 5208 Baptista
3639 5148 3800 5189 com-

2159 5236 2446 5288 memorat
2494 5232 2670 5303 (Joan.
2737 5232 2778 5296 ί,
2827 5229 2918 5283 50.
2979 5233 3108 5284 Post
3161 5242 3248 5282 me
3282 5226 3430 5282 venit
3457 5222 3567 5296 [AL
3599 5222 3802 5292 veniet]

2156 5325 2244 5378 vir
2298 5326 2394 5395 qni
2445 5323 2574 5378 ante
2609 5335 2698 5375 me
2725 5323 2904 5392 [actus
2932 5325 3030 5385 est,
3064 5317 3318 5390 quoniam
3355 5321 3482 5369 ante
3510 5327 3597 5368 me
3640 5311 3801 5383 erat),

2157 5417 2298 5469 tunc
2319 5409 2380 5466 in
2411 5425 2658 5466 occursu
2688 5407 2866 5464 unius
2925 5405 3084 5471 ﬁdei,
3144 5409 3200 5460 et
3259 5402 3438 5458 unius
3485 5398 3805 5473 agnitionis

2160 5500 2285 5557 Filii
2308 5500 2628 5572 Dei,quem
2651 5515 2806 5554 nunc
2846 5514 2948 5569 pro
3001 5492 3279 5550 varietate
3324 5488 3634 5558 mentium,
3687 5505 3803 5547 non

2161 5607 2278 5646 una
2309 5604 2414 5645 nec
2443 5587 2646 5644 eadem
2681 5587 2793 5642 fide
2823 5590 2880 5642 et
2910 5581 3206 5656 agnitione
3234 5577 3674 5651 cognoscimus,
3719 5584 3808 5636 to-

473 5714 489 5747 ¹
522 5711 884 5796 γει-ἱμεωηοε
940 5725 1169 5796 omnes,
1203 5711 1716 5796 Rufinuslegeurit,
1759 5714 1858 5772 ubi
1905 5719 1960 5771 et
2017 5715 2341 5772 subnexam
2396 5711 2818 5786 expositionem
2891 5723 3125 5767 omnem
3181 5721 3466 5780 perquam
3528 5703 3814 5766 invidiose

399 5783 701 5860 suggillet,
735 5783 837 5843 lib.
865 5801 904 5856 ι,
937 5798 1081 5842 num
1111 5783 1199 5855 41,
1235 5800 1411 5858 quem
1436 5783 1675 5845 vidésis.
