4332 6636
499 723 734 779 diversa
761 722 1102 792 laceratum,
1135 723 1193 778 in
1226 740 1394 780 suam
1425 725 2147 795 compagemjuncturam-

501 830 614 886 que
647 813 943 885 redigetur
972 813 1053 868 ita
1100 818 1163 868 ut
1219 831 1338 868 una
1393 813 1858 868 subministratio
1918 814 2146 868 eadem-

497 917 612 974 que
633 903 918 974 operatio,
952 906 1009 957 et
1039 901 1214 960 unius
1265 903 1452 957 aetatis
1511 906 1917 958 consummata
1967 903 2145 974 perfe-

501 993 639 1056 ctio,
671 995 866 1048 totum
899 1007 1160 1046 crescere
1215 991 1390 1046 faciat
1448 1007 1660 1063 corpus
1717 990 2037 1062 aequaliter,
2090 995 2145 1046 et

495 1079 694 1138 omnia
716 1082 984 1137 membra
1007 1081 1180 1151 juxta
1209 1097 1548 1135 mensuram
1599 1097 1767 1135 suam
1817 1080 2141 1136 incremen-

495 1176 622 1228 tum
653 1170 844 1226 astatis
871 1170 1183 1241 accipiant.
1217 1169 1348 1225 Haec
1389 1175 1585 1224 autem
1636 1174 1758 1225 tota
1816 1169 2140 1238 aedificatio,

498 1276 805 1332 perquam
831 1260 983 1316 619
1015 1258 1282 1314 Ecclesiae
1333 1275 1432 1330 per
1471 1264 1668 1330 partes
1724 1276 1936 1331 corpus
1968 1275 2142 1331 auge-

497 1353 614 1417 tur,
649 1354 855 1404 mutua
876 1349 935 1404 in
967 1365 1029 1404 se
1049 1347 1331 1403 cbaritate
1361 1347 1771 1419 complebitur.
1818 1349 1992 1404 Totas
2052 1366 2143 1404 ra-

498 1437 807 1498 tionabiles
829 1442 1129 1492 creaturas
1154 1438 1264 1492 sub
1296 1437 1470 1492 unius
1503 1437 1869 1493 rationabilis
1927 1437 2144 1494 anima-

497 1528 571 1584 lis
596 1526 997 1598 intelligamus
1027 1525 1314 1598 exemplo,
1345 1531 1403 1582 et
1425 1527 1816 1598 quodcunque
1849 1527 1919 1580 de
1968 1527 2144 1598 hujus

497 1614 780 1673 membris
803 1615 1125 1672 dixerimus
1156 1620 1214 1670 et
1243 1615 1528 1686 partibus,
1563 1615 1671 1671 hoc
1703 1615 1960 1670 sciamus
2016 1632 2145 1670 esse

496 1705 870 1762 referendum
901 1704 972 1760 ad
1013 1720 1492 1776 unamquamque
1537 1704 1942 1760 rationabilem
1984 1721 2145 1760 crea-

493 1800 712 1852 turam.
737 1794 1016 1850 Putemus
1047 1793 1156 1848 hoc
1188 1793 1407 1849 animal
1439 1793 1518 1849 ita
1553 1809 1654 1866 per
1704 1797 1886 1863 artus,
1943 1809 2142 1858 venas,

489 1899 813 1956 carnesque
855 1883 1200 1951 laceratum,
1261 1888 1327 1937 ut
1377 1899 1480 1937 nec
1536 1899 1600 1937 os
1631 1882 1748 1938 ossi
1773 1883 2008 1950 haereat,
2043 1900 2146 1939 nec

497 1989 713 2034 nervus
737 1974 1026 2045 jungatur
1046 1973 1119 2028 ad
1151 1989 1394 2028 nervum
1422 1990 1435 2027 ;
1475 1972 1790 2044 separatim
1849 1971 2000 2027 oculi
2052 1973 2145 2043 ja-
2176 2007 2223 2071 Β

497 2067 684 2134 oeant,
719 2078 987 2119 seorsum
1020 2077 1211 2132 nares,
1246 2078 1459 2117 manus
1483 2061 1662 2116 alium
1681 2061 2142 2133 locumteneant,

499 2150 618 2210 alio
665 2151 909 2223 projecti
982 2149 1102 2206 sint
1150 2150 1347 2222 pedes,
1391 2154 1450 2204 et
1501 2149 1725 2222 reliqua
1774 2150 2038 2206 membra
2087 2151 2146 2206 in

497 2241 656 2298 hunc
688 2240 930 2297 modum
985 2239 1138 2296 inter
1191 2255 1252 2296 se
1301 2239 1571 2311 dispersa
1619 2239 1762 2306 sint,
1822 2244 1877 2293 et
1933 2239 2142 2295 divisa.

502 2330 680 2402 Finge
706 2329 961 2402 aliquem
993 2328 1188 2386 venire
1219 2333 1393 2385 tanta:
1423 2328 1674 2385 scientia:
1708 2329 2021 2396 medicum,
2044 2329 2144 2401 qui

493 2419 660 2492 juxta
691 2418 919 2474 fabulas
947 2418 1334 2483 ethnicorum,
1362 2417 1760 2490 zEsculapium
1784 2418 1968 2488 possit
2019 2418 2146 2473 imi~

499 2507 632 2575 tari,
663 2507 798 2563 etin
832 2523 1041 2564 novam
1073 2508 1324 2578 ﬁguram
1356 2523 1689 2579 novumque
1723 2523 1955 2575 nomen,
2008 2507 2145 2563 Vir-

499 2596 663 2661 bium
697 2597 712 2632 ¹
745 2595 1065 2651 suscitare:
1099 2596 1194 2652 hic
1225 2613 1461 2652 necesse
1491 2597 1729 2651 habebit
1770 2597 2144 2668 unumquod-

461 2751 464 2754 ι
496 2701 610 2758 que
639 2685 972 2741 membrum
1002 2702 1108 2740 suo
1152 2685 1272 2742 loco
1306 2686 1630 2752 restituere,
1690 2690 1746 2741 et
1803 2701 2142 2758 compagem

495 2775 768 2846 copulare
791 2773 1060 2846 compagi
1089 2778 1147 2830 et
1176 2774 1429 2846 quodam
1463 2773 1690 2846 glutino
1741 2774 2003 2846 partibus
2062 2792 2145 2830 re-

495 2863 740 2930 stitutis,
796 2879 982 2920 unum
1039 2878 1251 2933 corpus
1311 2863 1560 2918 efficere.
1595 2862 1715 2918 Huc
1757 2879 1942 2934 usque
1975 2863 2145 2920 nobis

497 2969 618 3018 una
645 2951 974 3010 similitudo
1005 2951 1390 3024 processerit;
1425 2967 1580 3007 nunc
1612 2951 1670 3006 in
1703 2953 1968 3006 eamdem
1986 2951 2147 3007 simi—

502 3040 809 3100 litudinem
841 3041 915 3098 ad
948 3041 1006 3096 id
1024 3041 1179 3112 quod
1196 3039 1438 3112 intelligi
1455 3039 1747 3111 volumus,
1768 3040 1924 3095 aliud
1948 3040 2144 3096 traha-

497 3133 595 3186 tur
651 3128 1005 3200 exemplum.
1067 3129 1348 3184 Parvulus
1393 3132 1635 3196 crescat,
1668 3133 1726 3184 ct
1752 3128 1974 3184 occulto
2007 3146 2143 3196 aevo,

500 3219 561 3280 in
593 3219 906 3290 perfectam
929 3217 1222 3273 adolescat
1246 3222 1472 3272 atatem
1503 3235 1517 3284 ;
1551 3235 1724 3273 suum
1784 3235 1996 3273 manus
2047 3236 2148 3274 au-

498 3311 804 3382 gmentum
835 3306 1090 3375 habebit,
1123 3323 1231 3362 sua
1261 3307 1434 3378 pedes
1466 3308 1718 3362 sentient
1747 3307 2142 3363 incrementa:

1738 498 1804 562 S.
1849 499 2165 565 EUSEBII
2209 497 2656 566 HIERONYMI

499 638 628 691 tum
663 648 901 706 corpus,
933 630 1090 704 quod
1139 629 1306 706 prius
1349 631 1704 708 dissipatum
1751 634 1938 690 fuerat
1980 639 2036 690 et
2091 635 2148 690 in
2181 637 2234 701 Α
2259 639 2462 694 autem
2496 637 2767 693 universa
2795 634 2878 692 sic
2914 634 3076 701 ﬁent,
3110 637 3176 690 ut
3205 632 3452 691 invicem
3481 630 3636 690 inter
3665 649 3727 689 se
3774 632 3910 690 cha-

881 27 964 36 ....-.,

1449 51 1456 53 .
1495 51 1510 54 -
1541 51 1796 61 -..η-η--
1849 57 1894 63 ._.

879 76 888 78 _
919 76 966 78 ἡ
1003 76 1034 78 ἡ
1071 76 1138 79 ___
1179 75 1338 79 _.__-
1379 75 1462 79 -_.-
1483 76 1730 83 ._.__..__._.
1765 79 1794 83 _
1825 79 1830 82 .
1861 78 1902 83 .-_
1953 79 2026 84 ._
2057 79 2118 84 -_-.
2171 79 2314 85 -_—

2256 731 2425 786 ritate
2474 733 2850 801 jungantur:
2909 731 2964 781 et
3008 727 3148 781 dum
3182 725 3510 797 congaudet
3567 724 3907 780 membrum

2258 821 2528 874 membro
2560 820 2604 889 (1
2637 819 2758 873 Cor.
2783 833 2883 882 xu,
2915 817 3027 885 26),
3060 820 3114 870 et
3145 815 3203 868 in
3243 813 3481 868 alterius
3540 813 3908 885 provectione

2253 907 2503 974 laetatur,
2537 907 2751 963 Christi
2779 921 3013 975 corpus,
3048 902 3312 958 Ecclesia
3340 902 3769 974 primitivorum
3805 902 3906 958 ha-

2255 997 2482 1053 bitctin
2515 995 2733 1051 caelesti
2781 992 3110 1049 Jerusalem
3171 993 3352 1058 (Hebr.
3411 1009 3513 1058 au,
3555 992 3668 1064 22),
3728 1008 3906 1066 quam

2255 1086 2313 1140 in
2346 1086 2459 1142 alio
2492 1085 2616 1140 loco
2664 1080 2978 1153 Apostolus
3036 1087 3285 1136 matrem
3344 1084 3679 1136 sanctorum
3738 1084 3909 1138 vocat

2252 1176 2453 1244 (Galat.
2505 1191 2580 1243 ιν,
2639 1172 2750 1242 26).
2806 1169 3022 1224 idcirco
3073 1169 3161 1240 (ut
3216 1185 3396 1240 supra
3454 1167 3734 1240 diximus)
3785 1168 3908 1228 haec

2254 1264 2407 1335 apud
2443 1280 2548 1317 nos
2589 1259 2924 1316 obscuriora
2965 1264 3122 1327 sunt,
3173 1257 3314 1332 quia
3377 1259 3750 1333 μεταφορικῶς
3806 1257 3908 1326 λάι-

2253 1357 2468 1411 cuntur
2497 1352 2556 1410 in
2581 1351 2796 1407 Grmco.
2830 1349 2898 1404 Et
2927 1347 3119 1402 omnis
3152 1345 3512 1418 metaphora,
3568 1347 3617 1401 si
3665 1347 3736 1401 de
3792 1345 3910 1404 alia

2254 1443 2312 1498 in
2346 1441 2520 1496 aliam
2556 1439 2819 1510 linguam
2848 1437 3237 1492 transferatur
3259 1437 3329 1491 ad
3381 1435 3908 1507 verbum,quibus-

2254 1531 2389 1586 dam
2413 1529 2579 1602 quasi
2615 1527 2902 1594 sentibus,
2936 1525 3218 1581 orationis
3255 1541 3463 1579 sensus
3521 1527 3578 1580 et
3641 1524 3908 1596 germina

2255 1620 2635 1676 suﬁ'ocantur.

2327 1708 2512 1778 (Vers.
2553 1708 2615 1762 l7
2638 1707 2829 1776 seqq.)
2863 1728 2887 1753 ‹‹
2950 1704 3066 1759 Hoc
3097 1718 3232 1774 ergo
3264 1702 3415 1768 dico,
3445 1706 3503 1759 et
3531 1703 3897 1760 contestorin

2256 1797 2522 1866 Domino,
2560 1800 2623 1851 ut
2653 1812 2767 1849 non
2797 1793 3052 1864 amplius
3084 1791 3417 1862 ambuletis,
3451 1791 3604 1848 sicut
3627 1797 3684 1848 et
3706 1799 3910 1868 gentes

2257 1885 2583 1950 ambulant,
2617 1884 2676 1939 in
2703 1883 2955 1938 vanitate
2986 1898 3194 1937 sensus
3225 1880 3337 1948 sui,
3373 1881 3667 1938 obscurati
3693 1887 3908 1956 mente,

2257 1974 2571 2033 abalienati
2604 1991 2638 2029 a
2668 1971 2758 2027 via
2787 1971 2885 2027 Dei
2920 1976 3153 2042 propter
3183 1969 3599 2042 ignorantiam,
3649 1988 3778 2042 quas
3825 1975 3914 2027 est

2255 2065 2313 2120 in
2400 2062 2538 2133 illis,
2589 2065 2824 2134 propter
2881 2059 3197 2114 caecitatem
3255 2059 3446 2115 cordis
3505 2075 3731 2114 eorum.
3804 2059 3912 2124 Qui

2257 2155 2658 2225 desperantes,
2692 2150 3038 2221 semetipsos
3093 2148 3466 2203 tradiderunt
3529 2147 3910 2220 impudicitiae

2257 2244 2314 2300 in
2347 2241 2680 2314 operatione
2710 2239 3099 2294 immunditiis
3131 2239 3325 2294 omnis
3349 2237 3408 2292 in
3440 2237 3703 2294 avaritia.
3741 2261 3769 2287 ››
3794 2237 3912 2300 Hoc

2255 2349 2411 2403 ergo,
2447 2331 2548 2396 ait,
2585 2330 2710 2384 dico
2742 2328 2928 2394 vobis,
2963 2345 2994 2382 o
3026 2326 3279 2399 Ephesii,
3330 2343 3546 2399 vosque
3590 2331 3906 2396 contestor,

2263 2426 2324 2476 ut
2355 2420 2494 2492 quia
2525 2417 2823 2474 occursuri
2857 2416 2998 2472 estis
3021 2416 3078 2473 in
3113 2433 3449 2472 mensuram
3481 2416 3667 2472 aetatis
3723 2416 3908 2490 pleni-

2257 2510 2479 2565 tudinis
2505 2507 2720 2564 Christi
2751 2508 2913 2578 (vers.
2952 2507 3059 2578 15),
3096 2523 3209 2561 non
3245 2504 3561 2562 ambuletis
3603 2505 3756 2562 sicut
3777 2524 3903 2562 am-

2252 2598 2460 2654 bulant
2487 2602 2710 2670 gentes,
2744 2613 2870 2668 qua:
2921 2595 3093 2651 idolis
3153 2595 3460 2662 Sevientes,
3516 2602 3573 2651 et
3625 2613 3800 2654 sensu
3847 2600 3908 2652 et

2255 2693 2447 2744 mente
2476 2688 2801 2742 abutuntur
2833 2685 2891 2740 in
2924 2702 3120 2757 prava.
3156 2686 3288 2749 Quae
3322 2702 3454 2740 cum
3486 2685 3614 2742 ideo
3663 2701 3901 2758 accepe-

2254 2778 2371 2832 rint
2403 2777 2660 2832 animam
2693 2781 2751 2831 et
2775 2773 3156 2843 intellectum,
3179 2779 3240 2828 ut
3265 2775 3901 2846 cognoscerentDcum,

2255 2864 2565 2922 abalienati
2589 2869 2728 2919 sunt
2784 2881 2818 2918 a
2876 2863 2966 2918 via
3023 2863 3150 2933 ejus
3213 2864 3419 2934 (quam
3477 2862 3652 2919 aliam
3713 2864 3905 2936 abque

2258 2955 2485 3010 Christo
2520 2970 2635 3009 non
2668 2952 2958 3023 novimus)
3000 2957 3057 3007 et
3105 2951 3163 3007 in
3230 2952 3321 3006 sui
3371 2951 3562 3008 cordis
3603 2952 3910 3008 ambulant

2254 3043 2528 3098 caecitate.
2560 3044 2745 3113 Atque
2779 3041 3002 3096 utinam
3033 3056 3304 3113 peccasse
3356 3041 3671 3111 sufficeret,
3731 3046 3788 3096 et
3817 3040 3905 3098 vel

2257 3148 2386 3188 sero
2415 3129 3612 3202 agerentposnitudinem,damnarentque
3657 3129 3796 3186 vitia
3846 3129 3907 3190 in

2255 3221 2472 3292 quibus
2495 3220 2717 3292 jugiter
2746 3217 3088 3274 inhiarunt!
3127 3224 3280 3274 esset
3322 3219 3647 3276 remedium
3699 3218 3908 3292 resipi-

2256 3326 2415 3365 scere
2448 3314 2579 3382 post
2607 3325 2877 3364 errorem.
2914 3307 3079 3364 Nunc
3103 3325 3235 3364 vero
3271 3308 3669 3380 desperantes,
3729 3313 3788 3364 et
3846 3324 3909 3372 se

501 3401 703 3454 venter
731 3397 871 3452 dum
905 3395 1222 3462 nescimus,
1255 3395 1570 3468 impletur:
1606 3396 1856 3465 humeri,
1885 3397 2024 3451 dum
2042 3396 2144 3452 fal-
2175 3377 2218 3444 (ἶ
2259 3399 2318 3454 in
2351 3400 2529 3454 ritum
2561 3397 3074 3468 irrationabilium,
3107 3397 3430 3452 bestiarum
3475 3415 3636 3458 emno
3681 3396 3906 3471 voragi-

499 3484 707 3542 luntur
753 3484 927 3551 oculi,
977 3483 1336 3540 dilatantur:
1391 3492 1446 3540 ct
1499 3485 1696 3540 omnia
1747 3490 1989 3541 menbra
2051 3504 2152 3558 per

507 3575 895 3647 partes-juxta
925 3591 1259 3631 mensuram
1293 3591 1462 3630 suam
1486 3576 1932 3630 siccrescuntut
1953 3580 2149 3632 tamen

507 3681 623 3724 non
651 3663 785 3732 sibi,
819 3665 920 3721 sed
953 3663 1178 3736 carpori
1208 3663 1512 3719 videantur
1561 3664 1778 3736 augeri.
1833 3665 1917 3720 Ita
1972 3665 2152 3740 igitur

503 3757 561 3814 et
592 3755 648 3810 in
679 3753 1049 3810 restitutione
1079 3753 1346 3808 omnium
1380 3755 1420 3820 ³,
1455 3755 1689 3824 quando
1722 3771 1933 3826 corpus
1965 3755 2147 3810 totius

503 3838 771 3900 Ecclesia:
804 3855 959 3895 nunc
988 3839 1323 3910 dispersum
1355 3845 1531 3910 atque
1576 3840 1920 3906 laceratum,
1977 3859 2147 3899 verus

501 3927 767 3988 medicus
797 3927 1066 3986 Christus
1090 3927 1262 3984 Jesus
1293 3933 1609 3985 sanaturus
1637 3930 2146 4000 advenerit,unus-

501 4017 754 4090 quisque
786 4017 1110 4073 secundum
1145 4034 1485 4073 mensuram
1521 4018 1672 4087 fidei,
1717 4023 1772 4074 et
1827 4021 2146 4092 agnitionis

495 4105 625 4164 Filii
658 4105 760 4163 Dei
781 4109 978 4178 (quem
1009 4106 1138 4162 ideo
1170 4123 1482 4179 agnoscere
1512 4107 1740 4180 dicitur,
1784 4109 1921 4182 quia
1978 4110 2143 4182 prius

497 4200 736 4252 noverat
765 4201 823 4251 et
851 4200 1247 4268 posteanosse
1276 4197 1504 4268 desivit)
1536 4213 1709 4252 suum
1760 4199 1998 4270 recipiet
2057 4200 2139 4256 lo-

499 4301 667 4351 cum,
697 4290 755 4341 et
787 4284 1025 4358 incipiet
1055 4286 1111 4340 id
1138 4303 1266 4342 esse
1297 4287 1451 4357 quod
1487 4287 1673 4341 fuerat
1700 4305 1712 4341 :
1747 4286 1827 4341 ita
1857 4292 2051 4344 tamen
2085 4292 2150 4345 ut

501 4390 616 4433 non
635 4375 806 4446 juxta
836 4373 1010 4430 aliam
1043 4374 1664 4444 hazresim,3,omncsin
1698 4381 1996 4432 unaactate
2027 4378 2147 4434 sint

501 4454 703 4535 positi,
765 4463 821 4519 id
879 4468 969 4520 est
997 4480 1202 4519 omnes
1234 4462 1292 4518 in
1315 4461 1555 4536 angelos
1588 4465 2015 4521 reformentur:
2043 4468 2144 4522 sed

499 4553 968 4624 unumquodque
999 4553 1329 4607 membrum
1364 4553 1524 4622 iuxta
1567 4569 1904 4608 mensuram
1937 4560 1991 4610 et
2017 4555 2142 4610 olli-

480 4640 655 4698 .eium
687 4657 861 4696 suum
896 4632 1214 4713 perfectum
1256 4641 1364 4696 sit:
1409 4642 1562 4698 620
1607 4642 1767 4698 verbi
1809 4644 2019 4715 gratia,
2082 4651 2142 4702 ut

2261 3489 2438 3561 nique
2471 3495 2819 3560 mergentes,
2871 3487 3238 3543 tradiderunt
3297 3487 3675 3558 impudicitia:
3731 3491 3908 3560 atque

2258 3578 2499 3635 luxuria:
2531 3580 2708 3648 (Rom.
2746 3595 2784 3648 ι,
2807 3577 2896 3643 23,
2930 3577 3040 3647 24),
3076 3580 3384 3648 operantes
3441 3574 3728 3650 quidquid
3780 3591 3905 3630 cor-

2260 3685 2371 3741 pus
2401 3667 2606 3733 voluit,
2640 3683 2806 3722 mens
2832 3666 3200 3734 desideravit,
3244 3664 3424 3720 libido
3486 3664 3802 3737 suggessit.
3837 3664 3906 3720 Et

2259 3773 2389 3812 cum
2423 3755 2571 3811 nihil
2597 3755 2834 3810 omnino
2868 3752 3902 3825 praetermiserintquodimmundum

2261 3846 2354 3911 sit,
2390 3844 2497 3900 hoc
2523 3849 2710 3900 totum
2741 3843 2922 3899 fecere
2968 3842 3026 3897 in
3076 3841 3337 3912 avaritia,
3396 3843 3537 3899 dum
3598 3859 3904 3916 nunquam

2257 3933 2607 3990 luxuriando
2630 3932 2939 3998 satiantur,
2980 3948 3085 3987 nec
3119 3932 3267 3990 621
3326 3948 3528 3990 corum
3585 3931 3903 3992 terminum

2256 4023 2431 4079 habet
2455 4020 2740 4093 voluptas.
2773 4022 2887 4076 Aut
2918 4025 3070 4076 certe
3101 4020 3258 4077 ultra
3286 4036 3624 4078 concessam
3661 4021 3769 4079 viri
3830 4020 3899 4076 ad

2257 4111 2541 4168 feminam
2577 4111 3072 4182 conjunctionem,
3103 4111 3174 4166 ad
3219 4111 3442 4183 majora
3488 4111 3908 4178 conscendunt,

2270 4200 2513 4258 masculi
2550 4200 2607 4255 in
2665 4198 2960 4256 masculos
3018 4199 3445 4272 turpitudinem
3501 4206 3828 4272 operantes,
3859 4203 3916 4258 et

2255 4290 2582 4345 mercedem
2645 4289 2860 4344 erroris
2904 4287 2994 4345 sui
3048 4288 3105 4344 in
3174 4289 3509 4362 semetipsis
3567 4289 3910 4363 recipientes

2256 4379 2414 4451 (Ibid.
2446 4379 2558 4451 27').
2601 4378 2847 4434 Vanitas
2881 4395 3113 4443 sensus,
3173 4384 3229 4434 et
3289 4381 3501 4435 mentis
3553 4379 3900 4438 obscuritas.

2256 4467 2525 4523 bifariam
2586 4467 2889 4533 dividitur,
2943 4467 3000 4522 in
3041 4466 3237 4522 seculi
3269 4466 3450 4539 hujus
3483 4467 3732 4542 negotia,
3760 4472 3816 4524 et
3844 4469 3903 4524 in

2254 4557 2604 4629 sapientiam
2667 4556 3004 4614 saecularem
3064 4556 3296 4629 quando
3357 4560 3460 4612 aut
3519 4557 3576 4612 in
3636 4555 3726 4612 his
3773 4572 3901 4628 quae

2253 4647 2461 4702 mundi
2495 4646 2674 4718 hujus
2696 4651 2855 4713 sunt,
2888 4650 2945 4700 et
2991 4646 3102 4700 cito
3161 4649 3491 4712 transeunt,
3554 4646 3903 4718 detinemur,

499 4727 744 4818 angelus
777 4729 980 4818 refuga
1008 4729 1066 4783 id
1091 4745 1218 4784 esse
1243 4728 1486 4818 incipiat
1521 4731 1676 4802 quod
1729 4738 1960 4788 creatus
2018 4741 2138 4791 est:
2174 4753 2219 4818 D
2253 4741 2352 4791 aut
2383 4753 2496 4791 non
2532 4737 2836 4807 profutura
2864 4735 3297 4807 cognoscimus.
3322 4734 3522 4792 Nonne
3548 4734 3710 4790 vobis
3741 4734 3907 4794 vide-

495 4823 553 4878 et
599 4817 792 4884 homo,
827 4817 928 4888 qui
960 4818 1029 4872 de
1054 4817 1324 4890 paradiso
1357 4821 1546 4875 fuerat
1572 4822 1792 4891 ejectus
1848 4822 2000 4893 (Gen.
2057 4842 2138 4894 ιιι,

495 4906 610 4977 24),
635 4905 707 4962 ad
740 4904 1034 4962 culturam
1066 4906 1279 4962 iterum
1310 4908 1568 4979 paradisi
1614 4909 1974 4967 restituatur.
2028 4912 2144 4968 Ista

570 5047 779 5125 tIdem
835 5048 1104 5125 Rufinus,
1159 5054 1208 5104 ct
1255 5065 1459 5125 [rerum
1509 5052 1768 5125 ﬁguram,
1837 5069 2144 5125 nov-umque

501 5120 777 5176 hominem
801 5120 1093 5193 (Virbium,
1117 5126 1230 5175 etc.‘
1255 5122 1476 5177 Videsis
1507 5120 1634 5193 qua:
1665 5120 1761 5178 ibi
1795 5120 2143 5180 adnotamus

487 5192 844 5264 subrprioris
869 5191 1001 5248 libri
1035 5195 1229 5247 linem.

575 5266 594 5301 ³
625 5263 750 5328 Non
781 5281 888 5320 suo
921 5264 1014 5319 hic
1045 5282 1106 5320 se
1140 5263 1297 5337 loqui
1331 5281 1530 5337 sensu,
1558 5267 1657 5321 sed
1693 5283 1758 5320 ex
1809 5267 2141 5322 Adamantii

503 5354 756 5410 persona
783 5337 1172 5410 Hieronymus
1221 5335 1596 5410 ‘significatin
1658 5339 1930 5410 Apologiw
1990 5337 2068 5393 lib
2105 5357 2141 5406 ι,

502 5407 666 5475 num,
698 5409 786 5473 26,
824 5407 921 5464 ubi
956 5407 1026 5463 de
1056 5407 1162 5464 hoc
1196 5407 1538 5463 Pauliloco:
1569 5432 1595 5457 ‹‹
1637 5407 2022 5477 Latissimam,
2064 5411 2147 5464 in-

502 5480 648 5557 quit,
681 5479 944 5557 Origenis
972 5479 1389 5557 expositionem
1423 5485 1478 5557 et
1504 5483 1736 5535 eosdem
1791 5499 2006 5557 sensus
2045 5499 2147 5557 per

498 5553 727 5607 diversa
754 5551 930 5608 verba
958 5553 1281 5608 volventem
1318 5551 1470 5605 brevi
1503 5571 1770 5608 sermone
1793 5551 2143 5609 constrinxi-

499 5638 653 5691 mus,
688 5623 834 5680 nihil
858 5623 1166 5696 exemplis,
1197 5631 1253 5680 et.
1284 5623 1706 5680 assertionibus
1769 5624 1924 5696 illius
1984 5627 2142 5681 aufe-

499 5699 711 5767 rentes.
741 5700 1000 5767 Cumque
1031 5695 1498 5767 pervenissemus
1529 5697 1596 5748 ad
1635 5697 1828 5761 linem,
1864 5695 1982 5751 haec
2014 5698 2146 5752 sub-

491 5762 747 5848 jecit'nus
774 5781 786 5818 :
817 5762 996 5848 Igitur
1027 5762 1084 5822 et
1113 5768 1172 5848 in
1206 5767 2010 5848 restitutionemomnium:
2033 5776 2142 5824 etc.

566 5835 587 5870 °
619 5834 737 5891 Hoc
767 5834 909 5892 satis
941 5838 1173 5896 abunde
1202 5844 1326 5894 erat
1355 5839 1425 5894 ad
1456 5839 1823 5912 purgandam
1856 5834 2145 5896 in'Hiero-

2251 4829 2346 4879 tur
2405 4825 2462 4880 in
2511 4825 2765 4880 vanitate
2819 4841 3028 4880 sensus
3086 4829 3142 4879 et
3173 4823 3528 4880 obscuritate
3558 4823 3776 4882 mentis
3805 4824 3903 4880 in-

2250 4913 2436 4986 gredi,
2471 4913 2572 4984 qui
2617 4913 2822 4969 diebus
2863 4930 2927 4969 ac
2986 4913 3256 4970 noctibus
3314 4913 3372 4970 in
3430 4913 3738 4970 dialectica
3783 4917 3906 4974 arte

2261 5073 2444 5130 nymo
2469 5057 2817 5130 Origenismi
2851 5056 3264 5130 suspicionem,
3326 5057 3479 5130 quod
3540 5057 3660 5112 haec
3710 5056 3909 5130 omnia

2263 5144 2350 5200 ex,
2385 5128 2784 5184 hereticorum
2829 5128 3087 5199 protecta
3139 5129 3373 5200 ingenio
3415 5131 3784 5199 pronuntiet.
3822 5129 3909 5184 Ita

2258 5199 2556 5255 enimvero
2589 5201 2711 5271 ipse
2741 5201 2970 5270 reponit
3000 5199 3250 5256 Rufino:
3283 5223 3309 5249 α
3337 5201 3580 5262 Quando
3611 5201 3742 5257 dico
3765 5219 3786 5256 :
3823 5202 3908 5257 Ita

2253 5277 2464 5337 tanien,
2523 5277 2576 5325 ut
2635 5289 2742 5326 non
2785 5274 2952 5344 juxta
2977 5273 3158 5344 aliam
3208 5271 3672 5344 liwresz'momne;
3701 5275 3760 5327 in
3792 5289 3907 5328 una

2252 5351 2421 5416 (etate
2446 5346 2557 5398 sint
2582 5345 2768 5415 positi,
2789 5342 3045 5416 ostendo
3077 5348 3134 5416 et
3163 5359 3247 5404 ea.
3278 5344 3347 5416 de
3373 5342 3601 5416 quibus
3648 5343 3903 5416 disputo,

2254 5430 2381 5469 esse
2413 5413 2701 5483 hmretica,
2736 5420 2791 5487 et
2820 5415 2890 5469 ab
2925 5413 3037 5468 alia
3082 5414 3291 5487 haeresi
3354 5413 3705 5487 discrepare.
3745 5413 3902 5478 'Quae

2261 5491 2399 5541 sunt
2428 5503 2564 5554 ergo
2596 5488 2722 5542 duae
2754 5485 3005 5540 haereses
3023 5487 3048 5539 δί
3081 5485 3226 5558 Una,
3255 5502 3382 5558 quae
3415 5485 3777 5542 dioitomnes
3811 5503 3904 5542 ra-

2262 5558 2571 5612 tionabiles
2602 5562 2897 5613 creaturas
2932 5558 2990 5630 in
3036 5557 3286 5630 angelos
3326 5559 3668 5615 reformari.-
3702 5558 3904 5624 altera,

2261 5646 2385 5700 qua
2417 5631 2628 5685 asserit
2649 5629 3109 5700 unumquodque
3144 5631 3197 5684 in
3234 5630 3816 5688 restilutionemundi
3841 5630 3900 5688 id

2259 5700 2562 5826 forgtqu'od
2595 5700 2894 5756 conditum
2929 5707 3035 5771 est,
3067 5723 3093 5751 η
3126 5705 3233 5756 etc.
3263 5718 3386 5773 qua
3418 5701 3900 5774 consuluisseju-

2259 5789 2323 5826 va
2369 5789 2381 5823 l
2423 5813 2436 5826 .
2759 5785 2764 5788 ·

2253 5773 2436 5838 vabit,
2759 5785 2764 5788 ·
