  <div class='ocr_page' id='page_1' title='image "/cluster/home/n/w/nwhite01/storage/ocr_20150623/26/umn.31951002477320a/272.png"; bbox 0 0 4332 6598; ppageno 0'>
   <div class='ocr_carea' id='block_1_1' title="bbox 331 440 451 535">
    <p class='ocr_par' dir='ltr' id='par_1_1' title="bbox 331 440 451 535">
     <span class='ocr_line' id='line_1_1' title="bbox 331 440 451 535; baseline 0 0"><span class='ocrx_word' id='word_1_1' title='bbox 331 440 451 535; x_wconf 63' lang='lat' dir='ltr'><strong>a7</strong></span> 
     </span>
    </p>
   </div>
   <div class='ocr_carea' id='block_1_2' title="bbox 1001 460 3106 541">
    <p class='ocr_par' dir='ltr' id='par_1_2' title="bbox 1001 460 3106 541">
     <span class='ocr_line' id='line_1_2' title="bbox 1001 460 3106 541; baseline -0.004 -7"><span class='ocrx_word' id='word_1_2' title='bbox 1001 468 1523 535; x_wconf 85' lang='lat' dir='ltr'><strong>COMMENTAR.</strong></span> <span class='ocrx_word' id='word_1_3' title='bbox 1569 466 1650 534; x_wconf 81' lang='lat' dir='ltr'><strong>IN</strong></span> <span class='ocrx_word' id='word_1_4' title='bbox 1691 463 1946 534; x_wconf 83' lang='lat' dir='ltr'><strong>EPIST.</strong></span> <span class='ocrx_word' id='word_1_5' title='bbox 1994 464 2098 532; x_wconf 82' lang='lat' dir='ltr'><strong>AD</strong></span> <span class='ocrx_word' id='word_1_6' title='bbox 2142 464 2419 532; x_wconf 79' lang='lat' dir='ltr'><strong>EPHES.</strong></span> <span class='ocrx_word' id='word_1_7' title='bbox 2463 463 2614 530; x_wconf 81' lang='lat' dir='ltr'><strong>LIB.</strong></span> <span class='ocrx_word' id='word_1_8' title='bbox 2657 464 2740 541; x_wconf 86' lang='lat' dir='ltr'><strong>II,</strong></span> <span class='ocrx_word' id='word_1_9' title='bbox 2780 466 2957 529; x_wconf 83' lang='lat' dir='ltr'><strong>CAP.</strong></span> <span class='ocrx_word' id='word_1_10' title='bbox 3001 460 3106 527; x_wconf 82' lang='lat' dir='ltr'><strong>IV.</strong></span> 
     </span>
    </p>
   </div>
   <div class='ocr_carea' id='block_1_3' title="bbox 3625 455 3750 520">
    <p class='ocr_par' dir='ltr' id='par_1_3' title="bbox 3625 455 3750 520">
     <span class='ocr_line' id='line_1_3' title="bbox 3625 455 3750 520; baseline 0 0"><span class='ocrx_word' id='word_1_11' title='bbox 3625 455 3750 520; x_wconf 71' lang='lat'><strong>538</strong></span> 
     </span>
    </p>
   </div>
   <div class='ocr_carea' id='block_1_4' title="bbox 331 590 2005 678">
    <p class='ocr_par' dir='ltr' id='par_1_4' title="bbox 331 603 1980 678">
     <span class='ocr_line' id='line_1_4' title="bbox 331 603 1980 678; baseline -0.004 -16"><span class='ocrx_word' id='word_1_12' title='bbox 331 608 643 678; x_wconf 80' lang='lat' dir='ltr'><strong>torquetur</strong></span> <span class='ocrx_word' id='word_1_13' title='bbox 670 621 683 662; x_wconf 90' lang='lat'><strong>:</strong></span> <span class='ocrx_word' id='word_1_14' title='bbox 717 603 817 677; x_wconf 89' lang='lat' dir='ltr'><strong>qui</strong></span> <span class='ocrx_word' id='word_1_15' title='bbox 847 603 1126 677; x_wconf 89' lang='lat' dir='ltr'><strong>phvsicus</strong></span> <span class='ocrx_word' id='word_1_16' title='bbox 1160 607 1556 674; x_wconf 85' lang='lat' dir='ltr'><strong>perscrutator</strong></span> <span class='ocrx_word' id='word_1_17' title='bbox 1585 605 1785 660; x_wconf 91' lang='lat' dir='ltr'><strong>oculos</strong></span> <span class='ocrx_word' id='word_1_18' title='bbox 1816 608 1980 657; x_wconf 70' lang='lat' dir='ltr'><strong>trans</strong></span> 
     </span>
    </p>
   </div>
   <div class='ocr_carea' id='block_1_5' title="bbox 2113 590 3746 678">
    <p class='ocr_par' dir='ltr' id='par_1_5' title="bbox 2113 590 3746 678">
     <span class='ocr_line' id='line_1_5' title="bbox 2113 590 3746 678; baseline -0.005 -23"><span class='ocrx_word' id='word_1_19' title='bbox 2113 603 2374 678; x_wconf 79' lang='grc' dir='ltr'><strong>τράγματι</strong></span> <span class='ocrx_word' id='word_1_20' title='bbox 2425 599 2514 654; x_wconf 81' lang='grc' dir='ltr'><strong>τὸν</strong></span> <span class='ocrx_word' id='word_1_21' title='bbox 2599 597 2824 676; x_wconf 79' lang='grc' dir='ltr'><strong>ἀδεκφὸν</strong></span> <span class='ocrx_word' id='word_1_22' title='bbox 2899 595 3081 653; x_wconf 64' lang='grc' dir='ltr'><strong>αὐτοῦ.</strong></span> <span class='ocrx_word' id='word_1_23' title='bbox 3170 590 3461 664; x_wconf 73' lang='grc' dir='ltr'>ῌλεονεξῖα</span> <span class='ocrx_word' id='word_1_24' title='bbox 3545 594 3746 650; x_wconf 83' lang='lat' dir='ltr'><strong>autem</strong></span> 
     </span>
    </p>
   </div>
   <div class='ocr_carea' id='block_1_6' title="bbox 333 693 1990 765">
    <p class='ocr_par' dir='ltr' id='par_1_6' title="bbox 333 693 1990 765">
     <span class='ocr_line' id='line_1_6' title="bbox 333 693 1990 765; baseline -0.004 -13"><span class='ocrx_word' id='word_1_25' title='bbox 333 695 545 752; x_wconf 73' lang='lat' dir='ltr'><strong>oculum</strong></span> <span class='ocrx_word' id='word_1_26' title='bbox 604 693 770 764; x_wconf 84' lang='lat' dir='ltr'><strong>levat,</strong></span> <span class='ocrx_word' id='word_1_27' title='bbox 823 698 879 749; x_wconf 90' lang='lat' dir='ltr'><strong>et</strong></span> <span class='ocrx_word' id='word_1_28' title='bbox 931 693 1082 748; x_wconf 88' lang='lat' dir='ltr'><strong>ultra</strong></span> <span class='ocrx_word' id='word_1_29' title='bbox 1138 694 1494 765; x_wconf 82' lang='lat' dir='ltr'><strong>profundum</strong></span> <span class='ocrx_word' id='word_1_30' title='bbox 1572 699 1860 750; x_wconf 89' lang='lat' dir='ltr'><strong>terrarum</strong></span> <span class='ocrx_word' id='word_1_31' title='bbox 1932 695 1990 747; x_wconf 89' lang='lat' dir='ltr'><strong>et</strong></span> 
     </span>
    </p>
   </div>
   <div class='ocr_carea' id='block_1_7' title="bbox 331 782 1984 857">
    <p class='ocr_par' dir='ltr' id='par_1_7' title="bbox 331 782 1984 857">
     <span class='ocr_line' id='line_1_7' title="bbox 331 782 1984 857; baseline -0.004 -16"><span class='ocrx_word' id='word_1_32' title='bbox 331 785 531 857; x_wconf 79' lang='lat' dir='ltr'><strong>abyssi</strong></span> <span class='ocrx_word' id='word_1_33' title='bbox 565 783 858 854; x_wconf 85' lang='lat' dir='ltr'>quoddam</span> <span class='ocrx_word' id='word_1_34' title='bbox 893 782 1064 838; x_wconf 90' lang='lat' dir='ltr'><strong>inane</strong></span> <span class='ocrx_word' id='word_1_35' title='bbox 1096 783 1385 855; x_wconf 78' lang='lat' dir='ltr'><strong>demergit</strong></span> <span class='ocrx_word' id='word_1_36' title='bbox 1417 783 1523 854; x_wconf 79' lang='grc' dir='ltr'><strong>[Αἰ.</strong></span> <span class='ocrx_word' id='word_1_37' title='bbox 1577 782 1984 852; x_wconf 87' lang='lat' dir='ltr'><strong>demergitur],</strong></span> 
     </span>
    </p>
   </div>
   <div class='ocr_carea' id='block_1_8' title="bbox 333 871 1986 946">
    <p class='ocr_par' dir='ltr' id='par_1_8' title="bbox 333 871 1986 946">
     <span class='ocr_line' id='line_1_8' title="bbox 333 871 1986 946; baseline -0.002 -17"><span class='ocrx_word' id='word_1_38' title='bbox 333 874 435 946; x_wconf 86' lang='lat' dir='ltr'><strong>qui</strong></span> <span class='ocrx_word' id='word_1_39' title='bbox 470 872 732 927; x_wconf 83' lang='lat' dir='ltr'><strong>iambum</strong></span> <span class='ocrx_word' id='word_1_40' title='bbox 767 872 962 937; x_wconf 86' lang='lat' dir='ltr'><strong>struit,</strong></span> <span class='ocrx_word' id='word_1_41' title='bbox 998 872 1095 944; x_wconf 88' lang='lat' dir='ltr'><strong>qui</strong></span> <span class='ocrx_word' id='word_1_42' title='bbox 1129 877 1350 928; x_wconf 78' lang='lat' dir='ltr'>tantam</span> <span class='ocrx_word' id='word_1_43' title='bbox 1413 877 1729 928; x_wconf 79' lang='lat' dir='ltr'><strong>metrorum</strong></span> <span class='ocrx_word' id='word_1_44' title='bbox 1781 871 1986 925; x_wconf 84' lang='lat' dir='ltr'><strong>silvam</strong></span> 
     </span>
    </p>
   </div>
   <div class='ocr_carea' id='block_1_9' title="bbox 333 960 1990 1034">
    <p class='ocr_par' dir='ltr' id='par_1_9' title="bbox 333 960 1990 1034">
     <span class='ocr_line' id='line_1_9' title="bbox 333 960 1990 1034; baseline -0.002 -16"><span class='ocrx_word' id='word_1_45' title='bbox 333 961 394 1018; x_wconf 90' lang='lat' dir='ltr'><strong>in</strong></span> <span class='ocrx_word' id='word_1_46' title='bbox 426 977 532 1017; x_wconf 91' lang='lat' dir='ltr'><strong>suo</strong></span> <span class='ocrx_word' id='word_1_47' title='bbox 563 960 869 1017; x_wconf 77' lang='lat' dir='ltr'><strong>studiosus</strong></span> <span class='ocrx_word' id='word_1_48' title='bbox 898 962 1071 1017; x_wconf 90' lang='lat' dir='ltr'><strong>corde</strong></span> <span class='ocrx_word' id='word_1_49' title='bbox 1096 961 1409 1034; x_wconf 80' lang='lat' dir='ltr'><strong>distinguit</strong></span> <span class='ocrx_word' id='word_1_50' title='bbox 1457 966 1516 1017; x_wconf 88' lang='lat' dir='ltr'><strong>et</strong></span> <span class='ocrx_word' id='word_1_51' title='bbox 1583 960 1879 1033; x_wconf 81' lang='lat' dir='ltr'><strong>congerit:</strong></span> <span class='ocrx_word' id='word_1_52' title='bbox 1932 964 1990 1015; x_wconf 90' lang='lat' dir='ltr'><strong>et</strong></span> 
     </span>
    </p>
   </div>
   <div class='ocr_carea' id='block_1_10' title="bbox 333 1049 1989 1122">
    <p class='ocr_par' dir='ltr' id='par_1_10' title="bbox 333 1049 1989 1122">
     <span class='ocr_line' id='line_1_10' title="bbox 333 1049 1989 1122; baseline -0.002 -16"><span class='ocrx_word' id='word_1_53' title='bbox 333 1051 424 1122; x_wconf 92' lang='lat' dir='ltr'><strong>(ut</strong></span> <span class='ocrx_word' id='word_1_54' title='bbox 453 1049 694 1106; x_wconf 82' lang='lat' dir='ltr'><strong>alteram</strong></span> <span class='ocrx_word' id='word_1_55' title='bbox 729 1055 952 1122; x_wconf 86' lang='lat' dir='ltr'><strong>partem</strong></span> <span class='ocrx_word' id='word_1_56' title='bbox 986 1052 1305 1121; x_wconf 84' lang='lat' dir='ltr'><strong>transeam)</strong></span> <span class='ocrx_word' id='word_1_57' title='bbox 1339 1051 1436 1119; x_wconf 88' lang='lat' dir='ltr'><strong>qui</strong></span> <span class='ocrx_word' id='word_1_58' title='bbox 1472 1049 1704 1105; x_wconf 87' lang='lat' dir='ltr'><strong>divitias</strong></span> <span class='ocrx_word' id='word_1_59' title='bbox 1755 1067 1856 1121; x_wconf 89' lang='lat' dir='ltr'><strong>per</strong></span> <span class='ocrx_word' id='word_1_60' title='bbox 1903 1049 1989 1103; x_wconf 84' lang='lat' dir='ltr'><strong>fas</strong></span> 
     </span>
    </p>
   </div>
   <div class='ocr_carea' id='block_1_11' title="bbox 331 1137 1989 1212">
    <p class='ocr_par' dir='ltr' id='par_1_11' title="bbox 331 1137 1989 1212">
     <span class='ocr_line' id='line_1_11' title="bbox 331 1137 1989 1212; baseline -0.002 -16"><span class='ocrx_word' id='word_1_61' title='bbox 331 1144 392 1196; x_wconf 89' lang='lat' dir='ltr'><strong>et</strong></span> <span class='ocrx_word' id='word_1_62' title='bbox 433 1139 595 1196; x_wconf 83' lang='lat' dir='ltr'><strong>nefas</strong></span> <span class='ocrx_word' id='word_1_63' title='bbox 652 1140 900 1211; x_wconf 73' lang='lat' dir='ltr'><strong>quaerit:</strong></span> <span class='ocrx_word' id='word_1_64' title='bbox 963 1140 1060 1212; x_wconf 89' lang='lat' dir='ltr'><strong>qui</strong></span> <span class='ocrx_word' id='word_1_65' title='bbox 1123 1140 1398 1196; x_wconf 86' lang='lat' dir='ltr'><strong>adulatur</strong></span> <span class='ocrx_word' id='word_1_66' title='bbox 1446 1141 1703 1211; x_wconf 82' lang='lat' dir='ltr'><strong>regibus,</strong></span> <span class='ocrx_word' id='word_1_67' title='bbox 1747 1137 1989 1193; x_wconf 67' lang='lat' dir='ltr'><strong>haeredi-</strong></span> 
     </span>
    </p>
   </div>
   <div class='ocr_carea' id='block_1_12' title="bbox 331 1228 1987 1302">
    <p class='ocr_par' dir='ltr' id='par_1_12' title="bbox 331 1228 1987 1302">
     <span class='ocr_line' id='line_1_12' title="bbox 331 1228 1987 1302; baseline -0.002 -16"><span class='ocrx_word' id='word_1_68' title='bbox 331 1232 483 1286; x_wconf 73' lang='lat' dir='ltr'><strong>tates</strong></span> <span class='ocrx_word' id='word_1_69' title='bbox 517 1233 712 1302; x_wconf 86' lang='lat' dir='ltr'><strong>captat</strong></span> <span class='ocrx_word' id='word_1_70' title='bbox 756 1228 998 1298; x_wconf 87' lang='lat' dir='ltr'><strong>alienas,</strong></span> <span class='ocrx_word' id='word_1_71' title='bbox 1049 1234 1106 1287; x_wconf 90' lang='lat' dir='ltr'><strong>et</strong></span> <span class='ocrx_word' id='word_1_72' title='bbox 1151 1247 1290 1302; x_wconf 87' lang='lat' dir='ltr'><strong>opes</strong></span> <span class='ocrx_word' id='word_1_73' title='bbox 1337 1235 1672 1302; x_wconf 84' lang='lat' dir='ltr'><strong>congregat,</strong></span> <span class='ocrx_word' id='word_1_74' title='bbox 1731 1245 1880 1300; x_wconf 88' lang='lat' dir='ltr'><strong>quas</strong></span> <span class='ocrx_word' id='word_1_75' title='bbox 1929 1228 1987 1283; x_wconf 92' lang='lat' dir='ltr'><strong>in</strong></span> 
     </span>
    </p>
   </div>
   <div class='ocr_carea' id='block_1_13' title="bbox 333 1317 1989 1391">
    <p class='ocr_par' dir='ltr' id='par_1_13' title="bbox 333 1317 1989 1391">
     <span class='ocr_line' id='line_1_13' title="bbox 333 1317 1989 1391; baseline -0.002 -17"><span class='ocrx_word' id='word_1_76' title='bbox 333 1323 630 1374; x_wconf 84' lang='lat' dir='ltr'><strong>momento</strong></span> <span class='ocrx_word' id='word_1_77' title='bbox 663 1317 756 1373; x_wconf 92' lang='lat' dir='ltr'><strong>cui</strong></span> <span class='ocrx_word' id='word_1_78' title='bbox 791 1317 867 1373; x_wconf 87' lang='lat' dir='ltr'><strong>sit</strong></span> <span class='ocrx_word' id='word_1_79' title='bbox 898 1317 1232 1386; x_wconf 86' lang='lat' dir='ltr'><strong>relicturus,</strong></span> <span class='ocrx_word' id='word_1_80' title='bbox 1267 1320 1496 1391; x_wconf 86' lang='lat' dir='ltr'><strong>ignorat</strong></span> <span class='ocrx_word' id='word_1_81' title='bbox 1520 1320 1547 1373; x_wconf 85' lang='lat'><strong>‘?</strong></span> <span class='ocrx_word' id='word_1_82' title='bbox 1581 1319 1743 1381; x_wconf 91' lang='lat' dir='ltr'><strong>Quod</strong></span> <span class='ocrx_word' id='word_1_83' title='bbox 1793 1322 1989 1372; x_wconf 90' lang='lat' dir='ltr'><strong>autem</strong></span> 
     </span>
    </p>
   </div>
   <div class='ocr_carea' id='block_1_14' title="bbox 333 1404 1988 1479">
    <p class='ocr_par' dir='ltr' id='par_1_14' title="bbox 333 1404 1988 1479">
     <span class='ocr_line' id='line_1_14' title="bbox 333 1404 1988 1479; baseline -0.002 -17"><span class='ocrx_word' id='word_1_84' title='bbox 333 1405 436 1464; x_wconf 87' lang='lat' dir='ltr'><strong>ait:</strong></span> <span class='ocrx_word' id='word_1_85' title='bbox 469 1409 564 1479; x_wconf 98' lang='lat' dir='ltr'><strong>qui</strong></span> <span class='ocrx_word' id='word_1_86' title='bbox 594 1407 946 1479; x_wconf 74' lang='lat' dir='ltr'><strong>desperantes</strong></span> <span class='ocrx_word' id='word_1_87' title='bbox 973 1411 1303 1479; x_wconf 84' lang='lat' dir='ltr'><strong>semetipsos,</strong></span> <span class='ocrx_word' id='word_1_88' title='bbox 1338 1408 1394 1462; x_wconf 90' lang='lat' dir='ltr'><strong>id</strong></span> <span class='ocrx_word' id='word_1_89' title='bbox 1438 1413 1546 1474; x_wconf 89' lang='lat' dir='ltr'><strong>est,</strong></span> <span class='ocrx_word' id='word_1_90' title='bbox 1602 1404 1988 1479; x_wconf 75' lang='grc' dir='ltr'><strong>ἀπηλγηκότες</strong></span> 
     </span>
    </p>
   </div>
   <div class='ocr_carea' id='block_1_15' title="bbox 337 1493 1990 1569">
    <p class='ocr_par' dir='ltr' id='par_1_15' title="bbox 337 1493 1990 1569">
     <span class='ocr_line' id='line_1_15' title="bbox 337 1493 1990 1569; baseline -0.003 -15"><span class='ocrx_word' id='word_1_91' title='bbox 337 1493 590 1565; x_wconf 67' lang='grc' dir='ltr'><strong>ἑαυτούς,</strong></span> <span class='ocrx_word' id='word_1_92' title='bbox 624 1499 808 1552; x_wconf 76' lang='lat' dir='ltr'><strong>multo</strong></span> <span class='ocrx_word' id='word_1_93' title='bbox 840 1496 997 1552; x_wconf 82' lang='lat' dir='ltr'><strong>aliud</strong></span> <span class='ocrx_word' id='word_1_94' title='bbox 1029 1497 1089 1552; x_wconf 88' lang='lat' dir='ltr'><strong>in</strong></span> <span class='ocrx_word' id='word_1_95' title='bbox 1123 1497 1316 1553; x_wconf 66' lang='lat' dir='ltr'><strong>Graeco</strong></span> <span class='ocrx_word' id='word_1_96' title='bbox 1366 1497 1656 1569; x_wconf 83' lang='lat' dir='ltr'><strong>signiﬁcat</strong></span> <span class='ocrx_word' id='word_1_97' title='bbox 1705 1513 1881 1568; x_wconf 89' lang='lat' dir='ltr'><strong>quam</strong></span> <span class='ocrx_word' id='word_1_98' title='bbox 1931 1495 1990 1550; x_wconf 90' lang='lat' dir='ltr'><strong>in</strong></span> 
     </span>
    </p>
   </div>
   <div class='ocr_carea' id='block_1_16' title="bbox 339 1583 1994 1659">
    <p class='ocr_par' dir='ltr' id='par_1_16' title="bbox 339 1583 1994 1659">
     <span class='ocr_line' id='line_1_16' title="bbox 339 1583 1994 1659; baseline -0.004 -15"><span class='ocrx_word' id='word_1_99' title='bbox 339 1585 586 1644; x_wconf 89' lang='lat' dir='ltr'><strong>Latino:</strong></span> <span class='ocrx_word' id='word_1_100' title='bbox 657 1586 1014 1657; x_wconf 74' lang='lat' dir='ltr'><strong>desperantes</strong></span> <span class='ocrx_word' id='word_1_101' title='bbox 1087 1587 1304 1658; x_wconf 90' lang='lat' dir='ltr'><strong>quippe</strong></span> <span class='ocrx_word' id='word_1_102' title='bbox 1356 1583 1742 1659; x_wconf 76' lang='grc' dir='ltr'><strong>ἀπηλγηκότες</strong></span> <span class='ocrx_word' id='word_1_103' title='bbox 1811 1585 1994 1640; x_wconf 91' lang='lat' dir='ltr'><strong>nomi-</strong></span> 
     </span>
    </p>
   </div>
   <div class='ocr_carea' id='block_1_17' title="bbox 339 1671 1992 1748">
    <p class='ocr_par' dir='ltr' id='par_1_17' title="bbox 339 1671 1992 1748">
     <span class='ocr_line' id='line_1_17' title="bbox 339 1671 1992 1748; baseline -0.002 -15"><span class='ocrx_word' id='word_1_104' title='bbox 339 1679 603 1742; x_wconf 84' lang='lat' dir='ltr'><strong>nantur;</strong></span> <span class='ocrx_word' id='word_1_105' title='bbox 638 1671 1024 1747; x_wconf 80' lang='grc' dir='ltr'><strong>ἀπηλγηκότες</strong></span> <span class='ocrx_word' id='word_1_106' title='bbox 1057 1680 1251 1731; x_wconf 86' lang='lat' dir='ltr'><strong>autem</strong></span> <span class='ocrx_word' id='word_1_107' title='bbox 1284 1676 1340 1731; x_wconf 93' lang='lat' dir='ltr'><strong>hi</strong></span> <span class='ocrx_word' id='word_1_108' title='bbox 1367 1681 1524 1746; x_wconf 90' lang='lat' dir='ltr'><strong>sunt,</strong></span> <span class='ocrx_word' id='word_1_109' title='bbox 1556 1677 1655 1748; x_wconf 88' lang='lat' dir='ltr'><strong>qui</strong></span> <span class='ocrx_word' id='word_1_110' title='bbox 1682 1679 1992 1748; x_wconf 85' lang='lat' dir='ltr'><strong>postquam</strong></span> 
     </span>
    </p>
   </div>
   <div class='ocr_carea' id='block_1_18' title="bbox 341 1764 1993 1837">
    <p class='ocr_par' dir='ltr' id='par_1_18' title="bbox 341 1764 1993 1837">
     <span class='ocr_line' id='line_1_18' title="bbox 341 1764 1993 1837; baseline -0.002 -16"><span class='ocrx_word' id='word_1_111' title='bbox 341 1765 730 1836; x_wconf 84' lang='lat' dir='ltr'><strong>peccaverint,</strong></span> <span class='ocrx_word' id='word_1_112' title='bbox 763 1781 878 1820; x_wconf 90' lang='lat' dir='ltr'><strong>non</strong></span> <span class='ocrx_word' id='word_1_113' title='bbox 909 1764 1141 1820; x_wconf 88' lang='lat' dir='ltr'><strong>dolent:</strong></span> <span class='ocrx_word' id='word_1_114' title='bbox 1176 1765 1275 1837; x_wconf 90' lang='lat' dir='ltr'><strong>qui</strong></span> <span class='ocrx_word' id='word_1_115' title='bbox 1307 1781 1680 1836; x_wconf 85' lang='lat' dir='ltr'><strong>nequaquam</strong></span> <span class='ocrx_word' id='word_1_116' title='bbox 1735 1765 1993 1820; x_wconf 86' lang='lat' dir='ltr'><strong>sentien-</strong></span> 
     </span>
    </p>
   </div>
   <div class='ocr_carea' id='block_1_19' title="bbox 339 1853 1994 1926">
    <p class='ocr_par' dir='ltr' id='par_1_19' title="bbox 339 1853 1994 1926">
     <span class='ocr_line' id='line_1_19' title="bbox 339 1853 1994 1926; baseline 0 -18"><span class='ocrx_word' id='word_1_117' title='bbox 339 1858 428 1909; x_wconf 87' lang='lat' dir='ltr'><strong>tes</strong></span> <span class='ocrx_word' id='word_1_118' title='bbox 462 1853 693 1908; x_wconf 91' lang='lat' dir='ltr'><strong>ruinam</strong></span> <span class='ocrx_word' id='word_1_119' title='bbox 725 1863 918 1920; x_wconf 87' lang='lat' dir='ltr'><strong>suam,</strong></span> <span class='ocrx_word' id='word_1_120' title='bbox 953 1854 1220 1910; x_wconf 82' lang='lat' dir='ltr'><strong>feruntur</strong></span> <span class='ocrx_word' id='word_1_121' title='bbox 1249 1853 1308 1909; x_wconf 91' lang='lat' dir='ltr'><strong>in</strong></span> <span class='ocrx_word' id='word_1_122' title='bbox 1328 1870 1600 1926; x_wconf 90' lang='lat' dir='ltr'><strong>pronum,</strong></span> <span class='ocrx_word' id='word_1_123' title='bbox 1633 1859 1692 1910; x_wconf 90' lang='lat' dir='ltr'><strong>et</strong></span> <span class='ocrx_word' id='word_1_124' title='bbox 1713 1858 1994 1926; x_wconf 89' lang='lat' dir='ltr'><strong>tanquam</strong></span> 
     </span>
    </p>
   </div>
   <div class='ocr_carea' id='block_1_20' title="bbox 2095 678 3748 763">
    <p class='ocr_par' dir='ltr' id='par_1_20' title="bbox 2095 678 3748 763">
     <span class='ocr_line' id='line_1_20' title="bbox 2095 678 3748 763; baseline -0.007 -14"><span class='ocrx_word' id='word_1_125' title='bbox 2095 695 2336 750; x_wconf 82' lang='lat' dir='ltr'><strong>avaritia</strong></span> <span class='ocrx_word' id='word_1_126' title='bbox 2390 695 2785 763; x_wconf 86' lang='lat' dir='ltr'><strong>nuncupatur,</strong></span> <span class='ocrx_word' id='word_1_127' title='bbox 2845 705 3020 760; x_wconf 88' lang='lat' dir='ltr'><strong>quam</strong></span> <span class='ocrx_word' id='word_1_128' title='bbox 3077 678 3184 744; x_wconf 91' lang='lat' dir='ltr'><strong>nos</strong></span> <span class='ocrx_word' id='word_1_129' title='bbox 3241 700 3584 758; x_wconf 88' lang='lat' dir='ltr'><strong>possumus,</strong></span> <span class='ocrx_word' id='word_1_130' title='bbox 3629 683 3748 737; x_wconf 90' lang='lat' dir='ltr'><strong>vim</strong></span> 
     </span>
    </p>
   </div>
   <div class='ocr_carea' id='block_1_21' title="bbox 2097 771 3752 849">
    <p class='ocr_par' dir='ltr' id='par_1_21' title="bbox 2097 771 3752 849">
     <span class='ocr_line' id='line_1_21' title="bbox 2097 771 3752 849; baseline -0.008 -10"><span class='ocrx_word' id='word_1_131' title='bbox 2097 783 2256 839; x_wconf 85' lang='lat' dir='ltr'><strong>verbi</strong></span> <span class='ocrx_word' id='word_1_132' title='bbox 2317 781 2756 845; x_wconf 84' lang='lat' dir='ltr'><strong>transferentes,</strong></span> <span class='ocrx_word' id='word_1_133' title='bbox 2807 779 2890 834; x_wconf 90' lang='lat' dir='ltr'><strong>sic</strong></span> <span class='ocrx_word' id='word_1_134' title='bbox 2935 779 2995 832; x_wconf 91' lang='lat' dir='ltr'><strong>in</strong></span> <span class='ocrx_word' id='word_1_135' title='bbox 3054 775 3325 849; x_wconf 66' lang='lat' dir='ltr'><strong>prmsenti</strong></span> <span class='ocrx_word' id='word_1_136' title='bbox 3385 774 3510 830; x_wconf 92' lang='lat' dir='ltr'><strong>loco</strong></span> <span class='ocrx_word' id='word_1_137' title='bbox 3565 771 3752 843; x_wconf 85' lang='lat' dir='ltr'><strong>expri-</strong></span> 
     </span>
    </p>
   </div>
   <div class='ocr_carea' id='block_1_22' title="bbox 2099 863 3756 943">
    <p class='ocr_par' dir='ltr' id='par_1_22' title="bbox 2099 863 3756 943">
     <span class='ocr_line' id='line_1_22' title="bbox 2099 863 3756 943; baseline -0.008 -12"><span class='ocrx_word' id='word_1_138' title='bbox 2099 889 2296 931; x_wconf 89' lang='lat' dir='ltr'><strong>mere:</strong></span> <span class='ocrx_word' id='word_1_139' title='bbox 2338 875 2402 931; x_wconf 91' lang='lat' dir='ltr'><strong>Ut</strong></span> <span class='ocrx_word' id='word_1_140' title='bbox 2431 886 2501 927; x_wconf 88' lang='lat' dir='ltr'><strong>ne</strong></span> <span class='ocrx_word' id='word_1_141' title='bbox 2529 873 2652 943; x_wconf 82' lang='lat' dir='ltr'><strong>quis</strong></span> <span class='ocrx_word' id='word_1_142' title='bbox 2697 868 3134 942; x_wconf 86' lang='lat' dir='ltr'><strong>supegrediatur,</strong></span> <span class='ocrx_word' id='word_1_143' title='bbox 3186 871 3237 922; x_wconf 90' lang='lat' dir='ltr'><strong>et</strong></span> <span class='ocrx_word' id='word_1_144' title='bbox 3281 880 3484 921; x_wconf 85' lang='lat' dir='ltr'><strong>avarus</strong></span> <span class='ocrx_word' id='word_1_145' title='bbox 3526 863 3756 933; x_wconf 72' lang='lat' dir='ltr'><strong>fraude!</strong></span> 
     </span>
    </p>
   </div>
   <div class='ocr_carea' id='block_1_23' title="bbox 2101 950 3755 1034">
    <p class='ocr_par' dir='ltr' id='par_1_23' title="bbox 2101 950 3755 1034">
     <span class='ocr_line' id='line_1_23' title="bbox 2101 950 3755 1034; baseline -0.007 -14"><span class='ocrx_word' id='word_1_146' title='bbox 2101 966 2161 1020; x_wconf 87' lang='lat' dir='ltr'><strong>in</strong></span> <span class='ocrx_word' id='word_1_147' title='bbox 2183 965 2399 1034; x_wconf 86' lang='lat' dir='ltr'><strong>negotio</strong></span> <span class='ocrx_word' id='word_1_148' title='bbox 2427 963 2658 1033; x_wconf 81' lang='lat' dir='ltr'><strong>fratrem</strong></span> <span class='ocrx_word' id='word_1_149' title='bbox 2705 976 2887 1016; x_wconf 87' lang='lat' dir='ltr'><strong>suum.</strong></span> <span class='ocrx_word' id='word_1_150' title='bbox 2934 961 3072 1024; x_wconf 57' lang='lat' dir='ltr'><strong>Quae</strong></span> <span class='ocrx_word' id='word_1_151' title='bbox 3121 955 3278 1012; x_wconf 91' lang='lat' dir='ltr'><strong>enim</strong></span> <span class='ocrx_word' id='word_1_152' title='bbox 3335 950 3755 1024; x_wconf 83' lang='lat' dir='ltr'><strong>consequentia</strong></span> 
     </span>
    </p>
   </div>
   <div class='ocr_carea' id='block_1_24' title="bbox 2099 1039 3752 1123">
    <p class='ocr_par' dir='ltr' id='par_1_24' title="bbox 2099 1039 3752 1123">
     <span class='ocr_line' id='line_1_24' title="bbox 2099 1039 3752 1123; baseline -0.008 -13"><span class='ocrx_word' id='word_1_153' title='bbox 2099 1058 2209 1123; x_wconf 92' lang='lat' dir='ltr'><strong>est,</strong></span> <span class='ocrx_word' id='word_1_154' title='bbox 2236 1053 2323 1108; x_wconf 89' lang='lat' dir='ltr'><strong>vel</strong></span> <span class='ocrx_word' id='word_1_155' title='bbox 2356 1053 2413 1107; x_wconf 92' lang='lat' dir='ltr'><strong>in</strong></span> <span class='ocrx_word' id='word_1_156' title='bbox 2446 1051 2549 1107; x_wconf 90' lang='lat' dir='ltr'><strong>illo</strong></span> <span class='ocrx_word' id='word_1_157' title='bbox 2598 1048 2855 1122; x_wconf 89' lang='lat' dir='ltr'><strong>capitulo</strong></span> <span class='ocrx_word' id='word_1_158' title='bbox 2903 1047 3055 1120; x_wconf 79' lang='lat' dir='ltr'><strong>quod</strong></span> <span class='ocrx_word' id='word_1_159' title='bbox 3099 1061 3256 1100; x_wconf 91' lang='lat' dir='ltr'><strong>nunc</strong></span> <span class='ocrx_word' id='word_1_160' title='bbox 3296 1043 3366 1098; x_wconf 89' lang='lat' dir='ltr'><strong>ad</strong></span> <span class='ocrx_word' id='word_1_161' title='bbox 3416 1039 3752 1112; x_wconf 87' lang='lat' dir='ltr'><strong>exemplum</strong></span> 
     </span>
    </p>
   </div>
   <div class='ocr_carea' id='block_1_25' title="bbox 2099 1128 3754 1210">
    <p class='ocr_par' dir='ltr' id='par_1_25' title="bbox 2099 1128 3754 1210">
     <span class='ocr_line' id='line_1_25' title="bbox 2099 1128 3754 1210; baseline -0.008 -12"><span class='ocrx_word' id='word_1_162' title='bbox 2099 1143 2455 1208; x_wconf 89' lang='lat' dir='ltr'><strong>vocavimus,</strong></span> <span class='ocrx_word' id='word_1_163' title='bbox 2485 1139 2573 1195; x_wconf 89' lang='lat' dir='ltr'><strong>vel</strong></span> <span class='ocrx_word' id='word_1_164' title='bbox 2605 1140 2664 1194; x_wconf 90' lang='lat' dir='ltr'><strong>in</strong></span> <span class='ocrx_word' id='word_1_165' title='bbox 2689 1140 2798 1194; x_wconf 92' lang='lat' dir='ltr'><strong>hoc</strong></span> <span class='ocrx_word' id='word_1_166' title='bbox 2830 1137 2984 1210; x_wconf 89' lang='lat' dir='ltr'><strong>quod</strong></span> <span class='ocrx_word' id='word_1_167' title='bbox 3019 1132 3415 1208; x_wconf 88' lang='lat' dir='ltr'><strong>principaliter</strong></span> <span class='ocrx_word' id='word_1_168' title='bbox 3443 1131 3514 1186; x_wconf 91' lang='lat' dir='ltr'><strong>ad</strong></span> <span class='ocrx_word' id='word_1_169' title='bbox 3564 1128 3754 1202; x_wconf 88' lang='lat' dir='ltr'><strong>Ephe-</strong></span> 
     </span>
    </p>
   </div>
   <div class='ocr_carea' id='block_1_26' title="bbox 2101 1218 3756 1300">
    <p class='ocr_par' dir='ltr' id='par_1_26' title="bbox 2101 1218 3756 1300">
     <span class='ocr_line' id='line_1_26' title="bbox 2101 1218 3756 1300; baseline -0.01 -12"><span class='ocrx_word' id='word_1_170' title='bbox 2101 1233 2220 1288; x_wconf 90' lang='lat' dir='ltr'><strong>sios</strong></span> <span class='ocrx_word' id='word_1_171' title='bbox 2254 1247 2534 1287; x_wconf 86' lang='lat' dir='ltr'><strong>conamur</strong></span> <span class='ocrx_word' id='word_1_172' title='bbox 2561 1244 2867 1300; x_wconf 87' lang='lat' dir='ltr'><strong>exponere,</strong></span> <span class='ocrx_word' id='word_1_173' title='bbox 2902 1226 3051 1282; x_wconf 90' lang='lat' dir='ltr'><strong>inter</strong></span> <span class='ocrx_word' id='word_1_174' title='bbox 3077 1221 3509 1296; x_wconf 90' lang='lat' dir='ltr'><strong>impudicitiam</strong></span> <span class='ocrx_word' id='word_1_175' title='bbox 3553 1223 3614 1275; x_wconf 82' lang='lat' dir='ltr'><strong>et</strong></span> <span class='ocrx_word' id='word_1_176' title='bbox 3642 1218 3756 1273; x_wconf 89' lang='lat' dir='ltr'><strong>im-</strong></span> 
     </span>
    </p>
   </div>
   <div class='ocr_carea' id='block_1_27' title="bbox 2102 1308 3756 1387">
    <p class='ocr_par' dir='ltr' id='par_1_27' title="bbox 2102 1308 3756 1387">
     <span class='ocr_line' id='line_1_27' title="bbox 2102 1308 3756 1387; baseline -0.009 -11"><span class='ocrx_word' id='word_1_177' title='bbox 2102 1321 2480 1385; x_wconf 84' lang='lat' dir='ltr'><strong>munditiam,</strong></span> <span class='ocrx_word' id='word_1_178' title='bbox 2515 1317 2843 1374; x_wconf 87' lang='lat' dir='ltr'><strong>castitatem</strong></span> <span class='ocrx_word' id='word_1_179' title='bbox 2875 1330 3109 1387; x_wconf 88' lang='lat' dir='ltr'><strong>quoque</strong></span> <span class='ocrx_word' id='word_1_180' title='bbox 3134 1315 3192 1368; x_wconf 88' lang='lat' dir='ltr'><strong>et</strong></span> <span class='ocrx_word' id='word_1_181' title='bbox 3222 1311 3494 1366; x_wconf 73' lang='lat' dir='ltr'><strong>affectum</strong></span> <span class='ocrx_word' id='word_1_182' title='bbox 3548 1308 3756 1379; x_wconf 89' lang='lat' dir='ltr'><strong>conju-</strong></span> 
     </span>
    </p>
   </div>
   <div class='ocr_carea' id='block_1_28' title="bbox 2097 1396 3754 1480">
    <p class='ocr_par' dir='ltr' id='par_1_28' title="bbox 2097 1396 3754 1480">
     <span class='ocr_line' id='line_1_28' title="bbox 2097 1396 3754 1480; baseline -0.009 -15"><span class='ocrx_word' id='word_1_183' title='bbox 2097 1409 2314 1480; x_wconf 85' lang='lat' dir='ltr'><strong>galem,</strong></span> <span class='ocrx_word' id='word_1_184' title='bbox 2347 1405 2802 1463; x_wconf 82' lang='lat' dir='ltr'><strong>extraordinarie</strong></span> <span class='ocrx_word' id='word_1_185' title='bbox 2832 1407 3069 1476; x_wconf 91' lang='lat' dir='ltr'><strong>repente</strong></span> <span class='ocrx_word' id='word_1_186' title='bbox 3090 1400 3391 1457; x_wconf 83' lang='lat' dir='ltr'><strong>avaritiam</strong></span> <span class='ocrx_word' id='word_1_187' title='bbox 3412 1396 3702 1453; x_wconf 89' lang='lat' dir='ltr'><strong>dominari</strong></span> <span class='ocrx_word' id='word_1_188' title='bbox 3725 1397 3754 1451; x_wconf 82' lang='lat'><strong>?</strong></span> 
     </span>
    </p>
   </div>
   <div class='ocr_carea' id='block_1_29' title="bbox 2100 1486 3748 1561">
    <p class='ocr_par' dir='ltr' id='par_1_29' title="bbox 2100 1486 3748 1561">
     <span class='ocr_line' id='line_1_29' title="bbox 2100 1486 3748 1561; baseline -0.008 -6"><span class='ocrx_word' id='word_1_189' title='bbox 2100 1501 2224 1555; x_wconf 91' lang='lat' dir='ltr'><strong>Non</strong></span> <span class='ocrx_word' id='word_1_190' title='bbox 2258 1497 2423 1554; x_wconf 88' lang='lat' dir='ltr'><strong>vobis</strong></span> <span class='ocrx_word' id='word_1_191' title='bbox 2453 1495 2767 1552; x_wconf 89' lang='lat' dir='ltr'><strong>molestum</strong></span> <span class='ocrx_word' id='word_1_192' title='bbox 2798 1494 2894 1561; x_wconf 89' lang='lat' dir='ltr'><strong>sit,</strong></span> <span class='ocrx_word' id='word_1_193' title='bbox 2947 1492 2994 1548; x_wconf 91' lang='lat' dir='ltr'><strong>si</strong></span> <span class='ocrx_word' id='word_1_194' title='bbox 3041 1491 3139 1546; x_wconf 92' lang='lat' dir='ltr'><strong>diu</strong></span> <span class='ocrx_word' id='word_1_195' title='bbox 3189 1489 3248 1544; x_wconf 91' lang='lat' dir='ltr'><strong>in</strong></span> <span class='ocrx_word' id='word_1_196' title='bbox 3309 1486 3748 1544; x_wconf 83' lang='lat' dir='ltr'><strong>obscurioribus</strong></span> 
     </span>
    </p>
   </div>
   <div class='ocr_carea' id='block_1_30' title="bbox 2103 1574 3750 1653">
    <p class='ocr_par' dir='ltr' id='par_1_30' title="bbox 2103 1574 3750 1653">
     <span class='ocr_line' id='line_1_30' title="bbox 2103 1574 3750 1653; baseline -0.009 -10"><span class='ocrx_word' id='word_1_197' title='bbox 2103 1589 2526 1644; x_wconf 89' lang='lat' dir='ltr'><strong>immoremur:</strong></span> <span class='ocrx_word' id='word_1_198' title='bbox 2563 1585 2787 1641; x_wconf 89' lang='lat' dir='ltr'><strong>causati</strong></span> <span class='ocrx_word' id='word_1_199' title='bbox 2813 1581 2969 1638; x_wconf 91' lang='lat' dir='ltr'><strong>enim</strong></span> <span class='ocrx_word' id='word_1_200' title='bbox 3000 1582 3059 1636; x_wconf 90' lang='lat' dir='ltr'><strong>in</strong></span> <span class='ocrx_word' id='word_1_201' title='bbox 3087 1578 3370 1653; x_wconf 88' lang='lat' dir='ltr'><strong>principio</strong></span> <span class='ocrx_word' id='word_1_202' title='bbox 3389 1591 3622 1639; x_wconf 87' lang='lat' dir='ltr'><strong>sumus,</strong></span> <span class='ocrx_word' id='word_1_203' title='bbox 3654 1574 3750 1629; x_wconf 84' lang='lat' dir='ltr'><strong>in-</strong></span> 
     </span>
    </p>
   </div>
   <div class='ocr_carea' id='block_1_31' title="bbox 2102 1665 3754 1745">
    <p class='ocr_par' dir='ltr' id='par_1_31' title="bbox 2102 1665 3754 1745">
     <span class='ocr_line' id='line_1_31' title="bbox 2102 1665 3754 1745; baseline -0.009 -12"><span class='ocrx_word' id='word_1_204' title='bbox 2102 1683 2189 1735; x_wconf 90' lang='lat' dir='ltr'><strong>ter</strong></span> <span class='ocrx_word' id='word_1_205' title='bbox 2221 1694 2428 1734; x_wconf 89' lang='lat' dir='ltr'><strong>omnes</strong></span> <span class='ocrx_word' id='word_1_206' title='bbox 2460 1674 2622 1731; x_wconf 88' lang='lat' dir='ltr'><strong>Pauli</strong></span> <span class='ocrx_word' id='word_1_207' title='bbox 2671 1672 2981 1745; x_wconf 85' lang='lat' dir='ltr'><strong>Epistolas,</strong></span> <span class='ocrx_word' id='word_1_208' title='bbox 3033 1671 3183 1726; x_wconf 90' lang='lat' dir='ltr'><strong>hanc</strong></span> <span class='ocrx_word' id='word_1_209' title='bbox 3233 1667 3321 1723; x_wconf 77' lang='lat' dir='ltr'><strong>vel</strong></span> <span class='ocrx_word' id='word_1_210' title='bbox 3380 1665 3635 1722; x_wconf 82' lang='lat' dir='ltr'><strong>maxime</strong></span> <span class='ocrx_word' id='word_1_211' title='bbox 3696 1666 3754 1720; x_wconf 89' lang='lat' dir='ltr'><strong>et</strong></span> 
     </span>
    </p>
   </div>
   <div class='ocr_carea' id='block_1_32' title="bbox 2103 1761 3084 1837">
    <p class='ocr_par' dir='ltr' id='par_1_32' title="bbox 2103 1761 3084 1837">
     <span class='ocr_line' id='line_1_32' title="bbox 2103 1761 3084 1837; baseline -0.011 -12"><span class='ocrx_word' id='word_1_212' title='bbox 2103 1770 2316 1837; x_wconf 90' lang='lat' dir='ltr'><strong>verbis,</strong></span> <span class='ocrx_word' id='word_1_213' title='bbox 2349 1772 2407 1822; x_wconf 89' lang='lat' dir='ltr'><strong>et</strong></span> <span class='ocrx_word' id='word_1_214' title='bbox 2436 1765 2708 1822; x_wconf 90' lang='lat' dir='ltr'><strong>sensibus</strong></span> <span class='ocrx_word' id='word_1_215' title='bbox 2739 1761 3084 1818; x_wconf 87' lang='lat' dir='ltr'><strong>involutam.</strong></span> 
     </span>
    </p>
   </div>
   <div class='ocr_carea' id='block_1_33' title="bbox 2181 1842 3755 1931">
    <p class='ocr_par' dir='ltr' id='par_1_33' title="bbox 2181 1842 3755 1931">
     <span class='ocr_line' id='line_1_33' title="bbox 2181 1842 3755 1931; baseline -0.011 -19"><span class='ocrx_word' id='word_1_216' title='bbox 2181 1858 2365 1931; x_wconf 86' lang='lat' dir='ltr'><strong>(Vere.</strong></span> <span class='ocrx_word' id='word_1_217' title='bbox 2399 1856 2513 1928; x_wconf 83' lang='lat'><strong>20.)</strong></span> <span class='ocrx_word' id='word_1_218' title='bbox 2537 1877 2564 1904; x_wconf 90' lang='grc'><strong>‹‹</strong></span> <span class='ocrx_word' id='word_1_219' title='bbox 2599 1853 2713 1909; x_wconf 89' lang='lat' dir='ltr'><strong>Vos</strong></span> <span class='ocrx_word' id='word_1_220' title='bbox 2745 1856 2939 1908; x_wconf 89' lang='lat' dir='ltr'><strong>autem</strong></span> <span class='ocrx_word' id='word_1_221' title='bbox 2974 1866 3089 1905; x_wconf 89' lang='lat' dir='ltr'><strong>non</strong></span> <span class='ocrx_word' id='word_1_222' title='bbox 3119 1847 3201 1903; x_wconf 89' lang='lat' dir='ltr'><strong>ita</strong></span> <span class='ocrx_word' id='word_1_223' title='bbox 3248 1843 3539 1901; x_wconf 87' lang='lat' dir='ltr'><strong>didicistis</strong></span> <span class='ocrx_word' id='word_1_224' title='bbox 3588 1842 3755 1900; x_wconf 89' lang='lat' dir='ltr'><strong>Chri-</strong></span> 
     </span>
    </p>
   </div>
   <div class='ocr_carea' id='block_1_34' title="bbox 337 1931 3754 2033">
    <p class='ocr_par' dir='ltr' id='par_1_34' title="bbox 337 1931 3754 2033">
     <span class='ocr_line' id='line_1_34' title="bbox 337 1931 3754 2033; baseline -0.004 -34"><span class='ocrx_word' id='word_1_225' title='bbox 337 1942 548 2033; x_wconf 73' lang='lat' dir='ltr'><strong>bestite</strong></span> <span class='ocrx_word' id='word_1_226' title='bbox 575 1943 794 2033; x_wconf 84' lang='lat' dir='ltr'><strong>ferrum</strong></span> <span class='ocrx_word' id='word_1_227' title='bbox 843 1942 1124 2033; x_wconf 89' lang='lat' dir='ltr'><strong>videntes,</strong></span> <span class='ocrx_word' id='word_1_228' title='bbox 1149 2032 1156 2033; x_wconf 11' lang='grc' dir='ltr'>ί</span> <span class='ocrx_word' id='word_1_229' title='bbox 1183 1945 1242 1998; x_wconf 92' lang='lat' dir='ltr'><strong>in</strong></span> <span class='ocrx_word' id='word_1_230' title='bbox 1293 1949 1540 2000; x_wconf 88' lang='lat' dir='ltr'><strong>mortem</strong></span> <span class='ocrx_word' id='word_1_231' title='bbox 1589 1949 1790 2033; x_wconf 84' lang='lat' dir='ltr'><strong>ruunt.</strong></span> <span class='ocrx_word' id='word_1_232' title='bbox 1844 1943 1996 2033; x_wconf 85' lang='lat' dir='ltr'><strong>Pone</strong></span> <span class='ocrx_word' id='word_1_233' title='bbox 2029 1967 2076 2033; x_wconf 80' lang='grc' dir='ltr'><strong>Β</strong></span> <span class='ocrx_word' id='word_1_234' title='bbox 2107 1954 2288 2017; x_wconf 91' lang='lat' dir='ltr'><strong>stum,</strong></span> <span class='ocrx_word' id='word_1_235' title='bbox 2309 1947 2356 2003; x_wconf 90' lang='lat' dir='ltr'><strong>si</strong></span> <span class='ocrx_word' id='word_1_236' title='bbox 2390 1951 2584 2001; x_wconf 80' lang='lat' dir='ltr'><strong>tamen</strong></span> <span class='ocrx_word' id='word_1_237' title='bbox 2618 1942 2784 1998; x_wconf 91' lang='lat' dir='ltr'><strong>illum</strong></span> <span class='ocrx_word' id='word_1_238' title='bbox 2817 1939 3071 1997; x_wconf 88' lang='lat' dir='ltr'><strong>audistis</strong></span> <span class='ocrx_word' id='word_1_239' title='bbox 3093 1941 3149 1993; x_wconf 90' lang='lat' dir='ltr'><strong>et</strong></span> <span class='ocrx_word' id='word_1_240' title='bbox 3173 1937 3232 1992; x_wconf 93' lang='lat' dir='ltr'><strong>in</strong></span> <span class='ocrx_word' id='word_1_241' title='bbox 3255 1933 3522 1990; x_wconf 83' lang='lat' dir='ltr'><strong>illodocti</strong></span> <span class='ocrx_word' id='word_1_242' title='bbox 3547 1931 3754 1988; x_wconf 64' lang='lat' dir='ltr'><strong>estis.»</strong></span> 
     </span>
    </p>
   </div>
   <div class='ocr_carea' id='block_1_35' title="bbox 339 2031 1997 2104">
    <p class='ocr_par' dir='ltr' id='par_1_35' title="bbox 339 2031 1997 2104">
     <span class='ocr_line' id='line_1_35' title="bbox 339 2031 1997 2104; baseline -0.002 -14"><span class='ocrx_word' id='word_1_243' title='bbox 339 2031 486 2090; x_wconf 88' lang='lat' dir='ltr'><strong>mihi</strong></span> <span class='ocrx_word' id='word_1_244' title='bbox 520 2032 668 2087; x_wconf 90' lang='lat' dir='ltr'><strong>duos</strong></span> <span class='ocrx_word' id='word_1_245' title='bbox 697 2031 754 2086; x_wconf 91' lang='lat' dir='ltr'><strong>in</strong></span> <span class='ocrx_word' id='word_1_246' title='bbox 809 2048 926 2087; x_wconf 92' lang='lat' dir='ltr'><strong>uno</strong></span> <span class='ocrx_word' id='word_1_247' title='bbox 957 2032 1096 2088; x_wconf 90' lang='lat' dir='ltr'><strong>vitio</strong></span> <span class='ocrx_word' id='word_1_248' title='bbox 1129 2032 1560 2104; x_wconf 89' lang='lat' dir='ltr'><strong>deprehensos:</strong></span> <span class='ocrx_word' id='word_1_249' title='bbox 1596 2032 1842 2089; x_wconf 88' lang='lat' dir='ltr'><strong>alterum</strong></span> <span class='ocrx_word' id='word_1_250' title='bbox 1898 2032 1997 2103; x_wconf 91' lang='lat' dir='ltr'><strong>qui</strong></span> 
     </span>
    </p>
   </div>
   <div class='ocr_carea' id='block_1_36' title="bbox 337 2119 2002 2193">
    <p class='ocr_par' dir='ltr' id='par_1_36' title="bbox 337 2119 2002 2193">
     <span class='ocr_line' id='line_1_36' title="bbox 337 2119 2002 2193; baseline 0.001 -18"><span class='ocrx_word' id='word_1_251' title='bbox 337 2119 656 2192; x_wconf 84' lang='lat' dir='ltr'><strong>intelligat,</strong></span> <span class='ocrx_word' id='word_1_252' title='bbox 691 2119 1052 2193; x_wconf 86' lang='lat' dir='ltr'><strong>plangatque</strong></span> <span class='ocrx_word' id='word_1_253' title='bbox 1083 2122 1235 2192; x_wconf 91' lang='lat' dir='ltr'><strong>quod</strong></span> <span class='ocrx_word' id='word_1_254' title='bbox 1273 2121 1406 2178; x_wconf 83' lang='lat' dir='ltr'><strong>fecit</strong></span> <span class='ocrx_word' id='word_1_255' title='bbox 1454 2121 1704 2178; x_wconf 87' lang='lat' dir='ltr'><strong>alterum</strong></span> <span class='ocrx_word' id='word_1_256' title='bbox 1747 2122 1848 2193; x_wconf 90' lang='lat' dir='ltr'><strong>qui</strong></span> <span class='ocrx_word' id='word_1_257' title='bbox 1901 2122 2002 2177; x_wconf 77' lang='lat' dir='ltr'><strong>de-</strong></span> 
     </span>
    </p>
   </div>
   <div class='ocr_carea' id='block_1_37' title="bbox 337 2207 2000 2279">
    <p class='ocr_par' dir='ltr' id='par_1_37' title="bbox 337 2207 2000 2279">
     <span class='ocr_line' id='line_1_37' title="bbox 337 2207 2000 2279; baseline 0.003 -16"><span class='ocrx_word' id='word_1_258' title='bbox 337 2207 593 2265; x_wconf 88' lang='lat' dir='ltr'><strong>lectetur</strong></span> <span class='ocrx_word' id='word_1_259' title='bbox 624 2209 682 2264; x_wconf 92' lang='lat' dir='ltr'><strong>in</strong></span> <span class='ocrx_word' id='word_1_260' title='bbox 715 2209 949 2275; x_wconf 85' lang='lat' dir='ltr'><strong>scelere,</strong></span> <span class='ocrx_word' id='word_1_261' title='bbox 983 2215 1040 2264; x_wconf 91' lang='lat' dir='ltr'><strong>et</strong></span> <span class='ocrx_word' id='word_1_262' title='bbox 1071 2227 1184 2266; x_wconf 89' lang='lat' dir='ltr'><strong>non</strong></span> <span class='ocrx_word' id='word_1_263' title='bbox 1209 2212 1402 2267; x_wconf 87' lang='lat' dir='ltr'><strong>solum</strong></span> <span class='ocrx_word' id='word_1_264' title='bbox 1434 2229 1548 2266; x_wconf 89' lang='lat' dir='ltr'><strong>non</strong></span> <span class='ocrx_word' id='word_1_265' title='bbox 1573 2212 1778 2279; x_wconf 90' lang='lat' dir='ltr'><strong>doleet,</strong></span> <span class='ocrx_word' id='word_1_266' title='bbox 1799 2229 2000 2268; x_wconf 90' lang='lat' dir='ltr'><strong>verum</strong></span> 
     </span>
    </p>
   </div>
   <div class='ocr_carea' id='block_1_38' title="bbox 338 2297 2000 2374">
    <p class='ocr_par' dir='ltr' id='par_1_38' title="bbox 338 2297 2000 2374">
     <span class='ocr_line' id='line_1_38' title="bbox 338 2297 2000 2374; baseline 0.002 -21"><span class='ocrx_word' id='word_1_267' title='bbox 338 2298 519 2353; x_wconf 89' lang='lat' dir='ltr'><strong>etiam</strong></span> <span class='ocrx_word' id='word_1_268' title='bbox 553 2297 854 2370; x_wconf 85' lang='lat' dir='ltr'><strong>glorietur,</strong></span> <span class='ocrx_word' id='word_1_269' title='bbox 887 2304 946 2354; x_wconf 91' lang='lat' dir='ltr'><strong>et</strong></span> <span class='ocrx_word' id='word_1_270' title='bbox 962 2303 1124 2370; x_wconf 90' lang='lat' dir='ltr'><strong>putet</strong></span> <span class='ocrx_word' id='word_1_271' title='bbox 1145 2315 1206 2356; x_wconf 91' lang='lat' dir='ltr'><strong>se</strong></span> <span class='ocrx_word' id='word_1_272' title='bbox 1228 2302 1544 2372; x_wconf 90' lang='lat' dir='ltr'><strong>quamdam</strong></span> <span class='ocrx_word' id='word_1_273' title='bbox 1569 2301 2000 2374; x_wconf 85' lang='lat' dir='ltr'><strong>turpitudinum</strong></span> 
     </span>
    </p>
   </div>
   <div class='ocr_carea' id='block_1_39' title="bbox 345 2386 2003 2459">
    <p class='ocr_par' dir='ltr' id='par_1_39' title="bbox 345 2386 2003 2459">
     <span class='ocr_line' id='line_1_39' title="bbox 345 2386 2003 2459; baseline 0.002 -17"><span class='ocrx_word' id='word_1_274' title='bbox 345 2386 604 2459; x_wconf 85' lang='lat' dir='ltr'><strong>palmam</strong></span> <span class='ocrx_word' id='word_1_275' title='bbox 639 2391 696 2442; x_wconf 89' lang='lat' dir='ltr'><strong>et</strong></span> <span class='ocrx_word' id='word_1_276' title='bbox 725 2387 1027 2443; x_wconf 88' lang='lat' dir='ltr'><strong>victoriam</strong></span> <span class='ocrx_word' id='word_1_277' title='bbox 1058 2395 1439 2444; x_wconf 89' lang='lat' dir='ltr'><strong>consecutum</strong></span> <span class='ocrx_word' id='word_1_278' title='bbox 1469 2407 1480 2445; x_wconf 93' lang='lat'><strong>:</strong></span> <span class='ocrx_word' id='word_1_279' title='bbox 1509 2408 1702 2446; x_wconf 85' lang='lat' dir='ltr'><strong>nonne</strong></span> <span class='ocrx_word' id='word_1_280' title='bbox 1732 2390 2003 2446; x_wconf 89' lang='lat' dir='ltr'><strong>tibivide—</strong></span> 
     </span>
    </p>
   </div>
   <div class='ocr_carea' id='block_1_40' title="bbox 345 2475 2002 2552">
    <p class='ocr_par' dir='ltr' id='par_1_40' title="bbox 345 2475 2002 2552">
     <span class='ocr_line' id='line_1_40' title="bbox 345 2475 2002 2552; baseline 0.002 -22"><span class='ocrx_word' id='word_1_281' title='bbox 345 2480 444 2530; x_wconf 87' lang='lat' dir='ltr'><strong>tur</strong></span> <span class='ocrx_word' id='word_1_282' title='bbox 477 2475 571 2531; x_wconf 92' lang='lat' dir='ltr'><strong>ille</strong></span> <span class='ocrx_word' id='word_1_283' title='bbox 604 2475 820 2543; x_wconf 89' lang='lat' dir='ltr'><strong>dolere,</strong></span> <span class='ocrx_word' id='word_1_284' title='bbox 854 2482 913 2531; x_wconf 90' lang='lat' dir='ltr'><strong>et</strong></span> <span class='ocrx_word' id='word_1_285' title='bbox 941 2478 1034 2532; x_wconf 92' lang='lat' dir='ltr'><strong>hic</strong></span> <span class='ocrx_word' id='word_1_286' title='bbox 1069 2478 1299 2548; x_wconf 89' lang='lat' dir='ltr'><strong>penitus</strong></span> <span class='ocrx_word' id='word_1_287' title='bbox 1342 2495 1457 2534; x_wconf 91' lang='lat' dir='ltr'><strong>non</strong></span> <span class='ocrx_word' id='word_1_288' title='bbox 1509 2479 1703 2535; x_wconf 90' lang='lat' dir='ltr'><strong>dolere</strong></span> <span class='ocrx_word' id='word_1_289' title='bbox 1725 2481 1752 2535; x_wconf 86' lang='lat'><strong>?</strong></span> <span class='ocrx_word' id='word_1_290' title='bbox 1799 2479 2002 2552; x_wconf 87' lang='lat' dir='ltr'><strong>Expri-</strong></span> 
     </span>
    </p>
   </div>
   <div class='ocr_carea' id='block_1_41' title="bbox 347 2565 2003 2636">
    <p class='ocr_par' dir='ltr' id='par_1_41' title="bbox 347 2565 2003 2636">
     <span class='ocr_line' id='line_1_41' title="bbox 347 2565 2003 2636; baseline 0.001 -16"><span class='ocrx_word' id='word_1_291' title='bbox 347 2581 585 2620; x_wconf 88' lang='lat' dir='ltr'><strong>mamus</strong></span> <span class='ocrx_word' id='word_1_292' title='bbox 608 2565 657 2620; x_wconf 91' lang='lat' dir='ltr'><strong>si</strong></span> <span class='ocrx_word' id='word_1_293' title='bbox 699 2565 1019 2636; x_wconf 88' lang='lat' dir='ltr'><strong>possimus,</strong></span> <span class='ocrx_word' id='word_1_294' title='bbox 1053 2567 1293 2622; x_wconf 87' lang='lat' dir='ltr'><strong>verbum</strong></span> <span class='ocrx_word' id='word_1_295' title='bbox 1325 2569 1396 2623; x_wconf 90' lang='lat' dir='ltr'><strong>de</strong></span> <span class='ocrx_word' id='word_1_296' title='bbox 1426 2569 1598 2623; x_wconf 89' lang='lat' dir='ltr'><strong>verbo</strong></span> <span class='ocrx_word' id='word_1_297' title='bbox 1629 2573 1685 2624; x_wconf 89' lang='lat' dir='ltr'><strong>et</strong></span> <span class='ocrx_word' id='word_1_298' title='bbox 1735 2568 2003 2623; x_wconf 88' lang='lat' dir='ltr'><strong>dicamus</strong></span> 
     </span>
    </p>
   </div>
   <div class='ocr_carea' id='block_1_42' title="bbox 355 2649 2006 2726">
    <p class='ocr_par' dir='ltr' id='par_1_42' title="bbox 355 2649 2006 2726">
     <span class='ocr_line' id='line_1_42' title="bbox 355 2649 2006 2726; baseline 0.004 -21"><span class='ocrx_word' id='word_1_299' title='bbox 355 2649 766 2726; x_wconf 78' lang='grc' dir='ltr'>ἀπηλγηκότες,</span> <span class='ocrx_word' id='word_1_300' title='bbox 835 2654 1156 2720; x_wconf 82' lang='lat' dir='ltr'><strong>indolentes,</strong></span> <span class='ocrx_word' id='word_1_301' title='bbox 1205 2655 1323 2711; x_wconf 91' lang='lat' dir='ltr'><strong>sive</strong></span> <span class='ocrx_word' id='word_1_302' title='bbox 1369 2656 1685 2712; x_wconf 85' lang='lat' dir='ltr'><strong>indolorios.</strong></span> <span class='ocrx_word' id='word_1_303' title='bbox 1746 2656 1890 2712; x_wconf 89' lang='lat' dir='ltr'><strong>Nam</strong></span> <span class='ocrx_word' id='word_1_304' title='bbox 1949 2658 2006 2712; x_wconf 88' lang='lat' dir='ltr'><strong>et</strong></span> 
     </span>
    </p>
   </div>
   <div class='ocr_carea' id='block_1_43' title="bbox 352 2741 2005 2818">
    <p class='ocr_par' dir='ltr' id='par_1_43' title="bbox 352 2741 2005 2818">
     <span class='ocr_line' id='line_1_43' title="bbox 352 2741 2005 2818; baseline 0.003 -21"><span class='ocrx_word' id='word_1_305' title='bbox 352 2741 596 2816; x_wconf 88' lang='lat' dir='ltr'><strong>quidam</strong></span> <span class='ocrx_word' id='word_1_306' title='bbox 630 2742 1115 2815; x_wconf 88' lang='lat' dir='ltr'><strong>philosophorum</strong></span> <span class='ocrx_word' id='word_1_307' title='bbox 1146 2742 1522 2818; x_wconf 78' lang='grc' dir='ltr'>ἀπηλγησὶαν,</span> <span class='ocrx_word' id='word_1_308' title='bbox 1549 2746 1604 2800; x_wconf 88' lang='lat' dir='ltr'><strong>id</strong></span> <span class='ocrx_word' id='word_1_309' title='bbox 1647 2750 1756 2811; x_wconf 92' lang='lat' dir='ltr'><strong>est,</strong></span> <span class='ocrx_word' id='word_1_310' title='bbox 1789 2746 2005 2802; x_wconf 83' lang='lat' dir='ltr'><strong>indolo-</strong></span> 
     </span>
    </p>
   </div>
   <div class='ocr_carea' id='block_1_44' title="bbox 352 2832 2008 2905">
    <p class='ocr_par' dir='ltr' id='par_1_44' title="bbox 352 2832 2008 2905">
     <span class='ocr_line' id='line_1_44' title="bbox 352 2832 2008 2905; baseline 0.002 -19"><span class='ocrx_word' id='word_1_311' title='bbox 352 2833 504 2887; x_wconf 87' lang='lat' dir='ltr'><strong>riam</strong></span> <span class='ocrx_word' id='word_1_312' title='bbox 541 2832 872 2903; x_wconf 82' lang='lat' dir='ltr'><strong>praedicavit</strong></span> <span class='ocrx_word' id='word_1_313' title='bbox 901 2837 946 2889; x_wconf 70' lang='grc' dir='ltr'><strong>ί.</strong></span> <span class='ocrx_word' id='word_1_314' title='bbox 983 2835 1047 2888; x_wconf 76' lang='lat' dir='ltr'><strong>lii</strong></span> <span class='ocrx_word' id='word_1_315' title='bbox 1080 2834 1179 2905; x_wconf 89' lang='lat' dir='ltr'><strong>qui</strong></span> <span class='ocrx_word' id='word_1_316' title='bbox 1221 2840 1463 2891; x_wconf 88' lang='lat' dir='ltr'><strong>naturas</strong></span> <span class='ocrx_word' id='word_1_317' title='bbox 1511 2835 1702 2891; x_wconf 89' lang='lat' dir='ltr'><strong>varias</strong></span> <span class='ocrx_word' id='word_1_318' title='bbox 1747 2835 2008 2890; x_wconf 86' lang='lat' dir='ltr'><strong>introdu-</strong></span> 
     </span>
    </p>
   </div>
   <div class='ocr_carea' id='block_1_45' title="bbox 351 2921 2005 2994">
    <p class='ocr_par' dir='ltr' id='par_1_45' title="bbox 351 2921 2005 2994">
     <span class='ocr_line' id='line_1_45' title="bbox 351 2921 2005 2994; baseline 0.001 -17"><span class='ocrx_word' id='word_1_319' title='bbox 351 2925 516 2989; x_wconf 90' lang='lat' dir='ltr'><strong>cunt,</strong></span> <span class='ocrx_word' id='word_1_320' title='bbox 549 2921 736 2976; x_wconf 86' lang='lat' dir='ltr'><strong>sciant</strong></span> <span class='ocrx_word' id='word_1_321' title='bbox 766 2927 1075 2994; x_wconf 87' lang='lat' dir='ltr'><strong>propterea</strong></span> <span class='ocrx_word' id='word_1_322' title='bbox 1133 2928 1334 2993; x_wconf 83' lang='lat' dir='ltr'><strong>gentes</strong></span> <span class='ocrx_word' id='word_1_323' title='bbox 1392 2925 1451 2980; x_wconf 91' lang='lat' dir='ltr'><strong>in</strong></span> <span class='ocrx_word' id='word_1_324' title='bbox 1497 2924 1751 2980; x_wconf 88' lang='lat' dir='ltr'><strong>vanitate</strong></span> <span class='ocrx_word' id='word_1_325' title='bbox 1796 2941 2005 2980; x_wconf 84' lang='lat' dir='ltr'><strong>sensus</strong></span> 
     </span>
    </p>
   </div>
   <div class='ocr_carea' id='block_1_46' title="bbox 357 3010 2006 3086">
    <p class='ocr_par' dir='ltr' id='par_1_46' title="bbox 357 3010 2006 3086">
     <span class='ocr_line' id='line_1_46' title="bbox 357 3010 2006 3086; baseline 0.002 -20"><span class='ocrx_word' id='word_1_326' title='bbox 357 3010 692 3066; x_wconf 83' lang='lat' dir='ltr'><strong>obscuratis</strong></span> <span class='ocrx_word' id='word_1_327' title='bbox 717 3011 1014 3067; x_wconf 89' lang='lat' dir='ltr'><strong>mentibus</strong></span> <span class='ocrx_word' id='word_1_328' title='bbox 1044 3013 1368 3083; x_wconf 87' lang='lat' dir='ltr'><strong>ambulare,</strong></span> <span class='ocrx_word' id='word_1_329' title='bbox 1403 3015 1543 3085; x_wconf 88' lang='lat' dir='ltr'><strong>quia</strong></span> <span class='ocrx_word' id='word_1_330' title='bbox 1571 3013 1911 3086; x_wconf 63' lang='lat' dir='ltr'><strong>ignorantiae</strong></span> <span class='ocrx_word' id='word_1_331' title='bbox 1943 3030 2006 3069; x_wconf 90' lang='lat' dir='ltr'><strong>se</strong></span> 
     </span>
    </p>
   </div>
   <div class='ocr_carea' id='block_1_47' title="bbox 353 3100 2007 3174">
    <p class='ocr_par' dir='ltr' id='par_1_47' title="bbox 353 3100 2007 3174">
     <span class='ocr_line' id='line_1_47' title="bbox 353 3100 2007 3174; baseline 0.001 -19"><span class='ocrx_word' id='word_1_332' title='bbox 353 3104 412 3155; x_wconf 92' lang='lat' dir='ltr'><strong>et</strong></span> <span class='ocrx_word' id='word_1_333' title='bbox 443 3100 687 3155; x_wconf 65' lang='lat' dir='ltr'><strong>caecitati</strong></span> <span class='ocrx_word' id='word_1_334' title='bbox 720 3100 1008 3156; x_wconf 89' lang='lat' dir='ltr'><strong>dederint.</strong></span> <span class='ocrx_word' id='word_1_335' title='bbox 1034 3101 1215 3158; x_wconf 87' lang='lat' dir='ltr'><strong>Nemo</strong></span> <span class='ocrx_word' id='word_1_336' title='bbox 1247 3102 1403 3158; x_wconf 91' lang='lat' dir='ltr'><strong>enim</strong></span> <span class='ocrx_word' id='word_1_337' title='bbox 1426 3103 1734 3174; x_wconf 88' lang='lat' dir='ltr'><strong>imperitus</strong></span> <span class='ocrx_word' id='word_1_338' title='bbox 1756 3102 2007 3174; x_wconf 87' lang='lat' dir='ltr'><strong>appella-</strong></span> 
     </span>
    </p>
   </div>
   <div class='ocr_carea' id='block_1_48' title="bbox 354 3189 2003 3264">
    <p class='ocr_par' dir='ltr' id='par_1_48' title="bbox 354 3189 2003 3264">
     <span class='ocr_line' id='line_1_48' title="bbox 354 3189 2003 3264; baseline 0.001 -21"><span class='ocrx_word' id='word_1_339' title='bbox 354 3191 456 3243; x_wconf 87' lang='lat' dir='ltr'><strong>tur</strong></span> <span class='ocrx_word' id='word_1_340' title='bbox 484 3190 540 3244; x_wconf 91' lang='lat' dir='ltr'><strong>et</strong></span> <span class='ocrx_word' id='word_1_341' title='bbox 573 3205 779 3260; x_wconf 70' lang='lat' dir='ltr'><strong>caecus,</strong></span> <span class='ocrx_word' id='word_1_342' title='bbox 814 3189 928 3246; x_wconf 90' lang='lat' dir='ltr'><strong>nisi</strong></span> <span class='ocrx_word' id='word_1_343' title='bbox 965 3191 1016 3248; x_wconf 82' lang='lat' dir='ltr'><strong>is</strong></span> <span class='ocrx_word' id='word_1_344' title='bbox 1048 3191 1148 3263; x_wconf 90' lang='lat' dir='ltr'><strong>qui</strong></span> <span class='ocrx_word' id='word_1_345' title='bbox 1180 3207 1531 3263; x_wconf 86' lang='lat' dir='ltr'><strong>cognoscere</strong></span> <span class='ocrx_word' id='word_1_346' title='bbox 1583 3197 1773 3264; x_wconf 87' lang='lat' dir='ltr'><strong>potest</strong></span> <span class='ocrx_word' id='word_1_347' title='bbox 1813 3197 1872 3247; x_wconf 87' lang='lat' dir='ltr'><strong>et</strong></span> <span class='ocrx_word' id='word_1_348' title='bbox 1919 3191 2003 3246; x_wconf 82' lang='lat' dir='ltr'><strong>vi-</strong></span> 
     </span>
    </p>
   </div>
   <div class='ocr_carea' id='block_1_49' title="bbox 349 3278 2003 3353">
    <p class='ocr_par' dir='ltr' id='par_1_49' title="bbox 349 3278 2003 3353">
     <span class='ocr_line' id='line_1_49' title="bbox 349 3278 2003 3353; baseline 0.002 -20"><span class='ocrx_word' id='word_1_349' title='bbox 349 3278 508 3334; x_wconf 88' lang='lat' dir='ltr'><strong>dere.</strong></span> <span class='ocrx_word' id='word_1_350' title='bbox 543 3278 658 3334; x_wconf 92' lang='lat' dir='ltr'><strong>Nec</strong></span> <span class='ocrx_word' id='word_1_351' title='bbox 689 3278 939 3335; x_wconf 87' lang='lat' dir='ltr'><strong>dicimus</strong></span> <span class='ocrx_word' id='word_1_352' title='bbox 972 3296 1190 3336; x_wconf 65' lang='lat' dir='ltr'><strong>caecum</strong></span> <span class='ocrx_word' id='word_1_353' title='bbox 1221 3297 1352 3339; x_wconf 86' lang='lat' dir='ltr'><strong>esse</strong></span> <span class='ocrx_word' id='word_1_354' title='bbox 1374 3281 1653 3353; x_wconf 88' lang='lat' dir='ltr'><strong>lapidem,</strong></span> <span class='ocrx_word' id='word_1_355' title='bbox 1684 3286 1743 3338; x_wconf 90' lang='lat' dir='ltr'><strong>et</strong></span> <span class='ocrx_word' id='word_1_356' title='bbox 1767 3283 2003 3337; x_wconf 90' lang='lat' dir='ltr'><strong>brutum</strong></span> 
     </span>
    </p>
   </div>
   <div class='ocr_carea' id='block_1_50' title="bbox 347 3341 2079 3441">
    <p class='ocr_par' dir='ltr' id='par_1_50' title="bbox 347 3341 2079 3441">
     <span class='ocr_line' id='line_1_50' title="bbox 347 3341 2079 3441; baseline 0.001 -17"><span class='ocrx_word' id='word_1_357' title='bbox 347 3365 571 3424; x_wconf 79' lang='lat' dir='ltr'><strong>animal</strong></span> <span class='ocrx_word' id='word_1_358' title='bbox 601 3368 914 3440; x_wconf 87' lang='lat' dir='ltr'><strong>ignorare:</strong></span> <span class='ocrx_word' id='word_1_359' title='bbox 959 3369 1098 3440; x_wconf 87' lang='lat' dir='ltr'><strong>quia</strong></span> <span class='ocrx_word' id='word_1_360' title='bbox 1141 3385 1256 3425; x_wconf 92' lang='lat' dir='ltr'><strong>non</strong></span> <span class='ocrx_word' id='word_1_361' title='bbox 1308 3371 1380 3426; x_wconf 92' lang='lat' dir='ltr'><strong>ab</strong></span> <span class='ocrx_word' id='word_1_362' title='bbox 1425 3386 1490 3428; x_wconf 92' lang='lat' dir='ltr'><strong>eo</strong></span> <span class='ocrx_word' id='word_1_363' title='bbox 1541 3370 1839 3441; x_wconf 61' lang='lat' dir='ltr'><strong>quaeritur,</strong></span> <span class='ocrx_word' id='word_1_364' title='bbox 1901 3387 2006 3426; x_wconf 90' lang='lat' dir='ltr'><strong>nec</strong></span> <span class='ocrx_word' id='word_1_365' title='bbox 2035 3341 2079 3408; x_wconf 79' lang='lat' dir='ltr'>C</span> 
     </span>
    </p>
   </div>
   <div class='ocr_carea' id='block_1_51' title="bbox 351 3458 2003 3529">
    <p class='ocr_par' dir='ltr' id='par_1_51' title="bbox 351 3458 2003 3529">
     <span class='ocr_line' id='line_1_51' title="bbox 351 3458 2003 3529; baseline 0.001 -17"><span class='ocrx_word' id='word_1_366' title='bbox 351 3458 482 3527; x_wconf 82' lang='lat' dir='ltr'><strong>ejus</strong></span> <span class='ocrx_word' id='word_1_367' title='bbox 515 3461 739 3514; x_wconf 62' lang='lat' dir='ltr'><strong>natura</strong></span> <span class='ocrx_word' id='word_1_368' title='bbox 763 3463 872 3522; x_wconf 92' lang='lat' dir='ltr'><strong>est,</strong></span> <span class='ocrx_word' id='word_1_369' title='bbox 908 3461 971 3512; x_wconf 89' lang='lat' dir='ltr'><strong>ut</strong></span> <span class='ocrx_word' id='word_1_370' title='bbox 999 3463 1314 3529; x_wconf 85' lang='lat' dir='ltr'><strong>cognoscat</strong></span> <span class='ocrx_word' id='word_1_371' title='bbox 1344 3463 1401 3514; x_wconf 90' lang='lat' dir='ltr'><strong>et</strong></span> <span class='ocrx_word' id='word_1_372' title='bbox 1429 3459 1646 3516; x_wconf 87' lang='lat' dir='ltr'><strong>videat.</strong></span> <span class='ocrx_word' id='word_1_373' title='bbox 1680 3459 1779 3516; x_wconf 89' lang='lat' dir='ltr'><strong>Sin</strong></span> <span class='ocrx_word' id='word_1_374' title='bbox 1809 3463 2003 3516; x_wconf 87' lang='lat' dir='ltr'><strong>autem</strong></span> 
     </span>
    </p>
   </div>
   <div class='ocr_carea' id='block_1_52' title="bbox 350 3544 2008 3618">
    <p class='ocr_par' dir='ltr' id='par_1_52' title="bbox 350 3544 2008 3618">
     <span class='ocr_line' id='line_1_52' title="bbox 350 3544 2008 3618; baseline 0.001 -17"><span class='ocrx_word' id='word_1_375' title='bbox 350 3544 412 3602; x_wconf 88' lang='lat' dir='ltr'><strong>in</strong></span> <span class='ocrx_word' id='word_1_376' title='bbox 441 3550 652 3601; x_wconf 89' lang='lat' dir='ltr'><strong>natura</strong></span> <span class='ocrx_word' id='word_1_377' title='bbox 681 3545 944 3618; x_wconf 89' lang='lat' dir='ltr'><strong>gentium</strong></span> <span class='ocrx_word' id='word_1_378' title='bbox 982 3546 1112 3614; x_wconf 82' lang='lat' dir='ltr'><strong>fuit,</strong></span> <span class='ocrx_word' id='word_1_379' title='bbox 1147 3551 1210 3601; x_wconf 92' lang='lat' dir='ltr'><strong>ut</strong></span> <span class='ocrx_word' id='word_1_380' title='bbox 1253 3547 1354 3602; x_wconf 87' lang='lat' dir='ltr'><strong>Dei</strong></span> <span class='ocrx_word' id='word_1_381' title='bbox 1404 3549 1558 3606; x_wconf 71' lang='lat'><strong>622</strong></span> <span class='ocrx_word' id='word_1_382' title='bbox 1612 3547 1792 3604; x_wconf 90' lang='lat' dir='ltr'><strong>vitam</strong></span> <span class='ocrx_word' id='word_1_383' title='bbox 1841 3547 2008 3603; x_wconf 85' lang='lat' dir='ltr'><strong>intel-</strong></span> 
     </span>
    </p>
   </div>
   <div class='ocr_carea' id='block_1_53' title="bbox 353 3633 2007 3708">
    <p class='ocr_par' dir='ltr' id='par_1_53' title="bbox 353 3633 2007 3708">
     <span class='ocr_line' id='line_1_53' title="bbox 353 3633 2007 3708; baseline 0.002 -19"><span class='ocrx_word' id='word_1_384' title='bbox 353 3633 602 3706; x_wconf 85' lang='lat' dir='ltr'><strong>ligerent</strong></span> <span class='ocrx_word' id='word_1_385' title='bbox 629 3639 690 3690; x_wconf 89' lang='lat' dir='ltr'><strong>et</strong></span> <span class='ocrx_word' id='word_1_386' title='bbox 718 3635 982 3692; x_wconf 87' lang='lat' dir='ltr'><strong>viderent</strong></span> <span class='ocrx_word' id='word_1_387' title='bbox 1015 3653 1027 3690; x_wconf 96' lang='lat'><strong>:</strong></span> <span class='ocrx_word' id='word_1_388' title='bbox 1064 3653 1179 3692; x_wconf 91' lang='lat' dir='ltr'><strong>non</strong></span> <span class='ocrx_word' id='word_1_389' title='bbox 1229 3635 1565 3692; x_wconf 82' lang='lat' dir='ltr'><strong>choicorum</strong></span> <span class='ocrx_word' id='word_1_390' title='bbox 1613 3643 1670 3693; x_wconf 90' lang='lat' dir='ltr'><strong>et</strong></span> <span class='ocrx_word' id='word_1_391' title='bbox 1725 3637 2007 3708; x_wconf 88' lang='lat' dir='ltr'><strong>spiritua-</strong></span> 
     </span>
    </p>
   </div>
   <div class='ocr_carea' id='block_1_54' title="bbox 353 3721 2009 3799">
    <p class='ocr_par' dir='ltr' id='par_1_54' title="bbox 353 3721 2009 3799">
     <span class='ocr_line' id='line_1_54' title="bbox 353 3721 2009 3799; baseline 0.003 -22"><span class='ocrx_word' id='word_1_392' title='bbox 353 3721 502 3780; x_wconf 89' lang='lat' dir='ltr'><strong>lium</strong></span> <span class='ocrx_word' id='word_1_393' title='bbox 533 3729 746 3779; x_wconf 87' lang='lat' dir='ltr'><strong>natura</strong></span> <span class='ocrx_word' id='word_1_394' title='bbox 775 3724 956 3794; x_wconf 87' lang='lat' dir='ltr'><strong>varia,</strong></span> <span class='ocrx_word' id='word_1_395' title='bbox 989 3725 1090 3779; x_wconf 88' lang='lat' dir='ltr'><strong>sed</strong></span> <span class='ocrx_word' id='word_1_396' title='bbox 1124 3724 1415 3781; x_wconf 88' lang='lat' dir='ltr'><strong>voluntas.</strong></span> <span class='ocrx_word' id='word_1_397' title='bbox 1448 3726 1793 3783; x_wconf 79' lang='lat' dir='ltr'><strong>Dixeramus</strong></span> <span class='ocrx_word' id='word_1_398' title='bbox 1829 3743 2009 3799; x_wconf 89' lang='lat' dir='ltr'><strong>supra</strong></span> 
     </span>
    </p>
   </div>
   <div class='ocr_carea' id='block_1_55' title="bbox 353 3811 2006 3885">
    <p class='ocr_par' dir='ltr' id='par_1_55' title="bbox 353 3811 2006 3885">
     <span class='ocr_line' id='line_1_55' title="bbox 353 3811 2006 3885; baseline 0.001 -17"><span class='ocrx_word' id='word_1_399' title='bbox 353 3811 754 3885; x_wconf 86' lang='lat' dir='ltr'><strong>operationem</strong></span> <span class='ocrx_word' id='word_1_400' title='bbox 787 3811 1178 3868; x_wconf 65' lang='lat' dir='ltr'><strong>immunditia</strong></span> <span class='ocrx_word' id='word_1_401' title='bbox 1212 3814 1404 3870; x_wconf 90' lang='lat' dir='ltr'><strong>omnis</strong></span> <span class='ocrx_word' id='word_1_402' title='bbox 1435 3815 1493 3870; x_wconf 92' lang='lat' dir='ltr'><strong>in</strong></span> <span class='ocrx_word' id='word_1_403' title='bbox 1516 3816 1777 3883; x_wconf 89' lang='lat' dir='ltr'><strong>avaritia,</strong></span> <span class='ocrx_word' id='word_1_404' title='bbox 1803 3833 1917 3872; x_wconf 93' lang='lat' dir='ltr'><strong>non</strong></span> <span class='ocrx_word' id='word_1_405' title='bbox 1936 3816 2006 3872; x_wconf 91' lang='lat' dir='ltr'><strong>ad</strong></span> 
     </span>
    </p>
   </div>
   <div class='ocr_carea' id='block_1_56' title="bbox 354 3901 2007 3976">
    <p class='ocr_par' dir='ltr' id='par_1_56' title="bbox 354 3901 2007 3976">
     <span class='ocr_line' id='line_1_56' title="bbox 354 3901 2007 3976; baseline 0.001 -18"><span class='ocrx_word' id='word_1_406' title='bbox 354 3901 683 3969; x_wconf 77' lang='lat' dir='ltr'><strong>avaritiam,</strong></span> <span class='ocrx_word' id='word_1_407' title='bbox 717 3906 782 3958; x_wconf 89' lang='lat' dir='ltr'><strong>ut</strong></span> <span class='ocrx_word' id='word_1_408' title='bbox 811 3907 984 3958; x_wconf 89' lang='lat' dir='ltr'><strong>sonat</strong></span> <span class='ocrx_word' id='word_1_409' title='bbox 1005 3901 1368 3974; x_wconf 88' lang='lat' dir='ltr'><strong>simpliciter,</strong></span> <span class='ocrx_word' id='word_1_410' title='bbox 1415 3906 1725 3976; x_wconf 88' lang='lat' dir='ltr'><strong>pertinere,</strong></span> <span class='ocrx_word' id='word_1_411' title='bbox 1778 3906 1879 3962; x_wconf 91' lang='lat' dir='ltr'><strong>sed</strong></span> <span class='ocrx_word' id='word_1_412' title='bbox 1934 3906 2007 3961; x_wconf 88' lang='lat' dir='ltr'><strong>ad</strong></span> 
     </span>
    </p>
   </div>
   <div class='ocr_carea' id='block_1_57' title="bbox 351 3989 2007 4063">
    <p class='ocr_par' dir='ltr' id='par_1_57' title="bbox 351 3989 2007 4063">
     <span class='ocr_line' id='line_1_57' title="bbox 351 3989 2007 4063; baseline 0.001 -15"><span class='ocrx_word' id='word_1_413' title='bbox 351 3989 665 4048; x_wconf 86' lang='lat' dir='ltr'><strong>libidinem</strong></span> <span class='ocrx_word' id='word_1_414' title='bbox 689 3995 864 4063; x_wconf 87' lang='lat' dir='ltr'><strong>atque</strong></span> <span class='ocrx_word' id='word_1_415' title='bbox 895 3989 1214 4048; x_wconf 86' lang='lat' dir='ltr'><strong>luxuriam.</strong></span> <span class='ocrx_word' id='word_1_416' title='bbox 1247 3993 1538 4050; x_wconf 88' lang='lat' dir='ltr'><strong>Debemus</strong></span> <span class='ocrx_word' id='word_1_417' title='bbox 1568 3994 1725 4050; x_wconf 90' lang='lat' dir='ltr'><strong>hunc</strong></span> <span class='ocrx_word' id='word_1_418' title='bbox 1767 4011 2007 4051; x_wconf 79' lang='lat' dir='ltr'><strong>sensum</strong></span> 
     </span>
    </p>
   </div>
   <div class='ocr_carea' id='block_1_58' title="bbox 354 4077 2009 4155">
    <p class='ocr_par' dir='ltr' id='par_1_58' title="bbox 354 4077 2009 4155">
     <span class='ocr_line' id='line_1_58' title="bbox 354 4077 2009 4155; baseline 0.001 -19"><span class='ocrx_word' id='word_1_419' title='bbox 354 4077 601 4136; x_wconf 90' lang='lat' dir='ltr'><strong>alterius</strong></span> <span class='ocrx_word' id='word_1_420' title='bbox 633 4078 742 4136; x_wconf 92' lang='lat' dir='ltr'><strong>loci</strong></span> <span class='ocrx_word' id='word_1_421' title='bbox 775 4080 1112 4138; x_wconf 87' lang='lat' dir='ltr'><strong>testimonio</strong></span> <span class='ocrx_word' id='word_1_422' title='bbox 1171 4083 1570 4154; x_wconf 87' lang='lat' dir='ltr'><strong>comprobare.</strong></span> <span class='ocrx_word' id='word_1_423' title='bbox 1605 4085 1666 4138; x_wconf 91' lang='lat' dir='ltr'><strong>In</strong></span> <span class='ocrx_word' id='word_1_424' title='bbox 1704 4083 1892 4155; x_wconf 89' lang='lat' dir='ltr'><strong>prima</strong></span> <span class='ocrx_word' id='word_1_425' title='bbox 1937 4084 2009 4140; x_wconf 91' lang='lat' dir='ltr'><strong>ad</strong></span> 
     </span>
    </p>
   </div>
   <div class='ocr_carea' id='block_1_59' title="bbox 352 4166 2010 4241">
    <p class='ocr_par' dir='ltr' id='par_1_59' title="bbox 352 4166 2010 4241">
     <span class='ocr_line' id='line_1_59' title="bbox 352 4166 2010 4241; baseline -0.001 -12"><span class='ocrx_word' id='word_1_426' title='bbox 352 4167 916 4229; x_wconf 82' lang='lat' dir='ltr'><strong>Thessalonicenses</strong></span> <span class='ocrx_word' id='word_1_427' title='bbox 945 4166 1208 4241; x_wconf 88' lang='lat' dir='ltr'><strong>Epistola</strong></span> <span class='ocrx_word' id='word_1_428' title='bbox 1235 4170 1553 4227; x_wconf 88' lang='lat' dir='ltr'><strong>scribitur:</strong></span> <span class='ocrx_word' id='word_1_429' title='bbox 1587 4177 1724 4230; x_wconf 72' lang='lat' dir='ltr'><strong>Haec</strong></span> <span class='ocrx_word' id='word_1_430' title='bbox 1751 4181 1833 4228; x_wconf 87' lang='lat' dir='ltr'><strong>est</strong></span> <span class='ocrx_word' id='word_1_431' title='bbox 1859 4175 2010 4229; x_wconf 87' lang='lat' dir='ltr'><strong>enim</strong></span> 
     </span>
    </p>
   </div>
   <div class='ocr_carea' id='block_1_60' title="bbox 363 4259 2012 4329">
    <p class='ocr_par' dir='ltr' id='par_1_60' title="bbox 363 4259 2012 4329">
     <span class='ocr_line' id='line_1_60' title="bbox 363 4259 2012 4329; baseline 0.001 -13"><span class='ocrx_word' id='word_1_432' title='bbox 363 4259 612 4316; x_wconf 76' lang='lat' dir='ltr'><strong>voluntas</strong></span> <span class='ocrx_word' id='word_1_433' title='bbox 630 4261 764 4325; x_wconf 87' lang='lat' dir='ltr'><strong>Dei,</strong></span> <span class='ocrx_word' id='word_1_434' title='bbox 794 4259 1159 4329; x_wconf 76' lang='lat' dir='ltr'><strong>sanctiﬁcatio</strong></span> <span class='ocrx_word' id='word_1_435' title='bbox 1211 4270 1418 4327; x_wconf 83' lang='lat' dir='ltr'><strong>vestra,</strong></span> <span class='ocrx_word' id='word_1_436' title='bbox 1450 4269 1508 4316; x_wconf 83' lang='lat' dir='ltr'><strong>ut</strong></span> <span class='ocrx_word' id='word_1_437' title='bbox 1557 4262 1876 4317; x_wconf 77' lang='lat' dir='ltr'><strong>abstineatis</strong></span> <span class='ocrx_word' id='word_1_438' title='bbox 1920 4278 2012 4318; x_wconf 86' lang='lat' dir='ltr'><strong>vos</strong></span> 
     </span>
    </p>
   </div>
   <div class='ocr_carea' id='block_1_61' title="bbox 353 4349 2010 4422">
    <p class='ocr_par' dir='ltr' id='par_1_61' title="bbox 353 4349 2010 4422">
     <span class='ocr_line' id='line_1_61' title="bbox 353 4349 2010 4422; baseline 0.001 -18"><span class='ocrx_word' id='word_1_439' title='bbox 353 4364 391 4404; x_wconf 85' lang='grc' dir='ltr'><em>α</em></span> <span class='ocrx_word' id='word_1_440' title='bbox 417 4349 821 4418; x_wconf 75' lang='lat' dir='ltr'><strong>fornicatione:</strong></span> <span class='ocrx_word' id='word_1_441' title='bbox 853 4352 917 4404; x_wconf 85' lang='lat' dir='ltr'><strong>ut</strong></span> <span class='ocrx_word' id='word_1_442' title='bbox 967 4351 1109 4406; x_wconf 86' lang='lat' dir='ltr'><strong>sciat</strong></span> <span class='ocrx_word' id='word_1_443' title='bbox 1149 4351 1520 4422; x_wconf 73' lang='lat' dir='ltr'><strong>unusquisque</strong></span> <span class='ocrx_word' id='word_1_444' title='bbox 1575 4361 1810 4408; x_wconf 70' lang='lat' dir='ltr'><strong>vestrum</strong></span> <span class='ocrx_word' id='word_1_445' title='bbox 1849 4368 2010 4408; x_wconf 86' lang='lat' dir='ltr'><strong>suum</strong></span> 
     </span>
    </p>
   </div>
   <div class='ocr_carea' id='block_1_62' title="bbox 353 4437 2011 4511">
    <p class='ocr_par' dir='ltr' id='par_1_62' title="bbox 353 4437 2011 4511">
     <span class='ocr_line' id='line_1_62' title="bbox 353 4437 2011 4511; baseline 0.002 -17"><span class='ocrx_word' id='word_1_446' title='bbox 353 4453 451 4494; x_wconf 68' lang='lat' dir='ltr'><strong>ras</strong></span> <span class='ocrx_word' id='word_1_447' title='bbox 479 4437 758 4509; x_wconf 79' lang='lat' dir='ltr'><strong>possidere</strong></span> <span class='ocrx_word' id='word_1_448' title='bbox 776 4439 839 4496; x_wconf 83' lang='lat' dir='ltr'><strong>in</strong></span> <span class='ocrx_word' id='word_1_449' title='bbox 867 4439 1297 4510; x_wconf 77' lang='lat' dir='ltr'><strong>sanctiﬁcatione</strong></span> <span class='ocrx_word' id='word_1_450' title='bbox 1314 4447 1366 4494; x_wconf 89' lang='lat' dir='ltr'><strong>et</strong></span> <span class='ocrx_word' id='word_1_451' title='bbox 1393 4439 1618 4511; x_wconf 75' lang='lat' dir='ltr'><strong>honore,</strong></span> <span class='ocrx_word' id='word_1_452' title='bbox 1668 4456 1777 4496; x_wconf 88' lang='lat' dir='ltr'><strong>non</strong></span> <span class='ocrx_word' id='word_1_453' title='bbox 1823 4444 1883 4497; x_wconf 86' lang='lat' dir='ltr'><strong>in</strong></span> <span class='ocrx_word' id='word_1_454' title='bbox 1935 4440 2011 4498; x_wconf 80' lang='lat' dir='ltr'><strong>li-</strong></span> 
     </span>
    </p>
   </div>
   <div class='ocr_carea' id='block_1_63' title="bbox 355 4527 2012 4599">
    <p class='ocr_par' dir='ltr' id='par_1_63' title="bbox 355 4527 2012 4599">
     <span class='ocr_line' id='line_1_63' title="bbox 355 4527 2012 4599; baseline 0 -13"><span class='ocrx_word' id='word_1_455' title='bbox 355 4527 543 4586; x_wconf 80' lang='lat' dir='ltr'><strong>bidine</strong></span> <span class='ocrx_word' id='word_1_456' title='bbox 572 4528 864 4594; x_wconf 67' lang='lat' dir='ltr'><strong>desiderii,</strong></span> <span class='ocrx_word' id='word_1_457' title='bbox 897 4529 1038 4584; x_wconf 84' lang='lat' dir='ltr'><strong>sicut</strong></span> <span class='ocrx_word' id='word_1_458' title='bbox 1068 4533 1119 4584; x_wconf 86' lang='lat' dir='ltr'><strong>et</strong></span> <span class='ocrx_word' id='word_1_459' title='bbox 1169 4532 1372 4598; x_wconf 81' lang='lat' dir='ltr'><strong>gentes,</strong></span> <span class='ocrx_word' id='word_1_460' title='bbox 1424 4543 1548 4599; x_wconf 65' lang='lat' dir='ltr'><strong>quae</strong></span> <span class='ocrx_word' id='word_1_461' title='bbox 1591 4545 1702 4586; x_wconf 83' lang='lat' dir='ltr'><strong>non</strong></span> <span class='ocrx_word' id='word_1_462' title='bbox 1740 4535 2012 4586; x_wconf 83' lang='lat' dir='ltr'><strong>noverunt</strong></span> 
     </span>
    </p>
   </div>
   <div class='ocr_carea' id='block_1_64' title="bbox 356 4618 2013 4690">
    <p class='ocr_par' dir='ltr' id='par_1_64' title="bbox 356 4618 2013 4690">
     <span class='ocr_line' id='line_1_64' title="bbox 356 4618 2013 4690; baseline 0.001 -16"><span class='ocrx_word' id='word_1_463' title='bbox 356 4621 574 4674; x_wconf 77' lang='lat' dir='ltr'><strong>Deum:</strong></span> <span class='ocrx_word' id='word_1_464' title='bbox 605 4624 670 4672; x_wconf 81' lang='lat' dir='ltr'><strong>ut</strong></span> <span class='ocrx_word' id='word_1_465' title='bbox 701 4633 776 4672; x_wconf 86' lang='lat' dir='ltr'><strong>ne</strong></span> <span class='ocrx_word' id='word_1_466' title='bbox 806 4619 929 4689; x_wconf 87' lang='lat' dir='ltr'><strong>quis</strong></span> <span class='ocrx_word' id='word_1_467' title='bbox 974 4618 1449 4690; x_wconf 74' lang='lat' dir='ltr'><strong>supergrediatur,</strong></span> <span class='ocrx_word' id='word_1_468' title='bbox 1491 4625 1542 4672; x_wconf 89' lang='lat' dir='ltr'><strong>et</strong></span> <span class='ocrx_word' id='word_1_469' title='bbox 1592 4618 2013 4676; x_wconf 79' lang='lat' dir='ltr'><strong>circumscribat</strong></span> 
     </span>
    </p>
   </div>
   <div class='ocr_carea' id='block_1_65' title="bbox 2109 2021 3754 2106">
    <p class='ocr_par' dir='ltr' id='par_1_65' title="bbox 2109 2021 3754 2106">
     <span class='ocr_line' id='line_1_65' title="bbox 2109 2021 3754 2106; baseline -0.012 -11"><span class='ocrx_word' id='word_1_470' title='bbox 2109 2039 2167 2095; x_wconf 89' lang='lat' dir='ltr'><strong>Si</strong></span> <span class='ocrx_word' id='word_1_471' title='bbox 2201 2051 2405 2093; x_wconf 89' lang='lat' dir='ltr'><strong>omnes</strong></span> <span class='ocrx_word' id='word_1_472' title='bbox 2437 2035 2534 2106; x_wconf 88' lang='lat' dir='ltr'><strong>qui</strong></span> <span class='ocrx_word' id='word_1_473' title='bbox 2570 2033 2870 2089; x_wconf 85' lang='lat' dir='ltr'><strong>Christum</strong></span> <span class='ocrx_word' id='word_1_474' title='bbox 2903 2029 3106 2086; x_wconf 90' lang='lat' dir='ltr'><strong>audire</strong></span> <span class='ocrx_word' id='word_1_475' title='bbox 3127 2027 3418 2086; x_wconf 88' lang='lat' dir='ltr'><strong>videntur,</strong></span> <span class='ocrx_word' id='word_1_476' title='bbox 3459 2021 3754 2089; x_wconf 83' lang='lat' dir='ltr'><strong>audirent,</strong></span> 
     </span>
    </p>
   </div>
   <div class='ocr_carea' id='block_1_66' title="bbox 2111 2113 3760 2198">
    <p class='ocr_par' dir='ltr' id='par_1_66' title="bbox 2111 2113 3760 2198">
     <span class='ocr_line' id='line_1_66' title="bbox 2111 2113 3760 2198; baseline -0.01 -14"><span class='ocrx_word' id='word_1_477' title='bbox 2111 2141 2417 2198; x_wconf 88' lang='lat' dir='ltr'><strong>nunquam</strong></span> <span class='ocrx_word' id='word_1_478' title='bbox 2452 2124 2522 2180; x_wconf 88' lang='lat' dir='ltr'><strong>ad</strong></span> <span class='ocrx_word' id='word_1_479' title='bbox 2556 2121 2860 2194; x_wconf 87' lang='lat' dir='ltr'><strong>Ephesios,</strong></span> <span class='ocrx_word' id='word_1_480' title='bbox 2893 2123 2949 2175; x_wconf 91' lang='lat' dir='ltr'><strong>et</strong></span> <span class='ocrx_word' id='word_1_481' title='bbox 2980 2121 3135 2174; x_wconf 89' lang='lat' dir='ltr'><strong>certe</strong></span> <span class='ocrx_word' id='word_1_482' title='bbox 3163 2114 3294 2171; x_wconf 92' lang='lat' dir='ltr'><strong>illos</strong></span> <span class='ocrx_word' id='word_1_483' title='bbox 3325 2113 3543 2185; x_wconf 89' lang='lat' dir='ltr'><strong>quibus</strong></span> <span class='ocrx_word' id='word_1_484' title='bbox 3565 2127 3760 2167; x_wconf 89' lang='lat' dir='ltr'><strong>sacra-</strong></span> 
     </span>
    </p>
   </div>
   <div class='ocr_carea' id='block_1_67' title="bbox 2113 2200 3761 2279">
    <p class='ocr_par' dir='ltr' id='par_1_67' title="bbox 2113 2200 3761 2279">
     <span class='ocr_line' id='line_1_67' title="bbox 2113 2200 3761 2279; baseline -0.01 -7"><span class='ocrx_word' id='word_1_485' title='bbox 2113 2220 2310 2272; x_wconf 89' lang='lat' dir='ltr'><strong>menta</strong></span> <span class='ocrx_word' id='word_1_486' title='bbox 2340 2212 2552 2270; x_wconf 88' lang='lat' dir='ltr'><strong>Christi</strong></span> <span class='ocrx_word' id='word_1_487' title='bbox 2585 2210 2889 2273; x_wconf 88' lang='lat' dir='ltr'><strong>revelarat,</strong></span> <span class='ocrx_word' id='word_1_488' title='bbox 2922 2205 3235 2279; x_wconf 86' lang='lat' dir='ltr'><strong>Apostolus</strong></span> <span class='ocrx_word' id='word_1_489' title='bbox 3265 2203 3519 2259; x_wconf 89' lang='lat' dir='ltr'><strong>diceret:</strong></span> <span class='ocrx_word' id='word_1_490' title='bbox 3563 2200 3625 2257; x_wconf 91' lang='lat' dir='ltr'><strong>Si</strong></span> <span class='ocrx_word' id='word_1_491' title='bbox 3667 2204 3761 2256; x_wconf 71' lang='lat' dir='ltr'><strong>ta-</strong></span> 
     </span>
    </p>
   </div>
   <div class='ocr_carea' id='block_1_68' title="bbox 2110 2289 3761 2362">
    <p class='ocr_par' dir='ltr' id='par_1_68' title="bbox 2110 2289 3761 2362">
     <span class='ocr_line' id='line_1_68' title="bbox 2110 2289 3761 2362; baseline -0.01 0"><span class='ocrx_word' id='word_1_492' title='bbox 2110 2323 2238 2362; x_wconf 85' lang='lat' dir='ltr'><strong>men</strong></span> <span class='ocrx_word' id='word_1_493' title='bbox 2262 2306 2423 2362; x_wconf 84' lang='lat' dir='ltr'><strong>itlum</strong></span> <span class='ocrx_word' id='word_1_494' title='bbox 2444 2302 2686 2358; x_wconf 74' lang='lat' dir='ltr'><strong>audistis.</strong></span> <span class='ocrx_word' id='word_1_495' title='bbox 2713 2300 2943 2356; x_wconf 88' lang='lat' dir='ltr'><strong>Discere</strong></span> <span class='ocrx_word' id='word_1_496' title='bbox 2965 2300 3158 2353; x_wconf 88' lang='lat' dir='ltr'><strong>autem</strong></span> <span class='ocrx_word' id='word_1_497' title='bbox 3174 2289 3761 2361; x_wconf 88' lang='lat' dir='ltr'><strong>Christum,idipsum</strong></span> 
     </span>
    </p>
   </div>
   <div class='ocr_carea' id='block_1_69' title="bbox 2113 2378 3761 2467">
    <p class='ocr_par' dir='ltr' id='par_1_69' title="bbox 2113 2378 3761 2467">
     <span class='ocr_line' id='line_1_69' title="bbox 2113 2378 3761 2467; baseline -0.011 -15"><span class='ocrx_word' id='word_1_498' title='bbox 2113 2401 2222 2459; x_wconf 89' lang='lat' dir='ltr'><strong>est,</strong></span> <span class='ocrx_word' id='word_1_499' title='bbox 2254 2395 2408 2467; x_wconf 90' lang='lat' dir='ltr'><strong>quod</strong></span> <span class='ocrx_word' id='word_1_500' title='bbox 2471 2408 2645 2448; x_wconf 90' lang='lat' dir='ltr'><strong>nosse</strong></span> <span class='ocrx_word' id='word_1_501' title='bbox 2695 2389 3015 2444; x_wconf 88' lang='lat' dir='ltr'><strong>virtutem:</strong></span> <span class='ocrx_word' id='word_1_502' title='bbox 3067 2390 3127 2440; x_wconf 89' lang='lat' dir='ltr'><strong>et</strong></span> <span class='ocrx_word' id='word_1_503' title='bbox 3174 2381 3376 2439; x_wconf 88' lang='lat' dir='ltr'><strong>audire</strong></span> <span class='ocrx_word' id='word_1_504' title='bbox 3409 2378 3598 2445; x_wconf 89' lang='lat' dir='ltr'><strong>illum,</strong></span> <span class='ocrx_word' id='word_1_505' title='bbox 3645 2395 3761 2434; x_wconf 91' lang='lat' dir='ltr'><strong>non</strong></span> 
     </span>
    </p>
   </div>
   <div class='ocr_carea' id='block_1_70' title="bbox 2113 2467 3761 2544">
    <p class='ocr_par' dir='ltr' id='par_1_70' title="bbox 2113 2467 3761 2544">
     <span class='ocr_line' id='line_1_70' title="bbox 2113 2467 3761 2544; baseline -0.01 -2"><span class='ocrx_word' id='word_1_506' title='bbox 2113 2486 2307 2542; x_wconf 80' lang='lat' dir='ltr'><strong>diﬂert</strong></span> <span class='ocrx_word' id='word_1_507' title='bbox 2337 2484 2408 2539; x_wconf 90' lang='lat' dir='ltr'><strong>ab</strong></span> <span class='ocrx_word' id='word_1_508' title='bbox 2440 2499 2506 2538; x_wconf 92' lang='lat' dir='ltr'><strong>eo</strong></span> <span class='ocrx_word' id='word_1_509' title='bbox 2559 2479 2607 2536; x_wconf 90' lang='lat' dir='ltr'><strong>si</strong></span> <span class='ocrx_word' id='word_1_510' title='bbox 2667 2478 2901 2543; x_wconf 90' lang='lat' dir='ltr'><strong>diceret,</strong></span> <span class='ocrx_word' id='word_1_511' title='bbox 2949 2475 3153 2533; x_wconf 89' lang='lat' dir='ltr'><strong>audire</strong></span> <span class='ocrx_word' id='word_1_512' title='bbox 3179 2469 3573 2544; x_wconf 81' lang='lat' dir='ltr'><strong>sapientiam,</strong></span> <span class='ocrx_word' id='word_1_513' title='bbox 3607 2467 3761 2526; x_wconf 64' lang='lat'><strong>628</strong></span> 
     </span>
    </p>
   </div>
   <div class='ocr_carea' id='block_1_71' title="bbox 2107 2560 3764 2649">
    <p class='ocr_par' dir='ltr' id='par_1_71' title="bbox 2107 2560 3764 2649">
     <span class='ocr_line' id='line_1_71' title="bbox 2107 2560 3764 2649; baseline -0.013 -17"><span class='ocrx_word' id='word_1_514' title='bbox 2107 2575 2425 2649; x_wconf 88' lang='lat' dir='ltr'><strong>justitiam,</strong></span> <span class='ocrx_word' id='word_1_515' title='bbox 2462 2568 2888 2633; x_wconf 80' lang='lat' dir='ltr'><strong>fortitudinem,</strong></span> <span class='ocrx_word' id='word_1_516' title='bbox 2948 2560 3415 2636; x_wconf 82' lang='lat' dir='ltr'><strong>temperantiam,</strong></span> <span class='ocrx_word' id='word_1_517' title='bbox 3467 2563 3526 2614; x_wconf 89' lang='lat' dir='ltr'><strong>et</strong></span> <span class='ocrx_word' id='word_1_518' title='bbox 3557 2560 3764 2613; x_wconf 64' lang='lat' dir='ltr'><strong>caetera</strong></span> 
     </span>
    </p>
   </div>
   <div class='ocr_carea' id='block_1_72' title="bbox 2113 2645 3757 2738">
    <p class='ocr_par' dir='ltr' id='par_1_72' title="bbox 2113 2645 3757 2738">
     <span class='ocr_line' id='line_1_72' title="bbox 2113 2645 3757 2738; baseline -0.012 -17"><span class='ocrx_word' id='word_1_519' title='bbox 2113 2645 2332 2738; x_wconf 74' lang='lat' dir='ltr'><strong>quibus</strong></span> <span class='ocrx_word' id='word_1_520' title='bbox 2382 2660 2647 2719; x_wconf 87' lang='lat' dir='ltr'><strong>Christus</strong></span> <span class='ocrx_word' id='word_1_521' title='bbox 2700 2661 2959 2712; x_wconf 88' lang='lat' dir='ltr'><strong>vocatur.</strong></span> <span class='ocrx_word' id='word_1_522' title='bbox 2999 2652 3059 2708; x_wconf 87' lang='lat' dir='ltr'><strong>Si</strong></span> <span class='ocrx_word' id='word_1_523' title='bbox 3099 2651 3232 2724; x_wconf 89' lang='lat' dir='ltr'><strong>quis</strong></span> <span class='ocrx_word' id='word_1_524' title='bbox 3279 2665 3416 2721; x_wconf 84' lang='lat' dir='ltr'><strong>ergo</strong></span> <span class='ocrx_word' id='word_1_525' title='bbox 3463 2645 3757 2704; x_wconf 79' lang='lat' dir='ltr'><strong>Christum</strong></span> 
     </span>
    </p>
   </div>
   <div class='ocr_carea' id='block_1_73' title="bbox 2115 2737 3760 2814">
    <p class='ocr_par' dir='ltr' id='par_1_73' title="bbox 2115 2737 3760 2814">
     <span class='ocr_line' id='line_1_73' title="bbox 2115 2737 3760 2814; baseline -0.013 -4"><span class='ocrx_word' id='word_1_526' title='bbox 2115 2737 2338 2810; x_wconf 82' lang='lat' dir='ltr'><strong>audivit</strong></span> <span class='ocrx_word' id='word_1_527' title='bbox 2367 2756 2424 2806; x_wconf 93' lang='lat' dir='ltr'><strong>et</strong></span> <span class='ocrx_word' id='word_1_528' title='bbox 2456 2748 2680 2814; x_wconf 89' lang='lat' dir='ltr'><strong>didicit,</strong></span> <span class='ocrx_word' id='word_1_529' title='bbox 2712 2763 2826 2801; x_wconf 89' lang='lat' dir='ltr'><strong>non</strong></span> <span class='ocrx_word' id='word_1_530' title='bbox 2846 2739 3171 2799; x_wconf 89' lang='lat' dir='ltr'><strong>ambulabit</strong></span> <span class='ocrx_word' id='word_1_531' title='bbox 3192 2739 3251 2794; x_wconf 90' lang='lat' dir='ltr'><strong>in</strong></span> <span class='ocrx_word' id='word_1_532' title='bbox 3269 2737 3524 2794; x_wconf 88' lang='lat' dir='ltr'><strong>vanitate</strong></span> <span class='ocrx_word' id='word_1_533' title='bbox 3545 2749 3760 2791; x_wconf 88' lang='lat' dir='ltr'><strong>sensus</strong></span> 
     </span>
    </p>
   </div>
   <div class='ocr_carea' id='block_1_74' title="bbox 2116 2821 3762 2903">
    <p class='ocr_par' dir='ltr' id='par_1_74' title="bbox 2116 2821 3762 2903">
     <span class='ocr_line' id='line_1_74' title="bbox 2116 2821 3762 2903; baseline -0.014 -3"><span class='ocrx_word' id='word_1_534' title='bbox 2116 2843 2207 2900; x_wconf 90' lang='lat' dir='ltr'><strong>sui</strong></span> <span class='ocrx_word' id='word_1_535' title='bbox 2241 2860 2254 2898; x_wconf 88' lang='lat'><strong>:</strong></span> <span class='ocrx_word' id='word_1_536' title='bbox 2288 2857 2392 2897; x_wconf 89' lang='lat' dir='ltr'><strong>nec</strong></span> <span class='ocrx_word' id='word_1_537' title='bbox 2423 2840 2774 2895; x_wconf 90' lang='lat' dir='ltr'><strong>obscuratus</strong></span> <span class='ocrx_word' id='word_1_538' title='bbox 2805 2836 3000 2890; x_wconf 89' lang='lat' dir='ltr'><strong>mente</strong></span> <span class='ocrx_word' id='word_1_539' title='bbox 3057 2829 3384 2903; x_wconf 84' lang='lat' dir='ltr'><strong>gradietur:</strong></span> <span class='ocrx_word' id='word_1_540' title='bbox 3418 2839 3608 2896; x_wconf 85' lang='lat' dir='ltr'><strong>neque</strong></span> <span class='ocrx_word' id='word_1_541' title='bbox 3651 2821 3762 2879; x_wconf 84' lang='lat' dir='ltr'><strong>erit</strong></span> 
     </span>
    </p>
   </div>
   <div class='ocr_carea' id='block_1_75' title="bbox 2116 2912 3759 2990">
    <p class='ocr_par' dir='ltr' id='par_1_75' title="bbox 2116 2912 3759 2990">
     <span class='ocr_line' id='line_1_75' title="bbox 2116 2912 3759 2990; baseline -0.013 -1"><span class='ocrx_word' id='word_1_542' title='bbox 2116 2931 2481 2990; x_wconf 87' lang='lat' dir='ltr'><strong>abalienatus</strong></span> <span class='ocrx_word' id='word_1_543' title='bbox 2513 2945 2547 2983; x_wconf 88' lang='lat' dir='ltr'><strong>a</strong></span> <span class='ocrx_word' id='word_1_544' title='bbox 2583 2926 2700 2982; x_wconf 77' lang='lat' dir='ltr'><strong>vita</strong></span> <span class='ocrx_word' id='word_1_545' title='bbox 2740 2923 2879 2981; x_wconf 88' lang='lat' dir='ltr'><strong>Dei:</strong></span> <span class='ocrx_word' id='word_1_546' title='bbox 2931 2919 3166 2978; x_wconf 84' lang='lat' dir='ltr'><strong>habebit</strong></span> <span class='ocrx_word' id='word_1_547' title='bbox 3223 2917 3400 2974; x_wconf 88' lang='lat' dir='ltr'><strong>etiam</strong></span> <span class='ocrx_word' id='word_1_548' title='bbox 3447 2912 3759 2972; x_wconf 88' lang='lat' dir='ltr'><strong>scientiam</strong></span> 
     </span>
    </p>
   </div>
   <div class='ocr_carea' id='block_1_76' title="bbox 2115 3001 3762 3094">
    <p class='ocr_par' dir='ltr' id='par_1_76' title="bbox 2115 3001 3762 3094">
     <span class='ocr_line' id='line_1_76' title="bbox 2115 3001 3762 3094; baseline -0.012 -17"><span class='ocrx_word' id='word_1_549' title='bbox 2115 3020 2481 3094; x_wconf 81' lang='lat' dir='ltr'><strong>ignoratione</strong></span> <span class='ocrx_word' id='word_1_550' title='bbox 2511 3017 2770 3078; x_wconf 86' lang='lat' dir='ltr'><strong>dicussa,</strong></span> <span class='ocrx_word' id='word_1_551' title='bbox 2820 3017 2878 3068; x_wconf 91' lang='lat' dir='ltr'><strong>et</strong></span> <span class='ocrx_word' id='word_1_552' title='bbox 2925 3005 3470 3067; x_wconf 88' lang='lat' dir='ltr'><strong>immissotenebris</strong></span> <span class='ocrx_word' id='word_1_553' title='bbox 3513 3001 3762 3067; x_wconf 83' lang='lat' dir='ltr'><strong>lumine,</strong></span> 
     </span>
    </p>
   </div>
   <div class='ocr_carea' id='block_1_77' title="bbox 2115 3091 3762 3172">
    <p class='ocr_par' dir='ltr' id='par_1_77' title="bbox 2115 3091 3762 3172">
     <span class='ocr_line' id='line_1_77' title="bbox 2115 3091 3762 3172; baseline -0.015 -4"><span class='ocrx_word' id='word_1_554' title='bbox 2115 3091 2309 3168; x_wconf 70' lang='lat' dir='ltr'><strong>omnis</strong></span> <span class='ocrx_word' id='word_1_555' title='bbox 2340 3110 2412 3164; x_wconf 89' lang='lat' dir='ltr'><strong>de</strong></span> <span class='ocrx_word' id='word_1_556' title='bbox 2442 3104 2628 3163; x_wconf 91' lang='lat' dir='ltr'><strong>oculis</strong></span> <span class='ocrx_word' id='word_1_557' title='bbox 2651 3102 2841 3160; x_wconf 91' lang='lat' dir='ltr'><strong>cordis</strong></span> <span class='ocrx_word' id='word_1_558' title='bbox 2864 3101 2993 3172; x_wconf 88' lang='lat' dir='ltr'><strong>ejus</strong></span> <span class='ocrx_word' id='word_1_559' title='bbox 3015 3098 3240 3156; x_wconf 71' lang='lat' dir='ltr'><strong>caecitas</strong></span> <span class='ocrx_word' id='word_1_560' title='bbox 3279 3094 3578 3152; x_wconf 78' lang='lat' dir='ltr'><strong>auferetur</strong></span> <span class='ocrx_word' id='word_1_561' title='bbox 3603 3091 3762 3163; x_wconf 87' lang='lat' dir='ltr'><strong>(vers,</strong></span> 
     </span>
    </p>
   </div>
   <div class='ocr_carea' id='block_1_78' title="bbox 2117 3178 3764 3271">
    <p class='ocr_par' dir='ltr' id='par_1_78' title="bbox 2117 3178 3764 3271">
     <span class='ocr_line' id='line_1_78' title="bbox 2117 3178 3764 3271; baseline -0.013 -15"><span class='ocrx_word' id='word_1_562' title='bbox 2117 3201 2226 3271; x_wconf 87' lang='grc'><strong>18).</strong></span> <span class='ocrx_word' id='word_1_563' title='bbox 2262 3198 2425 3265; x_wconf 88' lang='lat' dir='ltr'><strong>Quod</strong></span> <span class='ocrx_word' id='word_1_564' title='bbox 2459 3213 2592 3252; x_wconf 91' lang='lat' dir='ltr'><strong>cum</strong></span> <span class='ocrx_word' id='word_1_565' title='bbox 2623 3191 2917 3258; x_wconf 82' lang='lat' dir='ltr'><strong>habuerit,</strong></span> <span class='ocrx_word' id='word_1_566' title='bbox 2973 3206 3085 3246; x_wconf 91' lang='lat' dir='ltr'><strong>non</strong></span> <span class='ocrx_word' id='word_1_567' title='bbox 3137 3202 3200 3242; x_wconf 92' lang='lat' dir='ltr'><strong>se</strong></span> <span class='ocrx_word' id='word_1_568' title='bbox 3245 3178 3764 3254; x_wconf 89' lang='lat' dir='ltr'><strong>tradetimpudici-</strong></span> 
     </span>
    </p>
   </div>
   <div class='ocr_carea' id='block_1_79' title="bbox 2115 3271 3763 3356">
    <p class='ocr_par' dir='ltr' id='par_1_79' title="bbox 2115 3271 3763 3356">
     <span class='ocr_line' id='line_1_79' title="bbox 2115 3271 3763 3356; baseline -0.013 -10"><span class='ocrx_word' id='word_1_569' title='bbox 2115 3290 2240 3346; x_wconf 77' lang='lat' dir='ltr'><strong>tiae:</strong></span> <span class='ocrx_word' id='word_1_570' title='bbox 2275 3304 2381 3343; x_wconf 89' lang='lat' dir='ltr'><strong>nec</strong></span> <span class='ocrx_word' id='word_1_571' title='bbox 2410 3284 2745 3356; x_wconf 89' lang='lat' dir='ltr'><strong>operabitur</strong></span> <span class='ocrx_word' id='word_1_572' title='bbox 2765 3295 2998 3338; x_wconf 90' lang='lat' dir='ltr'><strong>omnem</strong></span> <span class='ocrx_word' id='word_1_573' title='bbox 3029 3273 3470 3350; x_wconf 79' lang='lat' dir='ltr'><strong>immunditiam</strong></span> <span class='ocrx_word' id='word_1_574' title='bbox 3528 3271 3588 3326; x_wconf 91' lang='lat' dir='ltr'><strong>in</strong></span> <span class='ocrx_word' id='word_1_575' title='bbox 3629 3285 3763 3326; x_wconf 85' lang='lat' dir='ltr'><strong>ava-</strong></span> 
     </span>
    </p>
   </div>
   <div class='ocr_carea' id='block_1_80' title="bbox 2118 3357 3762 3447">
    <p class='ocr_par' dir='ltr' id='par_1_80' title="bbox 2118 3357 3762 3447">
     <span class='ocr_line' id='line_1_80' title="bbox 2118 3357 3762 3447; baseline -0.012 -14"><span class='ocrx_word' id='word_1_576' title='bbox 2118 3377 2251 3434; x_wconf 87' lang='lat' dir='ltr'><strong>ritia</strong></span> <span class='ocrx_word' id='word_1_577' title='bbox 2307 3377 2468 3447; x_wconf 87' lang='lat' dir='ltr'><strong>(vers.</strong></span> <span class='ocrx_word' id='word_1_578' title='bbox 2532 3374 2640 3442; x_wconf 85' lang='grc'><strong>17),</strong></span> <span class='ocrx_word' id='word_1_579' title='bbox 2681 3385 2992 3426; x_wconf 88' lang='lat' dir='ltr'><strong>concessos</strong></span> <span class='ocrx_word' id='word_1_580' title='bbox 3066 3367 3214 3421; x_wconf 86' lang='lat' dir='ltr'><strong>ﬁnes</strong></span> <span class='ocrx_word' id='word_1_581' title='bbox 3284 3357 3762 3447; x_wconf 69' lang='lat' dir='ltr'><strong>praetregrediens</strong></span> 
     </span>
    </p>
   </div>
   <div class='ocr_carea' id='block_1_81' title="bbox 2116 3445 3764 3537">
    <p class='ocr_par' dir='ltr' id='par_1_81' title="bbox 2116 3445 3764 3537">
     <span class='ocr_line' id='line_1_81' title="bbox 2116 3445 3764 3537; baseline -0.012 -15"><span class='ocrx_word' id='word_1_582' title='bbox 2116 3445 2476 3537; x_wconf 83' lang='lat' dir='ltr'><strong>nuptiarum.</strong></span> <span class='ocrx_word' id='word_1_583' title='bbox 2503 3462 2562 3518; x_wconf 92' lang='lat' dir='ltr'><strong>Si</strong></span> <span class='ocrx_word' id='word_1_584' title='bbox 2590 3465 2785 3516; x_wconf 86' lang='lat' dir='ltr'><strong>autem</strong></span> <span class='ocrx_word' id='word_1_585' title='bbox 2811 3455 3126 3528; x_wconf 88' lang='lat' dir='ltr'><strong>aliquando</strong></span> <span class='ocrx_word' id='word_1_586' title='bbox 3147 3450 3454 3537; x_wconf 87' lang='lat' dir='ltr'><strong>contigerit</strong></span> <span class='ocrx_word' id='word_1_587' title='bbox 3479 3452 3546 3504; x_wconf 91' lang='lat' dir='ltr'><strong>ut</strong></span> <span class='ocrx_word' id='word_1_588' title='bbox 3564 3445 3764 3517; x_wconf 82' lang='lat' dir='ltr'><strong>aliqua</strong></span> 
     </span>
    </p>
   </div>
   <div class='ocr_carea' id='block_1_82' title="bbox 2115 3534 3765 3626">
    <p class='ocr_par' dir='ltr' id='par_1_82' title="bbox 2115 3534 3765 3626">
     <span class='ocr_line' id='line_1_82' title="bbox 2115 3534 3765 3626; baseline -0.015 -15"><span class='ocrx_word' id='word_1_589' title='bbox 2115 3534 2387 3626; x_wconf 81' lang='lat' dir='ltr'><strong>passione</strong></span> <span class='ocrx_word' id='word_1_590' title='bbox 2417 3551 2744 3621; x_wconf 89' lang='lat' dir='ltr'><strong>superetur,</strong></span> <span class='ocrx_word' id='word_1_591' title='bbox 2777 3542 2996 3601; x_wconf 87' lang='lat' dir='ltr'><strong>dolebit</strong></span> <span class='ocrx_word' id='word_1_592' title='bbox 3026 3555 3204 3611; x_wconf 92' lang='lat' dir='ltr'><strong>super</strong></span> <span class='ocrx_word' id='word_1_593' title='bbox 3242 3535 3482 3592; x_wconf 89' lang='lat' dir='ltr'><strong>vulnere</strong></span> <span class='ocrx_word' id='word_1_594' title='bbox 3529 3549 3657 3596; x_wconf 90' lang='lat' dir='ltr'><strong>suo,</strong></span> <span class='ocrx_word' id='word_1_595' title='bbox 3707 3534 3765 3588; x_wconf 85' lang='lat' dir='ltr'><strong>et</strong></span> 
     </span>
    </p>
   </div>
   <div class='ocr_carea' id='block_1_83' title="bbox 2117 3621 3768 3704">
    <p class='ocr_par' dir='ltr' id='par_1_83' title="bbox 2117 3621 3768 3704">
     <span class='ocr_line' id='line_1_83' title="bbox 2117 3621 3768 3704; baseline -0.016 -4"><span class='ocrx_word' id='word_1_596' title='bbox 2117 3621 2486 3699; x_wconf 66' lang='lat' dir='ltr'><strong>conscientiae</strong></span> <span class='ocrx_word' id='word_1_597' title='bbox 2517 3638 2808 3692; x_wconf 88' lang='lat' dir='ltr'><strong>tormenta</strong></span> <span class='ocrx_word' id='word_1_598' title='bbox 2839 3631 3129 3704; x_wconf 88' lang='lat' dir='ltr'><strong>patietur:</strong></span> <span class='ocrx_word' id='word_1_599' title='bbox 3164 3626 3303 3698; x_wconf 88' lang='lat' dir='ltr'><strong>quia</strong></span> <span class='ocrx_word' id='word_1_600' title='bbox 3332 3624 3575 3680; x_wconf 88' lang='lat' dir='ltr'><strong>liberam</strong></span> <span class='ocrx_word' id='word_1_601' title='bbox 3618 3621 3768 3676; x_wconf 82' lang='lat' dir='ltr'><strong>l&#39;ron-</strong></span> 
     </span>
    </p>
   </div>
   <div class='ocr_carea' id='block_1_84' title="bbox 2118 3709 3766 3802">
    <p class='ocr_par' dir='ltr' id='par_1_84' title="bbox 2118 3709 3766 3802">
     <span class='ocr_line' id='line_1_84' title="bbox 2118 3709 3766 3802; baseline -0.016 -13"><span class='ocrx_word' id='word_1_602' title='bbox 2118 3737 2257 3800; x_wconf 88' lang='lat' dir='ltr'><strong>tem,</strong></span> <span class='ocrx_word' id='word_1_603' title='bbox 2289 3736 2346 3787; x_wconf 89' lang='lat' dir='ltr'><strong>et</strong></span> <span class='ocrx_word' id='word_1_604' title='bbox 2379 3727 2691 3802; x_wconf 90' lang='lat' dir='ltr'><strong>puritatem</strong></span> <span class='ocrx_word' id='word_1_605' title='bbox 2716 3719 3105 3779; x_wconf 55' lang='lat' dir='ltr'><strong>immaculata</strong></span> <span class='ocrx_word' id='word_1_606' title='bbox 3125 3715 3337 3773; x_wconf 86' lang='lat' dir='ltr'><strong>mentis</strong></span> <span class='ocrx_word' id='word_1_607' title='bbox 3368 3711 3651 3769; x_wconf 88' lang='lat' dir='ltr'><strong>amiserit.</strong></span> <span class='ocrx_word' id='word_1_608' title='bbox 3675 3709 3766 3765; x_wconf 82' lang='lat' dir='ltr'><strong>Di—</strong></span> 
     </span>
    </p>
   </div>
   <div class='ocr_carea' id='block_1_85' title="bbox 2118 3797 3768 3891">
    <p class='ocr_par' dir='ltr' id='par_1_85' title="bbox 2118 3797 3768 3891">
     <span class='ocr_line' id='line_1_85' title="bbox 2118 3797 3768 3891; baseline -0.015 -12"><span class='ocrx_word' id='word_1_609' title='bbox 2118 3797 2355 3880; x_wconf 88' lang='lat' dir='ltr'><strong>scamus</strong></span> <span class='ocrx_word' id='word_1_610' title='bbox 2380 3797 2564 3891; x_wconf 82' lang='lat' dir='ltr'><strong>igitur</strong></span> <span class='ocrx_word' id='word_1_611' title='bbox 2579 3813 2896 3881; x_wconf 87' lang='lat' dir='ltr'><strong>Christum,</strong></span> <span class='ocrx_word' id='word_1_612' title='bbox 2920 3813 2977 3865; x_wconf 91' lang='lat' dir='ltr'><strong>et</strong></span> <span class='ocrx_word' id='word_1_613' title='bbox 2999 3807 3310 3864; x_wconf 85' lang='lat' dir='ltr'><strong>audiamus</strong></span> <span class='ocrx_word' id='word_1_614' title='bbox 3331 3801 3500 3858; x_wconf 87' lang='lat' dir='ltr'><strong>illum</strong></span> <span class='ocrx_word' id='word_1_615' title='bbox 3527 3799 3609 3857; x_wconf 87' lang='lat' dir='ltr'><strong>:si</strong></span> <span class='ocrx_word' id='word_1_616' title='bbox 3633 3797 3768 3871; x_wconf 82' lang='lat' dir='ltr'><strong>quis</strong></span> 
     </span>
    </p>
   </div>
   <div class='ocr_carea' id='block_1_86' title="bbox 2119 3890 3767 3982">
    <p class='ocr_par' dir='ltr' id='par_1_86' title="bbox 2119 3890 3767 3982">
     <span class='ocr_line' id='line_1_86' title="bbox 2119 3890 3767 3982; baseline -0.013 -16"><span class='ocrx_word' id='word_1_617' title='bbox 2119 3915 2207 3967; x_wconf 90' lang='lat' dir='ltr'><strong>est</strong></span> <span class='ocrx_word' id='word_1_618' title='bbox 2254 3909 2353 3982; x_wconf 91' lang='lat' dir='ltr'><strong>qui</strong></span> <span class='ocrx_word' id='word_1_619' title='bbox 2403 3890 2595 3978; x_wconf 84' lang='lat' dir='ltr'><strong>potest</strong></span> <span class='ocrx_word' id='word_1_620' title='bbox 2646 3903 2879 3959; x_wconf 87' lang='lat' dir='ltr'><strong>dicere:</strong></span> <span class='ocrx_word' id='word_1_621' title='bbox 2931 3904 3018 3954; x_wconf 80' lang='lat' dir='ltr'><strong>An</strong></span> <span class='ocrx_word' id='word_1_622' title='bbox 3063 3890 3767 3968; x_wconf 74' lang='lat' dir='ltr'><strong>experimentumqtueritis</strong></span> 
     </span>
    </p>
   </div>
   <div class='ocr_carea' id='block_1_87' title="bbox 2117 3979 3766 4072">
    <p class='ocr_par' dir='ltr' id='par_1_87' title="bbox 2117 3979 3766 4072">
     <span class='ocr_line' id='line_1_87' title="bbox 2117 3979 3766 4072; baseline -0.012 -18"><span class='ocrx_word' id='word_1_623' title='bbox 2117 4001 2236 4072; x_wconf 79' lang='lat' dir='ltr'><strong>ejus</strong></span> <span class='ocrx_word' id='word_1_624' title='bbox 2257 3979 2352 4070; x_wconf 76' lang='lat' dir='ltr'><strong>qui</strong></span> <span class='ocrx_word' id='word_1_625' title='bbox 2383 4002 2441 4053; x_wconf 79' lang='lat' dir='ltr'><strong>in</strong></span> <span class='ocrx_word' id='word_1_626' title='bbox 2497 4011 2583 4050; x_wconf 86' lang='lat' dir='ltr'><strong>me</strong></span> <span class='ocrx_word' id='word_1_627' title='bbox 2641 3992 2885 4066; x_wconf 78' lang='lat' dir='ltr'><strong>loquitur</strong></span> <span class='ocrx_word' id='word_1_628' title='bbox 2933 3988 3180 4045; x_wconf 76' lang='lat' dir='ltr'><strong>Christus</strong></span> <span class='ocrx_word' id='word_1_629' title='bbox 3211 3985 3284 4056; x_wconf 95' lang='grc' dir='ltr'><strong>(ΙΙ</strong></span> <span class='ocrx_word' id='word_1_630' title='bbox 3345 3983 3618 4072; x_wconf 33' lang='grc' dir='ltr'><strong>σωκ-χιιι,</strong></span> <span class='ocrx_word' id='word_1_631' title='bbox 3671 3979 3766 4072; x_wconf 58' lang='lat'><strong>_3)?</strong></span> 
     </span>
    </p>
   </div>
   <div class='ocr_carea' id='block_1_88' title="bbox 2119 4068 3762 4145">
    <p class='ocr_par' dir='ltr' id='par_1_88' title="bbox 2119 4068 3762 4145">
     <span class='ocr_line' id='line_1_88' title="bbox 2119 4068 3762 4145; baseline -0.013 0"><span class='ocrx_word' id='word_1_632' title='bbox 2119 4068 2438 4145; x_wconf 81' lang='lat' dir='ltr'><strong>Curramus</strong></span> <span class='ocrx_word' id='word_1_633' title='bbox 2467 4085 2538 4140; x_wconf 89' lang='lat' dir='ltr'><strong>ad</strong></span> <span class='ocrx_word' id='word_1_634' title='bbox 2571 4099 2705 4138; x_wconf 91' lang='lat' dir='ltr'><strong>eum</strong></span> <span class='ocrx_word' id='word_1_635' title='bbox 2735 4079 2943 4136; x_wconf 88' lang='lat' dir='ltr'><strong>diebus</strong></span> <span class='ocrx_word' id='word_1_636' title='bbox 2974 4093 3042 4132; x_wconf 87' lang='lat' dir='ltr'><strong>ac</strong></span> <span class='ocrx_word' id='word_1_637' title='bbox 3071 4073 3361 4140; x_wconf 87' lang='lat' dir='ltr'><strong>noctibus,</strong></span> <span class='ocrx_word' id='word_1_638' title='bbox 3387 4070 3486 4125; x_wconf 81' lang='lat' dir='ltr'><strong>-ad</strong></span> <span class='ocrx_word' id='word_1_639' title='bbox 3535 4085 3603 4125; x_wconf 89' lang='lat' dir='ltr'><strong>os</strong></span> <span class='ocrx_word' id='word_1_640' title='bbox 3633 4068 3762 4138; x_wconf 86' lang='lat' dir='ltr'><strong>ejus</strong></span> 
     </span>
    </p>
   </div>
   <div class='ocr_carea' id='block_1_89' title="bbox 2120 4155 3765 4245">
    <p class='ocr_par' dir='ltr' id='par_1_89' title="bbox 2120 4155 3765 4245">
     <span class='ocr_line' id='line_1_89' title="bbox 2120 4155 3765 4245; baseline -0.015 -11"><span class='ocrx_word' id='word_1_641' title='bbox 2120 4182 2176 4234; x_wconf 89' lang='lat' dir='ltr'><strong>et</strong></span> <span class='ocrx_word' id='word_1_642' title='bbox 2207 4177 2276 4232; x_wconf 93' lang='lat' dir='ltr'><strong>ad</strong></span> <span class='ocrx_word' id='word_1_643' title='bbox 2309 4173 2610 4245; x_wconf 89' lang='lat' dir='ltr'><strong>eloquium</strong></span> <span class='ocrx_word' id='word_1_644' title='bbox 2644 4169 3026 4242; x_wconf 88' lang='lat' dir='ltr'><strong>pendeamus.</strong></span> <span class='ocrx_word' id='word_1_645' title='bbox 3058 4161 3326 4218; x_wconf 87' lang='lat' dir='ltr'><strong>Christus</strong></span> <span class='ocrx_word' id='word_1_646' title='bbox 3357 4157 3527 4214; x_wconf 88' lang='lat' dir='ltr'><strong>nobis</strong></span> <span class='ocrx_word' id='word_1_647' title='bbox 3574 4155 3765 4213; x_wconf 89' lang='lat' dir='ltr'><strong>lobui-</strong></span> 
     </span>
    </p>
   </div>
   <div class='ocr_carea' id='block_1_90' title="bbox 2120 4245 3767 4336">
    <p class='ocr_par' dir='ltr' id='par_1_90' title="bbox 2120 4245 3767 4336">
     <span class='ocr_line' id='line_1_90' title="bbox 2120 4245 3767 4336; baseline -0.015 -13"><span class='ocrx_word' id='word_1_648' title='bbox 2120 4272 2252 4323; x_wconf 88' lang='lat' dir='ltr'><strong>tur:</strong></span> <span class='ocrx_word' id='word_1_649' title='bbox 2288 4263 2540 4336; x_wconf 83' lang='lat' dir='ltr'><strong>Spiritus</strong></span> <span class='ocrx_word' id='word_1_650' title='bbox 2571 4258 2759 4315; x_wconf 89' lang='lat' dir='ltr'><strong>sancti</strong></span> <span class='ocrx_word' id='word_1_651' title='bbox 2793 4258 2932 4312; x_wconf 91' lang='lat' dir='ltr'><strong>sunt</strong></span> <span class='ocrx_word' id='word_1_652' title='bbox 2959 4252 3137 4309; x_wconf 85' lang='lat' dir='ltr'><strong>verba</strong></span> <span class='ocrx_word' id='word_1_653' title='bbox 3181 4267 3310 4322; x_wconf 77' lang='lat' dir='ltr'><strong>quae</strong></span> <span class='ocrx_word' id='word_1_654' title='bbox 3363 4245 3598 4336; x_wconf 78' lang='lat' dir='ltr'><strong>promit.</strong></span> <span class='ocrx_word' id='word_1_655' title='bbox 3645 4248 3767 4300; x_wconf 87' lang='lat' dir='ltr'><strong>Sta-</strong></span> 
     </span>
    </p>
   </div>
   <div class='ocr_carea' id='block_1_91' title="bbox 2121 4332 3764 4413">
    <p class='ocr_par' dir='ltr' id='par_1_91' title="bbox 2121 4332 3764 4413">
     <span class='ocr_line' id='line_1_91' title="bbox 2121 4332 3764 4413; baseline -0.014 -1"><span class='ocrx_word' id='word_1_656' title='bbox 2121 4356 2234 4412; x_wconf 91' lang='lat' dir='ltr'><strong>tuit</strong></span> <span class='ocrx_word' id='word_1_657' title='bbox 2263 4332 2417 4410; x_wconf 83' lang='lat' dir='ltr'><strong>enim</strong></span> <span class='ocrx_word' id='word_1_658' title='bbox 2452 4356 2601 4406; x_wconf 91' lang='lat' dir='ltr'><strong>Deus</strong></span> <span class='ocrx_word' id='word_1_659' title='bbox 2635 4348 2693 4404; x_wconf 91' lang='lat' dir='ltr'><strong>in</strong></span> <span class='ocrx_word' id='word_1_660' title='bbox 2724 4343 2985 4402; x_wconf 88' lang='lat' dir='ltr'><strong>Ecclesia</strong></span> <span class='ocrx_word' id='word_1_661' title='bbox 3014 4340 3271 4413; x_wconf 90' lang='lat' dir='ltr'><strong>primum</strong></span> <span class='ocrx_word' id='word_1_662' title='bbox 3317 4332 3633 4409; x_wconf 88' lang='lat' dir='ltr'><strong>apostolos,</strong></span> <span class='ocrx_word' id='word_1_663' title='bbox 3671 4349 3764 4390; x_wconf 84' lang='lat' dir='ltr'><strong>se-</strong></span> 
     </span>
    </p>
   </div>
   <div class='ocr_carea' id='block_1_92' title="bbox 2122 4422 3763 4515">
    <p class='ocr_par' dir='ltr' id='par_1_92' title="bbox 2122 4422 3763 4515">
     <span class='ocr_line' id='line_1_92' title="bbox 2122 4422 3763 4515; baseline -0.016 -12"><span class='ocrx_word' id='word_1_664' title='bbox 2122 4445 2313 4503; x_wconf 86' lang='lat' dir='ltr'><strong>cundo</strong></span> <span class='ocrx_word' id='word_1_665' title='bbox 2345 4440 2681 4515; x_wconf 89' lang='lat' dir='ltr'><strong>prophetas,</strong></span> <span class='ocrx_word' id='word_1_666' title='bbox 2714 4433 2884 4492; x_wconf 87' lang='lat' dir='ltr'><strong>tertio</strong></span> <span class='ocrx_word' id='word_1_667' title='bbox 2935 4432 3201 4488; x_wconf 88' lang='lat' dir='ltr'><strong>doctores</strong></span> <span class='ocrx_word' id='word_1_668' title='bbox 3244 4428 3287 4496; x_wconf 85' lang='grc' dir='ltr'>(Ι</span> <span class='ocrx_word' id='word_1_669' title='bbox 3339 4427 3458 4484; x_wconf 84' lang='lat' dir='ltr'><strong>Cor.</strong></span> <span class='ocrx_word' id='word_1_670' title='bbox 3487 4441 3609 4515; x_wconf 49' lang='lat' dir='ltr'><strong>an,</strong></span> <span class='ocrx_word' id='word_1_671' title='bbox 3649 4422 3763 4515; x_wconf 72' lang='lat'><strong>28).</strong></span> 
     </span>
    </p>
   </div>
   <div class='ocr_carea' id='block_1_93' title="bbox 2123 4512 3767 4594">
    <p class='ocr_par' dir='ltr' id='par_1_93' title="bbox 2123 4512 3767 4594">
     <span class='ocr_line' id='line_1_93' title="bbox 2123 4512 3767 4594; baseline -0.015 -3"><span class='ocrx_word' id='word_1_672' title='bbox 2123 4534 2234 4591; x_wconf 90' lang='lat' dir='ltr'><strong>Sed</strong></span> <span class='ocrx_word' id='word_1_673' title='bbox 2266 4512 2372 4588; x_wconf 78' lang='lat' dir='ltr'><strong>nec</strong></span> <span class='ocrx_word' id='word_1_674' title='bbox 2403 4531 2546 4586; x_wconf 91' lang='lat' dir='ltr'><strong>illud</strong></span> <span class='ocrx_word' id='word_1_675' title='bbox 2605 4532 2694 4584; x_wconf 90' lang='lat' dir='ltr'><strong>est</strong></span> <span class='ocrx_word' id='word_1_676' title='bbox 2741 4521 3193 4594; x_wconf 89' lang='lat' dir='ltr'><strong>desperandum,</strong></span> <span class='ocrx_word' id='word_1_677' title='bbox 3243 4515 3399 4588; x_wconf 90' lang='lat' dir='ltr'><strong>quod</strong></span> <span class='ocrx_word' id='word_1_678' title='bbox 3451 4512 3767 4586; x_wconf 86' lang='lat' dir='ltr'><strong>aliquando</strong></span> 
     </span>
    </p>
   </div>
   <div class='ocr_carea' id='block_1_94' title="bbox 2123 4606 3771 4704">
    <p class='ocr_par' dir='ltr' id='par_1_94' title="bbox 2123 4606 3771 4704">
     <span class='ocr_line' id='line_1_94' title="bbox 2123 4606 3771 4704; baseline -0.014 -25"><span class='ocrx_word' id='word_1_679' title='bbox 2123 4623 2248 4694; x_wconf 87' lang='lat' dir='ltr'><strong>ipse</strong></span> <span class='ocrx_word' id='word_1_680' title='bbox 2275 4622 2333 4677; x_wconf 91' lang='lat' dir='ltr'><strong>in</strong></span> <span class='ocrx_word' id='word_1_681' title='bbox 2367 4617 2668 4704; x_wconf 81' lang='lat' dir='ltr'><strong>montibus</strong></span> <span class='ocrx_word' id='word_1_682' title='bbox 2699 4613 2912 4671; x_wconf 87' lang='lat' dir='ltr'><strong>nostris</strong></span> <span class='ocrx_word' id='word_1_683' title='bbox 2942 4609 3212 4666; x_wconf 87' lang='lat' dir='ltr'><strong>Christus</strong></span> <span class='ocrx_word' id='word_1_684' title='bbox 3245 4607 3539 4676; x_wconf 82' lang='lat' dir='ltr'><strong>loquatur,</strong></span> <span class='ocrx_word' id='word_1_685' title='bbox 3579 4606 3640 4658; x_wconf 87' lang='lat' dir='ltr'><strong>et</strong></span> <span class='ocrx_word' id='word_1_686' title='bbox 3667 4617 3771 4672; x_wconf 82' lang='lat' dir='ltr'><strong>per</strong></span> 
     </span>
    </p>
   </div>
   <div class='ocr_carea' id='block_1_95' title="bbox 357 4692 3768 4782">
    <p class='ocr_par' dir='ltr' id='par_1_95' title="bbox 357 4692 3768 4782">
     <span class='ocr_line' id='line_1_95' title="bbox 357 4692 3768 4782; baseline -0.009 -2"><span class='ocrx_word' id='word_1_687' title='bbox 357 4707 422 4764; x_wconf 75' lang='grc' dir='ltr'><strong>ίη</strong></span> <span class='ocrx_word' id='word_1_688' title='bbox 447 4699 660 4777; x_wconf 73' lang='grc' dir='ltr'><strong>ηιθοιίο</strong></span> <span class='ocrx_word' id='word_1_689' title='bbox 682 4709 912 4777; x_wconf 52' lang='lat' dir='ltr'><strong>fratrem</strong></span> <span class='ocrx_word' id='word_1_690' title='bbox 941 4723 1142 4775; x_wconf 69' lang='grc' dir='ltr'><strong>δυατηὶ</strong></span> <span class='ocrx_word' id='word_1_691' title='bbox 1176 4708 1438 4779; x_wconf 80' lang='lat' dir='ltr'><strong>quoniam</strong></span> <span class='ocrx_word' id='word_1_692' title='bbox 1467 4707 1669 4764; x_wconf 68' lang='lat' dir='ltr'><strong>vindex</strong></span> <span class='ocrx_word' id='word_1_693' title='bbox 1708 4713 1788 4764; x_wconf 84' lang='lat' dir='ltr'><strong>est</strong></span> <span class='ocrx_word' id='word_1_694' title='bbox 1832 4710 2018 4767; x_wconf 89' lang='lat' dir='ltr'><strong>Domi-</strong></span> <span class='ocrx_word' id='word_1_695' title='bbox 2047 4714 2093 4782; x_wconf 89' lang='lat' dir='ltr'><strong>D</strong></span> <span class='ocrx_word' id='word_1_696' title='bbox 2126 4692 2509 4781; x_wconf 81' lang='lat' dir='ltr'><strong>semetipsum</strong></span> <span class='ocrx_word' id='word_1_697' title='bbox 2574 4721 2680 4760; x_wconf 90' lang='lat' dir='ltr'><strong>nos</strong></span> <span class='ocrx_word' id='word_1_698' title='bbox 2727 4703 2951 4767; x_wconf 87' lang='lat' dir='ltr'><strong>doceat,</strong></span> <span class='ocrx_word' id='word_1_699' title='bbox 3004 4703 3062 4756; x_wconf 90' lang='lat' dir='ltr'><strong>et</strong></span> <span class='ocrx_word' id='word_1_700' title='bbox 3116 4710 3401 4770; x_wconf 87' lang='lat' dir='ltr'><strong>organum</strong></span> <span class='ocrx_word' id='word_1_701' title='bbox 3469 4692 3588 4749; x_wconf 91' lang='lat' dir='ltr'><strong>oris</strong></span> <span class='ocrx_word' id='word_1_702' title='bbox 3653 4707 3768 4750; x_wconf 85' lang='lat' dir='ltr'><strong>non</strong></span> 
     </span>
    </p>
   </div>
   <div class='ocr_carea' id='block_1_96' title="bbox 356 4795 2014 4868">
    <p class='ocr_par' dir='ltr' id='par_1_96' title="bbox 356 4795 2014 4868">
     <span class='ocr_line' id='line_1_96' title="bbox 356 4795 2014 4868; baseline 0.001 -14"><span class='ocrx_word' id='word_1_703' title='bbox 356 4812 464 4854; x_wconf 76' lang='lat' dir='ltr'><strong>nus</strong></span> <span class='ocrx_word' id='word_1_704' title='bbox 485 4796 560 4853; x_wconf 85' lang='lat' dir='ltr'><strong>de</strong></span> <span class='ocrx_word' id='word_1_705' title='bbox 578 4795 669 4854; x_wconf 77' lang='lat' dir='ltr'><strong>his</strong></span> <span class='ocrx_word' id='word_1_706' title='bbox 693 4797 967 4861; x_wconf 80' lang='lat' dir='ltr'><strong>omnibus,</strong></span> <span class='ocrx_word' id='word_1_707' title='bbox 996 4798 1137 4854; x_wconf 83' lang='lat' dir='ltr'><strong>sicut</strong></span> <span class='ocrx_word' id='word_1_708' title='bbox 1165 4805 1217 4853; x_wconf 83' lang='lat' dir='ltr'><strong>et</strong></span> <span class='ocrx_word' id='word_1_709' title='bbox 1237 4796 1601 4868; x_wconf 69' lang='lat' dir='ltr'><strong>praediximus</strong></span> <span class='ocrx_word' id='word_1_710' title='bbox 1630 4797 1782 4855; x_wconf 83' lang='lat' dir='ltr'><strong>vobis</strong></span> <span class='ocrx_word' id='word_1_711' title='bbox 1827 4802 1876 4855; x_wconf 89' lang='lat' dir='ltr'><strong>et</strong></span> <span class='ocrx_word' id='word_1_712' title='bbox 1929 4803 2014 4856; x_wconf 83' lang='lat' dir='ltr'><strong>te-</strong></span> 
     </span>
    </p>
   </div>
   <div class='ocr_carea' id='block_1_97' title="bbox 357 4884 2019 4955">
    <p class='ocr_par' dir='ltr' id='par_1_97' title="bbox 357 4884 2019 4955">
     <span class='ocr_line' id='line_1_97' title="bbox 357 4884 2019 4955; baseline 0.003 -14"><span class='ocrx_word' id='word_1_713' title='bbox 357 4884 587 4955; x_wconf 78' lang='lat' dir='ltr'><strong>stiﬁcati</strong></span> <span class='ocrx_word' id='word_1_714' title='bbox 612 4901 822 4944; x_wconf 76' lang='lat' dir='ltr'><strong>sumus.</strong></span> <span class='ocrx_word' id='word_1_715' title='bbox 865 4887 984 4942; x_wconf 86' lang='lat' dir='ltr'><strong>Non</strong></span> <span class='ocrx_word' id='word_1_716' title='bbox 1025 4888 1176 4942; x_wconf 84' lang='lat' dir='ltr'><strong>enim</strong></span> <span class='ocrx_word' id='word_1_717' title='bbox 1219 4889 1429 4944; x_wconf 79' lang='lat' dir='ltr'><strong>vocavit</strong></span> <span class='ocrx_word' id='word_1_718' title='bbox 1482 4904 1578 4944; x_wconf 87' lang='lat' dir='ltr'><strong>nos</strong></span> <span class='ocrx_word' id='word_1_719' title='bbox 1625 4889 1762 4944; x_wconf 78' lang='lat' dir='ltr'><strong>Deus</strong></span> <span class='ocrx_word' id='word_1_720' title='bbox 1810 4891 1869 4944; x_wconf 83' lang='lat' dir='ltr'><strong>in</strong></span> <span class='ocrx_word' id='word_1_721' title='bbox 1918 4892 2019 4946; x_wconf 86' lang='lat' dir='ltr'><strong>im-</strong></span> 
     </span>
    </p>
   </div>
   <div class='ocr_carea' id='block_1_98' title="bbox 359 4973 2014 5051">
    <p class='ocr_par' dir='ltr' id='par_1_98' title="bbox 359 4973 2014 5051">
     <span class='ocr_line' id='line_1_98' title="bbox 359 4973 2014 5051; baseline 0.001 -20"><span class='ocrx_word' id='word_1_722' title='bbox 359 4973 664 5045; x_wconf 80' lang='lat' dir='ltr'><strong>munditia,</strong></span> <span class='ocrx_word' id='word_1_723' title='bbox 697 4974 788 5032; x_wconf 81' lang='lat' dir='ltr'><strong>sed</strong></span> <span class='ocrx_word' id='word_1_724' title='bbox 831 4976 892 5032; x_wconf 86' lang='lat' dir='ltr'><strong>in</strong></span> <span class='ocrx_word' id='word_1_725' title='bbox 927 4976 1362 5047; x_wconf 79' lang='lat' dir='ltr'><strong>sanctiﬁcatione</strong></span> <span class='ocrx_word' id='word_1_726' title='bbox 1413 4977 1464 5048; x_wconf 87' lang='lat' dir='ltr'><strong>(I</strong></span> <span class='ocrx_word' id='word_1_727' title='bbox 1514 4978 1690 5034; x_wconf 77' lang='lat' dir='ltr'><strong>Thess.</strong></span> <span class='ocrx_word' id='word_1_728' title='bbox 1746 4996 1820 5048; x_wconf 79' lang='lat' dir='ltr'><strong>iv,</strong></span> <span class='ocrx_word' id='word_1_729' title='bbox 1869 4980 2014 5051; x_wconf 85' lang='lat'><strong>3-7).</strong></span> 
     </span>
    </p>
   </div>
   <div class='ocr_carea' id='block_1_99' title="bbox 365 5061 2018 5140">
    <p class='ocr_par' dir='ltr' id='par_1_99' title="bbox 365 5061 2018 5140">
     <span class='ocr_line' id='line_1_99' title="bbox 365 5061 2018 5140; baseline 0.002 -20"><span class='ocrx_word' id='word_1_730' title='bbox 365 5061 692 5136; x_wconf 82' lang='lat' dir='ltr'><strong>Diligenter</strong></span> <span class='ocrx_word' id='word_1_731' title='bbox 723 5064 993 5132; x_wconf 82' lang='lat' dir='ltr'><strong>observa,</strong></span> <span class='ocrx_word' id='word_1_732' title='bbox 1049 5065 1191 5136; x_wconf 88' lang='lat' dir='ltr'><strong>quia</strong></span> <span class='ocrx_word' id='word_1_733' title='bbox 1239 5065 1310 5121; x_wconf 88' lang='lat' dir='ltr'><strong>ad</strong></span> <span class='ocrx_word' id='word_1_734' title='bbox 1359 5065 1687 5123; x_wconf 87' lang='lat' dir='ltr'><strong>castitatem</strong></span> <span class='ocrx_word' id='word_1_735' title='bbox 1735 5085 1847 5126; x_wconf 86' lang='lat' dir='ltr'><strong>nos</strong></span> <span class='ocrx_word' id='word_1_736' title='bbox 1885 5085 2018 5140; x_wconf 89' lang='lat' dir='ltr'><strong>pro-</strong></span> 
     </span>
    </p>
   </div>
   <div class='ocr_carea' id='block_1_100' title="bbox 358 5153 2014 5226">
    <p class='ocr_par' dir='ltr' id='par_1_100' title="bbox 358 5153 2014 5226">
     <span class='ocr_line' id='line_1_100' title="bbox 358 5153 2014 5226; baseline 0.005 -19"><span class='ocrx_word' id='word_1_737' title='bbox 358 5168 598 5220; x_wconf 80' lang='lat' dir='ltr'><strong>vocans,</strong></span> <span class='ocrx_word' id='word_1_738' title='bbox 630 5159 687 5210; x_wconf 89' lang='lat' dir='ltr'><strong>et</strong></span> <span class='ocrx_word' id='word_1_739' title='bbox 715 5153 916 5210; x_wconf 89' lang='lat' dir='ltr'><strong>volens</strong></span> <span class='ocrx_word' id='word_1_740' title='bbox 952 5153 1228 5211; x_wconf 86' lang='lat' dir='ltr'><strong>uxoribus</strong></span> <span class='ocrx_word' id='word_1_741' title='bbox 1253 5159 1486 5211; x_wconf 86' lang='lat' dir='ltr'><strong>tantum</strong></span> <span class='ocrx_word' id='word_1_742' title='bbox 1516 5173 1647 5212; x_wconf 89' lang='lat' dir='ltr'><strong>esse</strong></span> <span class='ocrx_word' id='word_1_743' title='bbox 1687 5161 2014 5226; x_wconf 85' lang='lat' dir='ltr'><strong>contentos,</strong></span> 
     </span>
    </p>
   </div>
   <div class='ocr_carea' id='block_1_101' title="bbox 363 5241 2019 5317">
    <p class='ocr_par' dir='ltr' id='par_1_101' title="bbox 363 5241 2019 5317">
     <span class='ocr_line' id='line_1_101' title="bbox 363 5241 2019 5317; baseline 0.003 -20"><span class='ocrx_word' id='word_1_744' title='bbox 363 5241 608 5301; x_wconf 74' lang='lat' dir='ltr'><strong>dixerit:</strong></span> <span class='ocrx_word' id='word_1_745' title='bbox 641 5245 721 5302; x_wconf 79' lang='lat' dir='ltr'><strong>Ne</strong></span> <span class='ocrx_word' id='word_1_746' title='bbox 747 5247 871 5317; x_wconf 79' lang='lat' dir='ltr'><strong>quis</strong></span> <span class='ocrx_word' id='word_1_747' title='bbox 892 5245 1363 5317; x_wconf 78' lang='lat' dir='ltr'><strong>supergredtatur;</strong></span> <span class='ocrx_word' id='word_1_748' title='bbox 1401 5253 1453 5302; x_wconf 86' lang='lat' dir='ltr'><strong>et</strong></span> <span class='ocrx_word' id='word_1_749' title='bbox 1492 5248 1908 5304; x_wconf 79' lang='lat' dir='ltr'><strong>circumscribat</strong></span> <span class='ocrx_word' id='word_1_750' title='bbox 1959 5249 2019 5303; x_wconf 83' lang='lat' dir='ltr'><strong>in</strong></span> 
     </span>
    </p>
   </div>
   <div class='ocr_carea' id='block_1_102' title="bbox 359 5333 2016 5409">
    <p class='ocr_par' dir='ltr' id='par_1_102' title="bbox 359 5333 2016 5409">
     <span class='ocr_line' id='line_1_102' title="bbox 359 5333 2016 5409; baseline 0.004 -23"><span class='ocrx_word' id='word_1_751' title='bbox 359 5333 580 5401; x_wconf 70' lang='lat' dir='ltr'><strong>negotio</strong></span> <span class='ocrx_word' id='word_1_752' title='bbox 606 5337 842 5406; x_wconf 76' lang='lat' dir='ltr'><strong>fratrem</strong></span> <span class='ocrx_word' id='word_1_753' title='bbox 879 5352 1064 5402; x_wconf 83' lang='lat' dir='ltr'><strong>suum,</strong></span> <span class='ocrx_word' id='word_1_754' title='bbox 1117 5334 1173 5393; x_wconf 92' lang='lat' dir='ltr'><strong>id</strong></span> <span class='ocrx_word' id='word_1_755' title='bbox 1208 5339 1320 5405; x_wconf 83' lang='lat' dir='ltr'><strong>est,</strong></span> <span class='ocrx_word' id='word_1_756' title='bbox 1364 5351 1434 5392; x_wconf 93' lang='lat' dir='ltr'><strong>ne</strong></span> <span class='ocrx_word' id='word_1_757' title='bbox 1482 5352 1650 5392; x_wconf 90' lang='lat' dir='ltr'><strong>suam</strong></span> <span class='ocrx_word' id='word_1_758' title='bbox 1711 5338 2016 5409; x_wconf 74' lang='lat' dir='ltr'><strong>coniugem</strong></span> 
     </span>
    </p>
   </div>
   <div class='ocr_carea' id='block_1_103' title="bbox 363 5419 2017 5497">
    <p class='ocr_par' dir='ltr' id='par_1_103' title="bbox 363 5419 2017 5497">
     <span class='ocr_line' id='line_1_103' title="bbox 363 5419 2017 5497; baseline 0.002 -19"><span class='ocrx_word' id='word_1_759' title='bbox 363 5419 804 5496; x_wconf 77' lang='lat' dir='ltr'><strong>derelinquens,</strong></span> <span class='ocrx_word' id='word_1_760' title='bbox 827 5423 1074 5484; x_wconf 75' lang='lat' dir='ltr'><strong>alterius</strong></span> <span class='ocrx_word' id='word_1_761' title='bbox 1089 5424 1348 5497; x_wconf 77' lang='lat' dir='ltr'><strong>polluere</strong></span> <span class='ocrx_word' id='word_1_762' title='bbox 1378 5431 1602 5497; x_wconf 65' lang='lat' dir='ltr'><strong>quaret</strong></span> <span class='ocrx_word' id='word_1_763' title='bbox 1621 5442 1880 5485; x_wconf 76' lang='lat' dir='ltr'><strong>uxorem.</strong></span> <span class='ocrx_word' id='word_1_764' title='bbox 1909 5425 2017 5486; x_wconf 90' lang='lat' dir='ltr'><strong>Ubi</strong></span> 
     </span>
    </p>
   </div>
   <div class='ocr_carea' id='block_1_104' title="bbox 345 5510 2019 5589">
    <p class='ocr_par' dir='ltr' id='par_1_104' title="bbox 345 5510 2019 5589">
     <span class='ocr_line' id='line_1_104' title="bbox 345 5510 2019 5589; baseline 0.002 -21"><span class='ocrx_word' id='word_1_765' title='bbox 345 5525 474 5568; x_wconf 69' lang='lat' dir='ltr'><strong>nos</strong></span> <span class='ocrx_word' id='word_1_766' title='bbox 503 5510 812 5586; x_wconf 87' lang='lat' dir='ltr'><strong>habemus,</strong></span> <span class='ocrx_word' id='word_1_767' title='bbox 846 5519 896 5572; x_wconf 81' lang='lat' dir='ltr'><strong>et</strong></span> <span class='ocrx_word' id='word_1_768' title='bbox 935 5516 1348 5575; x_wconf 78' lang='lat' dir='ltr'><strong>circumscribat</strong></span> <span class='ocrx_word' id='word_1_769' title='bbox 1401 5518 1461 5573; x_wconf 86' lang='lat' dir='ltr'><strong>in</strong></span> <span class='ocrx_word' id='word_1_770' title='bbox 1508 5519 1734 5588; x_wconf 84' lang='lat' dir='ltr'><strong>negotio</strong></span> <span class='ocrx_word' id='word_1_771' title='bbox 1786 5519 2019 5589; x_wconf 79' lang='lat' dir='ltr'><strong>fratrem</strong></span> 
     </span>
    </p>
   </div>
   <div class='ocr_carea' id='block_1_105' title="bbox 363 5601 2018 5678">
    <p class='ocr_par' dir='ltr' id='par_1_105' title="bbox 363 5601 2018 5678">
     <span class='ocr_line' id='line_1_105' title="bbox 363 5601 2018 5678; baseline 0.002 -22"><span class='ocrx_word' id='word_1_772' title='bbox 363 5615 544 5670; x_wconf 73' lang='lat' dir='ltr'><strong>suum,</strong></span> <span class='ocrx_word' id='word_1_773' title='bbox 603 5603 664 5660; x_wconf 83' lang='lat' dir='ltr'><strong>in</strong></span> <span class='ocrx_word' id='word_1_774' title='bbox 723 5604 921 5664; x_wconf 72' lang='lat' dir='ltr'><strong>Graeco</strong></span> <span class='ocrx_word' id='word_1_775' title='bbox 965 5603 1198 5678; x_wconf 79' lang='lat' dir='ltr'><strong>legitur,</strong></span> <span class='ocrx_word' id='word_1_776' title='bbox 1252 5602 1340 5658; x_wconf 82' lang='grc' dir='ltr'>καί</span> <span class='ocrx_word' id='word_1_777' title='bbox 1390 5601 1737 5661; x_wconf 78' lang='grc' dir='ltr'>πλεονεκτεῖν</span> <span class='ocrx_word' id='word_1_778' title='bbox 1811 5606 1862 5661; x_wconf 78' lang='grc' dir='ltr'><strong>ἐν</strong></span> <span class='ocrx_word' id='word_1_779' title='bbox 1939 5609 2018 5678; x_wconf 79' lang='grc' dir='ltr'><strong>τῷ</strong></span> 
     </span>
    </p>
   </div>
   <div class='ocr_carea' id='block_1_106' title="bbox 2125 4782 3766 4872">
    <p class='ocr_par' dir='ltr' id='par_1_106' title="bbox 2125 4782 3766 4872">
     <span class='ocr_line' id='line_1_106' title="bbox 2125 4782 3766 4872; baseline -0.013 -15"><span class='ocrx_word' id='word_1_780' title='bbox 2125 4802 2346 4872; x_wconf 70' lang='lat' dir='ltr'><strong>quaerat</strong></span> <span class='ocrx_word' id='word_1_781' title='bbox 2375 4795 2547 4854; x_wconf 88' lang='lat' dir='ltr'><strong>alieni</strong></span> <span class='ocrx_word' id='word_1_782' title='bbox 2579 4813 2591 4851; x_wconf 90' lang='lat'><strong>:</strong></span> <span class='ocrx_word' id='word_1_783' title='bbox 2621 4797 2849 4850; x_wconf 83' lang='lat' dir='ltr'><strong>tantum</strong></span> <span class='ocrx_word' id='word_1_784' title='bbox 2883 4807 2998 4846; x_wconf 90' lang='lat' dir='ltr'><strong>non</strong></span> <span class='ocrx_word' id='word_1_785' title='bbox 3031 4788 3219 4845; x_wconf 86' lang='lat' dir='ltr'><strong>simus</strong></span> <span class='ocrx_word' id='word_1_786' title='bbox 3250 4782 3469 4841; x_wconf 88' lang='lat' dir='ltr'><strong>subditi</strong></span> <span class='ocrx_word' id='word_1_787' title='bbox 3502 4784 3766 4855; x_wconf 88' lang='lat' dir='ltr'><strong>peccato;</strong></span> 
     </span>
    </p>
   </div>
   <div class='ocr_carea' id='block_1_107' title="bbox 2127 4871 3770 4958">
    <p class='ocr_par' dir='ltr' id='par_1_107' title="bbox 2127 4871 3770 4958">
     <span class='ocr_line' id='line_1_107' title="bbox 2127 4871 3770 4958; baseline -0.014 -11"><span class='ocrx_word' id='word_1_788' title='bbox 2127 4871 2230 4947; x_wconf 84' lang='lat' dir='ltr'><strong>nec</strong></span> <span class='ocrx_word' id='word_1_789' title='bbox 2262 4903 2472 4958; x_wconf 88' lang='lat' dir='ltr'><strong>corpus</strong></span> <span class='ocrx_word' id='word_1_790' title='bbox 2504 4888 2774 4941; x_wconf 89' lang='lat' dir='ltr'><strong>nostrum</strong></span> <span class='ocrx_word' id='word_1_791' title='bbox 2809 4879 3022 4937; x_wconf 80' lang='lat' dir='ltr'><strong>delicta</strong></span> <span class='ocrx_word' id='word_1_792' title='bbox 3070 4875 3432 4950; x_wconf 88' lang='lat' dir='ltr'><strong>possideant,</strong></span> <span class='ocrx_word' id='word_1_793' title='bbox 3469 4879 3526 4928; x_wconf 92' lang='lat' dir='ltr'><strong>et</strong></span> <span class='ocrx_word' id='word_1_794' title='bbox 3576 4871 3770 4944; x_wconf 89' lang='lat' dir='ltr'><strong>ingre-</strong></span> 
     </span>
    </p>
   </div>
   <div class='ocr_carea' id='block_1_108' title="bbox 2127 4970 2916 5044">
    <p class='ocr_par' dir='ltr' id='par_1_108' title="bbox 2127 4970 2916 5044">
     <span class='ocr_line' id='line_1_108' title="bbox 2127 4970 2916 5044; baseline -0.014 -8"><span class='ocrx_word' id='word_1_795' title='bbox 2127 4979 2320 5036; x_wconf 90' lang='lat' dir='ltr'><strong>dietur</strong></span> <span class='ocrx_word' id='word_1_796' title='bbox 2349 4977 2406 5032; x_wconf 91' lang='lat' dir='ltr'><strong>in</strong></span> <span class='ocrx_word' id='word_1_797' title='bbox 2435 4974 2578 5031; x_wconf 87' lang='lat' dir='ltr'><strong>illud</strong></span> <span class='ocrx_word' id='word_1_798' title='bbox 2612 4970 2916 5044; x_wconf 89' lang='lat' dir='ltr'><strong>sapientia.</strong></span> 
     </span>
    </p>
   </div>
   <div class='ocr_carea' id='block_1_109' title="bbox 2199 5047 3774 5141">
    <p class='ocr_par' dir='ltr' id='par_1_109' title="bbox 2199 5047 3774 5141">
     <span class='ocr_line' id='line_1_109' title="bbox 2199 5047 3774 5141; baseline -0.013 -19"><span class='ocrx_word' id='word_1_799' title='bbox 2199 5070 2385 5141; x_wconf 82' lang='lat' dir='ltr'><strong>(Vers.</strong></span> <span class='ocrx_word' id='word_1_800' title='bbox 2426 5064 2540 5135; x_wconf 82' lang='grc'><strong>21.)</strong></span> <span class='ocrx_word' id='word_1_801' title='bbox 2573 5085 2600 5113; x_wconf 90' lang='grc'><strong>‹‹</strong></span> <span class='ocrx_word' id='word_1_802' title='bbox 2633 5062 2796 5119; x_wconf 91' lang='lat' dir='ltr'><strong>Sicut</strong></span> <span class='ocrx_word' id='word_1_803' title='bbox 2839 5063 2931 5116; x_wconf 88' lang='lat' dir='ltr'><strong>est</strong></span> <span class='ocrx_word' id='word_1_804' title='bbox 2973 5057 3186 5114; x_wconf 82' lang='lat' dir='ltr'><strong>veritas</strong></span> <span class='ocrx_word' id='word_1_805' title='bbox 3242 5053 3302 5110; x_wconf 88' lang='lat' dir='ltr'><strong>in</strong></span> <span class='ocrx_word' id='word_1_806' title='bbox 3347 5053 3512 5110; x_wconf 84' lang='lat' dir='ltr'><strong>Jcsu.</strong></span> <span class='ocrx_word' id='word_1_807' title='bbox 3538 5072 3568 5099; x_wconf 85' lang='lat'><em>»</em></span> <span class='ocrx_word' id='word_1_808' title='bbox 3593 5047 3774 5141; x_wconf 47' lang='lat' dir='ltr'><strong>Koes-</strong></span> 
     </span>
    </p>
   </div>
   <div class='ocr_carea' id='block_1_110' title="bbox 2127 5134 3768 5222">
    <p class='ocr_par' dir='ltr' id='par_1_110' title="bbox 2127 5134 3768 5222">
     <span class='ocr_line' id='line_1_110' title="bbox 2127 5134 3768 5222; baseline -0.016 -7"><span class='ocrx_word' id='word_1_809' title='bbox 2127 5134 2354 5222; x_wconf 89' lang='lat' dir='ltr'><strong>bulum,</strong></span> <span class='ocrx_word' id='word_1_810' title='bbox 2388 5134 2558 5222; x_wconf 71' lang='lat' dir='ltr'><strong>Iesus,</strong></span> <span class='ocrx_word' id='word_1_811' title='bbox 2589 5151 2883 5208; x_wconf 90' lang='lat' dir='ltr'><strong>interdum</strong></span> <span class='ocrx_word' id='word_1_812' title='bbox 2928 5164 3063 5204; x_wconf 90' lang='lat' dir='ltr'><strong>cum</strong></span> <span class='ocrx_word' id='word_1_813' title='bbox 3108 5145 3407 5202; x_wconf 90' lang='lat' dir='ltr'><strong>hominem</strong></span> <span class='ocrx_word' id='word_1_814' title='bbox 3457 5134 3768 5211; x_wconf 83' lang='lat' dir='ltr'><strong>signiﬁcat.</strong></span> 
     </span>
    </p>
   </div>
   <div class='ocr_carea' id='block_1_111' title="bbox 2127 5223 3772 5322">
    <p class='ocr_par' dir='ltr' id='par_1_111' title="bbox 2127 5223 3772 5322">
     <span class='ocr_line' id='line_1_111' title="bbox 2127 5223 3772 5322; baseline -0.017 -17"><span class='ocrx_word' id='word_1_815' title='bbox 2127 5247 2226 5322; x_wconf 91' lang='lat' dir='ltr'><strong>qui</strong></span> <span class='ocrx_word' id='word_1_816' title='bbox 2253 5263 2287 5303; x_wconf 91' lang='lat' dir='ltr'><strong>a</strong></span> <span class='ocrx_word' id='word_1_817' title='bbox 2315 5247 2430 5302; x_wconf 90' lang='lat' dir='ltr'><strong>Deo</strong></span> <span class='ocrx_word' id='word_1_818' title='bbox 2459 5243 2650 5299; x_wconf 89' lang='lat' dir='ltr'><strong>Verbo</strong></span> <span class='ocrx_word' id='word_1_819' title='bbox 2681 5245 2770 5297; x_wconf 91' lang='lat' dir='ltr'><strong>est</strong></span> <span class='ocrx_word' id='word_1_820' title='bbox 2799 5240 3146 5308; x_wconf 87' lang='lat' dir='ltr'><strong>assumptus</strong></span> <span class='ocrx_word' id='word_1_821' title='bbox 3175 5250 3246 5290; x_wconf 80' lang='lat' dir='ltr'><strong>ex</strong></span> <span class='ocrx_word' id='word_1_822' title='bbox 3289 5229 3548 5302; x_wconf 84' lang='lat' dir='ltr'><strong>Virgine,</strong></span> 
     </span>
    </p>
   </div>
   <div class='ocr_carea' id='block_1_112' title="bbox 2127 5311 3770 5400">
    <p class='ocr_par' dir='ltr' id='par_1_112' title="bbox 2127 5311 3770 5400">
     <span class='ocr_line' id='line_1_112' title="bbox 2127 5311 3770 5400; baseline -0.018 -5"><span class='ocrx_word' id='word_1_823' title='bbox 2127 5311 2294 5394; x_wconf 79' lang='lat' dir='ltr'><strong>illlud</strong></span> <span class='ocrx_word' id='word_1_824' title='bbox 2320 5353 2332 5393; x_wconf 90' lang='lat'><strong>:</strong></span> <span class='ocrx_word' id='word_1_825' title='bbox 2371 5333 2595 5392; x_wconf 81' lang='lat' dir='ltr'><strong>Vocubis</strong></span> <span class='ocrx_word' id='word_1_826' title='bbox 2625 5346 2830 5388; x_wconf 83' lang='lat' dir='ltr'><strong>nomen</strong></span> <span class='ocrx_word' id='word_1_827' title='bbox 2859 5329 2908 5400; x_wconf 78' lang='lat' dir='ltr'><strong>ej</strong></span> <span class='ocrx_word' id='word_1_828' title='bbox 2917 5343 2978 5382; x_wconf 85' lang='lat' dir='ltr'><strong>us</strong></span> <span class='ocrx_word' id='word_1_829' title='bbox 3005 5328 3158 5386; x_wconf 83' lang='lat' dir='ltr'><strong>Jesus</strong></span> <span class='ocrx_word' id='word_1_830' title='bbox 3182 5340 3195 5379; x_wconf 94' lang='lat'><strong>:</strong></span> <span class='ocrx_word' id='word_1_831' title='bbox 3230 5324 3345 5394; x_wconf 84' lang='lat' dir='ltr'><strong>ipse</strong></span> <span class='ocrx_word' id='word_1_832' title='bbox 3359 5319 3511 5374; x_wconf 81' lang='lat' dir='ltr'><strong>enim</strong></span> <span class='ocrx_word' id='word_1_833' title='bbox 3537 5311 3770 5400; x_wconf 70' lang='lat' dir='ltr'><strong>saluahit</strong></span> 
     </span>
    </p>
   </div>
   <div class='ocr_carea' id='block_1_113' title="bbox 2126 5399 3768 5501">
    <p class='ocr_par' dir='ltr' id='par_1_113' title="bbox 2126 5399 3768 5501">
     <span class='ocr_line' id='line_1_113' title="bbox 2126 5399 3768 5501; baseline -0.019 -15"><span class='ocrx_word' id='word_1_834' title='bbox 2126 5427 2388 5501; x_wconf 71' lang='lat' dir='ltr'><strong>papula-7n</strong></span> <span class='ocrx_word' id='word_1_835' title='bbox 2437 5441 2471 5479; x_wconf 88' lang='lat' dir='ltr'><strong>a</strong></span> <span class='ocrx_word' id='word_1_836' title='bbox 2514 5422 2748 5496; x_wconf 84' lang='lat' dir='ltr'><strong>peccatis</strong></span> <span class='ocrx_word' id='word_1_837' title='bbox 2796 5399 2912 5490; x_wconf 85' lang='lat' dir='ltr'><strong>ejus</strong></span> <span class='ocrx_word' id='word_1_838' title='bbox 2965 5413 3173 5486; x_wconf 80' lang='lat' dir='ltr'><strong>(Matth.</strong></span> <span class='ocrx_word' id='word_1_839' title='bbox 3227 5429 3262 5481; x_wconf 85' lang='grc' dir='ltr'><strong>ι,</strong></span> <span class='ocrx_word' id='word_1_840' title='bbox 3303 5409 3413 5501; x_wconf 48' lang='lat' dir='ltr'><strong>Et).</strong></span> <span class='ocrx_word' id='word_1_841' title='bbox 3454 5405 3534 5501; x_wconf 84' lang='lat' dir='ltr'><strong>Et</strong></span> <span class='ocrx_word' id='word_1_842' title='bbox 3587 5399 3768 5501; x_wconf 64' lang='lat' dir='ltr'><strong>alibi:</strong></span> 
     </span>
    </p>
   </div>
   <div class='ocr_carea' id='block_1_114' title="bbox 2127 5489 3770 5586">
    <p class='ocr_par' dir='ltr' id='par_1_114' title="bbox 2127 5489 3770 5586">
     <span class='ocr_line' id='line_1_114' title="bbox 2127 5489 3770 5586; baseline -0.019 -11"><span class='ocrx_word' id='word_1_843' title='bbox 2127 5489 2280 5575; x_wconf 45' lang='lat' dir='ltr'><strong>liesus</strong></span> <span class='ocrx_word' id='word_1_844' title='bbox 2309 5530 2433 5586; x_wconf 86' lang='lat' dir='ltr'><strong>ergo</strong></span> <span class='ocrx_word' id='word_1_845' title='bbox 2461 5489 2727 5585; x_wconf 69' lang='lat' dir='ltr'><strong>fatigatus</strong></span> <span class='ocrx_word' id='word_1_846' title='bbox 2743 5489 2928 5566; x_wconf 80' lang='lat' dir='ltr'><strong>devia</strong></span> <span class='ocrx_word' id='word_1_847' title='bbox 2955 5505 3133 5576; x_wconf 78' lang='lat' dir='ltr'><strong>(Joan.</strong></span> <span class='ocrx_word' id='word_1_848' title='bbox 3169 5516 3240 5562; x_wconf 81' lang='lat' dir='ltr'><strong>iv,</strong></span> <span class='ocrx_word' id='word_1_849' title='bbox 3289 5497 3364 5586; x_wconf 89' lang='lat'><strong>6),</strong></span> <span class='ocrx_word' id='word_1_850' title='bbox 3413 5499 3497 5586; x_wconf 26' lang='lat' dir='ltr'><strong>etA</strong></span> <span class='ocrx_word' id='word_1_851' title='bbox 3527 5489 3770 5564; x_wconf 86' lang='lat' dir='ltr'><strong>reliqua.</strong></span> 
     </span>
    </p>
   </div>
   <div class='ocr_carea' id='block_1_115' title="bbox 2130 5582 3772 5662">
    <p class='ocr_par' dir='ltr' id='par_1_115' title="bbox 2130 5582 3772 5662">
     <span class='ocr_line' id='line_1_115' title="bbox 2130 5582 3772 5662; baseline -0.016 -2"><span class='ocrx_word' id='word_1_852' title='bbox 2130 5582 2431 5662; x_wconf 81' lang='lat' dir='ltr'><strong>Interdum</strong></span> <span class='ocrx_word' id='word_1_853' title='bbox 2461 5582 2596 5657; x_wconf 80' lang='lat' dir='ltr'><strong>vero</strong></span> <span class='ocrx_word' id='word_1_854' title='bbox 2624 5600 2806 5657; x_wconf 88' lang='lat' dir='ltr'><strong>Deum</strong></span> <span class='ocrx_word' id='word_1_855' title='bbox 2840 5593 3135 5650; x_wconf 89' lang='lat' dir='ltr'><strong>Verbum:</strong></span> <span class='ocrx_word' id='word_1_856' title='bbox 3188 5585 3365 5644; x_wconf 78' lang='lat' dir='ltr'><strong>Nobis</strong></span> <span class='ocrx_word' id='word_1_857' title='bbox 3408 5582 3566 5640; x_wconf 88' lang='lat' dir='ltr'><strong>enim</strong></span> <span class='ocrx_word' id='word_1_858' title='bbox 3615 5593 3772 5636; x_wconf 88' lang='lat' dir='ltr'><strong>unus</strong></span> 
     </span>
    </p>
   </div>
   <div class='ocr_carea' id='block_1_116' title="bbox 438 5685 3772 5787">
    <p class='ocr_par' dir='ltr' id='par_1_116' title="bbox 438 5685 3772 5787">
     <span class='ocr_line' id='line_1_116' title="bbox 438 5685 3772 5787; baseline -0.005 -24"><span class='ocrx_word' id='word_1_859' title='bbox 438 5706 454 5739; x_wconf 85' lang='grc'>¹</span> <span class='ocrx_word' id='word_1_860' title='bbox 491 5706 746 5787; x_wconf 59' lang='lat' dir='ltr'><strong>Dionysii</strong></span> <span class='ocrx_word' id='word_1_861' title='bbox 767 5714 1152 5787; x_wconf 79' lang='lat' dir='ltr'><strong>cognomento</strong></span> <span class='ocrx_word' id='word_1_862' title='bbox 1196 5710 1589 5780; x_wconf 81' lang='lat' dir='ltr'><strong>Metathemini,</strong></span> <span class='ocrx_word' id='word_1_863' title='bbox 1636 5715 1749 5787; x_wconf 79' lang='lat' dir='ltr'><strong>fuit</strong></span> <span class='ocrx_word' id='word_1_864' title='bbox 1794 5724 1921 5771; x_wconf 78' lang='lat' dir='ltr'><strong>ante</strong></span> <span class='ocrx_word' id='word_1_865' title='bbox 1947 5712 2240 5780; x_wconf 81' lang='lat' dir='ltr'><strong>sententia,</strong></span> <span class='ocrx_word' id='word_1_866' title='bbox 2271 5709 2514 5766; x_wconf 79' lang='lat' dir='ltr'><strong>datorem</strong></span> <span class='ocrx_word' id='word_1_867' title='bbox 2567 5721 2679 5770; x_wconf 80' lang='lat' dir='ltr'><strong>non</strong></span> <span class='ocrx_word' id='word_1_868' title='bbox 2736 5717 2850 5760; x_wconf 82' lang='lat' dir='ltr'><strong>esse</strong></span> <span class='ocrx_word' id='word_1_869' title='bbox 2905 5696 3136 5752; x_wconf 83' lang='lat' dir='ltr'><strong>malum.</strong></span> <span class='ocrx_word' id='word_1_870' title='bbox 3198 5691 3430 5748; x_wconf 81' lang='lat' dir='ltr'><strong>Hieron.</strong></span> <span class='ocrx_word' id='word_1_871' title='bbox 3490 5704 3654 5764; x_wconf 88' lang='lat' dir='ltr'><strong>supr.</strong></span> <span class='ocrx_word' id='word_1_872' title='bbox 3713 5685 3772 5745; x_wconf 84' lang='lat' dir='ltr'><strong>in</strong></span> 
     </span>
    </p>
   </div>
   <div class='ocr_carea' id='block_1_117' title="bbox 365 5781 874 5853">
    <p class='ocr_par' dir='ltr' id='par_1_117' title="bbox 365 5781 874 5853">
     <span class='ocr_line' id='line_1_117' title="bbox 365 5781 874 5853; baseline 0.006 -16"><span class='ocrx_word' id='word_1_873' title='bbox 365 5793 492 5850; x_wconf 76' lang='lat' dir='ltr'><strong>cep.</strong></span> <span class='ocrx_word' id='word_1_874' title='bbox 528 5781 651 5853; x_wconf 53' lang='lat' dir='ltr'><strong>[ad</strong></span> <span class='ocrx_word' id='word_1_875' title='bbox 683 5781 874 5842; x_wconf 63' lang='lat' dir='ltr'><strong>Gelat&#39;.</strong></span> 
     </span>
    </p>
   </div>
  </div>
