  <div class='ocr_page' id='page_1' title='image "/cluster/home/n/w/nwhite01/storage/ocr_20150623/26/umn.31951002477320a/273.png"; bbox 0 0 4332 6576; ppageno 0'>
   <div class='ocr_carea' id='block_1_1' title="bbox 481 443 708 528">
    <p class='ocr_par' dir='ltr' id='par_1_1' title="bbox 481 443 708 528">
     <span class='ocr_line' id='line_1_1' title="bbox 481 443 708 528; baseline 0 -21"><span class='ocrx_word' id='word_1_1' title='bbox 481 519 486 528; x_wconf 44' lang='grc'><strong><em>,</em></strong></span> <span class='ocrx_word' id='word_1_2' title='bbox 591 443 708 507; x_wconf 71' lang='lat'>539</span> 
     </span>
    </p>
   </div>
   <div class='ocr_carea' id='block_1_2' title="bbox 1839 441 2750 510">
    <p class='ocr_par' dir='ltr' id='par_1_2' title="bbox 1839 441 2750 510">
     <span class='ocr_line' id='line_1_2' title="bbox 1839 441 2750 510; baseline 0.001 -3"><span class='ocrx_word' id='word_1_3' title='bbox 1839 445 1903 507; x_wconf 91' lang='lat' dir='ltr'>S.</span> <span class='ocrx_word' id='word_1_4' title='bbox 1953 441 2261 510; x_wconf 83' lang='lat' dir='ltr'>EUSEBII</span> <span class='ocrx_word' id='word_1_5' title='bbox 2305 442 2750 508; x_wconf 82' lang='lat' dir='ltr'>HlERONYMI</span> 
     </span>
    </p>
   </div>
   <div class='ocr_carea' id='block_1_3' title="bbox 3882 439 4002 505">
    <p class='ocr_par' dir='ltr' id='par_1_3' title="bbox 3882 439 4002 505">
     <span class='ocr_line' id='line_1_3' title="bbox 3882 439 4002 505; baseline 0.008 -1"><span class='ocrx_word' id='word_1_6' title='bbox 3882 439 4002 505; x_wconf 71' lang='grc'>540</span> 
     </span>
    </p>
   </div>
   <div class='ocr_carea' id='block_1_4' title="bbox 599 573 3999 654">
    <p class='ocr_par' dir='ltr' id='par_1_4' title="bbox 599 573 3999 654">
     <span class='ocr_line' id='line_1_4' title="bbox 599 573 3999 654; baseline -0.001 -20"><span class='ocrx_word' id='word_1_7' title='bbox 599 576 886 634; x_wconf 85' lang='lat' dir='ltr'>Dominus</span> <span class='ocrx_word' id='word_1_8' title='bbox 904 579 1077 636; x_wconf 87' lang='lat' dir='ltr'>Jesus</span> <span class='ocrx_word' id='word_1_9' title='bbox 1094 578 1358 636; x_wconf 88' lang='lat' dir='ltr'>Christus</span> <span class='ocrx_word' id='word_1_10' title='bbox 1373 597 1474 654; x_wconf 91' lang='lat' dir='ltr'>per</span> <span class='ocrx_word' id='word_1_11' title='bbox 1493 597 1666 654; x_wconf 89' lang='lat' dir='ltr'>quem</span> <span class='ocrx_word' id='word_1_12' title='bbox 1690 580 1906 636; x_wconf 80' lang='lat' dir='ltr'>omnia.</span> <span class='ocrx_word' id='word_1_13' title='bbox 1928 580 1985 636; x_wconf 88' lang='lat' dir='ltr'>Si</span> <span class='ocrx_word' id='word_1_14' title='bbox 2008 581 2241 653; x_wconf 85' lang='lat' dir='ltr'>quando</span> <span class='ocrx_word' id='word_1_15' title='bbox 2271 579 2326 646; x_wconf 80' lang='grc' dir='ltr'><strong>Α</strong></span> <span class='ocrx_word' id='word_1_16' title='bbox 2357 580 2790 651; x_wconf 89' lang='lat' dir='ltr'>deponendum,</span> <span class='ocrx_word' id='word_1_17' title='bbox 2823 579 3206 636; x_wconf 88' lang='lat' dir='ltr'>inveteratum</span> <span class='ocrx_word' id='word_1_18' title='bbox 3229 595 3263 635; x_wconf 90' lang='lat' dir='ltr'>a</span> <span class='ocrx_word' id='word_1_19' title='bbox 3289 575 3514 634; x_wconf 87' lang='lat' dir='ltr'>malitia</span> <span class='ocrx_word' id='word_1_20' title='bbox 3535 573 3999 648; x_wconf 87' lang='lat' dir='ltr'>arbitrorappel-</span> 
     </span>
    </p>
   </div>
   <div class='ocr_carea' id='block_1_5' title="bbox 591 668 2233 742">
    <p class='ocr_par' dir='ltr' id='par_1_5' title="bbox 591 668 2233 742">
     <span class='ocr_line' id='line_1_5' title="bbox 591 668 2233 742; baseline 0.002 -20"><span class='ocrx_word' id='word_1_21' title='bbox 591 683 728 740; x_wconf 91' lang='lat' dir='ltr'>ergo</span> <span class='ocrx_word' id='word_1_22' title='bbox 758 668 898 724; x_wconf 92' lang='lat' dir='ltr'>dicit</span> <span class='ocrx_word' id='word_1_23' title='bbox 928 671 1096 725; x_wconf 88' lang='lat' dir='ltr'>Jesus</span> <span class='ocrx_word' id='word_1_24' title='bbox 1122 687 1134 725; x_wconf 92' lang='lat'>:</span> <span class='ocrx_word' id='word_1_25' title='bbox 1173 672 1279 740; x_wconf 86' lang='lat' dir='ltr'>Ego</span> <span class='ocrx_word' id='word_1_26' title='bbox 1306 688 1431 727; x_wconf 88' lang='lat' dir='ltr'>sum</span> <span class='ocrx_word' id='word_1_27' title='bbox 1461 674 1547 726; x_wconf 92' lang='lat' dir='ltr'>via</span> <span class='ocrx_word' id='word_1_28' title='bbox 1575 675 1624 726; x_wconf 87' lang='lat' dir='ltr'>et</span> <span class='ocrx_word' id='word_1_29' title='bbox 1655 674 1853 727; x_wconf 84' lang='lat' dir='ltr'>veritas</span> <span class='ocrx_word' id='word_1_30' title='bbox 1885 671 2060 740; x_wconf 88' lang='lat' dir='ltr'>(Joan.</span> <span class='ocrx_word' id='word_1_31' title='bbox 2119 688 2233 742; x_wconf 81' lang='lat' dir='ltr'>xw,</span> 
     </span>
    </p>
   </div>
   <div class='ocr_carea' id='block_1_6' title="bbox 587 756 2234 832">
    <p class='ocr_par' dir='ltr' id='par_1_6' title="bbox 587 756 2234 832">
     <span class='ocr_line' id='line_1_6' title="bbox 587 756 2234 832; baseline 0.003 -21"><span class='ocrx_word' id='word_1_32' title='bbox 587 756 664 829; x_wconf 90' lang='lat'>6),</span> <span class='ocrx_word' id='word_1_33' title='bbox 695 758 862 826; x_wconf 82' lang='lat' dir='ltr'>juxta</span> <span class='ocrx_word' id='word_1_34' title='bbox 894 759 950 812; x_wconf 90' lang='lat' dir='ltr'>id</span> <span class='ocrx_word' id='word_1_35' title='bbox 985 759 1125 814; x_wconf 80' lang='lat' dir='ltr'>dicit</span> <span class='ocrx_word' id='word_1_36' title='bbox 1156 762 1308 832; x_wconf 91' lang='lat' dir='ltr'>quod</span> <span class='ocrx_word' id='word_1_37' title='bbox 1347 760 1527 816; x_wconf 86' lang='lat' dir='ltr'>Filius</span> <span class='ocrx_word' id='word_1_38' title='bbox 1558 761 1655 815; x_wconf 85' lang='lat' dir='ltr'>Dei</span> <span class='ocrx_word' id='word_1_39' title='bbox 1689 765 1794 815; x_wconf 87' lang='lat' dir='ltr'>est.</span> <span class='ocrx_word' id='word_1_40' title='bbox 1839 761 1979 816; x_wconf 90' lang='lat' dir='ltr'>Cum</span> <span class='ocrx_word' id='word_1_41' title='bbox 2036 766 2234 816; x_wconf 89' lang='lat' dir='ltr'>autem</span> 
     </span>
    </p>
   </div>
   <div class='ocr_carea' id='block_1_7' title="bbox 590 847 2233 922">
    <p class='ocr_par' dir='ltr' id='par_1_7' title="bbox 590 847 2233 922">
     <span class='ocr_line' id='line_1_7' title="bbox 590 847 2233 922; baseline 0.002 -20"><span class='ocrx_word' id='word_1_42' title='bbox 590 847 796 902; x_wconf 85' lang='lat' dir='ltr'>scribit</span> <span class='ocrx_word' id='word_1_43' title='bbox 829 847 1084 904; x_wconf 83' lang='lat' dir='ltr'>Paulus:</span> <span class='ocrx_word' id='word_1_44' title='bbox 1117 851 1270 905; x_wconf 82' lang='lat' dir='ltr'>Sicut</span> <span class='ocrx_word' id='word_1_45' title='bbox 1298 855 1376 905; x_wconf 88' lang='lat' dir='ltr'>est</span> <span class='ocrx_word' id='word_1_46' title='bbox 1401 853 1600 905; x_wconf 84' lang='lat' dir='ltr'>veritas</span> <span class='ocrx_word' id='word_1_47' title='bbox 1630 852 1686 904; x_wconf 87' lang='lat' dir='ltr'>in</span> <span class='ocrx_word' id='word_1_48' title='bbox 1714 853 1860 918; x_wconf 87' lang='lat' dir='ltr'>Jesu,</span> <span class='ocrx_word' id='word_1_49' title='bbox 1900 851 1970 905; x_wconf 91' lang='lat' dir='ltr'>de</span> <span class='ocrx_word' id='word_1_50' title='bbox 2015 852 2233 922; x_wconf 89' lang='lat' dir='ltr'>templo</span> 
     </span>
    </p>
   </div>
   <div class='ocr_carea' id='block_1_8' title="bbox 591 935 2231 1010">
    <p class='ocr_par' dir='ltr' id='par_1_8' title="bbox 591 935 2231 1010">
     <span class='ocr_line' id='line_1_8' title="bbox 591 935 2231 1010; baseline 0 -18"><span class='ocrx_word' id='word_1_51' title='bbox 591 935 854 1007; x_wconf 89' lang='lat' dir='ltr'>corporis</span> <span class='ocrx_word' id='word_1_52' title='bbox 894 935 1174 1009; x_wconf 82' lang='lat' dir='ltr'>loquitur,</span> <span class='ocrx_word' id='word_1_53' title='bbox 1210 939 1268 993; x_wconf 92' lang='lat' dir='ltr'>in</span> <span class='ocrx_word' id='word_1_54' title='bbox 1323 956 1438 1010; x_wconf 92' lang='lat' dir='ltr'>quo</span> <span class='ocrx_word' id='word_1_55' title='bbox 1486 938 1710 993; x_wconf 76' lang='lat' dir='ltr'>habitat</span> <span class='ocrx_word' id='word_1_56' title='bbox 1759 937 2011 993; x_wconf 80' lang='lat' dir='ltr'>Verbum</span> <span class='ocrx_word' id='word_1_57' title='bbox 2056 939 2231 994; x_wconf 88' lang='lat' dir='ltr'>Deus.</span> 
     </span>
    </p>
   </div>
   <div class='ocr_carea' id='block_1_9' title="bbox 2347 665 3998 739">
    <p class='ocr_par' dir='ltr' id='par_1_9' title="bbox 2347 665 3998 739">
     <span class='ocr_line' id='line_1_9' title="bbox 2347 665 3998 739; baseline -0.001 -17"><span class='ocrx_word' id='word_1_58' title='bbox 2347 665 2476 723; x_wconf 89' lang='lat' dir='ltr'>lari.</span> <span class='ocrx_word' id='word_1_59' title='bbox 2511 674 2626 724; x_wconf 86' lang='lat' dir='ltr'>Iste</span> <span class='ocrx_word' id='word_1_60' title='bbox 2657 670 2811 724; x_wconf 91' lang='lat' dir='ltr'>enim</span> <span class='ocrx_word' id='word_1_61' title='bbox 2845 670 2995 726; x_wconf 72' lang='lat'>625</span> <span class='ocrx_word' id='word_1_62' title='bbox 3033 671 3360 725; x_wconf 90' lang='lat' dir='ltr'>secundum</span> <span class='ocrx_word' id='word_1_63' title='bbox 3403 667 3654 739; x_wconf 81' lang='lat' dir='ltr'>priorem</span> <span class='ocrx_word' id='word_1_64' title='bbox 3687 681 3998 721; x_wconf 86' lang='lat' dir='ltr'>conversa-</span> 
     </span>
    </p>
   </div>
   <div class='ocr_carea' id='block_1_10' title="bbox 2347 755 3993 828">
    <p class='ocr_par' dir='ltr' id='par_1_10' title="bbox 2347 755 3993 828">
     <span class='ocr_line' id='line_1_10' title="bbox 2347 755 3993 828; baseline -0.001 -17"><span class='ocrx_word' id='word_1_65' title='bbox 2347 757 2566 813; x_wconf 86' lang='lat' dir='ltr'>tionem</span> <span class='ocrx_word' id='word_1_66' title='bbox 2599 763 2655 813; x_wconf 87' lang='lat' dir='ltr'>et</span> <span class='ocrx_word' id='word_1_67' title='bbox 2688 759 2978 813; x_wconf 89' lang='lat' dir='ltr'>desideria</span> <span class='ocrx_word' id='word_1_68' title='bbox 3011 758 3246 823; x_wconf 90' lang='lat' dir='ltr'>erroris,</span> <span class='ocrx_word' id='word_1_69' title='bbox 3303 773 3534 828; x_wconf 82' lang='lat' dir='ltr'>semper</span> <span class='ocrx_word' id='word_1_70' title='bbox 3580 771 3804 818; x_wconf 86' lang='lat' dir='ltr'>errans,</span> <span class='ocrx_word' id='word_1_71' title='bbox 3846 758 3902 808; x_wconf 92' lang='lat' dir='ltr'>et</span> <span class='ocrx_word' id='word_1_72' title='bbox 3932 755 3993 810; x_wconf 88' lang='lat' dir='ltr'>in</span> 
     </span>
    </p>
   </div>
   <div class='ocr_carea' id='block_1_11' title="bbox 2347 845 3989 918">
    <p class='ocr_par' dir='ltr' id='par_1_11' title="bbox 2347 845 3989 918">
     <span class='ocr_line' id='line_1_11' title="bbox 2347 845 3989 918; baseline -0.001 -17"><span class='ocrx_word' id='word_1_73' title='bbox 2347 863 2519 918; x_wconf 91' lang='lat' dir='ltr'>opere</span> <span class='ocrx_word' id='word_1_74' title='bbox 2578 847 2974 918; x_wconf 87' lang='lat' dir='ltr'>corruptionis</span> <span class='ocrx_word' id='word_1_75' title='bbox 3032 847 3326 913; x_wconf 91' lang='lat' dir='ltr'>belluans,</span> <span class='ocrx_word' id='word_1_76' title='bbox 3371 845 3767 916; x_wconf 85' lang='lat' dir='ltr'>corrumpitur</span> <span class='ocrx_word' id='word_1_77' title='bbox 3814 848 3989 916; x_wconf 84' lang='lat' dir='ltr'>atque</span> 
     </span>
    </p>
   </div>
   <div class='ocr_carea' id='block_1_12' title="bbox 2348 933 3992 1008">
    <p class='ocr_par' dir='ltr' id='par_1_12' title="bbox 2348 933 3992 1008">
     <span class='ocr_line' id='line_1_12' title="bbox 2348 933 3992 1008; baseline -0.001 -19"><span class='ocrx_word' id='word_1_78' title='bbox 2348 935 2613 990; x_wconf 87' lang='lat' dir='ltr'>violatur.</span> <span class='ocrx_word' id='word_1_79' title='bbox 2650 937 2718 990; x_wconf 85' lang='lat' dir='ltr'>Et</span> <span class='ocrx_word' id='word_1_80' title='bbox 2752 935 2888 1008; x_wconf 86' lang='lat' dir='ltr'>quia</span> <span class='ocrx_word' id='word_1_81' title='bbox 2919 935 2976 990; x_wconf 90' lang='lat' dir='ltr'>in</span> <span class='ocrx_word' id='word_1_82' title='bbox 3009 935 3314 991; x_wconf 87' lang='lat' dir='ltr'>desideriis</span> <span class='ocrx_word' id='word_1_83' title='bbox 3342 933 3745 988; x_wconf 82' lang='lat' dir='ltr'>indesinenter</span> <span class='ocrx_word' id='word_1_84' title='bbox 3793 949 3992 988; x_wconf 86' lang='lat' dir='ltr'>versa-</span> 
     </span>
    </p>
   </div>
   <div class='ocr_carea' id='block_1_13' title="bbox 595 1022 3990 1098">
    <p class='ocr_par' dir='ltr' id='par_1_13' title="bbox 595 1022 3990 1098">
     <span class='ocr_line' id='line_1_13' title="bbox 595 1022 3990 1098; baseline -0.001 -19"><span class='ocrx_word' id='word_1_85' title='bbox 595 1025 836 1080; x_wconf 81' lang='lat' dir='ltr'>Verbum</span> <span class='ocrx_word' id='word_1_86' title='bbox 864 1026 1021 1081; x_wconf 90' lang='lat' dir='ltr'>enim</span> <span class='ocrx_word' id='word_1_87' title='bbox 1052 1043 1175 1082; x_wconf 89' lang='lat' dir='ltr'>caro</span> <span class='ocrx_word' id='word_1_88' title='bbox 1203 1030 1414 1098; x_wconf 76' lang='lat' dir='ltr'>factum</span> <span class='ocrx_word' id='word_1_89' title='bbox 1443 1033 1539 1095; x_wconf 88' lang='lat' dir='ltr'>est,</span> <span class='ocrx_word' id='word_1_90' title='bbox 1567 1032 1619 1082; x_wconf 85' lang='lat' dir='ltr'>et</span> <span class='ocrx_word' id='word_1_91' title='bbox 1665 1027 1935 1083; x_wconf 84' lang='lat' dir='ltr'>habitavit</span> <span class='ocrx_word' id='word_1_92' title='bbox 1963 1030 2024 1082; x_wconf 85' lang='lat' dir='ltr'>in</span> <span class='ocrx_word' id='word_1_93' title='bbox 2078 1028 2236 1084; x_wconf 85' lang='lat' dir='ltr'>nobis</span> <span class='ocrx_word' id='word_1_94' title='bbox 2344 1029 2439 1078; x_wconf 89' lang='lat' dir='ltr'>tur</span> <span class='ocrx_word' id='word_1_95' title='bbox 2467 1025 2702 1089; x_wconf 91' lang='lat' dir='ltr'>erroris,</span> <span class='ocrx_word' id='word_1_96' title='bbox 2739 1030 2795 1080; x_wconf 90' lang='lat' dir='ltr'>et</span> <span class='ocrx_word' id='word_1_97' title='bbox 2832 1042 3135 1096; x_wconf 87' lang='lat' dir='ltr'>nunquam</span> <span class='ocrx_word' id='word_1_98' title='bbox 3169 1028 3414 1079; x_wconf 85' lang='lat' dir='ltr'>cessata</span> <span class='ocrx_word' id='word_1_99' title='bbox 3441 1022 3598 1090; x_wconf 90' lang='lat' dir='ltr'>vitio,</span> <span class='ocrx_word' id='word_1_100' title='bbox 3620 1037 3990 1093; x_wconf 83' lang='lat' dir='ltr'>nequaquam</span> 
     </span>
    </p>
   </div>
   <div class='ocr_carea' id='block_1_14' title="bbox 591 1112 2232 1185">
    <p class='ocr_par' dir='ltr' id='par_1_14' title="bbox 591 1112 2232 1185">
     <span class='ocr_line' id='line_1_14' title="bbox 591 1112 2232 1185; baseline 0.002 -17"><span class='ocrx_word' id='word_1_101' title='bbox 591 1112 845 1183; x_wconf 83' lang='lat' dir='ltr'>(Joan.1,</span> <span class='ocrx_word' id='word_1_102' title='bbox 881 1115 988 1185; x_wconf 63' lang='lat'>14).</span> <span class='ocrx_word' id='word_1_103' title='bbox 1024 1115 1146 1170; x_wconf 85' lang='lat' dir='ltr'>Nisi</span> <span class='ocrx_word' id='word_1_104' title='bbox 1205 1116 1348 1170; x_wconf 79' lang='lat' dir='ltr'>forte</span> <span class='ocrx_word' id='word_1_105' title='bbox 1398 1121 1716 1184; x_wconf 90' lang='lat' dir='ltr'>utrumque</span> <span class='ocrx_word' id='word_1_106' title='bbox 1765 1117 1834 1170; x_wconf 93' lang='lat' dir='ltr'>de</span> <span class='ocrx_word' id='word_1_107' title='bbox 1878 1117 1992 1171; x_wconf 89' lang='lat' dir='ltr'>Deo</span> <span class='ocrx_word' id='word_1_108' title='bbox 2044 1117 2232 1172; x_wconf 86' lang='lat' dir='ltr'>Verbo</span> 
     </span>
    </p>
   </div>
   <div class='ocr_carea' id='block_1_15' title="bbox 588 1201 2228 1275">
    <p class='ocr_par' dir='ltr' id='par_1_15' title="bbox 588 1201 2228 1275">
     <span class='ocr_line' id='line_1_15' title="bbox 588 1201 2228 1275; baseline 0.002 -19"><span class='ocrx_word' id='word_1_109' title='bbox 588 1201 1064 1274; x_wconf 89' lang='lat' dir='ltr'>intelligendum,</span> <span class='ocrx_word' id='word_1_110' title='bbox 1096 1205 1248 1275; x_wconf 92' lang='lat' dir='ltr'>quod</span> <span class='ocrx_word' id='word_1_111' title='bbox 1283 1205 1576 1275; x_wconf 90' lang='lat' dir='ltr'>quomodo</span> <span class='ocrx_word' id='word_1_112' title='bbox 1609 1205 1831 1260; x_wconf 84' lang='lat' dir='ltr'>habitet</span> <span class='ocrx_word' id='word_1_113' title='bbox 1863 1207 1921 1258; x_wconf 93' lang='lat' dir='ltr'>in</span> <span class='ocrx_word' id='word_1_114' title='bbox 1981 1223 2046 1260; x_wconf 90' lang='lat' dir='ltr'>eo</span> <span class='ocrx_word' id='word_1_115' title='bbox 2095 1206 2228 1272; x_wconf 87' lang='lat' dir='ltr'>vita,</span> 
     </span>
    </p>
   </div>
   <div class='ocr_carea' id='block_1_16' title="bbox 587 1291 2230 1362">
    <p class='ocr_par' dir='ltr' id='par_1_16' title="bbox 587 1291 2230 1362">
     <span class='ocr_line' id='line_1_16' title="bbox 587 1291 2230 1362; baseline 0.002 -15"><span class='ocrx_word' id='word_1_116' title='bbox 587 1291 794 1362; x_wconf 88' lang='lat' dir='ltr'>etipse</span> <span class='ocrx_word' id='word_1_117' title='bbox 824 1292 901 1346; x_wconf 85' lang='lat' dir='ltr'>sit</span> <span class='ocrx_word' id='word_1_118' title='bbox 930 1291 1081 1347; x_wconf 91' lang='lat' dir='ltr'>vita:</span> <span class='ocrx_word' id='word_1_119' title='bbox 1115 1295 1273 1348; x_wconf 85' lang='lat' dir='ltr'>Sicut</span> <span class='ocrx_word' id='word_1_120' title='bbox 1330 1297 1477 1348; x_wconf 86' lang='lat' dir='ltr'>enim</span> <span class='ocrx_word' id='word_1_121' title='bbox 1527 1293 1688 1348; x_wconf 81' lang='lat' dir='ltr'>habet</span> <span class='ocrx_word' id='word_1_122' title='bbox 1745 1295 1909 1350; x_wconf 88' lang='lat' dir='ltr'>Pater</span> <span class='ocrx_word' id='word_1_123' title='bbox 1957 1297 2125 1350; x_wconf 88' lang='lat' dir='ltr'>vitam</span> <span class='ocrx_word' id='word_1_124' title='bbox 2172 1298 2230 1351; x_wconf 87' lang='lat' dir='ltr'>in</span> 
     </span>
    </p>
   </div>
   <div class='ocr_carea' id='block_1_17' title="bbox 584 1382 2229 1450">
    <p class='ocr_par' dir='ltr' id='par_1_17' title="bbox 584 1382 2229 1450">
     <span class='ocr_line' id='line_1_17' title="bbox 584 1382 2229 1450; baseline 0.004 -16"><span class='ocrx_word' id='word_1_125' title='bbox 584 1382 870 1450; x_wconf 86' lang='lat' dir='ltr'>semetipso</span> <span class='ocrx_word' id='word_1_126' title='bbox 889 1399 908 1435; x_wconf 89' lang='lat'>:</span> <span class='ocrx_word' id='word_1_127' title='bbox 939 1383 1016 1435; x_wconf 89' lang='lat' dir='ltr'>ita</span> <span class='ocrx_word' id='word_1_128' title='bbox 1045 1389 1095 1436; x_wconf 89' lang='lat' dir='ltr'>et</span> <span class='ocrx_word' id='word_1_129' title='bbox 1122 1382 1262 1436; x_wconf 78' lang='lat' dir='ltr'>Filio</span> <span class='ocrx_word' id='word_1_130' title='bbox 1307 1382 1453 1437; x_wconf 85' lang='lat' dir='ltr'>dedit</span> <span class='ocrx_word' id='word_1_131' title='bbox 1485 1383 1682 1438; x_wconf 86' lang='lat' dir='ltr'>habere</span> <span class='ocrx_word' id='word_1_132' title='bbox 1713 1386 1883 1438; x_wconf 84' lang='lat' dir='ltr'>vitam</span> <span class='ocrx_word' id='word_1_133' title='bbox 1931 1387 1990 1438; x_wconf 84' lang='lat' dir='ltr'>in</span> <span class='ocrx_word' id='word_1_134' title='bbox 2037 1394 2229 1440; x_wconf 82' lang='lat' dir='ltr'>semet-</span> 
     </span>
    </p>
   </div>
   <div class='ocr_carea' id='block_1_18' title="bbox 583 1470 2228 1541">
    <p class='ocr_par' dir='ltr' id='par_1_18' title="bbox 583 1470 2228 1541">
     <span class='ocr_line' id='line_1_18' title="bbox 583 1470 2228 1541; baseline 0.004 -19"><span class='ocrx_word' id='word_1_135' title='bbox 583 1470 699 1539; x_wconf 89' lang='lat' dir='ltr'>ipso</span> <span class='ocrx_word' id='word_1_136' title='bbox 731 1470 926 1538; x_wconf 83' lang='lat' dir='ltr'>(Joan.</span> <span class='ocrx_word' id='word_1_137' title='bbox 960 1487 1011 1538; x_wconf 91' lang='lat' dir='ltr'>v,</span> <span class='ocrx_word' id='word_1_138' title='bbox 1043 1471 1153 1540; x_wconf 57' lang='lat'>2.6).</span> <span class='ocrx_word' id='word_1_139' title='bbox 1190 1471 1282 1526; x_wconf 91' lang='lat' dir='ltr'>Sic</span> <span class='ocrx_word' id='word_1_140' title='bbox 1309 1478 1363 1526; x_wconf 89' lang='lat' dir='ltr'>et</span> <span class='ocrx_word' id='word_1_141' title='bbox 1395 1473 1605 1528; x_wconf 90' lang='lat' dir='ltr'>veritas</span> <span class='ocrx_word' id='word_1_142' title='bbox 1645 1473 1872 1528; x_wconf 81' lang='lat' dir='ltr'>dicatur</span> <span class='ocrx_word' id='word_1_143' title='bbox 1921 1473 2123 1541; x_wconf 89' lang='lat' dir='ltr'>Filius,</span> <span class='ocrx_word' id='word_1_144' title='bbox 2171 1480 2228 1530; x_wconf 88' lang='lat' dir='ltr'>et</span> 
     </span>
    </p>
   </div>
   <div class='ocr_carea' id='block_1_19' title="bbox 584 1555 2223 1633">
    <p class='ocr_par' dir='ltr' id='par_1_19' title="bbox 584 1555 2223 1633">
     <span class='ocr_line' id='line_1_19' title="bbox 584 1555 2223 1633; baseline 0.004 -22"><span class='ocrx_word' id='word_1_145' title='bbox 584 1555 715 1627; x_wconf 89' lang='lat' dir='ltr'>ipsa</span> <span class='ocrx_word' id='word_1_146' title='bbox 737 1557 792 1611; x_wconf 91' lang='lat' dir='ltr'>in</span> <span class='ocrx_word' id='word_1_147' title='bbox 813 1574 875 1612; x_wconf 93' lang='lat' dir='ltr'>ro</span> <span class='ocrx_word' id='word_1_148' title='bbox 897 1557 1160 1614; x_wconf 86' lang='lat' dir='ltr'>habitare</span> <span class='ocrx_word' id='word_1_149' title='bbox 1183 1563 1560 1615; x_wconf 86' lang='lat' dir='ltr'>monstretur.</span> <span class='ocrx_word' id='word_1_150' title='bbox 1588 1561 1715 1616; x_wconf 65' lang='lat' dir='ltr'>Hmc</span> <span class='ocrx_word' id='word_1_151' title='bbox 1733 1567 1926 1618; x_wconf 89' lang='lat' dir='ltr'>autem</span> <span class='ocrx_word' id='word_1_152' title='bbox 1952 1563 2223 1633; x_wconf 88' lang='lat' dir='ltr'>dicimus,</span> 
     </span>
    </p>
   </div>
   <div class='ocr_carea' id='block_1_20' title="bbox 582 1645 2224 1722">
    <p class='ocr_par' dir='ltr' id='par_1_20' title="bbox 582 1645 2224 1722">
     <span class='ocr_line' id='line_1_20' title="bbox 582 1645 2224 1722; baseline 0.005 -23"><span class='ocrx_word' id='word_1_153' title='bbox 582 1661 699 1700; x_wconf 91' lang='lat' dir='ltr'>non</span> <span class='ocrx_word' id='word_1_154' title='bbox 729 1645 933 1701; x_wconf 89' lang='lat' dir='ltr'>Jesum</span> <span class='ocrx_word' id='word_1_155' title='bbox 958 1664 991 1701; x_wconf 89' lang='lat' dir='ltr'>a</span> <span class='ocrx_word' id='word_1_156' title='bbox 1019 1647 1249 1704; x_wconf 86' lang='lat' dir='ltr'>Christo</span> <span class='ocrx_word' id='word_1_157' title='bbox 1272 1655 1636 1722; x_wconf 86' lang='lat' dir='ltr'>separantes,</span> <span class='ocrx_word' id='word_1_158' title='bbox 1670 1652 1826 1707; x_wconf 70' lang='grc'>624</span> <span class='ocrx_word' id='word_1_159' title='bbox 1861 1668 1962 1706; x_wconf 84' lang='lat' dir='ltr'>nec</span> <span class='ocrx_word' id='word_1_160' title='bbox 1990 1668 2224 1707; x_wconf 85' lang='lat' dir='ltr'>rursum</span> 
     </span>
    </p>
   </div>
   <div class='ocr_carea' id='block_1_21' title="bbox 581 1733 2226 1812">
    <p class='ocr_par' dir='ltr' id='par_1_21' title="bbox 581 1733 2226 1812">
     <span class='ocr_line' id='line_1_21' title="bbox 581 1733 2226 1812; baseline 0.005 -24"><span class='ocrx_word' id='word_1_161' title='bbox 581 1733 1029 1790; x_wconf 88' lang='lat' dir='ltr'>DeumVerbum</span> <span class='ocrx_word' id='word_1_162' title='bbox 1050 1736 1120 1792; x_wconf 88' lang='lat' dir='ltr'>ab</span> <span class='ocrx_word' id='word_1_163' title='bbox 1143 1753 1209 1792; x_wconf 87' lang='lat' dir='ltr'>eo</span> <span class='ocrx_word' id='word_1_164' title='bbox 1232 1754 1405 1809; x_wconf 90' lang='lat' dir='ltr'>quem</span> <span class='ocrx_word' id='word_1_165' title='bbox 1425 1740 2073 1812; x_wconf 88' lang='lat' dir='ltr'>assumpsit,hominem</span> <span class='ocrx_word' id='word_1_166' title='bbox 2090 1740 2226 1796; x_wconf 88' lang='lat' dir='ltr'>alte-</span> 
     </span>
    </p>
   </div>
   <div class='ocr_carea' id='block_1_22' title="bbox 581 1823 2223 1901">
    <p class='ocr_par' dir='ltr' id='par_1_22' title="bbox 581 1823 2223 1901">
     <span class='ocr_line' id='line_1_22' title="bbox 581 1823 2223 1901; baseline 0.006 -26"><span class='ocrx_word' id='word_1_167' title='bbox 581 1837 710 1876; x_wconf 88' lang='lat' dir='ltr'>rum</span> <span class='ocrx_word' id='word_1_168' title='bbox 751 1838 880 1878; x_wconf 84' lang='lat' dir='ltr'>esse</span> <span class='ocrx_word' id='word_1_169' title='bbox 909 1823 1205 1880; x_wconf 87' lang='lat' dir='ltr'>dicentes:</span> <span class='ocrx_word' id='word_1_170' title='bbox 1254 1828 1578 1882; x_wconf 92' lang='lat' dir='ltr'>secundum</span> <span class='ocrx_word' id='word_1_171' title='bbox 1620 1828 2041 1901; x_wconf 89' lang='lat' dir='ltr'>intelligentias</span> <span class='ocrx_word' id='word_1_172' title='bbox 2089 1830 2223 1885; x_wconf 72' lang='lat' dir='ltr'>effe-</span> 
     </span>
    </p>
   </div>
   <div class='ocr_carea' id='block_1_23' title="bbox 2343 1109 3986 1185">
    <p class='ocr_par' dir='ltr' id='par_1_23' title="bbox 2343 1109 3986 1185">
     <span class='ocr_line' id='line_1_23' title="bbox 2343 1109 3986 1185; baseline -0.001 -17"><span class='ocrx_word' id='word_1_173' title='bbox 2343 1119 2656 1185; x_wconf 90' lang='lat' dir='ltr'>corruptus</span> <span class='ocrx_word' id='word_1_174' title='bbox 2685 1113 2900 1169; x_wconf 90' lang='lat' dir='ltr'>dicitur</span> <span class='ocrx_word' id='word_1_175' title='bbox 2930 1115 3029 1169; x_wconf 90' lang='lat' dir='ltr'>sed</span> <span class='ocrx_word' id='word_1_176' title='bbox 3053 1113 3388 1184; x_wconf 91' lang='lat' dir='ltr'>corrumpi:</span> <span class='ocrx_word' id='word_1_177' title='bbox 3417 1112 3571 1183; x_wconf 91' lang='lat' dir='ltr'>quod</span> <span class='ocrx_word' id='word_1_178' title='bbox 3600 1127 3702 1182; x_wconf 92' lang='lat' dir='ltr'>per</span> <span class='ocrx_word' id='word_1_179' title='bbox 3720 1109 3986 1181; x_wconf 88' lang='lat' dir='ltr'>singulos</span> 
     </span>
    </p>
   </div>
   <div class='ocr_carea' id='block_1_24' title="bbox 2341 1201 3989 1275">
    <p class='ocr_par' dir='ltr' id='par_1_24' title="bbox 2341 1201 3989 1275">
     <span class='ocr_line' id='line_1_24' title="bbox 2341 1201 3989 1275; baseline -0.002 -19"><span class='ocrx_word' id='word_1_180' title='bbox 2341 1202 2485 1269; x_wconf 90' lang='lat' dir='ltr'>dies,</span> <span class='ocrx_word' id='word_1_181' title='bbox 2522 1204 2718 1271; x_wconf 88' lang='lat' dir='ltr'>horas,</span> <span class='ocrx_word' id='word_1_182' title='bbox 2753 1208 2970 1275; x_wconf 88' lang='lat' dir='ltr'>puncta</span> <span class='ocrx_word' id='word_1_183' title='bbox 3001 1208 3173 1274; x_wconf 88' lang='lat' dir='ltr'>atque</span> <span class='ocrx_word' id='word_1_184' title='bbox 3220 1206 3520 1256; x_wconf 84' lang='lat' dir='ltr'>momenta</span> <span class='ocrx_word' id='word_1_185' title='bbox 3567 1201 3989 1271; x_wconf 88' lang='lat' dir='ltr'>corrumpitur,</span> 
     </span>
    </p>
   </div>
   <div class='ocr_carea' id='block_1_25' title="bbox 2337 1289 3988 1366">
    <p class='ocr_par' dir='ltr' id='par_1_25' title="bbox 2337 1289 3988 1366">
     <span class='ocr_line' id='line_1_25' title="bbox 2337 1289 3988 1366; baseline -0.002 -18"><span class='ocrx_word' id='word_1_186' title='bbox 2337 1292 2730 1366; x_wconf 87' lang='lat' dir='ltr'>intercipitur,</span> <span class='ocrx_word' id='word_1_187' title='bbox 2771 1294 3042 1350; x_wconf 89' lang='lat' dir='ltr'>violatur.</span> <span class='ocrx_word' id='word_1_188' title='bbox 3098 1294 3300 1349; x_wconf 87' lang='lat' dir='ltr'>Sermo</span> <span class='ocrx_word' id='word_1_189' title='bbox 3331 1308 3464 1346; x_wconf 91' lang='lat' dir='ltr'>vero</span> <span class='ocrx_word' id='word_1_190' title='bbox 3514 1291 3612 1345; x_wconf 92' lang='lat' dir='ltr'>Dei</span> <span class='ocrx_word' id='word_1_191' title='bbox 3684 1291 3786 1362; x_wconf 90' lang='lat' dir='ltr'>qui</span> <span class='ocrx_word' id='word_1_192' title='bbox 3857 1289 3988 1345; x_wconf 92' lang='lat' dir='ltr'>ideo</span> 
     </span>
    </p>
   </div>
   <div class='ocr_carea' id='block_1_26' title="bbox 2338 1379 3983 1451">
    <p class='ocr_par' dir='ltr' id='par_1_26' title="bbox 2338 1379 3983 1451">
     <span class='ocr_line' id='line_1_26' title="bbox 2338 1379 3983 1451; baseline -0.002 -15"><span class='ocrx_word' id='word_1_193' title='bbox 2338 1382 2630 1451; x_wconf 75' lang='lat' dir='ltr'>interficit,</span> <span class='ocrx_word' id='word_1_194' title='bbox 2671 1390 2734 1439; x_wconf 93' lang='lat' dir='ltr'>ut</span> <span class='ocrx_word' id='word_1_195' title='bbox 2764 1384 3012 1438; x_wconf 82' lang='lat' dir='ltr'>viviﬁcet</span> <span class='ocrx_word' id='word_1_196' title='bbox 3045 1387 3366 1449; x_wconf 90' lang='lat' dir='ltr'>mortuum,</span> <span class='ocrx_word' id='word_1_197' title='bbox 3399 1385 3454 1437; x_wconf 91' lang='lat' dir='ltr'>et</span> <span class='ocrx_word' id='word_1_198' title='bbox 3497 1379 3820 1436; x_wconf 78' lang='lat' dir='ltr'>viviﬁcatus</span> <span class='ocrx_word' id='word_1_199' title='bbox 3870 1379 3983 1434; x_wconf 84' lang='lat' dir='ltr'>Do-</span> 
     </span>
    </p>
   </div>
   <div class='ocr_carea' id='block_1_27' title="bbox 2339 1469 3981 1545">
    <p class='ocr_par' dir='ltr' id='par_1_27' title="bbox 2339 1469 3981 1545">
     <span class='ocr_line' id='line_1_27' title="bbox 2339 1469 3981 1545; baseline -0.002 -18"><span class='ocrx_word' id='word_1_200' title='bbox 2339 1472 2565 1528; x_wconf 92' lang='lat' dir='ltr'>minum</span> <span class='ocrx_word' id='word_1_201' title='bbox 2601 1475 2881 1545; x_wconf 87' lang='lat' dir='ltr'>requirat,</span> <span class='ocrx_word' id='word_1_202' title='bbox 2914 1489 3087 1545; x_wconf 91' lang='lat' dir='ltr'>quem</span> <span class='ocrx_word' id='word_1_203' title='bbox 3137 1477 3271 1527; x_wconf 89' lang='lat' dir='ltr'>ante</span> <span class='ocrx_word' id='word_1_204' title='bbox 3310 1470 3613 1526; x_wconf 89' lang='lat' dir='ltr'>interitum</span> <span class='ocrx_word' id='word_1_205' title='bbox 3663 1469 3981 1540; x_wconf 81' lang='lat' dir='ltr'>nesciebat,</span> 
     </span>
    </p>
   </div>
   <div class='ocr_carea' id='block_1_28' title="bbox 2337 1556 3981 1634">
    <p class='ocr_par' dir='ltr' id='par_1_28' title="bbox 2337 1556 3981 1634">
     <span class='ocr_line' id='line_1_28' title="bbox 2337 1556 3981 1634; baseline -0.001 -19"><span class='ocrx_word' id='word_1_206' title='bbox 2337 1577 2452 1616; x_wconf 91' lang='lat' dir='ltr'>non</span> <span class='ocrx_word' id='word_1_207' title='bbox 2485 1561 2824 1634; x_wconf 82' lang='lat' dir='ltr'>corrumpit,</span> <span class='ocrx_word' id='word_1_208' title='bbox 2867 1563 2965 1617; x_wconf 91' lang='lat' dir='ltr'>sed</span> <span class='ocrx_word' id='word_1_209' title='bbox 3027 1560 3300 1616; x_wconf 85' lang='lat' dir='ltr'>interficit</span> <span class='ocrx_word' id='word_1_210' title='bbox 3346 1563 3600 1614; x_wconf 88' lang='lat' dir='ltr'>veterem</span> <span class='ocrx_word' id='word_1_211' title='bbox 3648 1556 3981 1613; x_wconf 85' lang='lat' dir='ltr'>hominem:</span> 
     </span>
    </p>
   </div>
   <div class='ocr_carea' id='block_1_29' title="bbox 2335 1648 3979 1721">
    <p class='ocr_par' dir='ltr' id='par_1_29' title="bbox 2335 1648 3979 1721">
     <span class='ocr_line' id='line_1_29' title="bbox 2335 1648 3979 1721; baseline -0.001 -17"><span class='ocrx_word' id='word_1_212' title='bbox 2335 1653 2452 1721; x_wconf 82' lang='lat' dir='ltr'>Ego</span> <span class='ocrx_word' id='word_1_213' title='bbox 2481 1653 2632 1706; x_wconf 85' lang='lat' dir='ltr'>enim</span> <span class='ocrx_word' id='word_1_214' title='bbox 2663 1651 2862 1719; x_wconf 78' lang='lat' dir='ltr'>occido,</span> <span class='ocrx_word' id='word_1_215' title='bbox 2904 1650 3003 1716; x_wconf 82' lang='lat' dir='ltr'>ait,</span> <span class='ocrx_word' id='word_1_216' title='bbox 3046 1653 3094 1704; x_wconf 86' lang='lat' dir='ltr'>et</span> <span class='ocrx_word' id='word_1_217' title='bbox 3160 1666 3256 1719; x_wconf 83' lang='lat' dir='ltr'>ego</span> <span class='ocrx_word' id='word_1_218' title='bbox 3305 1649 3520 1718; x_wconf 87' lang='lat' dir='ltr'>viviﬁco</span> <span class='ocrx_word' id='word_1_219' title='bbox 3567 1648 3743 1720; x_wconf 80' lang='lat' dir='ltr'>(Deut.</span> <span class='ocrx_word' id='word_1_220' title='bbox 3804 1663 3979 1702; x_wconf 74' lang='lat' dir='ltr'>XXXII.</span> 
     </span>
    </p>
   </div>
   <div class='ocr_carea' id='block_1_30' title="bbox 2335 1737 3986 1810">
    <p class='ocr_par' dir='ltr' id='par_1_30' title="bbox 2335 1737 3986 1810">
     <span class='ocr_line' id='line_1_30' title="bbox 2335 1737 3986 1810; baseline -0.001 -18"><span class='ocrx_word' id='word_1_221' title='bbox 2335 1740 2424 1810; x_wconf 81' lang='lat'>39)</span> <span class='ocrx_word' id='word_1_222' title='bbox 2452 1756 2463 1793; x_wconf 91' lang='lat'>:</span> <span class='ocrx_word' id='word_1_223' title='bbox 2488 1744 2581 1796; x_wconf 91' lang='lat' dir='ltr'>et:</span> <span class='ocrx_word' id='word_1_224' title='bbox 2619 1740 2755 1795; x_wconf 88' lang='lat' dir='ltr'>Cum</span> <span class='ocrx_word' id='word_1_225' title='bbox 2786 1741 3110 1810; x_wconf 81' lang='lat' dir='ltr'>interﬁceret</span> <span class='ocrx_word' id='word_1_226' title='bbox 3137 1740 3280 1805; x_wconf 84' lang='lat' dir='ltr'>illos,</span> <span class='ocrx_word' id='word_1_227' title='bbox 3316 1742 3444 1793; x_wconf 87' lang='lat' dir='ltr'>tunc</span> <span class='ocrx_word' id='word_1_228' title='bbox 3501 1737 3816 1808; x_wconf 71' lang='lat' dir='ltr'>quaerebant</span> <span class='ocrx_word' id='word_1_229' title='bbox 3859 1752 3986 1791; x_wconf 88' lang='lat' dir='ltr'>eum</span> 
     </span>
    </p>
   </div>
   <div class='ocr_carea' id='block_1_31' title="bbox 2334 1825 3979 1901">
    <p class='ocr_par' dir='ltr' id='par_1_31' title="bbox 2334 1825 3979 1901">
     <span class='ocr_line' id='line_1_31' title="bbox 2334 1825 3979 1901; baseline -0.001 -19"><span class='ocrx_word' id='word_1_230' title='bbox 2334 1829 2504 1899; x_wconf 85' lang='lat' dir='ltr'>(Psat.</span> <span class='ocrx_word' id='word_1_231' title='bbox 2540 1847 2712 1896; x_wconf 83' lang='lat' dir='ltr'>Lxxn,</span> <span class='ocrx_word' id='word_1_232' title='bbox 2743 1831 2854 1896; x_wconf 78' lang='grc'>34).</span> <span class='ocrx_word' id='word_1_233' title='bbox 2889 1830 3002 1884; x_wconf 90' lang='lat' dir='ltr'>Nec</span> <span class='ocrx_word' id='word_1_234' title='bbox 3035 1833 3309 1901; x_wconf 90' lang='lat' dir='ltr'>putemus</span> <span class='ocrx_word' id='word_1_235' title='bbox 3342 1827 3450 1882; x_wconf 92' lang='lat' dir='ltr'>hoc</span> <span class='ocrx_word' id='word_1_236' title='bbox 3481 1827 3636 1898; x_wconf 90' lang='lat' dir='ltr'>quod</span> <span class='ocrx_word' id='word_1_237' title='bbox 3671 1841 3826 1880; x_wconf 90' lang='lat' dir='ltr'>nunc</span> <span class='ocrx_word' id='word_1_238' title='bbox 3857 1825 3979 1880; x_wconf 89' lang='lat' dir='ltr'>ait:</span> 
     </span>
    </p>
   </div>
   <div class='ocr_carea' id='block_1_32' title="bbox 576 1910 3983 2012">
    <p class='ocr_par' dir='ltr' id='par_1_32' title="bbox 576 1910 3983 2012">
     <span class='ocr_line' id='line_1_32' title="bbox 576 1910 3983 2012; baseline 0.001 -48"><span class='ocrx_word' id='word_1_239' title='bbox 576 1913 782 1997; x_wconf 75' lang='lat' dir='ltr'>&#39;ctuum</span> <span class='ocrx_word' id='word_1_240' title='bbox 807 1910 893 1966; x_wconf 88' lang='lat' dir='ltr'>vel</span> <span class='ocrx_word' id='word_1_241' title='bbox 913 1910 2221 1988; x_wconf 89' lang='lat' dir='ltr'>locorum,illumquemunumessecredimus</span> <span class='ocrx_word' id='word_1_242' title='bbox 2259 1949 2303 2012; x_wconf 80' lang='grc' dir='ltr'><strong>Β</strong></span> <span class='ocrx_word' id='word_1_243' title='bbox 2337 1919 2444 1986; x_wconf 84' lang='lat' dir='ltr'>Qui</span> <span class='ocrx_word' id='word_1_244' title='bbox 2492 1921 2865 1990; x_wconf 78' lang='lat' dir='ltr'>corrumpitur</span> <span class='ocrx_word' id='word_1_245' title='bbox 2917 1918 3213 1974; x_wconf 85' lang='lat' dir='ltr'>secundum</span> <span class='ocrx_word' id='word_1_246' title='bbox 3267 1917 3546 1972; x_wconf 84' lang='lat' dir='ltr'>desideria</span> <span class='ocrx_word' id='word_1_247' title='bbox 3591 1916 3819 1984; x_wconf 87' lang='lat' dir='ltr'>erroris,</span> <span class='ocrx_word' id='word_1_248' title='bbox 3896 1912 3983 1968; x_wconf 86' lang='lat' dir='ltr'>illi</span> 
     </span>
    </p>
   </div>
   <div class='ocr_carea' id='block_1_33' title="bbox 581 1988 2223 2078">
    <p class='ocr_par' dir='ltr' id='par_1_33' title="bbox 581 1988 2223 2078">
     <span class='ocr_line' id='line_1_33' title="bbox 581 1988 2223 2078; baseline 0.005 -26"><span class='ocrx_word' id='word_1_249' title='bbox 581 1988 792 2054; x_wconf 83' lang='lat' dir='ltr'>Filium</span> <span class='ocrx_word' id='word_1_250' title='bbox 817 1999 1075 2056; x_wconf 89' lang='lat' dir='ltr'>hominis</span> <span class='ocrx_word' id='word_1_251' title='bbox 1107 2008 1164 2058; x_wconf 88' lang='lat' dir='ltr'>et</span> <span class='ocrx_word' id='word_1_252' title='bbox 1195 2003 1404 2059; x_wconf 89' lang='lat' dir='ltr'>Filium</span> <span class='ocrx_word' id='word_1_253' title='bbox 1441 2005 1558 2074; x_wconf 90' lang='lat' dir='ltr'>Dei,</span> <span class='ocrx_word' id='word_1_254' title='bbox 1590 2010 1648 2062; x_wconf 90' lang='lat' dir='ltr'>et</span> <span class='ocrx_word' id='word_1_255' title='bbox 1680 2010 1812 2061; x_wconf 87' lang='lat' dir='ltr'>ante</span> <span class='ocrx_word' id='word_1_256' title='bbox 1829 2006 2134 2078; x_wconf 89' lang='lat' dir='ltr'>virginem,</span> <span class='ocrx_word' id='word_1_257' title='bbox 2168 2011 2223 2061; x_wconf 89' lang='lat' dir='ltr'>et</span> 
     </span>
    </p>
   </div>
   <div class='ocr_carea' id='block_1_34' title="bbox 582 2088 2222 2168">
    <p class='ocr_par' dir='ltr' id='par_1_34' title="bbox 582 2088 2222 2168">
     <span class='ocr_line' id='line_1_34' title="bbox 582 2088 2222 2168; baseline 0.006 -27"><span class='ocrx_word' id='word_1_258' title='bbox 582 2092 716 2158; x_wconf 91' lang='lat' dir='ltr'>post</span> <span class='ocrx_word' id='word_1_259' title='bbox 741 2088 1026 2162; x_wconf 84' lang='lat' dir='ltr'>virginem</span> <span class='ocrx_word' id='word_1_260' title='bbox 1060 2090 1238 2146; x_wconf 90' lang='lat' dir='ltr'>alium</span> <span class='ocrx_word' id='word_1_261' title='bbox 1273 2098 1445 2164; x_wconf 91' lang='lat' dir='ltr'>atque</span> <span class='ocrx_word' id='word_1_262' title='bbox 1463 2093 1643 2150; x_wconf 89' lang='lat' dir='ltr'>alium</span> <span class='ocrx_word' id='word_1_263' title='bbox 1669 2101 2094 2168; x_wconf 88' lang='lat' dir='ltr'>nuncupantes.</span> <span class='ocrx_word' id='word_1_264' title='bbox 2125 2099 2222 2151; x_wconf 86' lang='lat' dir='ltr'>Po-</span> 
     </span>
    </p>
   </div>
   <div class='ocr_carea' id='block_1_35' title="bbox 583 2179 2218 2254">
    <p class='ocr_par' dir='ltr' id='par_1_35' title="bbox 583 2179 2218 2254">
     <span class='ocr_line' id='line_1_35' title="bbox 583 2179 2218 2254; baseline 0.006 -24"><span class='ocrx_word' id='word_1_265' title='bbox 583 2179 918 2233; x_wconf 87' lang='lat' dir='ltr'>testantem</span> <span class='ocrx_word' id='word_1_266' title='bbox 941 2179 1175 2235; x_wconf 90' lang='lat' dir='ltr'>etaliter</span> <span class='ocrx_word' id='word_1_267' title='bbox 1203 2180 1469 2254; x_wconf 86' lang='lat' dir='ltr'>intelligi.</span> <span class='ocrx_word' id='word_1_268' title='bbox 1505 2183 1656 2239; x_wconf 82' lang='lat' dir='ltr'>Sicut</span> <span class='ocrx_word' id='word_1_269' title='bbox 1685 2188 1734 2239; x_wconf 88' lang='lat' dir='ltr'>et</span> <span class='ocrx_word' id='word_1_270' title='bbox 1764 2187 1961 2240; x_wconf 85' lang='lat' dir='ltr'>veritas</span> <span class='ocrx_word' id='word_1_271' title='bbox 1991 2186 2049 2239; x_wconf 83' lang='lat' dir='ltr'>in.</span> <span class='ocrx_word' id='word_1_272' title='bbox 2077 2187 2218 2240; x_wconf 84' lang='lat' dir='ltr'>Jcsu.</span> 
     </span>
    </p>
   </div>
   <div class='ocr_carea' id='block_1_36' title="bbox 578 2265 2218 2345">
    <p class='ocr_par' dir='ltr' id='par_1_36' title="bbox 578 2265 2218 2345">
     <span class='ocr_line' id='line_1_36' title="bbox 578 2265 2218 2345; baseline 0.006 -26"><span class='ocrx_word' id='word_1_273' title='bbox 578 2267 643 2319; x_wconf 90' lang='lat' dir='ltr'>In</span> <span class='ocrx_word' id='word_1_274' title='bbox 677 2265 838 2322; x_wconf 90' lang='lat' dir='ltr'>nullo</span> <span class='ocrx_word' id='word_1_275' title='bbox 868 2268 1356 2339; x_wconf 87' lang='lat' dir='ltr'>patriarcharum,</span> <span class='ocrx_word' id='word_1_276' title='bbox 1388 2271 1446 2326; x_wconf 90' lang='lat' dir='ltr'>in</span> <span class='ocrx_word' id='word_1_277' title='bbox 1479 2272 1641 2328; x_wconf 90' lang='lat' dir='ltr'>nullo</span> <span class='ocrx_word' id='word_1_278' title='bbox 1674 2273 2110 2345; x_wconf 88' lang='lat' dir='ltr'>prophetarum,</span> <span class='ocrx_word' id='word_1_279' title='bbox 2163 2274 2218 2328; x_wconf 89' lang='lat' dir='ltr'>in</span> 
     </span>
    </p>
   </div>
   <div class='ocr_carea' id='block_1_37' title="bbox 578 2353 2218 2431">
    <p class='ocr_par' dir='ltr' id='par_1_37' title="bbox 578 2353 2218 2431">
     <span class='ocr_line' id='line_1_37' title="bbox 578 2353 2218 2431; baseline 0.006 -24"><span class='ocrx_word' id='word_1_280' title='bbox 578 2353 740 2410; x_wconf 91' lang='lat' dir='ltr'>nullo</span> <span class='ocrx_word' id='word_1_281' title='bbox 771 2355 1169 2428; x_wconf 88' lang='lat' dir='ltr'>apostolorum</span> <span class='ocrx_word' id='word_1_282' title='bbox 1196 2359 1409 2415; x_wconf 87' lang='lat' dir='ltr'>veritas</span> <span class='ocrx_word' id='word_1_283' title='bbox 1443 2361 1569 2431; x_wconf 79' lang='lat' dir='ltr'>fuit,</span> <span class='ocrx_word' id='word_1_284' title='bbox 1619 2361 1732 2416; x_wconf 89' lang='lat' dir='ltr'>nisi</span> <span class='ocrx_word' id='word_1_285' title='bbox 1783 2363 1840 2417; x_wconf 92' lang='lat' dir='ltr'>in</span> <span class='ocrx_word' id='word_1_286' title='bbox 1897 2361 2018 2418; x_wconf 91' lang='lat' dir='ltr'>solo</span> <span class='ocrx_word' id='word_1_287' title='bbox 2057 2365 2218 2418; x_wconf 86' lang='lat' dir='ltr'>Jesu.</span> 
     </span>
    </p>
   </div>
   <div class='ocr_carea' id='block_1_38' title="bbox 579 2443 2222 2523">
    <p class='ocr_par' dir='ltr' id='par_1_38' title="bbox 579 2443 2222 2523">
     <span class='ocr_line' id='line_1_38' title="bbox 579 2443 2222 2523; baseline 0.005 -25"><span class='ocrx_word' id='word_1_288' title='bbox 579 2443 693 2498; x_wconf 79' lang='lat' dir='ltr'>Alii</span> <span class='ocrx_word' id='word_1_289' title='bbox 724 2445 880 2501; x_wconf 90' lang='lat' dir='ltr'>enim</span> <span class='ocrx_word' id='word_1_290' title='bbox 912 2463 979 2502; x_wconf 85' lang='lat' dir='ltr'>ex</span> <span class='ocrx_word' id='word_1_291' title='bbox 1010 2452 1172 2519; x_wconf 89' lang='lat' dir='ltr'>parte</span> <span class='ocrx_word' id='word_1_292' title='bbox 1203 2452 1647 2522; x_wconf 88' lang='lat' dir='ltr'>cognoscebant,</span> <span class='ocrx_word' id='word_1_293' title='bbox 1681 2455 1736 2506; x_wconf 88' lang='lat' dir='ltr'>et</span> <span class='ocrx_word' id='word_1_294' title='bbox 1765 2468 1834 2506; x_wconf 88' lang='lat' dir='ltr'>ex</span> <span class='ocrx_word' id='word_1_295' title='bbox 1879 2457 2041 2523; x_wconf 90' lang='lat' dir='ltr'>parte</span> <span class='ocrx_word' id='word_1_296' title='bbox 2087 2469 2222 2522; x_wconf 91' lang='lat' dir='ltr'>pro-</span> 
     </span>
    </p>
   </div>
   <div class='ocr_carea' id='block_1_39' title="bbox 579 2532 2222 2613">
    <p class='ocr_par' dir='ltr' id='par_1_39' title="bbox 579 2532 2222 2613">
     <span class='ocr_line' id='line_1_39' title="bbox 579 2532 2222 2613; baseline 0.004 -26"><span class='ocrx_word' id='word_1_297' title='bbox 579 2532 918 2606; x_wconf 90' lang='lat' dir='ltr'>phetabant,</span> <span class='ocrx_word' id='word_1_298' title='bbox 961 2540 1018 2592; x_wconf 87' lang='lat' dir='ltr'>et</span> <span class='ocrx_word' id='word_1_299' title='bbox 1045 2553 1149 2608; x_wconf 92' lang='lat' dir='ltr'>per</span> <span class='ocrx_word' id='word_1_300' title='bbox 1179 2537 1480 2609; x_wconf 91' lang='lat' dir='ltr'>speculum</span> <span class='ocrx_word' id='word_1_301' title='bbox 1517 2540 1573 2594; x_wconf 92' lang='lat' dir='ltr'>in</span> <span class='ocrx_word' id='word_1_302' title='bbox 1607 2541 1913 2613; x_wconf 65' lang='lat' dir='ltr'>mnigmate</span> <span class='ocrx_word' id='word_1_303' title='bbox 1944 2541 2222 2596; x_wconf 89' lang='lat' dir='ltr'>videbant</span> 
     </span>
    </p>
   </div>
   <div class='ocr_carea' id='block_1_40' title="bbox 577 2621 2220 2700">
    <p class='ocr_par' dir='ltr' id='par_1_40' title="bbox 577 2621 2220 2700">
     <span class='ocr_line' id='line_1_40' title="bbox 577 2621 2220 2700; baseline 0.005 -23"><span class='ocrx_word' id='word_1_304' title='bbox 577 2621 621 2693; x_wconf 92' lang='grc' dir='ltr'>(Ι</span> <span class='ocrx_word' id='word_1_305' title='bbox 656 2624 781 2678; x_wconf 80' lang='lat' dir='ltr'>Cor.</span> <span class='ocrx_word' id='word_1_306' title='bbox 816 2641 939 2695; x_wconf 86' lang='lat' dir='ltr'>xm,</span> <span class='ocrx_word' id='word_1_307' title='bbox 974 2626 1060 2694; x_wconf 88' lang='grc'>13,</span> <span class='ocrx_word' id='word_1_308' title='bbox 1099 2627 1207 2696; x_wconf 86' lang='grc'>15).</span> <span class='ocrx_word' id='word_1_309' title='bbox 1266 2628 1326 2682; x_wconf 83' lang='lat' dir='ltr'>in</span> <span class='ocrx_word' id='word_1_310' title='bbox 1372 2627 1494 2683; x_wconf 93' lang='lat' dir='ltr'>solo</span> <span class='ocrx_word' id='word_1_311' title='bbox 1543 2632 1678 2685; x_wconf 87' lang='lat' dir='ltr'>Jesu</span> <span class='ocrx_word' id='word_1_312' title='bbox 1723 2629 1936 2684; x_wconf 88' lang='lat' dir='ltr'>veritas</span> <span class='ocrx_word' id='word_1_313' title='bbox 1969 2630 2065 2684; x_wconf 89' lang='lat' dir='ltr'>Dei</span> <span class='ocrx_word' id='word_1_314' title='bbox 2119 2647 2220 2700; x_wconf 88' lang='lat' dir='ltr'>ap-</span> 
     </span>
    </p>
   </div>
   <div class='ocr_carea' id='block_1_41' title="bbox 575 2711 2220 2790">
    <p class='ocr_par' dir='ltr' id='par_1_41' title="bbox 575 2711 2220 2790">
     <span class='ocr_line' id='line_1_41' title="bbox 575 2711 2220 2790; baseline 0.005 -24"><span class='ocrx_word' id='word_1_315' title='bbox 575 2711 788 2783; x_wconf 87' lang='lat' dir='ltr'>paruit,</span> <span class='ocrx_word' id='word_1_316' title='bbox 825 2730 950 2785; x_wconf 72' lang='lat' dir='ltr'>qua:</span> <span class='ocrx_word' id='word_1_317' title='bbox 980 2713 1244 2788; x_wconf 89' lang='lat' dir='ltr'>loquitur</span> <span class='ocrx_word' id='word_1_318' title='bbox 1272 2717 1667 2773; x_wconf 82' lang='lat' dir='ltr'>confidenter:</span> <span class='ocrx_word' id='word_1_319' title='bbox 1713 2719 1817 2790; x_wconf 85' lang='lat' dir='ltr'>Ego</span> <span class='ocrx_word' id='word_1_320' title='bbox 1845 2736 1966 2774; x_wconf 91' lang='lat' dir='ltr'>sum</span> <span class='ocrx_word' id='word_1_321' title='bbox 2019 2720 2220 2774; x_wconf 82' lang='lat' dir='ltr'>veritas</span> 
     </span>
    </p>
   </div>
   <div class='ocr_carea' id='block_1_42' title="bbox 574 2804 2221 2879">
    <p class='ocr_par' dir='ltr' id='par_1_42' title="bbox 574 2804 2221 2879">
     <span class='ocr_line' id='line_1_42' title="bbox 574 2804 2221 2879; baseline 0.004 -21"><span class='ocrx_word' id='word_1_322' title='bbox 574 2804 760 2869; x_wconf 84' lang='lat' dir='ltr'>(Joan.</span> <span class='ocrx_word' id='word_1_323' title='bbox 792 2820 905 2874; x_wconf 78' lang='lat' dir='ltr'>XIV,</span> <span class='ocrx_word' id='word_1_324' title='bbox 928 2805 1019 2875; x_wconf 88' lang='lat'>6):</span> <span class='ocrx_word' id='word_1_325' title='bbox 1061 2822 1184 2878; x_wconf 70' lang='lat' dir='ltr'>quaa</span> <span class='ocrx_word' id='word_1_326' title='bbox 1216 2807 1589 2862; x_wconf 87' lang='lat' dir='ltr'>credentibus</span> <span class='ocrx_word' id='word_1_327' title='bbox 1621 2807 1679 2862; x_wconf 90' lang='lat' dir='ltr'>in</span> <span class='ocrx_word' id='word_1_328' title='bbox 1725 2823 1786 2863; x_wconf 90' lang='lat' dir='ltr'>se</span> <span class='ocrx_word' id='word_1_329' title='bbox 1809 2810 1979 2879; x_wconf 86' lang='lat' dir='ltr'>juxta</span> <span class='ocrx_word' id='word_1_330' title='bbox 2027 2808 2221 2864; x_wconf 89' lang='lat' dir='ltr'>analo-</span> 
     </span>
    </p>
   </div>
   <div class='ocr_carea' id='block_1_43' title="bbox 574 2889 2221 2969">
    <p class='ocr_par' dir='ltr' id='par_1_43' title="bbox 574 2889 2221 2969">
     <span class='ocr_line' id='line_1_43' title="bbox 574 2889 2221 2969; baseline 0.005 -26"><span class='ocrx_word' id='word_1_331' title='bbox 574 2889 728 2961; x_wconf 88' lang='lat' dir='ltr'>giam</span> <span class='ocrx_word' id='word_1_332' title='bbox 763 2891 898 2946; x_wconf 87' lang='lat' dir='ltr'>ﬁdei</span> <span class='ocrx_word' id='word_1_333' title='bbox 930 2893 1136 2950; x_wconf 86' lang='lat' dir='ltr'>tribuit</span> <span class='ocrx_word' id='word_1_334' title='bbox 1165 2894 1512 2950; x_wconf 88' lang='lat' dir='ltr'>libertatem.</span> <span class='ocrx_word' id='word_1_335' title='bbox 1549 2896 1657 2960; x_wconf 89' lang='lat' dir='ltr'>Qui</span> <span class='ocrx_word' id='word_1_336' title='bbox 1707 2897 1862 2952; x_wconf 88' lang='lat' dir='ltr'>enim</span> <span class='ocrx_word' id='word_1_337' title='bbox 1923 2897 2221 2969; x_wconf 90' lang='lat' dir='ltr'>cognoscit</span> 
     </span>
    </p>
   </div>
   <div class='ocr_carea' id='block_1_44' title="bbox 573 2978 2218 3058">
    <p class='ocr_par' dir='ltr' id='par_1_44' title="bbox 573 2978 2218 3058">
     <span class='ocr_line' id='line_1_44' title="bbox 573 2978 2218 3058; baseline 0.007 -28"><span class='ocrx_word' id='word_1_338' title='bbox 573 2978 896 3045; x_wconf 85' lang='lat' dir='ltr'>veritatem,</span> <span class='ocrx_word' id='word_1_339' title='bbox 931 2998 964 3035; x_wconf 89' lang='lat' dir='ltr'>a</span> <span class='ocrx_word' id='word_1_340' title='bbox 992 2983 1231 3038; x_wconf 87' lang='lat' dir='ltr'>veritate</span> <span class='ocrx_word' id='word_1_341' title='bbox 1261 2982 1529 3040; x_wconf 87' lang='lat' dir='ltr'>libertate</span> <span class='ocrx_word' id='word_1_342' title='bbox 1559 2985 1830 3040; x_wconf 90' lang='lat' dir='ltr'>donatur.</span> <span class='ocrx_word' id='word_1_343' title='bbox 1866 2987 1935 3040; x_wconf 89' lang='lat' dir='ltr'>Et</span> <span class='ocrx_word' id='word_1_344' title='bbox 1966 2987 2095 3058; x_wconf 87' lang='lat' dir='ltr'>ipsa</span> <span class='ocrx_word' id='word_1_345' title='bbox 2119 3003 2218 3042; x_wconf 90' lang='lat' dir='ltr'>ve-</span> 
     </span>
    </p>
   </div>
   <div class='ocr_carea' id='block_1_45' title="bbox 577 3065 2216 3146">
    <p class='ocr_par' dir='ltr' id='par_1_45' title="bbox 577 3065 2216 3146">
     <span class='ocr_line' id='line_1_45' title="bbox 577 3065 2216 3146; baseline 0.007 -26"><span class='ocrx_word' id='word_1_346' title='bbox 577 3065 720 3122; x_wconf 88' lang='lat' dir='ltr'>ritas</span> <span class='ocrx_word' id='word_1_347' title='bbox 750 3073 1057 3141; x_wconf 81' lang='lat' dir='ltr'>propterea</span> <span class='ocrx_word' id='word_1_348' title='bbox 1081 3070 1329 3126; x_wconf 77' lang='lat' dir='ltr'>formam</span> <span class='ocrx_word' id='word_1_349' title='bbox 1361 3074 1511 3128; x_wconf 88' lang='lat' dir='ltr'>servi</span> <span class='ocrx_word' id='word_1_350' title='bbox 1539 3075 1880 3146; x_wconf 86' lang='lat' dir='ltr'>assumpsit,</span> <span class='ocrx_word' id='word_1_351' title='bbox 1912 3081 1969 3130; x_wconf 86' lang='lat' dir='ltr'>et</span> <span class='ocrx_word' id='word_1_352' title='bbox 2018 3076 2216 3131; x_wconf 90' lang='lat' dir='ltr'>humi-</span> 
     </span>
    </p>
   </div>
   <div class='ocr_carea' id='block_1_46' title="bbox 577 3154 2215 3236">
    <p class='ocr_par' dir='ltr' id='par_1_46' title="bbox 577 3154 2215 3236">
     <span class='ocr_line' id='line_1_46' title="bbox 577 3154 2215 3236; baseline 0.007 -26"><span class='ocrx_word' id='word_1_353' title='bbox 577 3154 739 3211; x_wconf 90' lang='lat' dir='ltr'>liavit</span> <span class='ocrx_word' id='word_1_354' title='bbox 769 3174 850 3227; x_wconf 89' lang='lat' dir='ltr'>se,</span> <span class='ocrx_word' id='word_1_355' title='bbox 884 3157 1036 3214; x_wconf 81' lang='lat' dir='ltr'>facta</span> <span class='ocrx_word' id='word_1_356' title='bbox 1067 3160 1346 3217; x_wconf 89' lang='lat' dir='ltr'>obediens</span> <span class='ocrx_word' id='word_1_357' title='bbox 1399 3163 1555 3218; x_wconf 86' lang='lat' dir='ltr'>Patri</span> <span class='ocrx_word' id='word_1_358' title='bbox 1613 3179 1797 3236; x_wconf 87' lang='lat' dir='ltr'>usque</span> <span class='ocrx_word' id='word_1_359' title='bbox 1846 3164 1914 3220; x_wconf 90' lang='lat' dir='ltr'>ad</span> <span class='ocrx_word' id='word_1_360' title='bbox 1969 3172 2215 3221; x_wconf 90' lang='lat' dir='ltr'>mortem</span> 
     </span>
    </p>
   </div>
   <div class='ocr_carea' id='block_1_47' title="bbox 577 3245 2217 3320">
    <p class='ocr_par' dir='ltr' id='par_1_47' title="bbox 577 3245 2217 3320">
     <span class='ocr_line' id='line_1_47' title="bbox 577 3245 2217 3320; baseline 0.007 -21"><span class='ocrx_word' id='word_1_361' title='bbox 577 3245 808 3318; x_wconf 83' lang='lat' dir='ltr'>(Philip.</span> <span class='ocrx_word' id='word_1_362' title='bbox 846 3264 908 3318; x_wconf 89' lang='grc' dir='ltr'>ιι,</span> <span class='ocrx_word' id='word_1_363' title='bbox 939 3249 1014 3320; x_wconf 88' lang='grc'>8),</span> <span class='ocrx_word' id='word_1_364' title='bbox 1075 3254 1138 3304; x_wconf 91' lang='lat' dir='ltr'>ut</span> <span class='ocrx_word' id='word_1_365' title='bbox 1187 3266 1420 3307; x_wconf 90' lang='lat' dir='ltr'>servum</span> <span class='ocrx_word' id='word_1_366' title='bbox 1472 3252 1738 3309; x_wconf 88' lang='lat' dir='ltr'>redderet</span> <span class='ocrx_word' id='word_1_367' title='bbox 1787 3252 2058 3310; x_wconf 89' lang='lat' dir='ltr'>liberum.</span> <span class='ocrx_word' id='word_1_368' title='bbox 2112 3255 2217 3310; x_wconf 91' lang='lat' dir='ltr'>Ubi</span> 
     </span>
    </p>
   </div>
   <div class='ocr_carea' id='block_1_48' title="bbox 576 3318 2292 3416">
    <p class='ocr_par' dir='ltr' id='par_1_48' title="bbox 576 3318 2292 3416">
     <span class='ocr_line' id='line_1_48' title="bbox 576 3318 2292 3416; baseline 0.006 -27"><span class='ocrx_word' id='word_1_369' title='bbox 576 3334 732 3390; x_wconf 90' lang='lat' dir='ltr'>enim</span> <span class='ocrx_word' id='word_1_370' title='bbox 764 3318 1005 3408; x_wconf 90' lang='lat' dir='ltr'>spiritus</span> <span class='ocrx_word' id='word_1_371' title='bbox 1040 3339 1136 3394; x_wconf 87' lang='lat' dir='ltr'>Dei</span> <span class='ocrx_word' id='word_1_372' title='bbox 1169 3344 1276 3405; x_wconf 89' lang='lat' dir='ltr'>est,</span> <span class='ocrx_word' id='word_1_373' title='bbox 1309 3340 1388 3396; x_wconf 91' lang='lat' dir='ltr'>ibi</span> <span class='ocrx_word' id='word_1_374' title='bbox 1421 3340 1660 3397; x_wconf 90' lang='lat' dir='ltr'>libertas</span> <span class='ocrx_word' id='word_1_375' title='bbox 1692 3342 1761 3414; x_wconf 83' lang='lat' dir='ltr'>(II</span> <span class='ocrx_word' id='word_1_376' title='bbox 1794 3342 1913 3398; x_wconf 85' lang='lat' dir='ltr'>Cor.</span> <span class='ocrx_word' id='word_1_377' title='bbox 1969 3361 2048 3411; x_wconf 87' lang='grc' dir='ltr'>ιιι,</span> <span class='ocrx_word' id='word_1_378' title='bbox 2107 3345 2214 3416; x_wconf 91' lang='lat'>17).</span> <span class='ocrx_word' id='word_1_379' title='bbox 2249 3318 2292 3386; x_wconf 66' lang='grc' dir='ltr'><strong>θ</strong></span> 
     </span>
    </p>
   </div>
   <div class='ocr_carea' id='block_1_49' title="bbox 575 3423 2218 3504">
    <p class='ocr_par' dir='ltr' id='par_1_49' title="bbox 575 3423 2218 3504">
     <span class='ocr_line' id='line_1_49' title="bbox 575 3423 2218 3504; baseline 0.006 -25"><span class='ocrx_word' id='word_1_380' title='bbox 575 3424 634 3479; x_wconf 90' lang='lat' dir='ltr'>Si</span> <span class='ocrx_word' id='word_1_381' title='bbox 664 3423 937 3482; x_wconf 82' lang='lat' dir='ltr'>volumus</span> <span class='ocrx_word' id='word_1_382' title='bbox 967 3428 1213 3484; x_wconf 84' lang='lat' dir='ltr'>formam</span> <span class='ocrx_word' id='word_1_383' title='bbox 1246 3428 1411 3485; x_wconf 90' lang='lat' dir='ltr'>liberi</span> <span class='ocrx_word' id='word_1_384' title='bbox 1442 3430 1501 3485; x_wconf 92' lang='lat' dir='ltr'>in</span> <span class='ocrx_word' id='word_1_385' title='bbox 1531 3431 1692 3496; x_wconf 89' lang='lat' dir='ltr'>Jesu,</span> <span class='ocrx_word' id='word_1_386' title='bbox 1749 3431 2076 3504; x_wconf 82' lang='lat' dir='ltr'>faciemque</span> <span class='ocrx_word' id='word_1_387' title='bbox 2125 3449 2218 3490; x_wconf 89' lang='lat' dir='ltr'>co-</span> 
     </span>
    </p>
   </div>
   <div class='ocr_carea' id='block_1_50' title="bbox 576 3517 2216 3598">
    <p class='ocr_par' dir='ltr' id='par_1_50' title="bbox 576 3517 2216 3598">
     <span class='ocr_line' id='line_1_50' title="bbox 576 3517 2216 3598; baseline 0.006 -30"><span class='ocrx_word' id='word_1_388' title='bbox 576 3529 854 3586; x_wconf 87' lang='lat' dir='ltr'>gnoscere</span> <span class='ocrx_word' id='word_1_389' title='bbox 881 3517 1163 3598; x_wconf 81' lang='lat' dir='ltr'>veritatis,</span> <span class='ocrx_word' id='word_1_390' title='bbox 1199 3519 1733 3576; x_wconf 89' lang='lat' dir='ltr'>ascendemuscum</span> <span class='ocrx_word' id='word_1_391' title='bbox 1760 3538 1824 3576; x_wconf 92' lang='lat' dir='ltr'>eo</span> <span class='ocrx_word' id='word_1_392' title='bbox 1851 3521 1907 3575; x_wconf 89' lang='lat' dir='ltr'>in</span> <span class='ocrx_word' id='word_1_393' title='bbox 1933 3527 2216 3592; x_wconf 88' lang='lat' dir='ltr'>montem,</span> 
     </span>
    </p>
   </div>
   <div class='ocr_carea' id='block_1_51' title="bbox 574 3603 2222 3680">
    <p class='ocr_par' dir='ltr' id='par_1_51' title="bbox 574 3603 2222 3680">
     <span class='ocr_line' id='line_1_51' title="bbox 574 3603 2222 3680; baseline 0.007 -23"><span class='ocrx_word' id='word_1_394' title='bbox 574 3603 878 3661; x_wconf 87' lang='lat' dir='ltr'>videamus</span> <span class='ocrx_word' id='word_1_395' title='bbox 908 3623 1042 3662; x_wconf 91' lang='lat' dir='ltr'>eum</span> <span class='ocrx_word' id='word_1_396' title='bbox 1075 3609 1557 3680; x_wconf 74' lang='lat' dir='ltr'>transfiguratum</span> <span class='ocrx_word' id='word_1_397' title='bbox 1584 3627 1596 3664; x_wconf 91' lang='lat'>:</span> <span class='ocrx_word' id='word_1_398' title='bbox 1627 3610 1724 3665; x_wconf 91' lang='lat' dir='ltr'>ubi</span> <span class='ocrx_word' id='word_1_399' title='bbox 1769 3616 1825 3665; x_wconf 90' lang='lat' dir='ltr'>et</span> <span class='ocrx_word' id='word_1_400' title='bbox 1870 3611 2222 3667; x_wconf 90' lang='lat' dir='ltr'>vestimenta</span> 
     </span>
    </p>
   </div>
   <div class='ocr_carea' id='block_1_52' title="bbox 575 3693 2224 3768">
    <p class='ocr_par' dir='ltr' id='par_1_52' title="bbox 575 3693 2224 3768">
     <span class='ocr_line' id='line_1_52' title="bbox 575 3693 2224 3768; baseline 0.004 -20"><span class='ocrx_word' id='word_1_401' title='bbox 575 3693 724 3763; x_wconf 88' lang='lat' dir='ltr'>ejus,</span> <span class='ocrx_word' id='word_1_402' title='bbox 757 3693 814 3747; x_wconf 93' lang='lat' dir='ltr'>id</span> <span class='ocrx_word' id='word_1_403' title='bbox 847 3699 956 3765; x_wconf 89' lang='lat' dir='ltr'>est,</span> <span class='ocrx_word' id='word_1_404' title='bbox 989 3696 1300 3767; x_wconf 68' lang='lat' dir='ltr'>Scriptura:</span> <span class='ocrx_word' id='word_1_405' title='bbox 1334 3714 1460 3768; x_wconf 68' lang='lat' dir='ltr'>qua:</span> <span class='ocrx_word' id='word_1_406' title='bbox 1492 3699 1562 3753; x_wconf 92' lang='lat' dir='ltr'>de</span> <span class='ocrx_word' id='word_1_407' title='bbox 1592 3714 1657 3754; x_wconf 93' lang='lat' dir='ltr'>eo</span> <span class='ocrx_word' id='word_1_408' title='bbox 1685 3700 2064 3766; x_wconf 88' lang='lat' dir='ltr'>annuntiant,</span> <span class='ocrx_word' id='word_1_409' title='bbox 2114 3701 2224 3756; x_wconf 89' lang='lat' dir='ltr'>im-</span> 
     </span>
    </p>
   </div>
   <div class='ocr_carea' id='block_1_53' title="bbox 579 3783 2222 3858">
    <p class='ocr_par' dir='ltr' id='par_1_53' title="bbox 579 3783 2222 3858">
     <span class='ocr_line' id='line_1_53' title="bbox 579 3783 2222 3858; baseline 0.006 -24"><span class='ocrx_word' id='word_1_410' title='bbox 579 3786 902 3849; x_wconf 87' lang='lat' dir='ltr'>mutantur,</span> <span class='ocrx_word' id='word_1_411' title='bbox 934 3787 992 3838; x_wconf 90' lang='lat' dir='ltr'>et</span> <span class='ocrx_word' id='word_1_412' title='bbox 1022 3783 1248 3857; x_wconf 85' lang='lat' dir='ltr'>Moyses</span> <span class='ocrx_word' id='word_1_413' title='bbox 1278 3801 1512 3858; x_wconf 85' lang='lat' dir='ltr'>quoque</span> <span class='ocrx_word' id='word_1_414' title='bbox 1544 3791 1600 3842; x_wconf 90' lang='lat' dir='ltr'>et</span> <span class='ocrx_word' id='word_1_415' title='bbox 1631 3786 1804 3852; x_wconf 87' lang='lat' dir='ltr'>Elias,</span> <span class='ocrx_word' id='word_1_416' title='bbox 1855 3787 1910 3842; x_wconf 92' lang='lat' dir='ltr'>id</span> <span class='ocrx_word' id='word_1_417' title='bbox 1963 3793 2070 3856; x_wconf 88' lang='lat' dir='ltr'>est,</span> <span class='ocrx_word' id='word_1_418' title='bbox 2132 3789 2222 3846; x_wconf 87' lang='lat' dir='ltr'>lex</span> 
     </span>
    </p>
   </div>
   <div class='ocr_carea' id='block_1_54' title="bbox 577 3869 2218 3949">
    <p class='ocr_par' dir='ltr' id='par_1_54' title="bbox 577 3869 2218 3949">
     <span class='ocr_line' id='line_1_54' title="bbox 577 3869 2218 3949; baseline 0.005 -25"><span class='ocrx_word' id='word_1_419' title='bbox 577 3872 633 3924; x_wconf 89' lang='lat' dir='ltr'>et</span> <span class='ocrx_word' id='word_1_420' title='bbox 664 3869 957 3943; x_wconf 73' lang='lat' dir='ltr'>prophetae</span> <span class='ocrx_word' id='word_1_421' title='bbox 985 3871 1259 3927; x_wconf 90' lang='lat' dir='ltr'>videntur</span> <span class='ocrx_word' id='word_1_422' title='bbox 1293 3872 1352 3928; x_wconf 90' lang='lat' dir='ltr'>in</span> <span class='ocrx_word' id='word_1_423' title='bbox 1386 3873 1572 3946; x_wconf 86' lang='lat' dir='ltr'>gloria</span> <span class='ocrx_word' id='word_1_424' title='bbox 1627 3875 1833 3941; x_wconf 80' lang='lat' dir='ltr'>(Matth.</span> <span class='ocrx_word' id='word_1_425' title='bbox 1888 3894 2024 3947; x_wconf 81' lang='lat' dir='ltr'>xvu,</span> <span class='ocrx_word' id='word_1_426' title='bbox 2075 3879 2218 3949; x_wconf 86' lang='lat'>2-6).</span> 
     </span>
    </p>
   </div>
   <div class='ocr_carea' id='block_1_55' title="bbox 577 3957 2222 4037">
    <p class='ocr_par' dir='ltr' id='par_1_55' title="bbox 577 3957 2222 4037">
     <span class='ocr_line' id='line_1_55' title="bbox 577 3957 2222 4037; baseline 0.005 -24"><span class='ocrx_word' id='word_1_427' title='bbox 577 3957 846 4021; x_wconf 91' lang='lat' dir='ltr'>Quandiu</span> <span class='ocrx_word' id='word_1_428' title='bbox 877 3960 1161 4018; x_wconf 90' lang='lat' dir='ltr'>Dominus</span> <span class='ocrx_word' id='word_1_429' title='bbox 1191 3963 1438 4018; x_wconf 82' lang='lat' dir='ltr'>formam</span> <span class='ocrx_word' id='word_1_430' title='bbox 1497 3963 1645 4019; x_wconf 90' lang='lat' dir='ltr'>servi</span> <span class='ocrx_word' id='word_1_431' title='bbox 1691 3981 1806 4019; x_wconf 92' lang='lat' dir='ltr'>non</span> <span class='ocrx_word' id='word_1_432' title='bbox 1855 3971 2065 4037; x_wconf 90' lang='lat' dir='ltr'>mutat,</span> <span class='ocrx_word' id='word_1_433' title='bbox 2117 3983 2222 4022; x_wconf 90' lang='lat' dir='ltr'>nec</span> 
     </span>
    </p>
   </div>
   <div class='ocr_carea' id='block_1_56' title="bbox 575 4049 2220 4128">
    <p class='ocr_par' dir='ltr' id='par_1_56' title="bbox 575 4049 2220 4128">
     <span class='ocr_line' id='line_1_56' title="bbox 575 4049 2220 4128; baseline 0.004 -24"><span class='ocrx_word' id='word_1_434' title='bbox 575 4049 839 4104; x_wconf 85' lang='lat' dir='ltr'>ascendit</span> <span class='ocrx_word' id='word_1_435' title='bbox 869 4050 926 4104; x_wconf 93' lang='lat' dir='ltr'>in</span> <span class='ocrx_word' id='word_1_436' title='bbox 959 4055 1241 4122; x_wconf 88' lang='lat' dir='ltr'>montem,</span> <span class='ocrx_word' id='word_1_437' title='bbox 1274 4051 1363 4108; x_wconf 87' lang='lat' dir='ltr'>lex</span> <span class='ocrx_word' id='word_1_438' title='bbox 1393 4053 1450 4107; x_wconf 92' lang='lat' dir='ltr'>in</span> <span class='ocrx_word' id='word_1_439' title='bbox 1483 4053 1776 4121; x_wconf 92' lang='lat' dir='ltr'>sordibus,</span> <span class='ocrx_word' id='word_1_440' title='bbox 1811 4055 2104 4128; x_wconf 63' lang='lat' dir='ltr'>prophetae</span> <span class='ocrx_word' id='word_1_441' title='bbox 2159 4055 2220 4112; x_wconf 93' lang='lat' dir='ltr'>in</span> 
     </span>
    </p>
   </div>
   <div class='ocr_carea' id='block_1_57' title="bbox 577 4137 2222 4215">
    <p class='ocr_par' dir='ltr' id='par_1_57' title="bbox 577 4137 2222 4215">
     <span class='ocr_line' id='line_1_57' title="bbox 577 4137 2222 4215; baseline 0.004 -21"><span class='ocrx_word' id='word_1_442' title='bbox 577 4137 848 4210; x_wconf 87' lang='lat' dir='ltr'>squalore</span> <span class='ocrx_word' id='word_1_443' title='bbox 878 4144 1205 4196; x_wconf 88' lang='lat' dir='ltr'>versantur.</span> <span class='ocrx_word' id='word_1_444' title='bbox 1240 4141 1382 4197; x_wconf 90' lang='lat' dir='ltr'>Cum</span> <span class='ocrx_word' id='word_1_445' title='bbox 1415 4141 1514 4198; x_wconf 92' lang='lat' dir='ltr'>ille</span> <span class='ocrx_word' id='word_1_446' title='bbox 1540 4143 1608 4198; x_wconf 93' lang='lat' dir='ltr'>ad</span> <span class='ocrx_word' id='word_1_447' title='bbox 1633 4143 2222 4215; x_wconf 79' lang='lat' dir='ltr'>superioraconscen-</span> 
     </span>
    </p>
   </div>
   <div class='ocr_carea' id='block_1_58' title="bbox 576 4227 2218 4299">
    <p class='ocr_par' dir='ltr' id='par_1_58' title="bbox 576 4227 2218 4299">
     <span class='ocr_line' id='line_1_58' title="bbox 576 4227 2218 4299; baseline 0.005 -17"><span class='ocrx_word' id='word_1_448' title='bbox 576 4227 745 4295; x_wconf 91' lang='lat' dir='ltr'>derit,</span> <span class='ocrx_word' id='word_1_449' title='bbox 777 4231 834 4284; x_wconf 92' lang='lat' dir='ltr'>et</span> <span class='ocrx_word' id='word_1_450' title='bbox 861 4230 1212 4287; x_wconf 89' lang='lat' dir='ltr'>vestimenta</span> <span class='ocrx_word' id='word_1_451' title='bbox 1239 4248 1348 4287; x_wconf 88' lang='lat' dir='ltr'>sua</span> <span class='ocrx_word' id='word_1_452' title='bbox 1375 4231 1624 4288; x_wconf 91' lang='lat' dir='ltr'>voluerit</span> <span class='ocrx_word' id='word_1_453' title='bbox 1661 4232 1996 4299; x_wconf 88' lang='lat' dir='ltr'>immutare,</span> <span class='ocrx_word' id='word_1_454' title='bbox 2047 4235 2218 4290; x_wconf 91' lang='lat' dir='ltr'>intel-</span> 
     </span>
    </p>
   </div>
   <div class='ocr_carea' id='block_1_59' title="bbox 574 4315 2220 4389">
    <p class='ocr_par' dir='ltr' id='par_1_59' title="bbox 574 4315 2220 4389">
     <span class='ocr_line' id='line_1_59' title="bbox 574 4315 2220 4389; baseline 0.004 -17"><span class='ocrx_word' id='word_1_455' title='bbox 574 4315 878 4389; x_wconf 88' lang='lat' dir='ltr'>lectusque</span> <span class='ocrx_word' id='word_1_456' title='bbox 933 4319 1003 4374; x_wconf 90' lang='lat' dir='ltr'>de</span> <span class='ocrx_word' id='word_1_457' title='bbox 1053 4336 1218 4375; x_wconf 90' lang='lat' dir='ltr'>servo</span> <span class='ocrx_word' id='word_1_458' title='bbox 1277 4319 1451 4375; x_wconf 86' lang='lat' dir='ltr'>fuerit</span> <span class='ocrx_word' id='word_1_459' title='bbox 1494 4319 1687 4375; x_wconf 88' lang='lat' dir='ltr'>clarus</span> <span class='ocrx_word' id='word_1_460' title='bbox 1747 4325 1804 4375; x_wconf 91' lang='lat' dir='ltr'>et</span> <span class='ocrx_word' id='word_1_461' title='bbox 1854 4320 2021 4388; x_wconf 90' lang='lat' dir='ltr'>liber,</span> <span class='ocrx_word' id='word_1_462' title='bbox 2081 4327 2220 4378; x_wconf 88' lang='lat' dir='ltr'>tunc</span> 
     </span>
    </p>
   </div>
   <div class='ocr_carea' id='block_1_60' title="bbox 576 4405 2220 4480">
    <p class='ocr_par' dir='ltr' id='par_1_60' title="bbox 576 4405 2220 4480">
     <span class='ocr_line' id='line_1_60' title="bbox 576 4405 2220 4480; baseline 0.005 -20"><span class='ocrx_word' id='word_1_463' title='bbox 576 4405 760 4478; x_wconf 84' lang='lat' dir='ltr'>Moysi</span> <span class='ocrx_word' id='word_1_464' title='bbox 792 4423 1026 4480; x_wconf 89' lang='lat' dir='ltr'>quoque</span> <span class='ocrx_word' id='word_1_465' title='bbox 1056 4411 1113 4464; x_wconf 89' lang='lat' dir='ltr'>et</span> <span class='ocrx_word' id='word_1_466' title='bbox 1134 4407 1291 4475; x_wconf 68' lang='lat' dir='ltr'>Elite,</span> <span class='ocrx_word' id='word_1_467' title='bbox 1315 4413 1373 4464; x_wconf 86' lang='lat' dir='ltr'>et</span> <span class='ocrx_word' id='word_1_468' title='bbox 1402 4408 1598 4479; x_wconf 83' lang='lat' dir='ltr'>facies,</span> <span class='ocrx_word' id='word_1_469' title='bbox 1631 4414 1689 4465; x_wconf 84' lang='lat' dir='ltr'>et</span> <span class='ocrx_word' id='word_1_470' title='bbox 1717 4409 2068 4467; x_wconf 90' lang='lat' dir='ltr'>vestimenta</span> <span class='ocrx_word' id='word_1_471' title='bbox 2090 4429 2220 4467; x_wconf 89' lang='lat' dir='ltr'>mu-</span> 
     </span>
    </p>
   </div>
   <div class='ocr_carea' id='block_1_61' title="bbox 576 4498 791 4550">
    <p class='ocr_par' dir='ltr' id='par_1_61' title="bbox 576 4498 791 4550">
     <span class='ocr_line' id='line_1_61' title="bbox 576 4498 791 4550; baseline 0.005 -2"><span class='ocrx_word' id='word_1_472' title='bbox 576 4498 791 4550; x_wconf 87' lang='lat' dir='ltr'>tantur.</span> 
     </span>
    </p>
   </div>
   <div class='ocr_carea' id='block_1_62' title="bbox 2334 2004 3977 2080">
    <p class='ocr_par' dir='ltr' id='par_1_62' title="bbox 2334 2004 3977 2080">
     <span class='ocr_line' id='line_1_62' title="bbox 2334 2004 3977 2080; baseline -0.002 -19"><span class='ocrx_word' id='word_1_473' title='bbox 2334 2022 2463 2061; x_wconf 88' lang='lat' dir='ltr'>esse</span> <span class='ocrx_word' id='word_1_474' title='bbox 2512 2008 2877 2063; x_wconf 90' lang='lat' dir='ltr'>contrarium</span> <span class='ocrx_word' id='word_1_475' title='bbox 2911 2008 3065 2080; x_wconf 91' lang='lat' dir='ltr'>quod</span> <span class='ocrx_word' id='word_1_476' title='bbox 3098 2007 3154 2061; x_wconf 91' lang='lat' dir='ltr'>in</span> <span class='ocrx_word' id='word_1_477' title='bbox 3187 2005 3297 2061; x_wconf 89' lang='lat' dir='ltr'>alio</span> <span class='ocrx_word' id='word_1_478' title='bbox 3331 2005 3454 2060; x_wconf 90' lang='lat' dir='ltr'>loco</span> <span class='ocrx_word' id='word_1_479' title='bbox 3513 2004 3797 2075; x_wconf 88' lang='lat' dir='ltr'>scriptum</span> <span class='ocrx_word' id='word_1_480' title='bbox 3849 2006 3977 2058; x_wconf 88' lang='lat' dir='ltr'>est:</span> 
     </span>
    </p>
   </div>
   <div class='ocr_carea' id='block_1_63' title="bbox 2332 2091 3978 2165">
    <p class='ocr_par' dir='ltr' id='par_1_63' title="bbox 2332 2091 3978 2165">
     <span class='ocr_line' id='line_1_63' title="bbox 2332 2091 3978 2165; baseline -0.004 -13"><span class='ocrx_word' id='word_1_481' title='bbox 2332 2099 2399 2152; x_wconf 83' lang='lat' dir='ltr'>Et</span> <span class='ocrx_word' id='word_1_482' title='bbox 2427 2099 2479 2151; x_wconf 91' lang='lat' dir='ltr'>si</span> <span class='ocrx_word' id='word_1_483' title='bbox 2502 2100 2743 2153; x_wconf 69' lang='lat' dir='ltr'>exterior</span> <span class='ocrx_word' id='word_1_484' title='bbox 2770 2105 2952 2152; x_wconf 84' lang='lat' dir='ltr'>noster</span> <span class='ocrx_word' id='word_1_485' title='bbox 2989 2097 3143 2151; x_wconf 87' lang='lat' dir='ltr'>homo</span> <span class='ocrx_word' id='word_1_486' title='bbox 3173 2095 3582 2165; x_wconf 85' lang='lat' dir='ltr'>corrumpitur:</span> <span class='ocrx_word' id='word_1_487' title='bbox 3632 2091 3727 2147; x_wconf 84' lang='lat' dir='ltr'>sed</span> <span class='ocrx_word' id='word_1_488' title='bbox 3773 2093 3821 2146; x_wconf 86' lang='lat' dir='ltr'>is</span> <span class='ocrx_word' id='word_1_489' title='bbox 3879 2092 3978 2162; x_wconf 87' lang='lat' dir='ltr'>qui</span> 
     </span>
    </p>
   </div>
   <div class='ocr_carea' id='block_1_64' title="bbox 2331 2180 3963 2256">
    <p class='ocr_par' dir='ltr' id='par_1_64' title="bbox 2331 2180 3963 2256">
     <span class='ocr_line' id='line_1_64' title="bbox 2331 2180 3963 2256; baseline -0.003 -17"><span class='ocrx_word' id='word_1_490' title='bbox 2331 2187 2570 2240; x_wconf 87' lang='lat' dir='ltr'>interior</span> <span class='ocrx_word' id='word_1_491' title='bbox 2600 2191 2698 2256; x_wconf 89' lang='lat' dir='ltr'>est,</span> <span class='ocrx_word' id='word_1_492' title='bbox 2731 2189 3031 2241; x_wconf 79' lang='lat' dir='ltr'>renovatur</span> <span class='ocrx_word' id='word_1_493' title='bbox 3073 2185 3136 2239; x_wconf 89' lang='lat' dir='ltr'>de</span> <span class='ocrx_word' id='word_1_494' title='bbox 3165 2185 3254 2239; x_wconf 89' lang='lat' dir='ltr'>die</span> <span class='ocrx_word' id='word_1_495' title='bbox 3304 2185 3365 2238; x_wconf 87' lang='lat' dir='ltr'>in</span> <span class='ocrx_word' id='word_1_496' title='bbox 3413 2182 3559 2237; x_wconf 88' lang='lat' dir='ltr'>diem</span> <span class='ocrx_word' id='word_1_497' title='bbox 3590 2181 3666 2251; x_wconf 88' lang='lat' dir='ltr'>(II</span> <span class='ocrx_word' id='word_1_498' title='bbox 3714 2180 3832 2236; x_wconf 85' lang='lat' dir='ltr'>Cor.</span> <span class='ocrx_word' id='word_1_499' title='bbox 3891 2197 3963 2234; x_wconf 86' lang='lat' dir='ltr'>IV.</span> 
     </span>
    </p>
   </div>
   <div class='ocr_carea' id='block_1_65' title="bbox 2334 2268 3977 2346">
    <p class='ocr_par' dir='ltr' id='par_1_65' title="bbox 2334 2268 3977 2346">
     <span class='ocr_line' id='line_1_65' title="bbox 2334 2268 3977 2346; baseline -0.002 -18"><span class='ocrx_word' id='word_1_500' title='bbox 2334 2275 2420 2345; x_wconf 87' lang='lat'>16]</span> <span class='ocrx_word' id='word_1_501' title='bbox 2479 2275 2617 2346; x_wconf 89' lang='lat' dir='ltr'>quia</span> <span class='ocrx_word' id='word_1_502' title='bbox 2655 2274 2946 2346; x_wconf 89' lang='lat' dir='ltr'>corruptio</span> <span class='ocrx_word' id='word_1_503' title='bbox 2994 2273 3292 2330; x_wconf 83' lang='lat' dir='ltr'>exterioris</span> <span class='ocrx_word' id='word_1_504' title='bbox 3340 2270 3619 2335; x_wconf 89' lang='lat' dir='ltr'>hominis,</span> <span class='ocrx_word' id='word_1_505' title='bbox 3684 2268 3977 2324; x_wconf 90' lang='lat' dir='ltr'>interioris</span> 
     </span>
    </p>
   </div>
   <div class='ocr_carea' id='block_1_66' title="bbox 2329 2357 3974 2427">
    <p class='ocr_par' dir='ltr' id='par_1_66' title="bbox 2329 2357 3974 2427">
     <span class='ocr_line' id='line_1_66' title="bbox 2329 2357 3974 2427; baseline -0.004 -9"><span class='ocrx_word' id='word_1_506' title='bbox 2329 2363 2586 2419; x_wconf 91' lang='lat' dir='ltr'>hominis</span> <span class='ocrx_word' id='word_1_507' title='bbox 2617 2365 2912 2419; x_wconf 90' lang='lat' dir='ltr'>renovatio</span> <span class='ocrx_word' id='word_1_508' title='bbox 2943 2369 3066 2419; x_wconf 89' lang='lat' dir='ltr'>est:</span> <span class='ocrx_word' id='word_1_509' title='bbox 3097 2367 3154 2418; x_wconf 90' lang='lat' dir='ltr'>et</span> <span class='ocrx_word' id='word_1_510' title='bbox 3184 2365 3404 2427; x_wconf 90' lang='lat' dir='ltr'>contra,</span> <span class='ocrx_word' id='word_1_511' title='bbox 3438 2359 3729 2414; x_wconf 91' lang='lat' dir='ltr'>interioris</span> <span class='ocrx_word' id='word_1_512' title='bbox 3778 2357 3974 2412; x_wconf 85' lang='lat' dir='ltr'>homi-</span> 
     </span>
    </p>
   </div>
   <div class='ocr_carea' id='block_1_67' title="bbox 2332 2447 3973 2526">
    <p class='ocr_par' dir='ltr' id='par_1_67' title="bbox 2332 2447 3973 2526">
     <span class='ocr_line' id='line_1_67' title="bbox 2332 2447 3973 2526; baseline -0.004 -20"><span class='ocrx_word' id='word_1_513' title='bbox 2332 2451 2423 2506; x_wconf 86' lang='lat' dir='ltr'>nis</span> <span class='ocrx_word' id='word_1_514' title='bbox 2489 2453 2804 2526; x_wconf 89' lang='lat' dir='ltr'>corruptio,</span> <span class='ocrx_word' id='word_1_515' title='bbox 2863 2451 3166 2508; x_wconf 84' lang='lat' dir='ltr'>exterioris</span> <span class='ocrx_word' id='word_1_516' title='bbox 3225 2455 3313 2506; x_wconf 90' lang='lat' dir='ltr'>est</span> <span class='ocrx_word' id='word_1_517' title='bbox 3357 2447 3722 2505; x_wconf 88' lang='lat' dir='ltr'>restauratio.</span> <span class='ocrx_word' id='word_1_518' title='bbox 3799 2448 3973 2500; x_wconf 65' lang='lat' dir='ltr'>Esti-</span> 
     </span>
    </p>
   </div>
   <div class='ocr_carea' id='block_1_68' title="bbox 2332 2537 3973 2614">
    <p class='ocr_par' dir='ltr' id='par_1_68' title="bbox 2332 2537 3973 2614">
     <span class='ocr_line' id='line_1_68' title="bbox 2332 2537 3973 2614; baseline -0.004 -18"><span class='ocrx_word' id='word_1_519' title='bbox 2332 2545 2450 2596; x_wconf 90' lang='lat' dir='ltr'>met</span> <span class='ocrx_word' id='word_1_520' title='bbox 2495 2541 2710 2614; x_wconf 89' lang='lat' dir='ltr'>aliquis</span> <span class='ocrx_word' id='word_1_521' title='bbox 2769 2541 3114 2614; x_wconf 91' lang='lat' dir='ltr'>simpliciter</span> <span class='ocrx_word' id='word_1_522' title='bbox 3162 2539 3406 2595; x_wconf 92' lang='lat' dir='ltr'>Paulum</span> <span class='ocrx_word' id='word_1_523' title='bbox 3460 2537 3649 2609; x_wconf 89' lang='lat' dir='ltr'>loqui:</span> <span class='ocrx_word' id='word_1_524' title='bbox 3711 2537 3770 2590; x_wconf 91' lang='lat' dir='ltr'>Si</span> <span class='ocrx_word' id='word_1_525' title='bbox 3851 2538 3973 2608; x_wconf 89' lang='lat' dir='ltr'>quis</span> 
     </span>
    </p>
   </div>
   <div class='ocr_carea' id='block_1_69' title="bbox 2327 2625 3968 2702">
    <p class='ocr_par' dir='ltr' id='par_1_69' title="bbox 2327 2625 3968 2702">
     <span class='ocr_line' id='line_1_69' title="bbox 2327 2625 3968 2702; baseline -0.004 -17"><span class='ocrx_word' id='word_1_526' title='bbox 2327 2631 2591 2702; x_wconf 80' lang='lat' dir='ltr'>templum</span> <span class='ocrx_word' id='word_1_527' title='bbox 2647 2632 2744 2686; x_wconf 86' lang='lat' dir='ltr'>Dei</span> <span class='ocrx_word' id='word_1_528' title='bbox 2798 2632 3122 2701; x_wconf 88' lang='lat' dir='ltr'>corrumpit,</span> <span class='ocrx_word' id='word_1_529' title='bbox 3211 2635 3518 2699; x_wconf 82' lang='lat' dir='ltr'>corrumpet</span> <span class='ocrx_word' id='word_1_530' title='bbox 3575 2627 3740 2682; x_wconf 82' lang='lat' dir='ltr'>illum</span> <span class='ocrx_word' id='word_1_531' title='bbox 3793 2625 3968 2680; x_wconf 87' lang='lat' dir='ltr'>Deus:</span> 
     </span>
    </p>
   </div>
   <div class='ocr_carea' id='block_1_70' title="bbox 2330 2714 3976 2791">
    <p class='ocr_par' dir='ltr' id='par_1_70' title="bbox 2330 2714 3976 2791">
     <span class='ocr_line' id='line_1_70' title="bbox 2330 2714 3976 2791; baseline -0.004 -17"><span class='ocrx_word' id='word_1_532' title='bbox 2330 2721 2594 2791; x_wconf 84' lang='lat' dir='ltr'>templum</span> <span class='ocrx_word' id='word_1_533' title='bbox 2644 2721 2792 2775; x_wconf 83' lang='lat' dir='ltr'>enim</span> <span class='ocrx_word' id='word_1_534' title='bbox 2851 2721 2944 2774; x_wconf 87' lang='lat' dir='ltr'>Dei</span> <span class='ocrx_word' id='word_1_535' title='bbox 2998 2723 3249 2774; x_wconf 83' lang='lat' dir='ltr'>sanctum</span> <span class='ocrx_word' id='word_1_536' title='bbox 3279 2721 3374 2788; x_wconf 87' lang='lat' dir='ltr'>est,</span> <span class='ocrx_word' id='word_1_537' title='bbox 3415 2715 3555 2788; x_wconf 87' lang='lat' dir='ltr'>quod</span> <span class='ocrx_word' id='word_1_538' title='bbox 3609 2717 3735 2770; x_wconf 87' lang='lat' dir='ltr'>estis</span> <span class='ocrx_word' id='word_1_539' title='bbox 3784 2729 3874 2769; x_wconf 82' lang='lat' dir='ltr'>vos</span> <span class='ocrx_word' id='word_1_540' title='bbox 3927 2714 3976 2784; x_wconf 87' lang='grc' dir='ltr'>(Ι</span> 
     </span>
    </p>
   </div>
   <div class='ocr_carea' id='block_1_71' title="bbox 2329 2803 3971 2879">
    <p class='ocr_par' dir='ltr' id='par_1_71' title="bbox 2329 2803 3971 2879">
     <span class='ocr_line' id='line_1_71' title="bbox 2329 2803 3971 2879; baseline -0.004 -16"><span class='ocrx_word' id='word_1_541' title='bbox 2329 2808 2450 2864; x_wconf 84' lang='lat' dir='ltr'>Cor.</span> <span class='ocrx_word' id='word_1_542' title='bbox 2476 2827 2558 2874; x_wconf 86' lang='grc' dir='ltr'>ιιι,</span> <span class='ocrx_word' id='word_1_543' title='bbox 2596 2809 2702 2879; x_wconf 90' lang='lat'>17).</span> <span class='ocrx_word' id='word_1_544' title='bbox 2735 2809 2846 2864; x_wconf 90' lang='lat' dir='ltr'>Sed</span> <span class='ocrx_word' id='word_1_545' title='bbox 2875 2810 3020 2864; x_wconf 86' lang='lat' dir='ltr'>forte</span> <span class='ocrx_word' id='word_1_546' title='bbox 3043 2812 3100 2863; x_wconf 90' lang='lat' dir='ltr'>et</span> <span class='ocrx_word' id='word_1_547' title='bbox 3130 2806 3209 2862; x_wconf 91' lang='lat' dir='ltr'>ibi</span> <span class='ocrx_word' id='word_1_548' title='bbox 3242 2805 3380 2861; x_wconf 88' lang='lat' dir='ltr'>alibi</span> <span class='ocrx_word' id='word_1_549' title='bbox 3404 2805 3614 2875; x_wconf 86' lang='lat' dir='ltr'>latitat,</span> <span class='ocrx_word' id='word_1_550' title='bbox 3642 2805 3797 2876; x_wconf 91' lang='lat' dir='ltr'>quod</span> <span class='ocrx_word' id='word_1_551' title='bbox 3817 2803 3971 2874; x_wconf 92' lang='lat' dir='ltr'>apud</span> 
     </span>
    </p>
   </div>
   <div class='ocr_carea' id='block_1_72' title="bbox 2328 2893 3973 2968">
    <p class='ocr_par' dir='ltr' id='par_1_72' title="bbox 2328 2893 3973 2968">
     <span class='ocr_line' id='line_1_72' title="bbox 2328 2893 3973 2968; baseline -0.005 -15"><span class='ocrx_word' id='word_1_552' title='bbox 2328 2914 2436 2953; x_wconf 92' lang='lat' dir='ltr'>nos</span> <span class='ocrx_word' id='word_1_553' title='bbox 2467 2898 2695 2952; x_wconf 84' lang='lat' dir='ltr'>videtur</span> <span class='ocrx_word' id='word_1_554' title='bbox 2733 2897 3164 2953; x_wconf 89' lang='lat' dir='ltr'>absconditum.</span> <span class='ocrx_word' id='word_1_555' title='bbox 3197 2895 3253 2950; x_wconf 90' lang='lat' dir='ltr'>Si</span> <span class='ocrx_word' id='word_1_556' title='bbox 3285 2893 3571 2968; x_wconf 89' lang='lat' dir='ltr'>templum</span> <span class='ocrx_word' id='word_1_557' title='bbox 3596 2893 3693 2948; x_wconf 92' lang='lat' dir='ltr'>Dei</span> <span class='ocrx_word' id='word_1_558' title='bbox 3727 2909 3841 2947; x_wconf 92' lang='lat' dir='ltr'>non</span> <span class='ocrx_word' id='word_1_559' title='bbox 3874 2908 3973 2946; x_wconf 88' lang='lat' dir='ltr'>su-</span> 
     </span>
    </p>
   </div>
   <div class='ocr_carea' id='block_1_73' title="bbox 2331 2982 3975 3057">
    <p class='ocr_par' dir='ltr' id='par_1_73' title="bbox 2331 2982 3975 3057">
     <span class='ocr_line' id='line_1_73' title="bbox 2331 2982 3975 3057; baseline -0.005 -15"><span class='ocrx_word' id='word_1_560' title='bbox 2331 3004 2484 3053; x_wconf 92' lang='lat' dir='ltr'>mus,</span> <span class='ocrx_word' id='word_1_561' title='bbox 2518 2987 2843 3042; x_wconf 84' lang='lat' dir='ltr'>secundum</span> <span class='ocrx_word' id='word_1_562' title='bbox 2874 2986 2932 3041; x_wconf 92' lang='lat' dir='ltr'>id</span> <span class='ocrx_word' id='word_1_563' title='bbox 2966 2986 3119 3057; x_wconf 91' lang='lat' dir='ltr'>quod</span> <span class='ocrx_word' id='word_1_564' title='bbox 3155 2984 3459 3040; x_wconf 88' lang='lat' dir='ltr'>scribitur:</span> <span class='ocrx_word' id='word_1_565' title='bbox 3496 2982 3769 3051; x_wconf 85' lang='lat' dir='ltr'>Templum</span> <span class='ocrx_word' id='word_1_566' title='bbox 3826 2982 3975 3036; x_wconf 89' lang='lat' dir='ltr'>enim</span> 
     </span>
    </p>
   </div>
   <div class='ocr_carea' id='block_1_74' title="bbox 2329 3069 3974 3148">
    <p class='ocr_par' dir='ltr' id='par_1_74' title="bbox 2329 3069 3974 3148">
     <span class='ocr_line' id='line_1_74' title="bbox 2329 3069 3974 3148; baseline -0.005 -15"><span class='ocrx_word' id='word_1_567' title='bbox 2329 3077 2437 3133; x_wconf 83' lang='lat' dir='ltr'>Dei</span> <span class='ocrx_word' id='word_1_568' title='bbox 2461 3080 2712 3132; x_wconf 87' lang='lat' dir='ltr'>sanctum</span> <span class='ocrx_word' id='word_1_569' title='bbox 2743 3080 2838 3144; x_wconf 89' lang='lat' dir='ltr'>cst,</span> <span class='ocrx_word' id='word_1_570' title='bbox 2872 3076 3012 3148; x_wconf 88' lang='lat' dir='ltr'>quod</span> <span class='ocrx_word' id='word_1_571' title='bbox 3040 3077 3169 3131; x_wconf 87' lang='lat' dir='ltr'>estis</span> <span class='ocrx_word' id='word_1_572' title='bbox 3200 3089 3292 3129; x_wconf 90' lang='lat' dir='ltr'>vos</span> <span class='ocrx_word' id='word_1_573' title='bbox 3322 3072 3505 3144; x_wconf 76' lang='lat' dir='ltr'>(Ibid)</span> <span class='ocrx_word' id='word_1_574' title='bbox 3527 3089 3546 3127; x_wconf 91' lang='lat'>:</span> <span class='ocrx_word' id='word_1_575' title='bbox 3602 3075 3658 3126; x_wconf 92' lang='lat' dir='ltr'>et</span> <span class='ocrx_word' id='word_1_576' title='bbox 3686 3069 3838 3126; x_wconf 91' lang='lat' dir='ltr'>alius</span> <span class='ocrx_word' id='word_1_577' title='bbox 3886 3074 3974 3125; x_wconf 90' lang='lat' dir='ltr'>est</span> 
     </span>
    </p>
   </div>
   <div class='ocr_carea' id='block_1_75' title="bbox 2328 3157 3970 3237">
    <p class='ocr_par' dir='ltr' id='par_1_75' title="bbox 2328 3157 3970 3237">
     <span class='ocr_line' id='line_1_75' title="bbox 2328 3157 3970 3237; baseline -0.004 -17"><span class='ocrx_word' id='word_1_578' title='bbox 2328 3166 2428 3237; x_wconf 90' lang='lat' dir='ltr'>qui</span> <span class='ocrx_word' id='word_1_579' title='bbox 2459 3165 2780 3237; x_wconf 89' lang='lat' dir='ltr'>corrumpit</span> <span class='ocrx_word' id='word_1_580' title='bbox 2809 3165 3094 3236; x_wconf 84' lang='lat' dir='ltr'>templum</span> <span class='ocrx_word' id='word_1_581' title='bbox 3128 3162 3246 3233; x_wconf 91' lang='lat' dir='ltr'>Dei,</span> <span class='ocrx_word' id='word_1_582' title='bbox 3281 3161 3436 3217; x_wconf 88' lang='lat' dir='ltr'>aliud</span> <span class='ocrx_word' id='word_1_583' title='bbox 3460 3161 3616 3232; x_wconf 92' lang='lat' dir='ltr'>quod</span> <span class='ocrx_word' id='word_1_584' title='bbox 3642 3157 3970 3230; x_wconf 90' lang='lat' dir='ltr'>corrumpi-</span> 
     </span>
    </p>
   </div>
   <div class='ocr_carea' id='block_1_76' title="bbox 2329 3248 3973 3326">
    <p class='ocr_par' dir='ltr' id='par_1_76' title="bbox 2329 3248 3973 3326">
     <span class='ocr_line' id='line_1_76' title="bbox 2329 3248 3973 3326; baseline -0.004 -16"><span class='ocrx_word' id='word_1_585' title='bbox 2329 3259 2445 3322; x_wconf 89' lang='lat' dir='ltr'>tur,</span> <span class='ocrx_word' id='word_1_586' title='bbox 2479 3254 2856 3326; x_wconf 67' lang='lat' dir='ltr'>quaerendum</span> <span class='ocrx_word' id='word_1_587' title='bbox 2889 3252 3022 3326; x_wconf 91' lang='lat' dir='ltr'>quis</span> <span class='ocrx_word' id='word_1_588' title='bbox 3074 3252 3150 3308; x_wconf 91' lang='lat' dir='ltr'>sit</span> <span class='ocrx_word' id='word_1_589' title='bbox 3180 3251 3299 3307; x_wconf 89' lang='lat' dir='ltr'>-ille</span> <span class='ocrx_word' id='word_1_590' title='bbox 3357 3250 3458 3323; x_wconf 90' lang='lat' dir='ltr'>qui</span> <span class='ocrx_word' id='word_1_591' title='bbox 3507 3248 3794 3321; x_wconf 88' lang='lat' dir='ltr'>templum</span> <span class='ocrx_word' id='word_1_592' title='bbox 3848 3263 3973 3304; x_wconf 90' lang='lat' dir='ltr'>cor-</span> 
     </span>
    </p>
   </div>
   <div class='ocr_carea' id='block_1_77' title="bbox 2330 3338 3972 3416">
    <p class='ocr_par' dir='ltr' id='par_1_77' title="bbox 2330 3338 3972 3416">
     <span class='ocr_line' id='line_1_77' title="bbox 2330 3338 3972 3416; baseline -0.004 -18"><span class='ocrx_word' id='word_1_593' title='bbox 2330 3348 2566 3416; x_wconf 91' lang='lat' dir='ltr'>rumpat</span> <span class='ocrx_word' id='word_1_594' title='bbox 2597 3343 2718 3399; x_wconf 92' lang='lat' dir='ltr'>Dei.</span> <span class='ocrx_word' id='word_1_595' title='bbox 2752 3342 2809 3398; x_wconf 89' lang='lat' dir='ltr'>Si</span> <span class='ocrx_word' id='word_1_596' title='bbox 2868 3340 3160 3399; x_wconf 90' lang='lat' dir='ltr'>inveneris</span> <span class='ocrx_word' id='word_1_597' title='bbox 3209 3340 3410 3396; x_wconf 89' lang='lat' dir='ltr'>hostes</span> <span class='ocrx_word' id='word_1_598' title='bbox 3440 3338 3786 3405; x_wconf 87' lang='lat' dir='ltr'>Jerusalem,</span> <span class='ocrx_word' id='word_1_599' title='bbox 3848 3354 3972 3393; x_wconf 91' lang='lat' dir='ltr'>cor-</span> 
     </span>
    </p>
   </div>
   <div class='ocr_carea' id='block_1_78' title="bbox 2330 3426 3973 3505">
    <p class='ocr_par' dir='ltr' id='par_1_78' title="bbox 2330 3426 3973 3505">
     <span class='ocr_line' id='line_1_78' title="bbox 2330 3426 3973 3505; baseline -0.003 -18"><span class='ocrx_word' id='word_1_600' title='bbox 2330 3437 2667 3505; x_wconf 89' lang='lat' dir='ltr'>rumpentes</span> <span class='ocrx_word' id='word_1_601' title='bbox 2696 3437 2870 3504; x_wconf 86' lang='lat' dir='ltr'>atque</span> <span class='ocrx_word' id='word_1_602' title='bbox 2900 3430 3185 3486; x_wconf 89' lang='lat' dir='ltr'>violantes</span> <span class='ocrx_word' id='word_1_603' title='bbox 3217 3429 3503 3502; x_wconf 88' lang='lat' dir='ltr'>templum</span> <span class='ocrx_word' id='word_1_604' title='bbox 3549 3445 3618 3484; x_wconf 89' lang='lat' dir='ltr'>ex</span> <span class='ocrx_word' id='word_1_605' title='bbox 3673 3426 3973 3500; x_wconf 87' lang='lat' dir='ltr'>lapidibus</span> 
     </span>
    </p>
   </div>
   <div class='ocr_carea' id='block_1_79' title="bbox 2329 3519 3970 3592">
    <p class='ocr_par' dir='ltr' id='par_1_79' title="bbox 2329 3519 3970 3592">
     <span class='ocr_line' id='line_1_79' title="bbox 2329 3519 3970 3592; baseline -0.005 -14"><span class='ocrx_word' id='word_1_606' title='bbox 2329 3526 2714 3587; x_wconf 86' lang='lat' dir='ltr'>exstructum,</span> <span class='ocrx_word' id='word_1_607' title='bbox 2748 3520 2972 3576; x_wconf 89' lang='lat' dir='ltr'>videbis</span> <span class='ocrx_word' id='word_1_608' title='bbox 3002 3519 3466 3592; x_wconf 86' lang='lat' dir='ltr'>pariteromnem</span> <span class='ocrx_word' id='word_1_609' title='bbox 3497 3520 3970 3588; x_wconf 88' lang='lat' dir='ltr'>corrumpentem</span> 
     </span>
    </p>
   </div>
   <div class='ocr_carea' id='block_1_80' title="bbox 2329 3604 3971 3682">
    <p class='ocr_par' dir='ltr' id='par_1_80' title="bbox 2329 3604 3971 3682">
     <span class='ocr_line' id='line_1_80' title="bbox 2329 3604 3971 3682; baseline -0.005 -14"><span class='ocrx_word' id='word_1_610' title='bbox 2329 3616 2385 3668; x_wconf 91' lang='lat' dir='ltr'>et</span> <span class='ocrx_word' id='word_1_611' title='bbox 2407 3611 2720 3667; x_wconf 90' lang='lat' dir='ltr'>violantem</span> <span class='ocrx_word' id='word_1_612' title='bbox 2750 3608 3037 3682; x_wconf 87' lang='lat' dir='ltr'>templum</span> <span class='ocrx_word' id='word_1_613' title='bbox 3074 3607 3193 3676; x_wconf 91' lang='lat' dir='ltr'>Dei,</span> <span class='ocrx_word' id='word_1_614' title='bbox 3227 3623 3402 3679; x_wconf 90' lang='lat' dir='ltr'>quem</span> <span class='ocrx_word' id='word_1_615' title='bbox 3428 3615 3764 3677; x_wconf 84' lang='lat' dir='ltr'>corrumpet</span> <span class='ocrx_word' id='word_1_616' title='bbox 3779 3610 3835 3660; x_wconf 90' lang='lat' dir='ltr'>et</span> <span class='ocrx_word' id='word_1_617' title='bbox 3854 3604 3971 3659; x_wconf 90' lang='lat' dir='ltr'>vio-</span> 
     </span>
    </p>
   </div>
   <div class='ocr_carea' id='block_1_81' title="bbox 2330 3693 3971 3769">
    <p class='ocr_par' dir='ltr' id='par_1_81' title="bbox 2330 3693 3971 3769">
     <span class='ocr_line' id='line_1_81' title="bbox 2330 3693 3971 3769; baseline -0.005 -13"><span class='ocrx_word' id='word_1_618' title='bbox 2330 3700 2475 3756; x_wconf 90' lang='lat' dir='ltr'>labit</span> <span class='ocrx_word' id='word_1_619' title='bbox 2502 3701 2678 3766; x_wconf 91' lang='lat' dir='ltr'>Deus,</span> <span class='ocrx_word' id='word_1_620' title='bbox 2713 3699 3003 3754; x_wconf 89' lang='lat' dir='ltr'>ulciscens</span> <span class='ocrx_word' id='word_1_621' title='bbox 3033 3696 3462 3769; x_wconf 87' lang='lat' dir='ltr'>corruptionem</span> <span class='ocrx_word' id='word_1_622' title='bbox 3493 3694 3697 3766; x_wconf 90' lang='lat' dir='ltr'>templi</span> <span class='ocrx_word' id='word_1_623' title='bbox 3720 3694 3832 3749; x_wconf 92' lang='lat' dir='ltr'>sui.</span> <span class='ocrx_word' id='word_1_624' title='bbox 3861 3693 3971 3748; x_wconf 91' lang='lat' dir='ltr'>Ve-</span> 
     </span>
    </p>
   </div>
   <div class='ocr_carea' id='block_1_82' title="bbox 2331 3783 3972 3859">
    <p class='ocr_par' dir='ltr' id='par_1_82' title="bbox 2331 3783 3972 3859">
     <span class='ocr_line' id='line_1_82' title="bbox 2331 3783 3972 3859; baseline -0.004 -15"><span class='ocrx_word' id='word_1_625' title='bbox 2331 3793 2663 3844; x_wconf 90' lang='lat' dir='ltr'>rumtamen</span> <span class='ocrx_word' id='word_1_626' title='bbox 2697 3793 2753 3843; x_wconf 90' lang='lat' dir='ltr'>et</span> <span class='ocrx_word' id='word_1_627' title='bbox 2795 3786 3080 3859; x_wconf 90' lang='lat' dir='ltr'>templum</span> <span class='ocrx_word' id='word_1_628' title='bbox 3134 3786 3286 3858; x_wconf 93' lang='lat' dir='ltr'>quod</span> <span class='ocrx_word' id='word_1_629' title='bbox 3344 3801 3407 3840; x_wconf 89' lang='lat' dir='ltr'>se</span> <span class='ocrx_word' id='word_1_630' title='bbox 3458 3783 3708 3856; x_wconf 75' lang='lat' dir='ltr'>praebuit</span> <span class='ocrx_word' id='word_1_631' title='bbox 3755 3783 3972 3855; x_wconf 89' lang='lat' dir='ltr'>(vivens</span> 
     </span>
    </p>
   </div>
   <div class='ocr_carea' id='block_1_83' title="bbox 2332 3871 3970 3951">
    <p class='ocr_par' dir='ltr' id='par_1_83' title="bbox 2332 3871 3970 3951">
     <span class='ocr_line' id='line_1_83' title="bbox 2332 3871 3970 3951; baseline -0.004 -19"><span class='ocrx_word' id='word_1_632' title='bbox 2332 3878 2569 3951; x_wconf 91' lang='lat' dir='ltr'>quidem</span> <span class='ocrx_word' id='word_1_633' title='bbox 2600 3881 2689 3933; x_wconf 91' lang='lat' dir='ltr'>est</span> <span class='ocrx_word' id='word_1_634' title='bbox 2720 3881 2894 3949; x_wconf 90' lang='lat' dir='ltr'>atque</span> <span class='ocrx_word' id='word_1_635' title='bbox 2925 3875 3223 3946; x_wconf 89' lang='lat' dir='ltr'>sensibile)</span> <span class='ocrx_word' id='word_1_636' title='bbox 3250 3873 3482 3930; x_wconf 89' lang='lat' dir='ltr'>insidiis</span> <span class='ocrx_word' id='word_1_637' title='bbox 3519 3871 3970 3944; x_wconf 91' lang='lat' dir='ltr'>corrumpentis,</span> 
     </span>
    </p>
   </div>
   <div class='ocr_carea' id='block_1_84' title="bbox 2332 3964 3974 4039">
    <p class='ocr_par' dir='ltr' id='par_1_84' title="bbox 2332 3964 3974 4039">
     <span class='ocr_line' id='line_1_84' title="bbox 2332 3964 3974 4039; baseline -0.005 -17"><span class='ocrx_word' id='word_1_638' title='bbox 2332 3967 2454 4023; x_wconf 86' lang='lat' dir='ltr'>fuet</span> <span class='ocrx_word' id='word_1_639' title='bbox 2476 3983 2698 4039; x_wconf 72' lang='lat' dir='ltr'>poenas,</span> <span class='ocrx_word' id='word_1_640' title='bbox 2732 3983 2834 4039; x_wconf 92' lang='lat' dir='ltr'>per</span> <span class='ocrx_word' id='word_1_641' title='bbox 2861 3966 2971 4021; x_wconf 75' lang='lat' dir='ltr'>huc</span> <span class='ocrx_word' id='word_1_642' title='bbox 3001 3965 3198 4037; x_wconf 91' lang='lat' dir='ltr'>ipsum</span> <span class='ocrx_word' id='word_1_643' title='bbox 3229 3964 3386 4036; x_wconf 90' lang='lat' dir='ltr'>quod</span> <span class='ocrx_word' id='word_1_644' title='bbox 3413 3967 3751 4034; x_wconf 90' lang='lat' dir='ltr'>corruptum</span> <span class='ocrx_word' id='word_1_645' title='bbox 3800 3966 3974 4032; x_wconf 89' lang='lat' dir='ltr'>atque</span> 
     </span>
    </p>
   </div>
   <div class='ocr_carea' id='block_1_85' title="bbox 2329 4051 3673 4128">
    <p class='ocr_par' dir='ltr' id='par_1_85' title="bbox 2329 4051 3673 4128">
     <span class='ocr_line' id='line_1_85' title="bbox 2329 4051 3673 4128; baseline -0.004 -18"><span class='ocrx_word' id='word_1_646' title='bbox 2329 4056 2632 4125; x_wconf 90' lang='lat' dir='ltr'>violatum,</span> <span class='ocrx_word' id='word_1_647' title='bbox 2667 4056 2938 4128; x_wconf 91' lang='lat' dir='ltr'>spiritum</span> <span class='ocrx_word' id='word_1_648' title='bbox 2973 4053 3430 4126; x_wconf 88' lang='lat' dir='ltr'>incorruptionis</span> <span class='ocrx_word' id='word_1_649' title='bbox 3457 4051 3673 4108; x_wconf 91' lang='lat' dir='ltr'>amiit.</span> 
     </span>
    </p>
   </div>
   <div class='ocr_carea' id='block_1_86' title="bbox 2405 4139 3973 4218">
    <p class='ocr_par' dir='ltr' id='par_1_86' title="bbox 2405 4139 3973 4218">
     <span class='ocr_line' id='line_1_86' title="bbox 2405 4139 3973 4218; baseline -0.006 -16"><span class='ocrx_word' id='word_1_650' title='bbox 2405 4147 2590 4218; x_wconf 77' lang='lat' dir='ltr'>(Vera.</span> <span class='ocrx_word' id='word_1_651' title='bbox 2623 4147 2712 4200; x_wconf 84' lang='lat'>23.</span> <span class='ocrx_word' id='word_1_652' title='bbox 2743 4145 2856 4216; x_wconf 70' lang='grc'>24.)</span> <span class='ocrx_word' id='word_1_653' title='bbox 2891 4168 2917 4194; x_wconf 93' lang='grc'>‹‹</span> <span class='ocrx_word' id='word_1_654' title='bbox 2947 4142 3326 4199; x_wconf 85' lang='lat' dir='ltr'>Renovamini</span> <span class='ocrx_word' id='word_1_655' title='bbox 3359 4146 3554 4198; x_wconf 86' lang='lat' dir='ltr'>autem</span> <span class='ocrx_word' id='word_1_656' title='bbox 3585 4139 3795 4214; x_wconf 90' lang='lat' dir='ltr'>spiritu</span> <span class='ocrx_word' id='word_1_657' title='bbox 3843 4154 3973 4194; x_wconf 91' lang='lat' dir='ltr'>sen-</span> 
     </span>
    </p>
   </div>
   <div class='ocr_carea' id='block_1_87' title="bbox 2331 4227 3974 4301">
    <p class='ocr_par' dir='ltr' id='par_1_87' title="bbox 2331 4227 3974 4301">
     <span class='ocr_line' id='line_1_87' title="bbox 2331 4227 3974 4301; baseline -0.005 -10"><span class='ocrx_word' id='word_1_658' title='bbox 2331 4252 2435 4291; x_wconf 89' lang='lat' dir='ltr'>sus</span> <span class='ocrx_word' id='word_1_659' title='bbox 2465 4235 2639 4291; x_wconf 83' lang='lat' dir='ltr'>vestri</span> <span class='ocrx_word' id='word_1_660' title='bbox 2667 4251 2679 4288; x_wconf 94' lang='lat'>:</span> <span class='ocrx_word' id='word_1_661' title='bbox 2719 4239 2774 4289; x_wconf 91' lang='lat' dir='ltr'>et</span> <span class='ocrx_word' id='word_1_662' title='bbox 2796 4233 3021 4288; x_wconf 89' lang='lat' dir='ltr'>induite</span> <span class='ocrx_word' id='word_1_663' title='bbox 3053 4248 3267 4288; x_wconf 91' lang='lat' dir='ltr'>novum</span> <span class='ocrx_word' id='word_1_664' title='bbox 3298 4230 3620 4297; x_wconf 90' lang='lat' dir='ltr'>hominem,</span> <span class='ocrx_word' id='word_1_665' title='bbox 3655 4227 3974 4301; x_wconf 89' lang='lat' dir='ltr'>quisecun-</span> 
     </span>
    </p>
   </div>
   <div class='ocr_carea' id='block_1_88' title="bbox 2333 4317 3974 4391">
    <p class='ocr_par' dir='ltr' id='par_1_88' title="bbox 2333 4317 3974 4391">
     <span class='ocr_line' id='line_1_88' title="bbox 2333 4317 3974 4391; baseline -0.005 -12"><span class='ocrx_word' id='word_1_666' title='bbox 2333 4324 2473 4379; x_wconf 88' lang='lat' dir='ltr'>dum</span> <span class='ocrx_word' id='word_1_667' title='bbox 2527 4329 2706 4380; x_wconf 90' lang='lat' dir='ltr'>Deum</span> <span class='ocrx_word' id='word_1_668' title='bbox 2748 4327 2977 4378; x_wconf 85' lang='lat' dir='ltr'>creatus</span> <span class='ocrx_word' id='word_1_669' title='bbox 3029 4327 3137 4386; x_wconf 89' lang='lat' dir='ltr'>est,</span> <span class='ocrx_word' id='word_1_670' title='bbox 3169 4321 3229 4375; x_wconf 91' lang='lat' dir='ltr'>in</span> <span class='ocrx_word' id='word_1_671' title='bbox 3275 4318 3511 4391; x_wconf 91' lang='lat' dir='ltr'>justitia</span> <span class='ocrx_word' id='word_1_672' title='bbox 3566 4322 3624 4374; x_wconf 85' lang='lat' dir='ltr'>et</span> <span class='ocrx_word' id='word_1_673' title='bbox 3666 4317 3974 4374; x_wconf 86' lang='lat' dir='ltr'>sanctitate</span> 
     </span>
    </p>
   </div>
   <div class='ocr_carea' id='block_1_89' title="bbox 2329 4403 3967 4479">
    <p class='ocr_par' dir='ltr' id='par_1_89' title="bbox 2329 4403 3967 4479">
     <span class='ocr_line' id='line_1_89' title="bbox 2329 4403 3967 4479; baseline -0.007 -10"><span class='ocrx_word' id='word_1_674' title='bbox 2329 4413 2609 4470; x_wconf 89' lang='lat' dir='ltr'>veritatis.</span> <span class='ocrx_word' id='word_1_675' title='bbox 2638 4435 2659 4462; x_wconf 77' lang='grc' dir='ltr'>ι</span> <span class='ocrx_word' id='word_1_676' title='bbox 2696 4413 2809 4468; x_wconf 88' lang='lat' dir='ltr'>Nec</span> <span class='ocrx_word' id='word_1_677' title='bbox 2827 4413 2883 4467; x_wconf 90' lang='lat' dir='ltr'>in</span> <span class='ocrx_word' id='word_1_678' title='bbox 2908 4428 3084 4467; x_wconf 90' lang='lat' dir='ltr'>sensu</span> <span class='ocrx_word' id='word_1_679' title='bbox 3107 4425 3456 4466; x_wconf 90' lang='lat' dir='ltr'>renovamur</span> <span class='ocrx_word' id='word_1_680' title='bbox 3485 4407 3706 4479; x_wconf 89' lang='lat' dir='ltr'>absque</span> <span class='ocrx_word' id='word_1_681' title='bbox 3737 4403 3967 4478; x_wconf 91' lang='lat' dir='ltr'>spiritu,</span> 
     </span>
    </p>
   </div>
   <div class='ocr_carea' id='block_1_90' title="bbox 2330 4498 3970 4575">
    <p class='ocr_par' dir='ltr' id='par_1_90' title="bbox 2330 4498 3970 4575">
     <span class='ocr_line' id='line_1_90' title="bbox 2330 4498 3970 4575; baseline -0.007 -16"><span class='ocrx_word' id='word_1_682' title='bbox 2330 4519 2434 4559; x_wconf 92' lang='lat' dir='ltr'>nec</span> <span class='ocrx_word' id='word_1_683' title='bbox 2464 4503 2522 4557; x_wconf 89' lang='lat' dir='ltr'>in</span> <span class='ocrx_word' id='word_1_684' title='bbox 2564 4502 2774 4575; x_wconf 91' lang='lat' dir='ltr'>spiritu</span> <span class='ocrx_word' id='word_1_685' title='bbox 2803 4502 3024 4573; x_wconf 89' lang='lat' dir='ltr'>absque</span> <span class='ocrx_word' id='word_1_686' title='bbox 3053 4516 3229 4556; x_wconf 87' lang='lat' dir='ltr'>sensu</span> <span class='ocrx_word' id='word_1_687' title='bbox 3257 4517 3270 4567; x_wconf 90' lang='lat'><strong>;</strong></span> <span class='ocrx_word' id='word_1_688' title='bbox 3305 4498 3406 4554; x_wconf 90' lang='lat' dir='ltr'>sed</span> <span class='ocrx_word' id='word_1_689' title='bbox 3438 4511 3785 4553; x_wconf 88' lang='lat' dir='ltr'>renovamur</span> <span class='ocrx_word' id='word_1_690' title='bbox 3833 4509 3970 4548; x_wconf 82' lang='lat' dir='ltr'>con—</span> 
     </span>
    </p>
   </div>
   <div class='ocr_carea' id='block_1_91' title="bbox 645 4582 3973 4664">
    <p class='ocr_par' dir='ltr' id='par_1_91' title="bbox 645 4582 3973 4664">
     <span class='ocr_line' id='line_1_91' title="bbox 645 4582 3973 4664; baseline 0 -27"><span class='ocrx_word' id='word_1_691' title='bbox 645 4582 832 4652; x_wconf 75' lang='lat' dir='ltr'>(Vera.</span> <span class='ocrx_word' id='word_1_692' title='bbox 864 4585 980 4655; x_wconf 81' lang='lat'>‘22.)</span> <span class='ocrx_word' id='word_1_693' title='bbox 1038 4608 1065 4635; x_wconf 88' lang='lat'>«</span> <span class='ocrx_word' id='word_1_694' title='bbox 1101 4586 1396 4659; x_wconf 89' lang='lat' dir='ltr'>Deponere</span> <span class='ocrx_word' id='word_1_695' title='bbox 1433 4604 1534 4642; x_wconf 90' lang='lat' dir='ltr'>vos</span> <span class='ocrx_word' id='word_1_696' title='bbox 1592 4588 1912 4644; x_wconf 90' lang='lat' dir='ltr'>secundum</span> <span class='ocrx_word' id='word_1_697' title='bbox 1963 4590 2215 4662; x_wconf 88' lang='lat' dir='ltr'>priorem</span> <span class='ocrx_word' id='word_1_698' title='bbox 2319 4593 2526 4663; x_wconf 90' lang='lat' dir='ltr'>juncte</span> <span class='ocrx_word' id='word_1_699' title='bbox 2557 4592 2616 4647; x_wconf 91' lang='lat' dir='ltr'>in</span> <span class='ocrx_word' id='word_1_700' title='bbox 2651 4591 2858 4664; x_wconf 88' lang='lat' dir='ltr'>spiritu</span> <span class='ocrx_word' id='word_1_701' title='bbox 2890 4591 3045 4646; x_wconf 72' lang='lat'>620</span> <span class='ocrx_word' id='word_1_702' title='bbox 3079 4604 3290 4645; x_wconf 88' lang='lat' dir='ltr'>sensus</span> <span class='ocrx_word' id='word_1_703' title='bbox 3323 4586 3537 4643; x_wconf 91' lang='lat' dir='ltr'>nostri:</span> <span class='ocrx_word' id='word_1_704' title='bbox 3583 4588 3650 4640; x_wconf 91' lang='lat' dir='ltr'>ut</span> <span class='ocrx_word' id='word_1_705' title='bbox 3677 4582 3973 4655; x_wconf 90' lang='lat' dir='ltr'>quomodo</span> 
     </span>
    </p>
   </div>
   <div class='ocr_carea' id='block_1_92' title="bbox 575 4671 3974 4755">
    <p class='ocr_par' dir='ltr' id='par_1_92' title="bbox 575 4671 3974 4755">
     <span class='ocr_line' id='line_1_92' title="bbox 575 4671 3974 4755; baseline 0.001 -31"><span class='ocrx_word' id='word_1_706' title='bbox 575 4674 1068 4729; x_wconf 90' lang='lat' dir='ltr'>conversationem</span> <span class='ocrx_word' id='word_1_707' title='bbox 1085 4679 1335 4731; x_wconf 88' lang='lat' dir='ltr'>veterem</span> <span class='ocrx_word' id='word_1_708' title='bbox 1360 4676 1680 4746; x_wconf 84' lang='lat' dir='ltr'>hominem,</span> <span class='ocrx_word' id='word_1_709' title='bbox 1703 4678 1803 4750; x_wconf 91' lang='lat' dir='ltr'>qui</span> <span class='ocrx_word' id='word_1_710' title='bbox 1821 4681 2218 4752; x_wconf 87' lang='lat' dir='ltr'>corrumpitur</span> <span class='ocrx_word' id='word_1_711' title='bbox 2245 4690 2293 4755; x_wconf 83' lang='lat' dir='ltr'><strong>D</strong></span> <span class='ocrx_word' id='word_1_712' title='bbox 2325 4681 2635 4753; x_wconf 91' lang='lat' dir='ltr'>psallimus</span> <span class='ocrx_word' id='word_1_713' title='bbox 2667 4679 2900 4752; x_wconf 89' lang='lat' dir='ltr'>spiritu,</span> <span class='ocrx_word' id='word_1_714' title='bbox 2930 4677 3241 4751; x_wconf 91' lang='lat' dir='ltr'>psallimus</span> <span class='ocrx_word' id='word_1_715' title='bbox 3273 4681 3330 4734; x_wconf 88' lang='lat' dir='ltr'>et</span> <span class='ocrx_word' id='word_1_716' title='bbox 3359 4691 3556 4742; x_wconf 88' lang='lat' dir='ltr'>sensu,</span> <span class='ocrx_word' id='word_1_717' title='bbox 3589 4688 3827 4729; x_wconf 87' lang='lat' dir='ltr'>oramus</span> <span class='ocrx_word' id='word_1_718' title='bbox 3860 4671 3974 4744; x_wconf 91' lang='lat' dir='ltr'>spi-</span> 
     </span>
    </p>
   </div>
   <div class='ocr_carea' id='block_1_93' title="bbox 561 4757 2212 4839">
    <p class='ocr_par' dir='ltr' id='par_1_93' title="bbox 561 4757 2212 4839">
     <span class='ocr_line' id='line_1_93' title="bbox 561 4757 2212 4839; baseline 0.008 -27"><span class='ocrx_word' id='word_1_719' title='bbox 561 4757 734 4828; x_wconf 88' lang='lat' dir='ltr'>juxta</span> <span class='ocrx_word' id='word_1_720' title='bbox 763 4761 1051 4817; x_wconf 90' lang='lat' dir='ltr'>desideria</span> <span class='ocrx_word' id='word_1_721' title='bbox 1075 4764 1308 4820; x_wconf 91' lang='lat' dir='ltr'>erroris.</span> <span class='ocrx_word' id='word_1_722' title='bbox 1340 4788 1360 4814; x_wconf 76' lang='grc' dir='ltr'>ι</span> <span class='ocrx_word' id='word_1_723' title='bbox 1397 4766 1542 4831; x_wconf 90' lang='lat' dir='ltr'>Quia</span> <span class='ocrx_word' id='word_1_724' title='bbox 1570 4767 1863 4824; x_wconf 90' lang='lat' dir='ltr'>videretur</span> <span class='ocrx_word' id='word_1_725' title='bbox 1892 4769 2063 4839; x_wconf 86' lang='lat' dir='ltr'>juxta</span> <span class='ocrx_word' id='word_1_726' title='bbox 2120 4787 2212 4824; x_wconf 92' lang='lat' dir='ltr'>or-</span> 
     </span>
    </p>
   </div>
   <div class='ocr_carea' id='block_1_94' title="bbox 571 4847 2214 4924">
    <p class='ocr_par' dir='ltr' id='par_1_94' title="bbox 571 4847 2214 4924">
     <span class='ocr_line' id='line_1_94' title="bbox 571 4847 2214 4924; baseline 0.008 -23"><span class='ocrx_word' id='word_1_727' title='bbox 571 4847 791 4914; x_wconf 91' lang='lat' dir='ltr'>dinem,</span> <span class='ocrx_word' id='word_1_728' title='bbox 845 4854 1185 4924; x_wconf 85' lang='lat' dir='ltr'>textumque</span> <span class='ocrx_word' id='word_1_729' title='bbox 1215 4855 1503 4910; x_wconf 89' lang='lat' dir='ltr'>sermonis</span> <span class='ocrx_word' id='word_1_730' title='bbox 1535 4861 1755 4912; x_wconf 86' lang='lat' dir='ltr'>scatere</span> <span class='ocrx_word' id='word_1_731' title='bbox 1785 4859 2095 4922; x_wconf 83' lang='lat' dir='ltr'>sententia.</span> <span class='ocrx_word' id='word_1_732' title='bbox 2130 4859 2214 4915; x_wconf 92' lang='lat' dir='ltr'>sic</span> 
     </span>
    </p>
   </div>
   <div class='ocr_carea' id='block_1_95' title="bbox 571 4935 2216 5011">
    <p class='ocr_par' dir='ltr' id='par_1_95' title="bbox 571 4935 2216 5011">
     <span class='ocr_line' id='line_1_95' title="bbox 571 4935 2216 5011; baseline 0.007 -20"><span class='ocrx_word' id='word_1_733' title='bbox 571 4935 882 5011; x_wconf 87' lang='lat' dir='ltr'>legendum</span> <span class='ocrx_word' id='word_1_734' title='bbox 916 4944 1040 4996; x_wconf 89' lang='lat' dir='ltr'>est:</span> <span class='ocrx_word' id='word_1_735' title='bbox 1079 4943 1172 4996; x_wconf 83' lang='lat' dir='ltr'>Vos</span> <span class='ocrx_word' id='word_1_736' title='bbox 1201 4946 1386 4998; x_wconf 88' lang='lat' dir='ltr'>autem</span> <span class='ocrx_word' id='word_1_737' title='bbox 1439 4961 1555 4998; x_wconf 83' lang='lat' dir='ltr'>non</span> <span class='ocrx_word' id='word_1_738' title='bbox 1607 4947 1685 5000; x_wconf 82' lang='lat' dir='ltr'>ita</span> <span class='ocrx_word' id='word_1_739' title='bbox 1733 4945 2006 5003; x_wconf 82' lang='lat' dir='ltr'>didicistis</span> <span class='ocrx_word' id='word_1_740' title='bbox 2054 4947 2216 5003; x_wconf 82' lang='lat' dir='ltr'>Chri-</span> 
     </span>
    </p>
   </div>
   <div class='ocr_carea' id='block_1_96' title="bbox 570 5028 2216 5108">
    <p class='ocr_par' dir='ltr' id='par_1_96' title="bbox 570 5028 2216 5108">
     <span class='ocr_line' id='line_1_96' title="bbox 570 5028 2216 5108; baseline 0.005 -25"><span class='ocrx_word' id='word_1_741' title='bbox 570 5032 716 5084; x_wconf 90' lang='lat' dir='ltr'>stum</span> <span class='ocrx_word' id='word_1_742' title='bbox 740 5028 812 5100; x_wconf 85' lang='lat' dir='ltr'>(si</span> <span class='ocrx_word' id='word_1_743' title='bbox 832 5032 1020 5084; x_wconf 87' lang='lat' dir='ltr'>tamen</span> <span class='ocrx_word' id='word_1_744' title='bbox 1052 5031 1217 5086; x_wconf 81' lang='lat' dir='ltr'>illum</span> <span class='ocrx_word' id='word_1_745' title='bbox 1245 5031 1502 5103; x_wconf 83' lang='lat' dir='ltr'>audistis,</span> <span class='ocrx_word' id='word_1_746' title='bbox 1533 5043 1581 5088; x_wconf 89' lang='lat' dir='ltr'>et</span> <span class='ocrx_word' id='word_1_747' title='bbox 1628 5036 1684 5088; x_wconf 79' lang='lat' dir='ltr'>in.</span> <span class='ocrx_word' id='word_1_748' title='bbox 1745 5035 1842 5091; x_wconf 85' lang='lat' dir='ltr'>illo</span> <span class='ocrx_word' id='word_1_749' title='bbox 1889 5036 2030 5091; x_wconf 81' lang='lat' dir='ltr'>docti</span> <span class='ocrx_word' id='word_1_750' title='bbox 2070 5038 2216 5108; x_wconf 87' lang='lat' dir='ltr'>estis)</span> 
     </span>
    </p>
   </div>
   <div class='ocr_carea' id='block_1_97' title="bbox 569 5117 2216 5194">
    <p class='ocr_par' dir='ltr' id='par_1_97' title="bbox 569 5117 2216 5194">
     <span class='ocr_line' id='line_1_97' title="bbox 569 5117 2216 5194; baseline 0.005 -20"><span class='ocrx_word' id='word_1_751' title='bbox 569 5117 834 5190; x_wconf 84' lang='lat' dir='ltr'>deponere</span> <span class='ocrx_word' id='word_1_752' title='bbox 858 5135 948 5176; x_wconf 86' lang='lat' dir='ltr'>vos</span> <span class='ocrx_word' id='word_1_753' title='bbox 977 5121 1276 5176; x_wconf 86' lang='lat' dir='ltr'>secundum</span> <span class='ocrx_word' id='word_1_754' title='bbox 1323 5125 1565 5194; x_wconf 83' lang='lat' dir='ltr'>priorem</span> <span class='ocrx_word' id='word_1_755' title='bbox 1617 5127 2081 5181; x_wconf 80' lang='lat' dir='ltr'>c‘onversationem</span> <span class='ocrx_word' id='word_1_756' title='bbox 2127 5143 2216 5181; x_wconf 82' lang='lat' dir='ltr'>ve-</span> 
     </span>
    </p>
   </div>
   <div class='ocr_carea' id='block_1_98' title="bbox 569 5208 2216 5283">
    <p class='ocr_par' dir='ltr' id='par_1_98' title="bbox 569 5208 2216 5283">
     <span class='ocr_line' id='line_1_98' title="bbox 569 5208 2216 5283; baseline 0.004 -20"><span class='ocrx_word' id='word_1_757' title='bbox 569 5215 737 5266; x_wconf 89' lang='lat' dir='ltr'>terem</span> <span class='ocrx_word' id='word_1_758' title='bbox 763 5208 1058 5282; x_wconf 83' lang='lat' dir='ltr'>hominem,</span> <span class='ocrx_word' id='word_1_759' title='bbox 1091 5213 1193 5282; x_wconf 83' lang='lat' dir='ltr'>qui</span> <span class='ocrx_word' id='word_1_760' title='bbox 1220 5215 1596 5283; x_wconf 87' lang='lat' dir='ltr'>corrumpitur</span> <span class='ocrx_word' id='word_1_761' title='bbox 1615 5214 1783 5283; x_wconf 69' lang='lat' dir='ltr'>juxta</span> <span class='ocrx_word' id='word_1_762' title='bbox 1829 5214 2100 5270; x_wconf 83' lang='lat' dir='ltr'>desideria</span> <span class='ocrx_word' id='word_1_763' title='bbox 2126 5233 2216 5271; x_wconf 83' lang='lat' dir='ltr'>er-</span> 
     </span>
    </p>
   </div>
   <div class='ocr_carea' id='block_1_99' title="bbox 567 5300 2219 5369">
    <p class='ocr_par' dir='ltr' id='par_1_99' title="bbox 567 5300 2219 5369">
     <span class='ocr_line' id='line_1_99' title="bbox 567 5300 2219 5369; baseline 0.004 -16"><span class='ocrx_word' id='word_1_764' title='bbox 567 5300 716 5354; x_wconf 85' lang='lat' dir='ltr'>roris</span> <span class='ocrx_word' id='word_1_765' title='bbox 738 5315 758 5355; x_wconf 78' lang='lat'>.°</span> <span class='ocrx_word' id='word_1_766' title='bbox 785 5301 927 5355; x_wconf 87' lang='lat' dir='ltr'>sicut</span> <span class='ocrx_word' id='word_1_767' title='bbox 945 5304 1024 5356; x_wconf 88' lang='lat' dir='ltr'>est</span> <span class='ocrx_word' id='word_1_768' title='bbox 1043 5301 1244 5356; x_wconf 87' lang='lat' dir='ltr'>veritas</span> <span class='ocrx_word' id='word_1_769' title='bbox 1274 5302 1330 5356; x_wconf 82' lang='lat' dir='ltr'>in</span> <span class='ocrx_word' id='word_1_770' title='bbox 1362 5303 1490 5358; x_wconf 84' lang='lat' dir='ltr'>Jesu</span> <span class='ocrx_word' id='word_1_771' title='bbox 1517 5319 1536 5357; x_wconf 90' lang='lat'>:</span> <span class='ocrx_word' id='word_1_772' title='bbox 1585 5306 1650 5357; x_wconf 93' lang='lat' dir='ltr'>ut</span> <span class='ocrx_word' id='word_1_773' title='bbox 1696 5303 1774 5358; x_wconf 92' lang='lat' dir='ltr'>sit</span> <span class='ocrx_word' id='word_1_774' title='bbox 1794 5319 2037 5360; x_wconf 90' lang='lat' dir='ltr'>sensus:</span> <span class='ocrx_word' id='word_1_775' title='bbox 2071 5305 2219 5369; x_wconf 88' lang='lat' dir='ltr'>Quo-</span> 
     </span>
    </p>
   </div>
   <div class='ocr_carea' id='block_1_100' title="bbox 568 5389 2214 5465">
    <p class='ocr_par' dir='ltr' id='par_1_100' title="bbox 568 5389 2214 5465">
     <span class='ocr_line' id='line_1_100' title="bbox 568 5389 2214 5465; baseline 0.004 -23"><span class='ocrx_word' id='word_1_776' title='bbox 568 5389 742 5443; x_wconf 88' lang='lat' dir='ltr'>modo</span> <span class='ocrx_word' id='word_1_777' title='bbox 775 5394 862 5445; x_wconf 89' lang='lat' dir='ltr'>est</span> <span class='ocrx_word' id='word_1_778' title='bbox 889 5389 1104 5446; x_wconf 91' lang='lat' dir='ltr'>veritas</span> <span class='ocrx_word' id='word_1_779' title='bbox 1136 5389 1193 5444; x_wconf 92' lang='lat' dir='ltr'>in</span> <span class='ocrx_word' id='word_1_780' title='bbox 1228 5389 1393 5456; x_wconf 88' lang='lat' dir='ltr'>Jesu,</span> <span class='ocrx_word' id='word_1_781' title='bbox 1428 5389 1511 5446; x_wconf 90' lang='lat' dir='ltr'>sic</span> <span class='ocrx_word' id='word_1_782' title='bbox 1551 5390 1662 5446; x_wconf 92' lang='lat' dir='ltr'>erit</span> <span class='ocrx_word' id='word_1_783' title='bbox 1690 5396 1748 5447; x_wconf 92' lang='lat' dir='ltr'>et</span> <span class='ocrx_word' id='word_1_784' title='bbox 1796 5392 1854 5447; x_wconf 91' lang='lat' dir='ltr'>in</span> <span class='ocrx_word' id='word_1_785' title='bbox 1902 5392 2064 5448; x_wconf 90' lang='lat' dir='ltr'>vobis</span> <span class='ocrx_word' id='word_1_786' title='bbox 2113 5393 2214 5465; x_wconf 91' lang='lat' dir='ltr'>qui</span> 
     </span>
    </p>
   </div>
   <div class='ocr_carea' id='block_1_101' title="bbox 569 5475 2215 5546">
    <p class='ocr_par' dir='ltr' id='par_1_101' title="bbox 569 5475 2215 5546">
     <span class='ocr_line' id='line_1_101' title="bbox 569 5475 2215 5546; baseline 0.005 -18"><span class='ocrx_word' id='word_1_787' title='bbox 569 5475 858 5534; x_wconf 89' lang='lat' dir='ltr'>didicistis</span> <span class='ocrx_word' id='word_1_788' title='bbox 889 5480 1214 5544; x_wconf 79' lang='lat' dir='ltr'>Christum,</span> <span class='ocrx_word' id='word_1_789' title='bbox 1243 5483 1300 5535; x_wconf 91' lang='lat' dir='ltr'>et</span> <span class='ocrx_word' id='word_1_790' title='bbox 1320 5479 1572 5535; x_wconf 90' lang='lat' dir='ltr'>audistis</span> <span class='ocrx_word' id='word_1_791' title='bbox 1598 5479 1788 5546; x_wconf 92' lang='lat' dir='ltr'>illum,</span> <span class='ocrx_word' id='word_1_792' title='bbox 1813 5486 1871 5537; x_wconf 90' lang='lat' dir='ltr'>et</span> <span class='ocrx_word' id='word_1_793' title='bbox 1895 5482 2048 5538; x_wconf 89' lang='lat' dir='ltr'>docti</span> <span class='ocrx_word' id='word_1_794' title='bbox 2073 5481 2215 5537; x_wconf 88' lang='lat' dir='ltr'>estis</span> 
     </span>
    </p>
   </div>
   <div class='ocr_carea' id='block_1_102' title="bbox 569 5563 2214 5642">
    <p class='ocr_par' dir='ltr' id='par_1_102' title="bbox 569 5563 2214 5642">
     <span class='ocr_line' id='line_1_102' title="bbox 569 5563 2214 5642; baseline 0.007 -25"><span class='ocrx_word' id='word_1_795' title='bbox 569 5563 857 5635; x_wconf 88' lang='lat' dir='ltr'>deponere</span> <span class='ocrx_word' id='word_1_796' title='bbox 887 5570 1212 5626; x_wconf 88' lang='lat' dir='ltr'>secundum</span> <span class='ocrx_word' id='word_1_797' title='bbox 1245 5569 1497 5642; x_wconf 88' lang='lat' dir='ltr'>priorem</span> <span class='ocrx_word' id='word_1_798' title='bbox 1530 5571 2024 5627; x_wconf 87' lang='lat' dir='ltr'>conversationem</span> <span class='ocrx_word' id='word_1_799' title='bbox 2059 5577 2214 5629; x_wconf 87' lang='lat' dir='ltr'>vete-</span> 
     </span>
    </p>
   </div>
   <div class='ocr_carea' id='block_1_103' title="bbox 571 5652 2215 5732">
    <p class='ocr_par' dir='ltr' id='par_1_103' title="bbox 571 5652 2215 5732">
     <span class='ocr_line' id='line_1_103' title="bbox 571 5652 2215 5732; baseline 0.008 -27"><span class='ocrx_word' id='word_1_800' title='bbox 571 5667 694 5707; x_wconf 89' lang='lat' dir='ltr'>rem</span> <span class='ocrx_word' id='word_1_801' title='bbox 727 5652 1044 5726; x_wconf 89' lang='lat' dir='ltr'>hominem,</span> <span class='ocrx_word' id='word_1_802' title='bbox 1107 5660 1207 5731; x_wconf 89' lang='lat' dir='ltr'>qui</span> <span class='ocrx_word' id='word_1_803' title='bbox 1265 5658 1663 5732; x_wconf 90' lang='lat' dir='ltr'>corrumpitur</span> <span class='ocrx_word' id='word_1_804' title='bbox 1711 5662 1879 5731; x_wconf 83' lang='lat' dir='ltr'>juxta</span> <span class='ocrx_word' id='word_1_805' title='bbox 1925 5661 2215 5719; x_wconf 88' lang='lat' dir='ltr'>desideria</span> 
     </span>
    </p>
   </div>
   <div class='ocr_carea' id='block_1_104' title="bbox 569 5740 2214 5825">
    <p class='ocr_par' dir='ltr' id='par_1_104' title="bbox 569 5740 2214 5825">
     <span class='ocr_line' id='line_1_104' title="bbox 569 5740 2214 5825; baseline 0.009 -29"><span class='ocrx_word' id='word_1_806' title='bbox 569 5740 804 5798; x_wconf 88' lang='lat' dir='ltr'>erroris.</span> <span class='ocrx_word' id='word_1_807' title='bbox 837 5743 1099 5806; x_wconf 87' lang='lat' dir='ltr'>Veterem</span> <span class='ocrx_word' id='word_1_808' title='bbox 1131 5753 1327 5808; x_wconf 85' lang='lat' dir='ltr'>autem</span> <span class='ocrx_word' id='word_1_809' title='bbox 1358 5747 1677 5821; x_wconf 84' lang='lat' dir='ltr'>hominem,</span> <span class='ocrx_word' id='word_1_810' title='bbox 1727 5765 1903 5823; x_wconf 88' lang='lat' dir='ltr'>quem</span> <span class='ocrx_word' id='word_1_811' title='bbox 1952 5751 2214 5825; x_wconf 80' lang='lat' dir='ltr'>praecipit</span> 
     </span>
    </p>
   </div>
   <div class='ocr_carea' id='block_1_105' title="bbox 2325 4760 3971 4840">
    <p class='ocr_par' dir='ltr' id='par_1_105' title="bbox 2325 4760 3971 4840">
     <span class='ocr_line' id='line_1_105' title="bbox 2325 4760 3971 4840; baseline -0.005 -15"><span class='ocrx_word' id='word_1_812' title='bbox 2325 4771 2466 4837; x_wconf 90' lang='lat' dir='ltr'>ritu,</span> <span class='ocrx_word' id='word_1_813' title='bbox 2499 4786 2737 4826; x_wconf 91' lang='lat' dir='ltr'>oramus</span> <span class='ocrx_word' id='word_1_814' title='bbox 2768 4773 2824 4825; x_wconf 91' lang='lat' dir='ltr'>et</span> <span class='ocrx_word' id='word_1_815' title='bbox 2855 4785 2956 4824; x_wconf 91' lang='lat' dir='ltr'>seu</span> <span class='ocrx_word' id='word_1_816' title='bbox 2984 4786 2996 4824; x_wconf 86' lang='lat'>:</span> <span class='ocrx_word' id='word_1_817' title='bbox 3033 4768 3116 4823; x_wconf 90' lang='lat' dir='ltr'>sic</span> <span class='ocrx_word' id='word_1_818' title='bbox 3169 4768 3230 4823; x_wconf 92' lang='lat' dir='ltr'>in</span> <span class='ocrx_word' id='word_1_819' title='bbox 3263 4766 3475 4840; x_wconf 91' lang='lat' dir='ltr'>spiritu</span> <span class='ocrx_word' id='word_1_820' title='bbox 3525 4779 3737 4820; x_wconf 89' lang='lat' dir='ltr'>sensus</span> <span class='ocrx_word' id='word_1_821' title='bbox 3786 4760 3971 4818; x_wconf 89' lang='lat' dir='ltr'>nostri</span> 
     </span>
    </p>
   </div>
   <div class='ocr_carea' id='block_1_106' title="bbox 2323 4851 3973 4923">
    <p class='ocr_par' dir='ltr' id='par_1_106' title="bbox 2323 4851 3973 4923">
     <span class='ocr_line' id='line_1_106' title="bbox 2323 4851 3973 4923; baseline -0.005 -9"><span class='ocrx_word' id='word_1_822' title='bbox 2323 4875 2711 4916; x_wconf 83' lang='lat' dir='ltr'>renovamur:</span> <span class='ocrx_word' id='word_1_823' title='bbox 2746 4863 2811 4914; x_wconf 92' lang='lat' dir='ltr'>ut</span> <span class='ocrx_word' id='word_1_824' title='bbox 2841 4874 2972 4913; x_wconf 93' lang='lat' dir='ltr'>cum</span> <span class='ocrx_word' id='word_1_825' title='bbox 3025 4873 3239 4913; x_wconf 89' lang='lat' dir='ltr'>sensus</span> <span class='ocrx_word' id='word_1_826' title='bbox 3290 4855 3550 4911; x_wconf 90' lang='lat' dir='ltr'>mundus</span> <span class='ocrx_word' id='word_1_827' title='bbox 3583 4851 3760 4909; x_wconf 85' lang='lat' dir='ltr'>fuerit</span> <span class='ocrx_word' id='word_1_828' title='bbox 3799 4855 3973 4923; x_wconf 84' lang='lat' dir='ltr'>atque</span> 
     </span>
    </p>
   </div>
   <div class='ocr_carea' id='block_1_107' title="bbox 2327 4938 3971 5020">
    <p class='ocr_par' dir='ltr' id='par_1_107' title="bbox 2327 4938 3971 5020">
     <span class='ocr_line' id='line_1_107' title="bbox 2327 4938 3971 5020; baseline -0.006 -17"><span class='ocrx_word' id='word_1_829' title='bbox 2327 4953 2632 5020; x_wconf 89' lang='lat' dir='ltr'>purgatus,</span> <span class='ocrx_word' id='word_1_830' title='bbox 2666 4951 2722 5003; x_wconf 91' lang='lat' dir='ltr'>et</span> <span class='ocrx_word' id='word_1_831' title='bbox 2751 4948 2824 5003; x_wconf 87' lang='lat' dir='ltr'>ab</span> <span class='ocrx_word' id='word_1_832' title='bbox 2853 4947 3013 5004; x_wconf 90' lang='lat' dir='ltr'>omni</span> <span class='ocrx_word' id='word_1_833' title='bbox 3041 4946 3273 5002; x_wconf 89' lang='lat' dir='ltr'>macula</span> <span class='ocrx_word' id='word_1_834' title='bbox 3302 4943 3551 5001; x_wconf 72' lang='lat' dir='ltr'>sordidae</span> <span class='ocrx_word' id='word_1_835' title='bbox 3584 4938 3971 4997; x_wconf 90' lang='lat' dir='ltr'>concretionis</span> 
     </span>
    </p>
   </div>
   <div class='ocr_carea' id='block_1_108' title="bbox 2327 5028 3972 5109">
    <p class='ocr_par' dir='ltr' id='par_1_108' title="bbox 2327 5028 3972 5109">
     <span class='ocr_line' id='line_1_108' title="bbox 2327 5028 3972 5109; baseline -0.007 -16"><span class='ocrx_word' id='word_1_836' title='bbox 2327 5037 2583 5094; x_wconf 91' lang='lat' dir='ltr'>alienus:</span> <span class='ocrx_word' id='word_1_837' title='bbox 2619 5041 2759 5092; x_wconf 91' lang='lat' dir='ltr'>tunc</span> <span class='ocrx_word' id='word_1_838' title='bbox 2779 5036 2829 5093; x_wconf 91' lang='lat' dir='ltr'>ei</span> <span class='ocrx_word' id='word_1_839' title='bbox 2855 5037 3143 5109; x_wconf 89' lang='lat' dir='ltr'>jungatur</span> <span class='ocrx_word' id='word_1_840' title='bbox 3172 5039 3230 5091; x_wconf 92' lang='lat' dir='ltr'>et</span> <span class='ocrx_word' id='word_1_841' title='bbox 3250 5033 3514 5106; x_wconf 87' lang='lat' dir='ltr'>spiritus,</span> <span class='ocrx_word' id='word_1_842' title='bbox 3546 5035 3604 5087; x_wconf 91' lang='lat' dir='ltr'>et</span> <span class='ocrx_word' id='word_1_843' title='bbox 3624 5028 3972 5102; x_wconf 90' lang='lat' dir='ltr'>itaquodam</span> 
     </span>
    </p>
   </div>
   <div class='ocr_carea' id='block_1_109' title="bbox 2323 5123 3972 5198">
    <p class='ocr_par' dir='ltr' id='par_1_109' title="bbox 2323 5123 3972 5198">
     <span class='ocr_line' id='line_1_109' title="bbox 2323 5123 3972 5198; baseline -0.006 -16"><span class='ocrx_word' id='word_1_844' title='bbox 2323 5126 2477 5182; x_wconf 90' lang='lat' dir='ltr'>inter</span> <span class='ocrx_word' id='word_1_845' title='bbox 2507 5143 2567 5182; x_wconf 91' lang='lat' dir='ltr'>se</span> <span class='ocrx_word' id='word_1_846' title='bbox 2594 5126 2837 5182; x_wconf 90' lang='lat' dir='ltr'>unitatis</span> <span class='ocrx_word' id='word_1_847' title='bbox 2866 5125 3092 5198; x_wconf 88' lang='lat' dir='ltr'>glutino</span> <span class='ocrx_word' id='word_1_848' title='bbox 3109 5123 3472 5197; x_wconf 87' lang='lat' dir='ltr'>copulentur,</span> <span class='ocrx_word' id='word_1_849' title='bbox 3498 5125 3566 5176; x_wconf 86' lang='lat' dir='ltr'>ut</span> <span class='ocrx_word' id='word_1_850' title='bbox 3598 5133 3972 5192; x_wconf 86' lang='lat' dir='ltr'>nequaquam</span> 
     </span>
    </p>
   </div>
   <div class='ocr_carea' id='block_1_110' title="bbox 2326 5207 3969 5289">
    <p class='ocr_par' dir='ltr' id='par_1_110' title="bbox 2326 5207 3969 5289">
     <span class='ocr_line' id='line_1_110' title="bbox 2326 5207 3969 5289; baseline -0.008 -16"><span class='ocrx_word' id='word_1_851' title='bbox 2326 5215 2574 5289; x_wconf 90' lang='lat' dir='ltr'>simplex</span> <span class='ocrx_word' id='word_1_852' title='bbox 2603 5215 2869 5289; x_wconf 88' lang='lat' dir='ltr'>spiritus,</span> <span class='ocrx_word' id='word_1_853' title='bbox 2893 5215 2994 5272; x_wconf 90' lang='lat' dir='ltr'>sed</span> <span class='ocrx_word' id='word_1_854' title='bbox 3026 5213 3272 5287; x_wconf 88' lang='lat' dir='ltr'>spiritus</span> <span class='ocrx_word' id='word_1_855' title='bbox 3303 5227 3515 5269; x_wconf 89' lang='lat' dir='ltr'>sensus</span> <span class='ocrx_word' id='word_1_856' title='bbox 3545 5225 3675 5266; x_wconf 87' lang='lat' dir='ltr'>esse</span> <span class='ocrx_word' id='word_1_857' title='bbox 3723 5207 3969 5263; x_wconf 89' lang='lat' dir='ltr'>dicatur.</span> 
     </span>
    </p>
   </div>
   <div class='ocr_carea' id='block_1_111' title="bbox 2324 5293 3972 5373">
    <p class='ocr_par' dir='ltr' id='par_1_111' title="bbox 2324 5293 3972 5373">
     <span class='ocr_line' id='line_1_111' title="bbox 2324 5293 3972 5373; baseline -0.009 -9"><span class='ocrx_word' id='word_1_858' title='bbox 2324 5307 2470 5364; x_wconf 90' lang='lat' dir='ltr'>Cum</span> <span class='ocrx_word' id='word_1_859' title='bbox 2503 5310 2699 5362; x_wconf 90' lang='lat' dir='ltr'>autem</span> <span class='ocrx_word' id='word_1_860' title='bbox 2730 5303 2989 5362; x_wconf 86' lang='lat' dir='ltr'>renovati</span> <span class='ocrx_word' id='word_1_861' title='bbox 3021 5302 3310 5359; x_wconf 84' lang='lat' dir='ltr'>fuerimus</span> <span class='ocrx_word' id='word_1_862' title='bbox 3328 5301 3389 5357; x_wconf 90' lang='lat' dir='ltr'>in</span> <span class='ocrx_word' id='word_1_863' title='bbox 3408 5299 3640 5373; x_wconf 90' lang='lat' dir='ltr'>spiritu,</span> <span class='ocrx_word' id='word_1_864' title='bbox 3663 5297 3765 5370; x_wconf 88' lang='lat' dir='ltr'>qui</span> <span class='ocrx_word' id='word_1_865' title='bbox 3786 5293 3972 5352; x_wconf 91' lang='lat' dir='ltr'>nostri</span> 
     </span>
    </p>
   </div>
   <div class='ocr_carea' id='block_1_112' title="bbox 2325 5383 3973 5467">
    <p class='ocr_par' dir='ltr' id='par_1_112' title="bbox 2325 5383 3973 5467">
     <span class='ocr_line' id='line_1_112' title="bbox 2325 5383 3973 5467; baseline -0.007 -15"><span class='ocrx_word' id='word_1_866' title='bbox 2325 5411 2536 5452; x_wconf 88' lang='lat' dir='ltr'>sensus</span> <span class='ocrx_word' id='word_1_867' title='bbox 2567 5400 2656 5452; x_wconf 87' lang='lat' dir='ltr'>est</span> <span class='ocrx_word' id='word_1_868' title='bbox 2685 5394 2964 5467; x_wconf 90' lang='lat' dir='ltr'>spiritus:</span> <span class='ocrx_word' id='word_1_869' title='bbox 2999 5396 3140 5448; x_wconf 88' lang='lat' dir='ltr'>tunc</span> <span class='ocrx_word' id='word_1_870' title='bbox 3171 5392 3489 5449; x_wconf 87' lang='lat' dir='ltr'>induemur</span> <span class='ocrx_word' id='word_1_871' title='bbox 3517 5404 3734 5446; x_wconf 91' lang='lat' dir='ltr'>novum</span> <span class='ocrx_word' id='word_1_872' title='bbox 3780 5383 3973 5442; x_wconf 88' lang='lat' dir='ltr'>homi-</span> 
     </span>
    </p>
   </div>
   <div class='ocr_carea' id='block_1_113' title="bbox 2323 5474 3974 5557">
    <p class='ocr_par' dir='ltr' id='par_1_113' title="bbox 2323 5474 3974 5557">
     <span class='ocr_line' id='line_1_113' title="bbox 2323 5474 3974 5557; baseline -0.007 -16"><span class='ocrx_word' id='word_1_873' title='bbox 2323 5502 2480 5549; x_wconf 90' lang='lat' dir='ltr'>nem,</span> <span class='ocrx_word' id='word_1_874' title='bbox 2513 5485 2612 5557; x_wconf 91' lang='lat' dir='ltr'>qui</span> <span class='ocrx_word' id='word_1_875' title='bbox 2645 5483 2969 5541; x_wconf 88' lang='lat' dir='ltr'>seoundum</span> <span class='ocrx_word' id='word_1_876' title='bbox 3002 5482 3186 5538; x_wconf 92' lang='lat' dir='ltr'>Deum</span> <span class='ocrx_word' id='word_1_877' title='bbox 3221 5487 3454 5538; x_wconf 89' lang='lat' dir='ltr'>creatus</span> <span class='ocrx_word' id='word_1_878' title='bbox 3483 5484 3592 5537; x_wconf 86' lang='lat' dir='ltr'>est.</span> <span class='ocrx_word' id='word_1_879' title='bbox 3625 5478 3789 5545; x_wconf 87' lang='lat' dir='ltr'>Quod</span> <span class='ocrx_word' id='word_1_880' title='bbox 3848 5474 3974 5548; x_wconf 90' lang='lat' dir='ltr'>qui-</span> 
     </span>
    </p>
   </div>
   <div class='ocr_carea' id='block_1_114' title="bbox 2323 5563 3970 5646">
    <p class='ocr_par' dir='ltr' id='par_1_114' title="bbox 2323 5563 3970 5646">
     <span class='ocr_line' id='line_1_114' title="bbox 2323 5563 3970 5646; baseline -0.007 -16"><span class='ocrx_word' id='word_1_881' title='bbox 2323 5576 2453 5630; x_wconf 89' lang='lat' dir='ltr'>dem</span> <span class='ocrx_word' id='word_1_882' title='bbox 2489 5574 2618 5630; x_wconf 88' lang='lat' dir='ltr'>aliis</span> <span class='ocrx_word' id='word_1_883' title='bbox 2647 5572 2838 5629; x_wconf 90' lang='lat' dir='ltr'>verbis</span> <span class='ocrx_word' id='word_1_884' title='bbox 2869 5572 3131 5646; x_wconf 90' lang='lat' dir='ltr'>idipsum</span> <span class='ocrx_word' id='word_1_885' title='bbox 3156 5576 3298 5645; x_wconf 93' lang='lat' dir='ltr'>puto</span> <span class='ocrx_word' id='word_1_886' title='bbox 3348 5588 3498 5639; x_wconf 90' lang='lat' dir='ltr'>esse,</span> <span class='ocrx_word' id='word_1_887' title='bbox 3559 5569 3714 5642; x_wconf 91' lang='lat' dir='ltr'>quod</span> <span class='ocrx_word' id='word_1_888' title='bbox 3754 5567 3816 5622; x_wconf 88' lang='lat' dir='ltr'>in</span> <span class='ocrx_word' id='word_1_889' title='bbox 3856 5563 3970 5620; x_wconf 89' lang='lat' dir='ltr'>alio</span> 
     </span>
    </p>
   </div>
   <div class='ocr_carea' id='block_1_115' title="bbox 2321 5657 3968 5729">
    <p class='ocr_par' dir='ltr' id='par_1_115' title="bbox 2321 5657 3968 5729">
     <span class='ocr_line' id='line_1_115' title="bbox 2321 5657 3968 5729; baseline -0.006 -9"><span class='ocrx_word' id='word_1_890' title='bbox 2321 5663 2446 5720; x_wconf 88' lang='lat' dir='ltr'>loco</span> <span class='ocrx_word' id='word_1_891' title='bbox 2480 5664 2726 5720; x_wconf 88' lang='lat' dir='ltr'>dicitur:</span> <span class='ocrx_word' id='word_1_892' title='bbox 2759 5661 2974 5718; x_wconf 84' lang='lat' dir='ltr'>lnduite</span> <span class='ocrx_word' id='word_1_893' title='bbox 3022 5678 3112 5719; x_wconf 88' lang='lat' dir='ltr'>vos</span> <span class='ocrx_word' id='word_1_894' title='bbox 3145 5661 3394 5718; x_wconf 84' lang='lat' dir='ltr'>Chritum</span> <span class='ocrx_word' id='word_1_895' title='bbox 3421 5662 3606 5718; x_wconf 75' lang='lat' dir='ltr'>Iesum</span> <span class='ocrx_word' id='word_1_896' title='bbox 3636 5657 3812 5729; x_wconf 84' lang='lat' dir='ltr'>(Rom.</span> <span class='ocrx_word' id='word_1_897' title='bbox 3842 5671 3968 5725; x_wconf 83' lang='lat' dir='ltr'>xm,</span> 
     </span>
    </p>
   </div>
   <div class='ocr_carea' id='block_1_116' title="bbox 2327 5741 3967 5826">
    <p class='ocr_par' dir='ltr' id='par_1_116' title="bbox 2327 5741 3967 5826">
     <span class='ocr_line' id='line_1_116' title="bbox 2327 5741 3967 5826; baseline -0.01 -12"><span class='ocrx_word' id='word_1_898' title='bbox 2327 5752 2436 5825; x_wconf 83' lang='grc'>14).</span> <span class='ocrx_word' id='word_1_899' title='bbox 2498 5754 2611 5812; x_wconf 85' lang='lat' dir='ltr'>Iste</span> <span class='ocrx_word' id='word_1_900' title='bbox 2667 5751 2886 5826; x_wconf 87' lang='lat' dir='ltr'>quippe</span> <span class='ocrx_word' id='word_1_901' title='bbox 2937 5754 3027 5810; x_wconf 86' lang='lat' dir='ltr'>est</span> <span class='ocrx_word' id='word_1_902' title='bbox 3078 5767 3262 5812; x_wconf 86' lang='lat' dir='ltr'>novus</span> <span class='ocrx_word' id='word_1_903' title='bbox 3311 5751 3511 5820; x_wconf 86' lang='lat' dir='ltr'>homo,</span> <span class='ocrx_word' id='word_1_904' title='bbox 3549 5762 3666 5821; x_wconf 87' lang='lat' dir='ltr'>quo</span> <span class='ocrx_word' id='word_1_905' title='bbox 3711 5741 3967 5808; x_wconf 78' lang='lat' dir='ltr'>universi</span> 
     </span>
    </p>
   </div>
  </div>
