4332 6570
347 424 462 492 541

1018 430 1537 498 COMMENTAR.
1584 435 1665 497 IN
1708 434 1961 497 EPIST.
2004 433 2108 497 AD
2150 433 2428 500 EPHES.
2475 437 2624 500 LIB.
2669 438 2748 500 Il.
2793 435 2966 500 CAP.
3009 427 3112 499 ιν.

3641 429 3761 494 542

350 563 656 624 credentes
685 562 966 621 debemus
1009 565 1174 622 indui
1213 571 1388 639 atque
1419 568 1638 623 vestiri.
1665 567 1808 634 Quid
1842 567 1999 623 enim
2029 569 2084 635 Α
2116 567 2247 622 dem
2293 572 2350 624 et
2396 569 2456 624 in
2503 569 2630 641 lege
2678 574 3031 642 praeceptum
3083 572 3215 626 est:
3257 569 3371 626 Non
3424 527 3763 624 aduolterabis

360 651 420 707 in
454 652 691 710 homine
720 654 818 726 qui
867 671 900 710 a
945 653 1237 711 Salvatore
1273 661 1466 712 nostro
1498 661 1842 729 assumptus
1892 660 2000 725 est,

354 757 472 797 non
506 759 717 798 novum
759 743 907 798 fuit?
944 744 1290 817 Conceptus,
1326 745 1624 813 nativitas,
1657 750 1879 819 partus,
1913 746 2003 801 in-

354 831 558 901 fantia,
590 833 881 901 doctrina,
928 833 1067 898 vita,
1101 834 1344 891 virtutes
1383 852 1396 890 :
1430 840 1487 891 et
1535 835 1606 891 ad
1654 840 2001 906 extremum,

257 919 260 922 ’
349 936 492 974 crux
531 925 586 976 et
617 922 833 992 passio,
867 923 1244 995 exspoliantis
1289 924 1347 979 in
1397 940 1465 980 ea
1496 924 1858 996 principatus
1888 925 2004 996 (Co-

349 1008 475 1064 toss.
501 1026 564 1077 ιι,
592 1010 702 1082 15),
742 1015 799 1066 et
849 1013 1170 1068 contrarias
1203 1013 1575 1069 fortitudines
1615 1013 1866 1070 ostentui
1897 1015 2002 1070 ha-

349 1095 540 1154 bentis
570 1100 753 1170 (Hebr.
778 1118 858 1166 vx,
892 1102 985 1173 6):
1022 1102 1370 1158 resurrectio
1417 1119 1650 1175 quoque
1697 1107 1752 1158 et
1801 1119 2000 1158 ascen-

347 1203 451 1242 sus
481 1187 553 1242 ad
585 1187 818 1246 caelum.
849 1190 951 1246 Hie
981 1207 1118 1264 ergo
1147 1209 1276 1247 vere
1307 1197 1535 1247 creatus
1565 1197 1654 1248 est
1682 1193 1740 1246 in
1765 1193 2004 1263 justitia

348 1279 405 1331 et
457 1278 768 1333 sanctitate
796 1279 1059 1336 veritatis
1095 1302 1107 1345 ;
1141 1281 1280 1353 quia
1328 1281 1481 1336 Deus
1511 1297 1702 1351 verus,
1731 1281 1831 1337 Dei
1880 1281 2000 1336 veri

348 1365 530 1422 Filius
562 1366 694 1438 fuit,
727 1372 784 1423 et
813 1372 933 1424 tota
965 1369 1024 1424 in
1069 1369 1166 1426 illo
1210 1369 1410 1442 religio
1442 1375 1617 1442 atque
1641 1370 1875 1442 justitia
1904 1370 2001 1426 Dei

343 1454 587 1511 veritate
636 1456 929 1529 completa
967 1461 1073 1516 est.
1110 1459 1216 1524 Qui
1268 1459 1447 1530 igitur
1499 1459 1999 1515 conversationem

345 1542 510 1601 illius
550 1544 768 1600 imitari
819 1551 1028 1618 potest,
1059 1551 1115 1603 et
1157 1547 1462 1604 universas
1492 1548 1552 1603 in
1586 1565 1646 1604 se
1676 1549 2001 1621 exprimere

342 1631 612 1705 virtutes,
637 1639 695 1690 et
716 1635 793 1690 sit
824 1641 1191 1703 mansuetus,
1217 1637 1367 1692 sicut
1389 1637 1499 1692 fuit
1529 1637 1626 1693 ille
1655 1642 2000 1694 mansuetus

344 1725 403 1777 et
431 1721 674 1778 humilis
722 1725 895 1780 corde
925 1727 1135 1793 (Matth.
1168 1744 1249 1793 χι,
1278 1728 1390 1797 29),
1423 1731 1481 1782 et
1509 1732 1690 1799 ponat
1740 1726 1998 1783 animam

350 1827 521 1868 suam
551 1828 654 1883 pro
687 1813 892 1869 amicis
925 1815 1101 1886 (Joan.
1135 1833 1226 1883 xv,
1263 1816 1372 1887 13),
1407 1821 1472 1870 ut
1511 1815 1608 1871 ille
1667 1816 1864 1887 posuit
1894 1833 1998 1888 pro

345 1899 549 1957 ovibus
601 1902 724 1957 suis
772 1903 952 1972 (Joan.
983 1921 1040 1972 x,
1072 1903 1128 1976 2)
1161 1921 1175 1960 :
1208 1907 1548 1960 verberatus
1598 1921 1714 1960 non
1748 1921 1993 1976 respon-
2025 1945 2072 2004 Β

344 1988 519 2045 deat:
555 1989 902 2046 maledictus
951 2009 1067 2048 non
1117 1992 1511 2061 remaledicat,
1545 1995 1646 2050 sed
1695 1994 1888 2049 vincat
1935 1993 1994 2049 in

347 2071 680 2134 humilitate
712 2081 1048 2152 superbiam
1074 2099 1086 2137 :
1110 2081 1221 2138 iste
1254 2083 1496 2138 indutus
1527 2087 1616 2139 est
1644 2099 1861 2138 novum
1892 2083 1996 2138 ho-

349 2166 597 2234 minem,
631 2172 687 2223 et
716 2168 909 2225 dicere
941 2187 1075 2226 cum
1106 2171 1384 2242 Apostolo
1416 2176 1643 2244 potest:
1675 2174 1796 2228 Viuo
1817 2181 2000 2228 autem

331 2255 462 2325 jam
492 2271 604 2311 non
632 2273 750 2326 ego,
765 2259 901 2314 vivit
928 2275 1055 2315 vero
1084 2261 1144 2314 in
1173 2276 1260 2316 me
1291 2261 1542 2317 Christus
1564 2260 1762 2331 (Galat.
1789 2279 1852 2331 ιι,
1873 2262 1994 2334 20);

343 2349 402 2400 et
433 2361 445 2399 :
479 2347 784 2402 lmitatores
812 2364 919 2403 mei
964 2352 1145 2413 estote,
1175 2351 1320 2405 sicut
1349 2356 1402 2406 et
1435 2366 1531 2419 ego
1561 2351 1769 2408 Christi
1799 2351 1845 2422 (I
1874 2350 1992 2406 Cor.

342 2451 422 2501 ιι,
449 2434 519 2506 1).
558 2435 751 2491 Potest
781 2453 1014 2508 quoque
1045 2439 1220 2494 verba
1247 2438 1493 2494 Joannis
1524 2455 1861 2494 assumere:
1893 2440 2000 2508 Qui

343 2522 482 2579 dicit
511 2539 567 2578 se
611 2525 669 2578 in
724 2525 934 2581 Christo
962 2526 1198 2595 credere,
1230 2527 1383 2582 debet
1410 2529 1554 2582 sicut
1602 2529 1700 2583 ille
1745 2528 1997 2584 ambula-

341 2605 446 2677 vit,
495 2620 550 2668 et
604 2615 721 2684 ipse
779 2615 1063 2670 ambulare
1092 2615 1141 2685 (Ι
1181 2617 1340 2671 Joan.
1374 2633 1436 2684 Il,
1468 2618 1544 2684 6).
1579 2617 1740 2683 Quod
1799 2621 1995 2673 autem

342 2700 423 2757 ait
456 2719 469 2759 :
519 2705 631 2774 Qui
676 2704 975 2759 secundum
999 2705 1170 2760 Deum
1197 2710 1410 2761 creatus
1435 2710 1534 2773 est,
1571 2723 1685 2761 non
1735 2706 1995 2777 idipsum

343 2794 512 2846 sonat
566 2790 625 2845 in
687 2792 892 2848 Latino
943 2809 1212 2850 sermone
1259 2795 1415 2865 quod
1466 2794 1727 2850 Graeco‘.
1773 2795 1996 2851 Creatio

343 2879 558 2952 quippe
597 2882 751 2952 apud
802 2898 932 2948 nos,
963 2885 1266 2954 generatio,
1298 2883 1384 2939 vel
1441 2886 1702 2939 nativitas
1732 2883 1949 2939 dicitur
1979 2902 1993 2940 :

343 2969 497 3040 apud
531 2969 756 3025 Graecos
787 2987 919 3026 vero
971 2972 1080 3026 sub
1128 2971 1366 3027 nomine
1397 2972 1729 3042 creationis,
1753 2973 1993 3028 verbum

339 3059 570 3129 facturae
595 3064 654 3114 et
682 3059 1012 3116 conditionis
1061 3061 1367 3133 accipitur.
1402 3063 1471 3116 Et
1502 3062 1657 3133 quod
1705 3062 1856 3133 apud
1890 3078 1996 3117 nos

341 3148 610 3219 conditio,
645 3148 754 3204 hoc
804 3149 960 3221 apud
992 3149 1221 3206 Graecos
1263 3154 1469 3206 creatio
1509 3155 1698 3206 sonat.
1733 3149 1894 3206 Unde
1942 3154 1998 3206 et

342 3236 580 3293 haeresis
607 3238 756 3295 621
805 3237 1169 3294 nativitatem
1205 3239 1415 3296 Christi
1468 3239 1857 3308 calumnians,
1893 3240 1995 3294 Sa-

2113 673 2340 712 uxorem
2364 660 2614 729 proximi
2633 661 2722 714 tui
2741 658 2936 729 (Exod.
2961 676 3053 727 xx,
3078 659 3184 720 17).
3209 658 3268 714 Si
3301 657 3601 730 proximus
3631 660 3762 711 tan-

2113 749 2236 800 tum
2297 747 2666 819 propinquus
2713 746 2799 803 vel
2857 748 3082 803 amicus
3139 747 3441 819 accipitur,
3474 745 3761 801 adulteria

2113 835 2172 890 in
2218 835 2440 892 alienos
2490 837 2627 907 jure
2681 836 3003 910 permittit;
3055 838 3153 892 sed
3215 835 3542 908 proximum
3597 838 3762 890 vocat

2114 941 2349 980 omnem
2381 925 2703 996 hominem,
2727 926 2822 995 qui
2855 942 2924 981 ex
2954 915 3156 981 eodem
3183 925 3491 980 nobiscum
3525 927 3762 996 parente

2113 1020 2426 1085 generatus
2457 1020 2564 1070 est.
2593 1015 2755 1079 Quod
2789 1015 3024 1087 quidem
3057 1019 3112 1070 et
3142 1013 3418 1086 parabola
3448 1011 3548 1068 illa
3577 1011 3761 1085 signi-

2114 1103 2268 1175 ﬁcat,
2300 1105 2370 1158 de
2397 1103 2724 1160 Jerusalem
2772 1103 3004 1159 Jericho
3042 1103 3300 1159 hominis
3329 1102 3757 1170 descendentis,

2113 1192 2213 1264 qui
2247 1192 2451 1248 incidit
2481 1193 2538 1248 in
2571 1193 2825 1250 latrones
2855 1210 2866 1248 :
2900 1197 2957 1248 et
2985 1193 3284 1249 sacerdote
3311 1196 3368 1247 et
3400 1191 3593 1248 Levita
3621 1207 3763 1263 prae-

2112 1282 2498 1351 tereuntibus,
2525 1300 2559 1338 a
2607 1281 2973 1338 Samaritano
3005 1285 3245 1338 curatus
3275 1285 3383 1349 est,
3417 1285 3474 1336 et
3521 1281 3592 1335 ad
3641 1284 3761 1336 sta-

2111 1369 2406 1425 bularium
2454 1376 2720 1427 revectus
2750 1373 2900 1442 (Luc.
2932 1389 2988 1442 x,
3020 1371 3229 1442 30-35).
3264 1370 3533 1426 Affirmat
3561 1373 3757 1425 autem

2112 1469 2244 1530 post
2289 1459 2413 1515 haec
2461 1460 2744 1516 Dominus
2781 1477 2916 1516 eum
2965 1476 3094 1516 esse
3136 1458 3488 1532 proximum,
3523 1457 3621 1530 qui
3674 1456 3760 1512 illi

2113 1547 2574 1604 misericordiam
2624 1549 2823 1604 fecerit
2870 1548 3028 1620 (Ibid.
3053 1549 3142 1616 36,
3175 1548 3289 1620 37),
3317 1546 3518 1603 volens
3567 1549 3760 1602 osten-

2103 1636 2248 1691 dere
2277 1653 2483 1692 omnes
2531 1637 2821 1702 homines,
2855 1637 3130 1693 omnibus
3168 1653 3298 1693 esse
3345 1635 3659 1709 proximos.
3693 1639 3760 1691 Et

2109 1724 2217 1781 hoc
2262 1727 2501 1798 quidem
2562 1726 2646 1781 sic
2704 1725 3068 1782 intellectum
3128 1727 3374 1782 aediﬁcat
3429 1724 3755 1781 audientes.

2109 1815 2392 1870 Caeterum
2424 1813 2482 1869 id
2515 1815 2666 1886 quod
2702 1815 3004 1887 sequitur:
3031 1817 3298 1884 Quoniam
3325 1829 3516 1870 sumus
3544 1814 3758 1879 alteru-

2105 1912 2260 1958 trum
2309 1903 2574 1970 membra,
2611 1903 2800 1976 magis
2828 1904 3056 1960 videtur
3085 1903 3227 1960 mihi
3260 1902 3591 1976 significare
3638 1918 3761 1974 my-

2108 1992 2376 2058 sterium,
2409 1997 2466 2048 et
2513 1993 2582 2049 de
2611 1992 2702 2048 his
2733 1993 2945 2059 dicere,
2968 1995 3067 2065 qui
3113 1992 3283 2049 nobis
3315 1992 3428 2047 fide
3460 1995 3518 2046 et
3545 1991 3758 2047 virtute

2107 2085 2246 2138 sunt
2276 2082 2544 2154 proximi.
2570 2082 2828 2138 Membra
2850 2083 3066 2155 quippe
3091 2081 3434 2138 alterutrum
3458 2097 3574 2136 non
3596 2084 3756 2145 sunt,

2106 2171 2221 2226 nisi
2254 2171 2455 2226 fideles
2505 2169 2789 2239 fidelium,
2832 2175 2890 2227 et
2919 2170 3235 2226 Christiani
3266 2169 3754 2236 Christianorum,

2107 2263 2164 2314 et
2194 2259 2456 2331 perfecti,
2489 2275 2691 2315 eorum
2741 2259 2841 2330 qui
2891 2263 3029 2315 sunt
3069 2258 3274 2332 plenae,
3308 2263 3757 2314 consummatae-

2106 2364 2219 2420 que
2247 2348 2500 2404 virtutis.
2533 2351 2776 2419 Pr0pter
2806 2350 2960 2420 quod
3014 2348 3228 2404 Paulus
3276 2347 3400 2420 ipse
3441 2347 3752 2420 perfectus,

2107 2436 2166 2492 in
2199 2437 2350 2494 6‘28
2402 2436 2663 2509 Epistola
2693 2439 2808 2492 alia
2837 2437 3188 2510 loquebatur
3221 2455 3234 2493 :
3266 2437 3607 2509 Sapientiam
3652 2453 3754 2492 au-

2105 2530 2215 2582 tem
2274 2527 2552 2598 loquimur
2601 2528 2748 2585 inter
2795 2530 3059 2599 perfectos
3096 2528 3145 2598 (Ι
3186 2529 3313 2586 Cor.
3367 2544 3427 2597 ιι,
3479 2526 3556 2598 6).
3606 2526 3756 2599 Ergo

2106 2615 2214 2671 hoc
2236 2616 2427 2686 jubet,
2462 2619 2519 2671 et
2568 2617 2976 2688 unusquisque
3025 2616 3272 2688 mystica
3303 2631 3550 2688 quaeque
3581 2619 3756 2687 atque

2106 2709 2352 2770 secreta,
2384 2710 2440 2759 et
2470 2721 2538 2760 ea
2568 2722 2694 2777 qua:
2738 2705 2832 2760 Dei
2865 2705 3106 2760 veritate
3135 2709 3275 2760 sunt
3324 2703 3516 2776 plena,
3548 2702 3755 2775 loqua-

2105 2797 2202 2848 tur
2227 2810 2364 2850 cum
2395 2794 2658 2865 proximo
2689 2812 2816 2859 suo,
2851 2797 2908 2849 et
2937 2793 3062 2850 dies
3093 2793 3206 2849 diei
3238 2797 3459 2849 eructet
3485 2792 3751 2860 verbum,

2103 2886 2161 2939 et
2220 2900 2331 2938 nox
2388 2883 2542 2938 nocti
2606 2883 2823 2939 indicet
2874 2883 3178 2940 scientiam
3242 2883 3412 2954 (Psal.
3466 2899 3626 2949 xvm,
3676 2882 3752 2953 3),

2105 2970 2214 3028 hoc
2245 2976 2356 3040 est,
2389 2971 2546 3028 clara
2575 2989 2821 3045 quaeque
2851 2977 2908 3029 et
2941 2973 3194 3028 lucentia
3241 2971 3333 3028 his
3380 2971 3619 3041 indicet,
3652 2971 3754 3042 qui

2107 3065 2405 3116 merentur
2452 3062 2701 3118 audire:
2743 3064 2838 3119 Vos
2867 3065 2997 3118 estis
3048 3062 3235 3117 lumen
3291 3061 3488 3116 mundi
3537 3060 3752 3130 (Matth.

2105 3165 2157 3214 v,
2196 3150 2302 3220 14).
2334 3151 2510 3206 Porro
2541 3153 2853 3208 tenebrosa
2884 3156 2940 3208 et
2970 3151 3251 3219 involuta,
3283 3156 3339 3207 et
3367 3150 3528 3208 omni
3561 3166 3754 3206 sacra-

2106 3243 2440 3296 mentorum
2501 3246 2667 3296 nocte
2721 3240 2929 3308 velata,
2962 3240 3056 3297 his
3107 3242 3338 3306 referat,
3370 3240 3468 3313 qui
3529 3244 3588 3295 et
3643 3237 3756 3310 ipsi

342 3325 595 3382 lomonis
645 3333 894 3400 usurpat
944 3327 1275 3400 exemplum
1310 3345 1323 3382 :
1357 3331 1630 3384 Dominus
1677 3330 1882 3384 creavit
1912 3345 1999 3384 me
2028 3315 2070 3382 C
2110 3345 2242 3395 nox,
2275 3329 2546 3400 tenebrae,
2581 3328 2667 3385 vel
2709 3329 2893 3403 caligo
2933 3334 3092 3399 sunt,
3126 3330 3197 3385 de
3226 3329 3442 3401 quibus
3491 3328 3709 3384 dicitur
3741 3344 3755 3383 :

343 3415 573 3472 initium
602 3417 822 3472 viarum
849 3433 1082 3473 suarum
1111 3419 1294 3486 (Prov.
1321 3434 1442 3485 vxu,
1473 3418 1584 3488 2‘2).
1619 3417 2000 3472 Consideran-

343 3504 485 3561 dum
517 3505 716 3578 igitur,
752 3505 893 3578 quia
923 3507 1140 3563 creatio
1182 3513 1357 3579 atque
1403 3506 1659 3562 conditio
1691 3521 1998 3578 nunquam

343 3593 458 3650 nisi
488 3594 547 3649 in
581 3594 814 3667 magnis
845 3595 1122 3669 operibus
1165 3595 1560 3652 nominentur.
1592 3594 1767 3650 Verbi
1798 3611 1995 3661 causa,

344 3683 605 3740 mundus
636 3689 868 3741 creatus
893 3689 1001 3753 est,
1026 3685 1169 3741 urbs
1194 3685 1427 3741 condita
1449 3689 1538 3741 est
1562 3701 1574 3739 :
1601 3685 1812 3740 domus
1841 3701 1995 3752 vero,

344 3773 617 3844 quamvis
648 3790 864 3847 magna
894 3774 994 3840 sit,
1025 3773 1312 3830 aediﬁcata
1336 3774 1530 3847 potius
1561 3774 1794 3841 dicitur,
1821 3790 1998 3845 quam

344 3863 598 3928 condita,
629 3862 720 3920 vel
761 3868 972 3920 creata.
1006 3864 1069 3919 In
1120 3863 1352 3937 magnis
1401 3864 1554 3920 enim
1607 3863 1882 3935 operibus
1913 3867 1996 3918 at-

346 3967 458 4024 que
489 3953 758 4018 iacturis,
783 3953 1027 4009 verbum
1061 3952 1375 4009 creationis
1407 3953 1750 4008 assumitur.
1774 3957 1852 4007 Ex
1883 3969 1998 4024 quo

347 4041 933 4098 animadvertendum
995 4043 1175 4099 istum
1235 4059 1453 4098 novum
1509 4041 1838 4107 hominem,
1897 4041 2000 4115 qui

337 4129 509 4200 juxta
538 4135 721 4186 Deum
751 4130 811 4186 in
861 4130 1093 4187 Christo
1144 4135 1372 4187 creatus
1422 4135 1529 4198 est,
1567 4146 1847 4202 magnum
1899 4131 1998 4186 Dei

347 4235 494 4291 opus
524 4236 674 4292 esse,
699 4225 756 4276 et
776 4219 1032 4275 eminere
1054 4219 1209 4275 ultra
1235 4225 1473 4276 caeteras
1505 4223 1800 4276 creaturas
1825 4235 1837 4274 :
1864 4237 1998 4274 cum

346 4307 432 4364 sic
463 4310 734 4366 conditus
787 4325 917 4365 esse
949 4309 1199 4380 dicatur,
1234 4315 1300 4364 ut
1345 4309 1624 4378 mundus,
1659 4313 1715 4364 et
1760 4309 1998 4365 initium

342 4398 570 4454 viarum
619 4398 743 4468 Dei,
777 4402 835 4455 et
883 4398 943 4453 in
993 4399 1228 4454 exordio
1277 4398 1698 4454 elementorum
1731 4398 1998 4454 omnium

344 4487 421 4543 sit
454 4492 709 4544 creatus.

415 4577 604 4650 (Vers.
635 4577 755 4649 25.)
787 4599 815 4627 «
847 4581 1092 4650 Propter
1138 4577 1294 4649 quod
1346 4577 1704 4649 deponentes
1754 4576 1999 4631 menda-

2108 3418 2174 3472 Et
2230 3418 2413 3488 caligo
2464 3419 2846 3489 sub‘pedibus
2901 3420 3021 3490 ejus
3069 3419 3240 3490 (Psal.
3282 3435 3396 3484 xvr,
3430 3419 3540 3486 10),
3600 3415 3757 3472 haud

2109 3505 2359 3560 dubium
2390 3504 2533 3578 quin
2566 3506 2683 3563 Dei.
2718 3507 2863 3562 Nam
2907 3511 2964 3562 et
3011 3506 3069 3562 in
3102 3510 3298 3562 monte
3346 3505 3485 3561 Sina
3531 3505 3759 3577 Moyses

2108 3594 2437 3667 ingreditur
2494 3594 2554 3650 in
2615 3595 2911 3651 turbinem
2969 3601 3026 3650 et
3078 3594 3422 3667 caliginem,
3481 3592 3583 3648 ubi
3638 3595 3762 3648 erat

2107 3683 2261 3739 Deus
2290 3684 2482 3750 (Exod.
2515 3683 2610 3752 xx,
2640 3685 2754 3756 21),
2787 3689 2844 3740 et
2875 3685 2944 3740 de
2974 3684 3101 3756 ipso
3147 3689 3260 3740 Deo
3308 3683 3592 3755 scriptum
3625 3686 3714 3738 est
3743 3697 3758 3736 :

2110 3775 2304 3830 Posuit
2328 3774 2576 3830 tenebras
2607 3759 2908 3830 latibulum
2935 3791 3098 3830 suum
3129 3774 3300 3846 (Psal.
3334 3790 3470 3841 xvn,
3506 3772 3615 3844 12).
3649 3771 3762 3827 Lo—

2109 3869 2326 3934 quatur
2353 3862 2552 3935 itaque
2601 3864 2905 3920 veritatem
2959 3869 3136 3937 atque
3185 3861 3528 3935 mysterium
3577 3877 3761 3917 unus-

2109 3951 2363 4023 quisque
2389 3969 2520 4007 cum
2557 3952 2819 4024 proximo
2852 3969 2981 4018 suo,
3013 3957 3071 4010 et
3099 3969 3215 4008 non
3246 3952 3345 4008 det
3373 3955 3642 4006 sanctum
3674 3965 3764 4004 ca-

2109 4039 2305 4109 nibus,
2338 4057 2526 4112 neque
2573 4041 2767 4094 mittat
2811 4040 3160 4113 margaritas
3188 4055 3329 4095 suas
3378 4043 3512 4095 ante
3555 4054 3763 4110 porcos

2109 4128 2316 4200 (Matth.
2359 4146 2461 4196 vn,
2511 4131 2596 4197 6);
2651 4129 2750 4184 sed
2808 4128 3146 4201 quicunque
3196 4128 3390 4183 oleum
3449 4125 3764 4182 habuerint

2107 4217 2388 4284 veritatis,
2422 4217 2554 4274 illos
2576 4217 2635 4273 in
2667 4217 2993 4273 thalamum
3041 4217 3240 4290 sponsi
3271 4221 3328 4273 et
3357 4231 3573 4289 penum
3604 4214 3761 4286 regis

2109 4307 2349 4364 inducat
2379 4308 2588 4379 (Matth.
2643 4324 2775 4372 xxx,
2813 4307 2918 4378 10).
2971 4311 3148 4363 Porro
3192 4305 3346 4378 quod
3399 4304 3526 4359 ait:
3560 4304 3760 4376 Loqui-

2107 4399 2251 4453 mini
2313 4399 2596 4454 veritatem
2673 4398 3048 4469 unusquisque
3123 4413 3248 4452 cum
3323 4394 3575 4468 proximo
3638 4407 3756 4463 suo,

2109 4486 2371 4560 sciamus
2427 4487 2498 4541 de
2554 4486 2829 4542 Zacharia
2887 4485 3172 4559 propheta
3226 4488 3530 4557 sumptum
3573 4483 3757 4555 (Zach.

2107 4592 2232 4646 VIII,
2270 4576 2377 4647 16).

345 4665 524 4730 cium,
548 4665 863 4738 loquimini
895 4666 1195 4723 veritatem
1219 4666 1628 4738 unusquisque
1649 4681 1783 4721 cum
1813 4663 2001 4736 proxi-
2032 4690 2079 4755 D
2181 4665 2364 4736 (Vers.
2395 4665 2510 4732 26.)
2544 4687 2572 4715 «
2608 4665 2954 4733 lrascimini,
3000 4669 3056 4722 et
3107 4664 3285 4721 nolite
3333 4678 3590 4737 peccare.
3617 4684 3647 4714 »
3679 4661 3761 4718 De

345 4771 442 4811 mo
493 4772 600 4811 suo
634 4773 647 4812 :
681 4755 959 4828 quoniam
996 4772 1205 4812 sumus
1252 4755 1598 4812 alterutrum
1651 4754 1934 4810 membra.
1973 4775 1994 4802 υ

2111 4757 2320 4826 quarto
2367 4752 2601 4809 Psalmo
2644 4754 2804 4825 (vers.
2836 4755 2893 4825 5)
2920 4754 3030 4810 hoc
3061 4757 3435 4826 usurpatum,
3465 4751 3612 4808 nulli
3657 4752 3762 4807 du-

343 4843 471 4901 Non
503 4845 873 4918 simpliciter,
907 4849 972 4902 ut
1002 4845 1242 4917 quidam
1275 4846 1544 4918 putant’,
1567 4860 1672 4901 nec
1703 4843 2002 4899 moraliter
2109 4843 2271 4899 bium
2305 4846 2478 4907 est,st-
2507 4841 2740 4897 videtur
2770 4842 2852 4897 illi
2887 4859 3016 4899 esse
3037 4841 3395 4900 contrarium
3430 4841 3584 4914 quod
3617 4839 3758 4896 alibi

345 4934 659 5006 Apostolus
690 4934 983 5007 praecepit,
1010 4935 1313 4991 mendacio
1336 4933 1782 5002 derelicto,cum
1808 4933 1999 5005 proxi-

347 5023 460 5080 mis
489 5023 793 5080 veritatem
827 5022 1202 5096 loquendam.
1234 5023 1467 5096 Alioqui
1492 5023 1556 5080 si
1599 5027 1828 5079 tantum
1863 5039 1996 5078 cum

344 5113 630 5186 proximis
679 5113 979 5186 loquimur
1008 5113 1333 5184 veritatem,
1365 5113 1701 5185 quicunque
1732 5128 1848 5167 non
1883 5112 1998 5167 fue-

345 5201 420 5259 rit
448 5203 776 5276 proximus,
811 5202 983 5259 debet
1016 5202 1218 5260 audire
1257 5202 1651 5259 mendacium.
1676 5201 1838 5268 Quod
1867 5201 1996 5272 qui-

415 5343 1005 5418 ,‘Hucireferendusq
1039 5344 1094 5400 S.
1155 5344 1518 5418 Augustinus
1575 5343 1678 5401 lib.
1740 5347 1990 5418 1760721)".

340 5415 561 5473 Advers.
593 5417 726 5490 Leg.
759 5420 812 5471 et
838 5415 1095 5490 Prophet.
1125 5415 1271 5490 cap.—
1289 5419 1380 5485 23,
1404 5417 1514 5490 qui
1545 5421 1749 5490 tamen,
1773 5417 1992 5490 factum

343 5487 712 5563 asqueatque
735 5487 1000 5563 gigantum
1035 5487 1095 5543 in
1121 5487 1268 5563 ipsis
1293 5487 1609 5563 Scripturis
1640 5488 1755 5563 dici
1787 5487 1996 5563 asserit

345 5559 426 5634 de
448 5559 632 5617 rebus
652 5559 1068 5634 indifferenter,
1097 5559 1221 5634 sive
1246 5578 1375 5634 quas
1405 5559 1474 5618 ex
1499 5561 1744 5634 materia
1773 5560 1991 5633 aliqua,

323 5631 467 5688 sive
496 5647 566 5688 ex
596 5630 759 5688 nulla
797 5630 1156 5702 prodierunt.
1191 5630 1280 5689 Eii
1299 5634 1548 5691 ethnicis
1596 5633 1774 5689 nimis
1822 5630 1993 5689 multi

347 5702 629 5760 laudandi
660 5701 877 5760 essent.
907 5701 1066 5774 Virg.
1099 5704 1315 5760 Aineid.
1348 5723 1384 5761 x
1418 5723 1429 5762 :

439 5784 701 5836 Silvicola
730 5784 914 5837 Fauno
946 5784 1156 5848 Dryope
1186 5797 1346 5848 quem
1373 5786 1620 5850 Nympha
1647 5789 1867 5837 crearat.

2111 4931 2322 4987 dicitur
2348 4947 2361 4985 :
2399 4934 2562 4987 Nune
2592 4935 2778 4988 autem
2812 4932 3066 5005 deponite
3093 4941 3143 4989 et
3179 4949 3269 4988 vos
3297 4947 3482 4988 omnes
3511 4933 3678 5000 iram,
3710 4937 3761 4984 et

2108 5021 2569 5092 indignationem,
2601 5029 2651 5077 et
2689 5023 2989 5093 malitiam,
3023 5024 3072 5076 et
3120 5008 3531 5092 blasphemiam,
3563 5026 3619 5074 et
3646 5026 3760 5073 tur-

2100 5128 2228 5184 pem
2255 5126 2561 5167 sermonem
2607 5127 2677 5166 ea:
2717 5127 2808 5167 ore
2848 5115 3018 5167 vestro
3048 5111 3271 5183 (Coloss.
3308 5127 3391 5174 III,
3423 5109 3495 5178 8).
3543 5106 3653 5162 Sed
3701 5107 3760 5161 et

2107 5199 2454 5274 simpliciter
2503 5199 2865 5258 intellectum
2919 5205 3104 5269 nocet,
3140 5201 3281 5256 dum
3329 5201 3610 5270 putantur
3657 5194 3754 5250 ire:

2105 5346 2174 5402 Et
2199 5343 2576 5415 Claudianus,
2609 5360 2625 5400 ι
2656 5342 2721 5401 de
2749 5344 2929 5417 Rapta
2959 5363 2976 5398 :

2859 5460 3125 5524 Quidquid
3159 5458 3354 5522 ubique

2323 5527 2500 5592 Gignit
2527 5523 2791 5583 materies,
2822 5524 2940 5582 hoc,
2972 5520 3031 5572 te'
3055 5520 3306 5579 donante,
3334 5520 3563 5570 creatur.

2175 5635 2197 5668 ²
2226 5631 2330 5691 Hic
2357 5638 2416 5690 et
2445 5632 2618 5695 paulo
2649 5630 2894 5686 inferius
2919 5627 3261 5685 recolendus
3283 5623 3478 5681 Ruﬁni
3507 5623 3655 5681 liber
3684 5641 3746 5695 ιι,

2108 5722 2269 5762 num.
2293 5707 2348 5760 2.
2372 5695 2464 5761 Ad
2488 5707 2665 5776 cujus
2691 5702 2998 5776 lectionem
3030 5699 3179 5756 levia
3201 5697 3469 5772 quaedam
3500 5695 3751 5755 subinde

2112 5778 2485 5838 emendanda
2513 5771 2579 5834 in
2605 5771 2938 5845 Hieronymi
2970 5776 3151 5830 textu.
