4332 6566
560 421 680 495 us
779 502 792 513 ,

1812 439 1879 502 S.
1922 439 2236 504 EUSEBII
2277 437 2724 502 HIERONYMI

3853 409 3974 500 344

561 568 728 627 frena
754 571 964 630 laxata.
1002 574 1224 649 Duplex
1252 579 1446 634 autem
1478 595 1593 636 non
1633 575 1824 634 solum
1877 577 2028 650 apud
2080 595 2207 646 nos,
2243 579 2294 646 Α
2323 575 2511 633 Belial
2541 577 2615 648 (II
2646 579 2768 634 Cor.
2802 595 2879 649 v1,
2913 576 3021 650 15),
3053 574 3163 635 hoc
3211 579 3318 645 est,
3368 579 3568 650 absque
3605 575 3782 648 jugo8
3812 574 3968 648 quod

561 676 764 718 verum
797 664 972 720 etiam
1005 669 1159 736 apud
1195 667 1575 741 philosophos
1614 667 1710 724 iraa
1749 685 1960 724 nomen
2001 669 2210 738 accipi-

562 751 678 807 tur.
703 752 798 808 Vel
833 770 964 808 cum
998 754 1218 823 injuria
1245 757 1522 824 lacessiti,
1556 758 1922 815 naturalibus
1953 757 2212 813 stimulis

565 841 960 911 concitamur;
987 845 1075 900 vel
1108 863 1264 914 cum,
1312 849 1709 919 requiescente
1758 848 2000 919 impetu,
2035 853 2092 902 et
2123 849 2212 902 fu-

564 946 695 986 rore
743 933 1041 1005 restincto,
1076 940 1264 1006 potest
1314 953 1480 992 mens
1537 937 1749 992 habere
1798 937 2110 1006 judicium,
2157 942 2213 992 et

567 1019 954 1077 nihilominus
976 1040 1154 1094 super
1172 1041 1238 1079 eo
1265 1025 1362 1094 qui
1392 1031 1629 1095 putatur
1654 1025 1896 1087 laesisse,
1921 1026 2214 1080 desiderat

566 1108 870 1166 ultionem.
907 1111 1162 1167 Arbitror
1207 1114 1405 1182 itaque
1436 1116 1506 1169 de
1556 1115 1731 1185 priori
1763 1131 1919 1170 nunc
1965 1115 2209 1180 dictum,

567 1201 625 1254 et
653 1199 824 1254 nobis
856 1201 1020 1270 quasi
1065 1201 1403 1258 hominibus
1451 1218 1578 1259 esse
1626 1219 1992 1269 concessum,
2028 1208 2091 1258 ut
2140 1204 2210 1258 ad

567 1287 818 1358 indignae
850 1288 1098 1360 alicujus
1130 1291 1210 1346 rei
1245 1292 1448 1347 faciem
1491 1309 1850 1358 moveamur,
1883 1292 2210 1364 tranquilli-

563 1379 857 1448 tatemque
906 1381 1138 1448 mentis,
1172 1380 1331 1435 velut
1381 1381 1528 1436 lenis
1568 1384 1834 1454 quaedam
1887 1400 2028 1438 aura
2075 1399 2210 1436 con-

562 1466 758 1522 turbet
787 1484 800 1522 :
836 1484 1206 1540 nequaquam
1238 1474 1434 1526 tamen
1477 1472 1535 1526 in
1582 1476 1875 1526 tumentes
1905 1472 2167 1543 gurgites
2193 1474 2209 1507 ί

565 1554 778 1611 furoris
816 1556 1037 1628 impetu
1090 1559 1484 1616 sublevemur.
1515 1560 1846 1616 Firmianus
1900 1566 2097 1615 noster
2142 1559 2212 1614 li-

562 1644 734 1699 brum
767 1646 841 1700 De
879 1648 967 1701 ira
1014 1650 1113 1703 Dei
1159 1651 1327 1704 docto
1380 1651 1600 1722 pariter
1644 1655 1700 1705 et
1748 1650 2040 1722 eloquenti
2092 1666 2213 1704 ser-

566 1749 740 1789 mone
769 1736 1140 1808 conscripsit,
1171 1754 1344 1809 quem
1377 1739 1475 1811 qui
1508 1739 1732 1810 legerit,
1757 1744 1897 1812 puto
1928 1739 1975 1794 ei
2011 1739 2079 1793 ad
2114 1738 2213 1795 ira:

563 1821 927 1878 intellectum
994 1826 1148 1882 629
1207 1827 1350 1882 satis
1405 1827 1753 1899 abundeque
1809 1843 1979 1900 posse
2048 1827 2210 1883 sufﬁ-

565 1926 713 1968 cere.

639 2025 669 2053 «
701 2003 797 2058 Sol
829 2021 943 2060 non
985 2005 1209 2062 occidat
1251 2023 1429 2078 super
1474 2007 1836 2063 iracundiam
1880 2011 2154 2062 vestram.
2182 2025 2205 2056 ι

567 2091 624 2148 Si
657 2093 1003 2165 simpliciter
1031 2095 1186 2150 hunc
1229 2095 1411 2153 solem
1454 2097 1860 2168 intelligimus,
1895 2097 1992 2168 qui
2027 2095 2211 2152 oculis

564 2182 759 2238 carnis
806 2184 1107 2256 aspicitur,
1143 2202 1474 2257 peccamus,
1508 2189 1744 2259 quando
1793 2187 2122 2257 irascimur,
2155 2188 2212 2240 et

563 2271 862 2328 occidente
912 2274 1052 2344 sole,
1104 2275 1406 2331 iracundia
1453 2281 1800 2348 perseverat.
1843 2277 1966 2331 Non
2013 2291 2212 2346 pecca-

564 2377 698 2417 mus
729 2366 947 2426 autem,
982 2366 1217 2436 quando
1268 2366 1444 2434 (verbi
1497 2367 1702 2437 gratia)
1751 2384 1784 2422 a
1828 2367 2019 2437 prima
2065 2364 2210 2418 hora

564 2466 753 2522 usque
810 2453 879 2508 ad
934 2454 1306 2510 undecimam
1357 2455 1696 2526 irascentes,
1753 2455 1998 2510 facimus
2053 2453 2208 2524 quod

563 2538 911 2614 indignatio,
935 2543 1114 2612 furor,
1145 2544 1233 2600 ira
1262 2545 1682 2619 suggesserint.
1705 2548 1827 2610 Quo
1855 2562 2030 2601 sensu
2063 2541 2210 2599 nihil

566 2630 710 2687 mihi
741 2631 969 2688 videtur
996 2633 1333 2704 absurdius,
1366 2636 1533 2706 quasi
1563 2654 1677 2692 non
1709 2640 1885 2708 queat
1915 2635 2207 2708 quispiam

564 2721 635 2776 ab
667 2725 795 2776 ortu
829 2722 970 2778 solis
1019 2741 1204 2795 usque
1243 2725 1313 2780 ad
1347 2741 1620 2782 occasum
1671 2726 1729 2780 in
1782 2730 1944 2780 tanta
1993 2724 2212 2779 scelera

563 2811 929 2880 debacchari,
961 2818 1181 2884 quanta
1210 2819 1332 2869 tota
1364 2815 1485 2870 vita
1526 2833 1634 2871 sua
1664 2831 1779 2870 non
1808 2816 1997 2887 possit
2028 2813 2212 2886 lacry-

565 2901 680 2956 mis
709 2901 961 2974 expiare,
996 2908 1097 2958 aut
1129 2920 1243 2959 non
1293 2905 1481 2975 magis
1533 2905 1620 2960 ira
1666 2903 1859 2960 locum
1893 2905 1950 2959 in
1986 2903 2078 2959 die
2108 2903 2213 2957 ha-

566 2989 720 3059 beat,
753 3007 886 3045 cum
919 2991 1119 3062 utique
1150 3010 1262 3048 nox
1292 2993 1525 3064 requies
1555 2993 1634 3049 sit
1664 2993 1897 3057 furoris,
1930 2997 1987 3048 et
2016 3009 2213 3048 succe-

570 3077 744 3132 dente
761 3081 1169 3144 somno,etiam
1192 3081 1238 3137 si
1263 3082 1659 3149 irascimur,in
1679 3083 1833 3138 diem
1854 3082 2216 3138 iracundiam

574 3166 934 3223 differamus.
983 3169 1129 3233 Quia
1183 3169 1369 3242 igitur
1422 3188 1594 3228 verus
1651 3171 1758 3242 sol,
1810 3172 1964 3227 sicut
2009 3171 2220 3225 occidit

575 3271 753 3327 super
784 3255 969 3313 malos
1013 3259 1346 3330 prOpbetas,
1372 3261 1543 3330 juxta
1571 3260 1712 3316 illud
1746 3261 1899 3333 quod
1933 3261 2218 3331 scriptum

2323 667 2394 722 de
2425 666 2570 723 collo
2602 685 2708 723 suo
2730 667 2829 724 Dei
2861 668 3136 740 abjecerit
3161 669 3495 724 servitutem
3522 685 3534 722 :
3561 683 3735 739 quem
3761 665 3974 738 Aquila

2323 761 2624 826 apostatam
2679 758 3000 813 transtulit.
3045 759 3112 813 Et
3160 758 3463 813 sciendum
3523 757 3862 829 ubicunque
3909 757 3970 814 in

2322 844 2510 900 Veteri
2547 847 2691 911 Lege
2731 847 2841 915 ﬁlii
2881 848 3215 917 pestilentiae
3245 845 3595 915 scribantur,
3631 846 3785 902 sicut
3837 846 3916 901 ibi
3951 861 3966 904 :

2322 934 2452 989 Filii
2482 940 2671 990 autem
2704 937 2842 1002 lleli,
2873 936 2992 1008 ﬁlii
3034 939 3369 1006 pestilentiae
3398 938 3447 1006 (Ι
3476 939 3597 1007 Reg.
3629 954 3708 1006 x1,
3745 939 3853 1008 1‘2),
3886 937 3968 992 ibi
4039 935 4044 938 ’

2322 1022 2380 1077 ἱιι
2413 1023 2710 1078 Hebraicis
2741 1023 3137 1080 voluminibus
3172 1026 3366 1095 Belial,
3401 1026 3508 1081 hoc
3547 1029 3655 1095 est,
3687 1026 3969 1082 diabolum

2322 1128 2425 1182 pro
2471 1113 2781 1182 pestilentia
2830 1113 3122 1168 nominari
3157 1132 3170 1170 :
3201 1114 3335 1169 licet
3379 1114 3619 1184 plurimi
3662 1116 3816 1170 080
3864 1133 3968 1186 pro

2323 1201 2497 1257 Belial
2546 1206 2817 1274 corrupte
2848 1203 2903 1257 in
2948 1203 3226 1274 Apostolo
3274 1204 3501 1258 Beliar‘
3529 1203 3746 1276 legant.
3775 1202 3970 1261 Nolite

2322 1290 2520 1362 itaque
2568 1292 2666 1360 ait,
2700 1293 2838 1346 dare
2888 1291 3083 1348 locum
3127 1293 3380 1360 diabolo,
3413 1293 3536 1366 qui,
3567 1299 3847 1366 tanquam
3878 1295 3968 1352 leo

2322 1381 2580 1451 rugiens,
2601 1382 2805 1452 quaerit
2835 1383 3058 1437 aditum
3089 1400 3189 1453 per
3218 1400 3392 1456 quem
3425 1383 3611 1455 possit
3639 1383 3967 1456 irrumpere

2322 1471 2371 1540 (l
2427 1475 2575 1525 Pctr.
2626 1489 2680 1539 v,
2739 1472 2815 1542 8).
2877 1473 3176 1536 Quomodo
3233 1472 3388 1528 enim
3447 1473 3616 1529 Pater
3671 1479 3726 1530 et
3783 1473 3966 1531 Filius

2322 1564 2480 1614 stant
2512 1564 2643 1616 ante
2695 1561 2932 1631 ostium,
2965 1565 3022 1617 et
3052 1561 3309 1634 pulsant,
3341 1566 3405 1616 ut
3437 1562 3744 1630 introeant,
3778 1571 3828 1618 et
3861 1581 3970 1620 cm-

2323 1655 2464 1705 nent
2495 1668 2628 1706 cum
2670 1668 2734 1707 eo
2785 1652 2883 1723 qui
2938 1668 2998 1706 se
3047 1652 3329 1724 receperit
3379 1652 3562 1724 (Apoc.
3598 1670 3683 1720 ιιι,
3713 1653 3805 1722 ‘20)
3841 1671 3852 1707 :
3885 1653 3968 1708 ita

2322 1744 2379 1794 et
2410 1739 2777 1796 adversarius
2828 1757 3060 1809 semper
3094 1741 3152 1796 in
3187 1757 3293 1797 nos
3343 1746 3432 1796 est
3478 1746 3717 1811 paratus
3749 1741 3966 1797 irrum-

2323 1845 2478 1900 pere,
2512 1834 2569 1884 et
2619 1847 2750 1886 cum
2800 1828 2994 1885 locum
3039 1830 3396 1900 dederimus,
3439 1830 3782 1902 ingreditur.
3813 1829 3969 1887 Solet

2323 1923 2540 1986 autem,
2575 1923 2887 1990 antequam
2927 1919 3141 1984 veniat,
3176 1920 3442 1991 quaedam
3479 1919 3679 1991 jacula
3710 1920 3966 1992 praemit-

2319 2010 2458 2073 tere,
2493 2011 2550 2062 et
2592 2025 3004 2079 praecursorem
3038 2010 3321 2064 adventus
3371 2009 3461 2064 sui
3515 2009 3700 2064 facere
3748 2009 3966 2080 cogita-

2318 2096 2537 2151 tionem
2575 2115 2586 2152 :
2621 2097 2772 2152 hanc
2804 2096 2852 2151 si
2885 2115 2991 2152 nos
3037 2097 3093 2151 in
3145 2099 3317 2154 corde
3375 2101 3573 2153 nostro
3631 2103 3964 2170 susceptam

2319 2185 2703 2240 nutrierimus
2761 2186 3141 2257 intrinsecus,
3201 2191 3257 2242 et
3322 2203 3579 2243 crescere
3632 2187 3964 2255 fecerimus,

2319 2291 2453 2330 cum
2483 2275 2543 2330 in
2575 2275 2744 2332 nobis
2775 2275 2996 2348 prolem
3031 2292 3199 2330 suam
3230 2280 3462 2332 auctam
3492 2277 3724 2341 viderit,
3757 2280 3812 2331 et
3841 2276 3966 2348 ipse

2318 2365 2556 2421 audebit
2585 2365 2821 2420 intrare.
2841 2365 3100 2436 Denique
3131 2365 3190 2420 in
3211 2365 3378 2420 Judaa
3400 2365 3701 2432 Iscariotb,
3727 2383 3824 2421 cor
3846 2365 3964 2436 pri-

2320 2469 2475 2508 mam
2503 2453 2646 2524 jeeit
2676 2453 2972 2525 sagittam,
3005 2459 3071 2510 ut
3110 2455 3366 2510 traderet
3393 2454 3750 2510 Salvatorem
3784 2457 3959 2527 (Joan.

2318 2560 2440 2611 xm,
2472 2543 2548 2614 2),
2583 2559 2759 2615 quam
2795 2543 2842 2599 si
2874 2547 3170 2615 exceptam
3211 2543 3306 2598 ille
3348 2542 3700 2599 miserabilis
3731 2561 3846 2599 non
3879 2543 3964 2600 fo-

2318 2633 2520 2694 visset,
2581 2649 2886 2704 nunquam
2935 2638 3065 2705 post
3107 2633 3422 2688 intinctum
3471 2650 3680 2704 panem
3713 2633 3773 2689 in
3806 2651 3973 2706 paro-

2320 2722 2508 2795 pside,
2540 2721 2822 2777 intrasset
2852 2723 2908 2776 in
2941 2721 3110 2776 illum
3153 2722 3400 2778 Satanas
3431 2723 3637 2793 (Matth.
3669 2739 3821 2787 xxvx,
3855 2722 3968 2795 43).

2323 2810 2631 2882 Simulque
2666 2815 2722 2865 et
2751 2810 2860 2865 hoc
2890 2809 3202 2883 diligenter
3231 2811 3536 2877 attendite,
3562 2811 3716 2884 quod
3751 2828 3865 2867 non
3890 2811 3976 2867 in-

2323 2900 2544 2956 venerit
2573 2897 3050 2955 diaboluslocum
3075 2899 3411 2956 introeundi
3444 2900 3502 2955 in
3532 2900 3771 2966 Judam,
3806 2901 3974 2971 cujus

2326 2993 2529 3061 pectus
2551 2989 2676 3059 jam
2708 2991 2840 3043 ante
2872 2993 3260 3060 percusserat,
3294 2990 3406 3044 nisi
3458 2989 3514 3044 in
3563 2988 3821 3045 convivio
3853 2988 3978 3046 Sal-

2327 3077 2544 3133 vatoris
2591 3079 2768 3148 (Joan.
2818 3095 2942 3146 χιιι,
2973 3080 3028 3149 2)
3063 3094 3075 3132 :
3113 3078 3252 3150 quia
3297 3082 3438 3134 tunc
3483 3078 3569 3134 vel
3620 3079 3875 3134 maxime
3920 3078 3979 3134 in

2331 3170 2675 3240 potestatem
2709 3167 2760 3221 ei
2791 3167 3022 3234 damur,
3049 3168 3284 3239 quando
3316 3184 3420 3223 nec
3452 3168 3842 3234 humanitate,
3877 3185 3980 3224 nec

2331 3256 2661 3326 clementia,
2687 3273 2791 3312 nec
2825 3257 3281 3312 mansuetudine
3312 3258 3441 3328 ejus
3470 3257 3783 3324 vincimur,
3807 3273 3980 3328 quem

573 3349 662 3401 est
695 3362 706 3401 :
755 3327 1026 3403 Occidit"
1051 3327 1134 3404 sol
1181 3366 1346 3420 super
1373 3327 1686 3422 “prophetas
1740 3327 1943 3407 vestros
1993 3327 2224 3406 meridie
2251 3327 2294 3394 (ἶ
2333 3347 2566 3402 odimus
2600 3346 2856 3417 indigne.
2891 3346 3037 3400 Huic
3085 3345 3239 3418 quod
3284 3327 3440 3402 nunc
3484 3347 3779 3419 praecepit,
3810 3327 3984 3418 neque

571 3434 755 3506 (Amos
783 3453 906 3505 vm,
940 3438 995 3509 9)
1023 3454 1034 3493 :
1070 3438 1150 3492 ita
1181 3439 1357 3495 etiam
1390 3457 1569 3511 super
1599 3457 1802 3496 omnes
1843 3440 2056 3496 occidit
2088 3456 2219 3510 pec-

571 3529 816 3591 catores,
845 3542 1215 3601 nequaquam
1241 3528 1324 3585 eis
1346 3534 1510 3585 ortus
1534 3531 1622 3584 sui
1644 3529 1843 3587 lumen
1868 3530 2216 3601 indulgens:

572 3615 841 3688 praecipit
871 3634 1027 3672 nunc
1061 3618 1397 3689 Apostolus,
1431 3637 1501 3675 ne
1545 3620 1683 3676 talia
1716 3620 2001 3675 faciamus
2028 3620 2224 3675 furore

579 3703 861 3775 superati,
895 3721 998 3775 per
1039 3722 1165 3777 quae
1198 3707 1366 3762 nobis
1407 3709 1491 3764 sol
1525 3708 1769 3775 occidat,
1804 3711 1860 3764 et
1906 3707 2227 3780 principale

581 3792 775 3847 cordis
815 3794 1073 3849 tenebris
1113 3795 1458 3852 iuvolvatur.
1491 3797 1739 3862 Quidam
1771 3800 1980 3869 putant
2024 3796 2106 3851 sic
2138 3812 2228 3850 ac-

580 3880 916 3953 cipiendum
957 3883 1065 3938 hoc
1095 3900 1222 3939 esse
1254 3885 1619 3956 simpliciter,
1654 3887 1946 3959 quomodo
1978 3891 2035 3942 et
2080 3883 2228 3939 illud

580 3969 774 4043 quarti
827 3971 1059 4043 psalmi,
1095 3973 1248 4029 unde
1288 3975 1545 4048 idipsum
1596 3980 1901 4048 sumptum
1953 3975 2227 4029 videtur:

577 4061 716 4131 Quae
743 4060 927 4118 dicitis
976 4065 1032 4118 in
1073 4064 1326 4120 cordibus
1357 4066 1564 4132 vestris,
1598 4070 1650 4120 et
1679 4068 1739 4119 in
1786 4063 2070 4120 cubilibus
2113 4079 2233 4118 ves-

574 4151 679 4206 tris
735 4153 1176 4222 compungimini
1228 4154 1406 4224 (Psal.
1442 4172 1513 4225 IV,
1542 4155 1622 4226 5),
1681 4155 1737 4209 id
1799 4158 1905 4226 est,
1959 4169 2234 4226 quaecun-

582 4256 696 4312 que
721 4239 780 4296 in
813 4241 924 4307 die,
957 4241 1046 4298 vel
1078 4259 1270 4314 opere,
1301 4243 1387 4299 vel
1424 4260 1712 4311 sermone,
1745 4243 1831 4299 vel
1882 4241 2236 4316 cogitatione

586 4331 861 4402 peccatis,
895 4331 1018 4387 haec
1067 4330 1416 4389 succedente
1454 4333 1798 4404 poenitentia
1844 4335 2090 4404 purgate
2135 4346 2240 4402 per

587 4423 818 4475 noctem
853 4435 866 4473 :
903 4424 959 4475 et
986 4420 1073 4475 ira
1122 4421 1200 4476 sit
1241 4420 1454 4490 brevis,
1486 4437 1592 4476 nec
1622 4421 1680 4476 in
1725 4420 1880 4476 diem
1912 4419 2238 4476 crastinum

589 4507 910 4563 differatur.

663 4595 848 4665 (Vers.
879 4598 992 4668 27).
1028 4620 1056 4647 ‹‹
1091 4598 1288 4670 Neque
1325 4598 1520 4655 locum
1571 4599 1722 4656 detis
1772 4598 2075 4656 diabolo.»
2106 4598 2239 4654 Dia-

2331 3437 2506 3491 locum
2552 3435 2688 3491 detis
2729 3436 2972 3502 diabolo,
3003 3435 3144 3490 illud
3177 3436 3248 3491 de
3280 3435 3688 3492 Ecclesiastico
3739 3452 3980 3505 compa-

2333 3535 2549 3580 ratur:
2600 3527 2666 3582 Si
2717 3526 2950 3596 spiritus
3005 3529 3326 3597 potestatem
3383 3524 3630 3581 habentis
3681 3523 3984 3581 ascenderit

2333 3631 2494 3686 super
2551 3623 2619 3681 te,
2670 3615 2850 3670 locum
2901 3617 3061 3669 tuum
3115 3631 3186 3670 ne
3243 3613 3457 3670 dederis
3506 3617 3558 3670 ei
3601 3614 3792 3683 (Eccle.
3823 3631 3876 3682 ι,
3909 3613 3984 3686 4).

2335 3703 2437 3759 llle
2488 3703 2780 3776 superbus
2823 3705 2880 3757 et
2926 3702 3275 3759 temerarius
3327 3705 3450 3758 vult
3497 3703 3830 3770 ascendere,
3863 3701 3990 3758 vult

2338 3793 2536 3848 subire
2570 3811 2583 3848 :
2619 3793 2719 3848 sed
2752 3791 2927 3847 etiam
2961 3792 3008 3847 si
3042 3796 3096 3847 te
3127 3809 3470 3864 oppressum
3505 3792 3818 3863 putaverit,
3842 3795 3899 3847 et
3928 3808 3992 3847 se

2339 3880 2629 3951 extulerit,
2666 3886 2727 3935 tu
2782 3896 2853 3935 ne
2906 3881 3137 3936 dederis
3192 3881 3409 3937 locum.
3461 3881 3718 3937 Potestas
3777 3881 3993 3953 quippe

2339 3969 2580 4035 diaboli,
2613 3986 2728 4025 non
2781 3969 2838 4024 in
2884 3970 3212 4026 temeritate
3257 3969 3418 4026 illius
3466 3974 3641 4042 atque
3680 3969 3991 4042 jactantia,

2343 4061 2441 4117 sed
2477 4060 2535 4114 in
2567 4064 2671 4114 tua
2701 4063 2789 4115 est
2817 4058 3133 4115 voluntate.

2415 4149 2601 4220 (Vers.
2634 4149 2749 4220 528.)
2784 4170 2811 4197 «
2842 4149 2946 4213 Qui
2995 4147 3320 4219 iurabatur,
3365 4148 3490 4220 jam
3541 4163 3655 4202 non
3722 4147 3995 4204 furetur:

2347 4237 2536 4311 magis
2567 4241 2760 4292 autem
2785 4237 3030 4302 laboret,
3053 4236 3345 4308 operando
3378 4234 3653 4291 manibus
3683 4233 3807 4291 suis
3839 4235 3994 4308 quod

2348 4330 2564 4384 bonum
2599 4331 2688 4384 est
2721 4343 2733 4382 :
2769 4330 2834 4381 ut
2874 4326 3087 4382 habeat
3128 4325 3564 4381 communicare
3613 4324 3664 4380 ei
3713 4325 3811 4398 qui
3845 4323 3996 4378 indi-

2348 4423 2464 4492 get.
2500 4440 2528 4467 κ
2560 4417 2706 4484 Quia
2735 4416 2794 4471 hi
2826 4416 2923 4488 qui
2973 4415 3032 4470 in
3059 4414 3190 4470 vita:
3241 4414 3412 4471 istiu
3461 4412 3711 4486 negotiis
3762 4429 4000 4468 conver-

2349 4512 2578 4578 santur,
2613 4510 2848 4578 propter
2889 4504 3168 4560 alimenta
3214 4507 3271 4559 et
3319 4520 3465 4560 usus
3514 4500 3872 4559 necessarios
3902 4517 3999 4557 co-

2351 4601 2571 4670 guntur
2601 4595 2798 4667 aliqua
2840 4591 2926 4648 vel
2960 4609 3170 4661 emere,
3196 4591 3282 4648 vel
3330 4592 3596 4659 vendere,
3631 4593 3687 4645 et
3734 4588 3899 4645 lucra
3930 4590 4002 4647 de

591 4683 764 4740 bolus
811 4682 1071 4740 Graecum
1119 4687 1362 4743 verbum
1415 4692 1521 4753 est,
1574 4688 1728 4761 quod
1781 4688 1979 4743 Latine
2031 4687 2244 4743 dicitur
2273 4701 2318 4766 ι)
2352 4684 2744 4758 negotiatione
2776 4681 2986 4738 sec-tari
3023 4698 3035 4738 :
3070 4687 3128 4738 et
3164 4680 3405 4737 difﬁcile
3442 4683 3531 4737 est
3561 4679 3736 4735 etiam
3770 4695 3869 4735 eos
3900 4679 4002 4753 qui

588 4773 915 4828 criminator
941 4793 962 4828 :
994 4773 1196 4846 lingua
1239 4793 1371 4832 vero
1401 4777 1639 4834 Hebraea
1669 4778 1838 4833 Salen
1886 4775 2237 4850 appellatur,

590 4859 649 4916 id
682 4864 771 4917 est
799 4862 1166 4934 adversarius,
1211 4866 1332 4922 sive
1379 4869 1709 4938 contrarius,
1743 4871 1801 4922 et
1840 4867 1912 4921 ab
1962 4863 2240 4939 Apostolo

672 5043 686 5077 ί
723 5039 1090 5096 Correximus
1112 5046 1244 5112 post
1262 5040 1582 5098 Victorium
1609 5042 1677 5096 ad
1704 5041 1878 5096 fidem
1903 5057 2046 5095 mss.
2071 5040 2242 5096 codd.

593 5115 654 5169 in
685 5120 956 5168 tumentes
988 5115 1254 5183 gurgites,
1288 5130 1390 5184 pro
1423 5129 1538 5183 quo
1584 5113 1789 5168 vitiose
1817 5112 2060 5168 retinuit
2088 5113 2244 5167 Mar-

593 5185 1220 5258 tiaﬁnaeu_s,_intumentis
1249 5185 1511 5258 gurgitis,
1545 5189 1654 5240 etc.

667 5257 690 5291 ⁸
716 5255 921 5312 Maluit
959 5255 1270 5324 Victorius,
1314 5255 1544 5325 occidet,
1577 5274 1645 5312 ex
1678 5257 1803 5326 ipso
1831 5255 2028 5310 Amosi
2063 5258 2244 5309 textu.

668 5329 690 5364 ³
717 5328 862 5384 Aliis
884 5327 1072 5399 placet
1097 5329 1242 5383 satis
1268 5329 1647 5394 contentiosa,
1673 5330 1796 5384 sine
1819 5326 2245 5399 a-scensu,quod

597 5405 706 5466 est,
740 5398 928 5470 inﬁnae
975 5399 1326 5471 conditionis,
1377 5405 1434 5455 et
1476 5401 1665 5465 nihili,
1700 5403 1757 5455 et
1786 5413 1855 5454 ne
1893 5415 2023 5453 uam
2067 5398 2248 5452 inter-

603 5487 838 5545 pretari.
871 5487 1249 5543 Commodius
1279 5483 1411 5542 vero
1456 5415 2064 5545 Hieronvmusimtbz.
2098 5484 2248 5539 Beli-

603 5469 838 5558 pretari.
871 5487 1249 5543 Commodius
1279 5469 1411 5542 vero
1456 5487 1842 5558 Hieronymus
1871 5469 2064 5551 ἦνθε,
2098 5484 2250 5539 Beli-

608 5575 759 5647 iahal
789 5577 1030 5631 deduxit
1052 5562 1222 5644 a513,
1255 5577 1374 5631 sive
1402 5561 1506 5646 by,
1520 5580 1576 5631 et
1614 5561 1730 5640 #5:,
1761 5590 2010 5647 quarum
2043 5589 2250 5647 vocum

610 5645 793 5720 altera
822 5648 1022 5720 jugum
1054 5643 1241 5719 sonat,
1275 5648 1459 5705 altera
1482 5643 1894 5720 ’negandi'est
1941 5643 2250 5720 particula.

615 5717 745 5793 Hazc
767 5716 1030 5793 profecto
1050 5725 1107 5775 et
1137 5716 1304 5793 apud,
1321 5716 1608 5793 Hebraeos“
1622 5718 1844 5793 obtinet
1863 5716 2210 5793 etymologia
2237 5733 2250 5771 :

611 5791 669 5844 et
699 5787 865 5845 rabbi
904 5787 1191 5848 Salomon‘
1228 5791 1385 5850 ﬁlius
1414 5791 1591 5850 Belial
1631 5791 1867 5864 exponit
1910 5787 2010 5862 Qui
2057 5787 2255 5874 πρῆξιν

2351 4795 2384 4833 a
2415 4775 2634 4832 caeteris
2664 4770 3038 4846 passionibus
3067 4769 3296 4826 liberati
3325 4773 3482 4838 sunt,
3513 4768 3897 4826 fornicatione
3924 4768 4006 4824 vi-

2350 4864 2580 4934 delicet,
2629 4860 2979 4928 idololatria,
3021 4859 3306 4916 adulterio
3356 4864 3414 4916 et
3457 4858 3798 4929 homicidio,
3849 4857 3997 4915 08]

2354 5036 2533 5088 manu
2587 5009 2716 5090 θην,
2767 5024 2966 5096 jugum
3015 5028 3372 5096 eacusserunt
3423 5018 4009 5096 caeliaConcinitget

2352 5097 2572 5170 Aquila:
2603 5091 3007 5170 interpretatio
3034 5091 3366 5170 ἁποτςᾴξῃξ,
3389 5105 3570 5170 quam
3592 5091 3795 5170 lapdat
3821 5092 3880 5170 S_.
3904 5094 4008 5146 Pa-

2355 5159 2442 5226 ter
2475 5187 2487 5225 :
2520 5174 2578 5223 et
2608 5159 2840 5234 Suidas,
2870 5163 3094 5239 Βελίαρ,
3125 5168 3194 5237 τῇ
3224 5159 3490 5239 Ἑϐρὶιίῖυν
3523 5166 3676 5240 φωνῇ
3704 5159 3798 5219 τὸν
3836 5162 4002 5217 ἀποσ-

2355 5242 2518 5292 τάτιν
2552 5235 2738 5292 δτιλοῖ.

2353 5261 2518 5310 τατην
2552 5259 2738 5307 οηΛοι.

2425 5315 2448 5348 ⁴
2476 5305 2978 5383 Εοιυιέεχὶωυεῂὶε
2998 5308 3228 5383 _Beliar,
3260 5327 3364 5383 pro
3395 5324 3510 5381 quo
3555 5305 3782 5383 vitiose
3810 5305 4011 5383 Belian

2355 5386 2698 5459 legebatur;
2714 5380 2948 5459 Passim
2988 5380 3184 5459 Beliar
3211 5377 3366 5456 apud
3397 5377 3622 5459 veteres
3669 5377 4007 5459 scriptore,

2360 5449 2613 5514 minime
2659 5454 2888 5512 Graecos
2934 5451 3194 5507 invenire
3238 5449 3331 5510 est
3379 5469 3394 5508 :
3444 5451 3643 5511 Belian
3691 5449 3900 5506 nullibi
3951 5453 4012 5505 et

2361 5542 2677 5599 nusquam.
2697 5525 2929 5599 Vadem
2949 5522 3388 5599 habetoAipsum
3411 5525 3829 5599 Hieronymum
3861 5519 4009 5577 libro

2359 5595 2658 5676 Hominum
2685 5613 2752 5652 ex
2783 5596 2830 5652 II
2863 5596 2932 5676 ad
2967 5595 3574 5676 Corintt'.‘_:5(__Beliar,
3607 5595 3757 5676 cases
3783 5609 4010 5676 angus-

2361 5672 2462 5741 tia,
2495 5671 2872 5743 sivegcaecyrg
2903 5667 3127 5743 lumen,
3157 5669 3247 5726 vel
3276 5671 3435 5727 ﬁlius
3484 5666 4005 5743 prievaricationis;

2363 5739 2464 5804 sed
2495 5741 2732 5815 rectius,
2757 5739 2940 5800 Belial
2967 5740 3196 5800 dicitur.
3222 5763 3254 5794 »
