4332 6608
319 469 441 557 διε

965 465 1481 531 COMMENTAR.
1528 470 1606 530 IN
1653 470 1902 534 EPIST.
1949 469 2053 531 AD
2099 469 2379 534 EPHES.
2423 473 2572 535 LIB.
2617 474 2724 548 ΙΙΙ,
2767 477 2944 539 CAP.
2987 477 3091 540 IV.

3615 481 3737 546 546

321 604 432 662 hoc
487 604 626 661 vitio
683 620 800 662 non
859 601 1062 684 teneri.
1121 602 1425 674 Propterea
1485 619 1639 658 nunc
1691 602 1978 675 Ephesios
2009 605 2060 671 Α
2094 603 2384 676 tunitatis,
2445 607 2593 662 dans
2649 608 2898 679 gratiam
2955 611 3350 681 audientibus,
3411 615 3512 685 qui
3569 615 3742 672 docet

330 698 550 760 monet,
583 711 654 750 ne
685 693 793 750 sub
825 691 1125 748 occasione
1155 692 1556 759 emolumenti,
1582 691 1722 748 furti
1759 691 1981 748 crimen
2090 693 2336 750 virtutes
2366 697 2718 766 sequendas,
2763 698 2902 753 vitia
2940 701 3256 772 fugienda;
3313 701 3504 759 malus
3536 703 3635 776 qui
3667 705 3740 762 ad

330 782 653 844 incurrant.
687 783 929 838 Furtum
978 780 1315 846 nominans,
1348 798 1521 838 omne
1552 783 1706 853 quod
1742 782 1983 837 alterius

2096 788 2330 854 peccata
2360 791 2649 856 provocat,
2700 791 2758 842 et
2784 803 2996 858 pronos
3045 791 3234 861 magis
3281 791 3487 847 incitat
3517 797 3588 848 ad
3620 793 3743 849 rui-

336 873 551 930 damno
581 871 884 943 quaeritur.
914 871 1157 926 Justum
1191 874 1388 926 autem
1436 887 1582 938 esse,
1617 875 1681 927 ut
1711 871 1986 927 manibus
2097 889 2255 927 nam.
2290 873 2398 929 Pro
2429 890 2495 930 eo
2527 880 2721 931 autem
2752 877 2903 948 quod
2935 895 3042 933 nos
3067 879 3374 950 posuimus
3404 881 3484 936 ad
3511 881 3747 951 aediﬁca-

338 961 462 1018 suis
491 960 902 1032 unusquisque
941 977 1212 1033 Operans,
1259 966 1315 1015 et
1366 960 1582 1016 victum
1623 960 1820 1016 labore
1850 977 1986 1016 con-

2097 964 2309 1018 tionem
2340 967 2779 1035 opportunitatis,
2813 965 2922 1022 hoc
2961 971 3050 1022 est
3097 969 3249 1039 quod
3284 969 3512 1025 dicitur.
3559 974 3750 1028 Graece

340 1049 602 1123 quirens,
653 1048 949 1122 impertiat
997 1067 1115 1106 non
1173 1049 1547 1106 habentibus.
1601 1050 1800 1121 Neque
1857 1065 1989 1105 vero
2098 1056 2200 1117 τῆς
2231 1049 2443 1126 χρείας,
2476 1053 2534 1106 in
2560 1054 2780 1109 Latinis
2811 1055 3108 1111 codicibus
3136 1060 3372 1128 propter
3395 1058 3750 1130 euphoniam

339 1139 418 1199 ait
443 1157 456 1195 :
485 1139 673 1212 Magis
704 1143 902 1196 autem
939 1138 1184 1207 laboret,
1233 1140 1524 1212 operando
1558 1140 1836 1195 manibus
1868 1137 1992 1194 suis

343 1230 496 1302 quod
518 1230 740 1285 bonum
766 1232 879 1296 est,
901 1233 965 1284 ut
991 1245 1105 1284 non
1128 1228 1409 1302 indigeat,
1441 1234 1498 1284 et
1522 1229 1732 1286 habeat
1751 1229 1992 1294 victum,

342 1323 398 1374 et
428 1318 575 1374 nulli
607 1317 938 1376 molestiam
971 1318 1274 1374 exhibeat:
1308 1319 1432 1385 sed,
1485 1319 1745 1388 Laborat,
1780 1317 1995 1389 inquit,

345 1408 624 1465 manibus
676 1408 800 1464 suis
849 1408 1004 1480 quod
1057 1408 1278 1463 bonum
1328 1412 1436 1476 est,
1489 1413 1553 1462 ut
1599 1408 1811 1463 haheat
1842 1407 1998 1462 unde

347 1497 742 1554 communicet
765 1496 1182 1569 indigentibus.
1209 1497 1318 1561 Qui
1339 1495 1522 1570 igitur
1546 1498 1617 1552 ad
1640 1497 1750 1552 hoc
1771 1500 1998 1551 tantum

346 1585 598 1655 laborat,
631 1587 756 1658 ipse
787 1590 852 1642 ut
900 1603 1014 1641 non
1063 1590 1248 1658 egeat,
1277 1591 1333 1640 et
1384 1603 1419 1640 a
1457 1586 1681 1641 caeteris
1711 1583 2004 1641 contrahit

355 1692 622 1742 manum,
656 1674 930 1748 quamvis
973 1673 1290 1746 applaudat
1331 1675 1464 1742 sibi,
1517 1680 1711 1730 tamen
1743 1671 2003 1745 Apostoli

353 1768 709 1836 praeceptum
743 1779 858 1818 non
884 1762 1038 1818 fecit.
1072 1764 1269 1820 Potest
1312 1768 1508 1819 autem
1540 1767 1598 1819 et
1627 1761 1806 1818 altius
1829 1758 2005 1816 intel-

355 1854 494 1926 ligi:
532 1854 639 1921 Qui
681 1853 998 1924 furabatur,
1040 1853 1163 1924 jam
1209 1869 1334 1908 non-
1365 1856 1605 1924 furatur,
1655 1856 1711 1906 et
1741 1851 2004 1922 reliqua:

2104 1141 2352 1195 mutavit
2383 1141 2688 1213 interpres,
2721 1148 2778 1198 et
2809 1145 3002 1213 posuit
3043 1144 3114 1200 ad
3148 1144 3573 1216 aediﬁcationem
3601 1148 3752 1219 fidei.

2106 1229 2575 1301 Quotiescunque
2608 1248 2676 1286 ex
2706 1248 2975 1288 sermone
3019 1238 3216 1290 nostro
3259 1234 3476 1307 aliquis
3508 1237 3755 1308 proﬁcit.

2107 1323 2164 1373 et
2187 1319 2357 1388 juxta
2386 1320 2880 1391 opportunitatem
2913 1320 3045 1387 loci,
3092 1324 3376 1395 temporis
3406 1331 3464 1380 et
3492 1343 3759 1397 parsomn

2049 1447 2061 1455 .
2109 1407 2357 1463 ediﬁcat
2386 1409 2718 1478 audientes,
2749 1411 2935 1466 bonus
2957 1411 3027 1466 de
3058 1427 3154 1466 ore
3188 1417 3384 1468 nostro
3409 1431 3601 1470 sermo
3634 1432 3762 1488 pro.

2112 1496 2306 1550 cessit.
2339 1496 2574 1559 Quoties
2605 1514 2739 1554 vero
2767 1497 3085 1570 loquimur,
3119 1505 3219 1555 aut
3241 1518 3357 1556 non
3385 1501 3445 1558 in
3475 1508 3760 1576 tempore,

2112 1588 2214 1639 aut
2244 1585 2578 1656 importuno
2607 1585 2754 1658 loco,
2786 1594 2888 1643 aut
2923 1605 3036 1644 non
3070 1594 3134 1644 ut
3169 1591 3435 1646 convenit
3467 1593 3762 1649 audienti-

2113 1673 2248 1738 bus,
2279 1675 2450 1729 toties
2507 1691 2700 1731 sermo
2749 1675 2942 1732 malus
2985 1679 3243 1749 procedit
3284 1680 3356 1736 de
3413 1697 3511 1736 ore
3541 1688 3762 1753 nostro,

2115 1763 2187 1819 ad
2222 1763 2674 1819 destructionem
2726 1781 2927 1820 eorum
2977 1767 3078 1838 qui
3126 1767 3391 1823 audiunt.
3424 1770 3767 1827 Considere-

2120 1868 2251 1908 mus
2283 1851 2479 1924 itaque
2510 1853 2652 1924 quid
2703 1853 3036 1926 loquamur,
3072 1856 3212 1927 quia
3256 1874 3358 1929 pro
3391 1860 3552 1914 omni
3583 1860 3768 1916 otioso

360 1948 596 2016 propter
624 1941 771 1997 illud
800 1942 957 2013 quod
988 1943 1271 2015 scriptum
1305 1947 1395 1998 est
1433 1943 1504 1998 de
1531 1940 2006 2015 pseudoprophe-
2041 1983 2088 2048 Β
2119 1941 2292 1996 verbo
2342 1941 2627 1996 reddituri
2687 1960 2895 1999 sumus
2955 1944 3242 2002 rationem
3301 1947 3361 2002 in
3419 1948 3510 2003 die
3557 1950 3772 2020 judicii

359 2031 471 2088 tis:
509 2033 627 2103 Qui
651 2033 916 2102 furantur
960 2048 1233 2088 sermones
1281 2033 1656 2103 unusquisque
1694 2048 1728 2086 α
1753 2031 2009 2101 proximo

359 2137 455 2177 suo
502 2120 720 2192 (Jerem.
778 2136 938 2187 xxui,
999 2122 1108 2192 30).
1169 2121 1237 2176 Et
1294 2121 1354 2175 in
1409 2119 1759 2190 Evangelio:
1816 2120 2011 2174 Omnes

361 2211 462 2282 qui
518 2219 785 2265 venerunt
837 2213 964 2265 ante
1007 2227 1115 2276 me,
1172 2211 1324 2281 [ures
1377 2214 1608 2282 [uerunt
1658 2214 1709 2265 et
1765 2210 2015 2264 latrones

364 2301 546 2366 (Joan.
581 2315 638 2365 x,
669 2298 746 2370 8).
807 2299 876 2354 Et
929 2299 1002 2354 ad
1050 2300 1380 2356 Romanos:
1439 2301 1549 2368 Qui
1593 2299 1857 2372 praedicas
1904 2314 2015 2353 non

362 2388 692 2455 furandum,
723 2389 941 2458 furaris
986 2389 1160 2460 (Rom.
1211 2406 1278 2465 11,
1319 2391 1448 2458 21):
1502 2390 1660 2462 quod
1699 2390 1856 2444 furta
1885 2405 2015 2461 pro-

368 2476 680 2532 hibeamur
710 2475 896 2532 facere
925 2477 1276 2549 spiritualia.
1302 2479 1502 2551 Neque
1530 2479 1688 2536 enim
1720 2479 1829 2534 hoc
1863 2477 2017 2551 quod

368 2557 673 2638 sequitur:
714 2567 883 2636 Magis
933 2576 1115 2623 autem
1162 2569 1389 2637 laboret,
1441 2569 1716 2638 operando
1761 2568 2022 2624 manibus

367 2657 485 2711 suis
515 2655 660 2727 quod
681 2655 879 2711 bonum
902 2663 1004 2726 est,
1039 2657 1111 2712 ad
1135 2657 1262 2712 vita:
1297 2658 1474 2728 hujus
1500 2658 1828 2714 necessaria
1847 2659 2024 2730 digne

376 2744 577 2802 referri
609 2749 836 2816 potest:
871 2749 937 2800 ut
967 2746 1187 2801 bonum
1222 2746 1450 2802 dicatur
1479 2749 1870 2820 quodcunque
1895 2764 2025 2819 per-

377 2835 603 2892 iturum
636 2839 746 2903 est,
778 2840 834 2890 et
865 2835 937 2890 ad
970 2852 1369 2892 mammonam
1393 2837 1723 2910 iniquitatis
1756 2838 2023 2910 pertinet.

378 2925 656 2990 Quamvis
703 2926 860 2980 enim
899 2925 1104 2996 justus
1151 2924 1316 2982 labor
1362 2943 1499 2998 opes
1553 2927 1765 2983 habeat
1808 2929 2030 2999 absque

379 3014 857 3088 tergiversatione
870 3015 1314 3086 quaesitas,satis
1329 3015 1566 3072 habebit
1578 3017 1746 3073 sinon
1762 3017 2034 3073 dicantur

385 3103 609 3160 malum
636 3121 649 3172 ;
677 3108 948 3160 caeterum
970 3105 1189 3160 bonum
1214 3122 1330 3161 non
1350 3105 1568 3162 vallent
1591 3105 1890 3178 appellari.
1927 3106 2038 3180 Igi-

389 3198 487 3250 tur
512 3194 734 3250 bonum
767 3197 1060 3265 operatur,
1095 3193 1194 3266 qui
1242 3194 1500 3250 declinat
1528 3213 1564 3250 a
1606 3195 1778 3263 malo,
1813 3199 1870 3250 et
1899 3197 2039 3252 facit

2122 2030 2330 2102 (Matth.
2362 2047 2466 2097 χιι,
2500 2031 2612 2101 36).
2647 2033 2714 2087 Et
2745 2033 2920 2088 etiam
2953 2035 3002 2089 si
3051 2052 3166 2090 non
3197 2035 3502 2104 ladamus,
3536 2056 3654 2094 non
3682 2042 3768 2095 ta-

2121 2135 2254 2175 men
2287 2118 2663 2188 ediﬁcemus,
2690 2121 2827 2176 mali
2852 2113 3018 2179 verbi
3040 2124 3210 2181 nobis
3231 2125 3446 2182 luenda
3467 2128 3545 2183 sit
3576 2144 3769 2199 pcsna.

2194 2208 2379 2276 (Vers.
2412 2209 2526 2279 30.)
2557 2232 2585 2260 ‹‹
2619 2211 2688 2265 Et
2722 2209 2897 2266 nolite
2945 2213 3292 2270 contristare
3321 2214 3604 2287 Spiritum
3637 2216 3772 2274 sau-

2124 2301 2282 2352 ctum
2314 2297 2436 2365 Dei,
2469 2297 2529 2352 in
2579 2315 2694 2370 quo
2743 2299 2953 2371 signati
2985 2300 3126 2357 estis
3175 2303 3232 2357 in
3283 2303 3374 2360 die
3419 2305 3774 2376 redemptio-

2126 2386 2239 2442 nis.
2303 2408 2332 2436 »
2390 2386 2598 2442 Maeror
2635 2388 2827 2444 sancti
2885 2389 3140 2460 Spiritus
3197 2390 3280 2448 sic
3338 2392 3780 2466 intelligendus,

2128 2476 2422 2547 quomodo
2453 2475 2538 2532 ira
2573 2476 2668 2532 Dei
2715 2482 2772 2533 et
2801 2495 3066 2546 somnus,
3112 2485 3170 2536 et
3210 2485 3425 2538 caetera;
3477 2483 3534 2538 in
3567 2483 3778 2552 huma-

2131 2582 2267 2620 nam
2291 2564 2740 2621 similitudinem
2765 2567 3098 2638 passiones:
3127 2586 3240 2624 non
3264 2587 3379 2641 quo
3402 2571 3784 2628 contristetur

2133 2654 2397 2726 spiritus,
2419 2659 2476 2709 et
2496 2653 2676 2710 ullam
2699 2658 3194 2726 perturbationem
3221 2658 3502 2716 divinitus
3525 2661 3741 2717 sentiat
3766 2679 3779 2730 ;

2137 2744 2239 2798 sed
2289 2759 2402 2814 quo
2452 2760 2520 2798 ex
2571 2743 2759 2812 verbis
2791 2745 3005 2802 nostris
3035 2746 3135 2802 Dei
3183 2747 3484 2805 discamus
3514 2751 3784 2818 affectus,

2138 2831 2291 2903 quod
2322 2837 2563 2888 mmreat
2609 2834 3073 2906 quotiescunque
3121 2853 3450 2907 peccamus,
3492 2843 3548 2894 et
3577 2839 3787 2894 deﬂeat

2141 2926 2490 2994 peccatores.
2522 2923 2666 2977 Nam
2716 2928 2774 2978 et
2817 2923 3078 2980 Salvator
3124 2926 3182 2982 in
3228 2943 3467 2999 corpore
3499 2928 3786 2984 constitu-

2140 3015 2256 3076 tus,
2293 3011 2449 3065 ﬂevit
2492 3011 2818 3067 Jerusalem
2864 3014 3014 3084 (Luc.
3065 3031 3181 3085 xxx,
3217 3016 3326 3087 41),
3378 3021 3434 3071 et
3480 3032 3654 3072 omne
3685 3015 3789 3078 ho-

2144 3099 2370 3155 minum
2403 3116 2590 3172 genus
2635 3101 2694 3155 in
2736 3102 3022 3174 prOpheta
3069 3103 3350 3176 deplorat,
3401 3105 3636 3161 dicens:
3674 3109 3794 3162 Heu

2144 3189 2306 3253 mihi,
2339 3190 2550 3259 anima,
2600 3193 2728 3261 quia
2770 3193 2939 3263 periit
2985 3197 3260 3250 revertens
3305 3195 3412 3265 [Αι.
3458 3200 3726 3262 reverens]
3761 3211 3796 3249 α

389 3281 612 3339 bonum
644 3282 817 3354 (Psal.
849 3298 1038 3348 xxxvr,
1062 3281 1174 3349 27),
1204 3286 1262 3336 et
1281 3282 1631 3355 operaturin
1663 3299 1802 3356 agro
1829 3283 2037 3339 animas
2084 3353 2108 3356 ,Α
2147 3284 2311 3335 terra.
2341 3281 2406 3334 Et
2432 3279 2529 3350 qui
2573 3281 2860 3352 corrigat;
2896 3283 3039 3336 inter
3085 3282 3334 3338 homines
3382 3301 3495 3340 non
3521 3293 3643 3340 est:
3675 3301 3794 3340 om-

390 3389 533 3438 suaa,
563 3376 629 3427 ut
654 3353 1062 3446 rspiritualibus
1102 3353 1353 3443 panibus
1385 3353 1729 3443 impleatur,
1769 3376 1825 3426 et
1854 3373 2040 3443 possit
2071 3353 2112 3419 (ἶ
2149 3384 2246 3422 nes
2275 3369 2336 3422 in
2390 3369 2662 3436 sanguine
2702 3367 3026 3439 iudicantur
3080 3370 3261 3441 (Mich.
3312 3388 3430 3437 Vm,
3489 3372 3568 3443 2).
3630 3371 3698 3427 Et
3734 3370 3794 3426 in

388 3462 761 3518 commodare
808 3460 1110 3531 esurienti,
1164 3468 1219 3516 et
1262 3460 1667 3516 necessitatem
1699 3461 2036 3531 sustinenti,

388 3553 535 3608 dans
566 3553 626 3608 in
656 3557 918 3624 tempore
965 3549 1184 3606 cibaria
1229 3549 1522 3607 conservis
1553 3551 1715 3604 suis:
1765 3548 1813 3604 si
1846 3559 2038 3605 autem

391 3640 530 3698 talis
559 3645 648 3697 est
677 3642 779 3712 qui
827 3645 1101 3712 operatur
1145 3640 1386 3708 bonum,
1419 3655 1554 3710 ergo
1586 3644 1643 3694 et
1673 3638 1722 3694 is
1753 3638 1852 3710 qui
1884 3639 2040 3693 fura-

389 3735 505 3802 tur,
557 3735 983 3801 consequenter
1031 3730 1210 3786 verba
1256 3729 1484 3783 furatur
1523 3734 1580 3783 et
1625 3729 1921 3800 dogmata,
1971 3728 2042 3783 de

392 3823 549 3878 furto
581 3822 802 3889 vivens,
836 3821 907 3875 de
955 3819 1110 3875 furto
1157 3818 1269 3874 sibi
1309 3817 1615 3873 cervicalia
1641 3835 1952 3886 consuens,
1987 3822 2046 3872 et

395 3911 834 3984 Scripturarum
865 3926 1091 3980 pannos
1120 3908 1256 3964 hinc
1283 3907 1417 3964 inde
1440 3906 1740 3980 colligens,
1769 3912 1833 3963 ut
1862 3907 2048 3980 possit

397 4000 662 4056 tunicam
693 3999 878 4054 facere
908 3998 1289 4066 conscissam,
1323 4014 1449 4068 quas
1481 3998 1756 4053 deorsum
1786 4003 1893 4065 est,
1931 4013 2047 4052 non

401 4091 734 4148 desursum.
768 4087 990 4144 Tunica
1036 4088 1194 4144 enim
1235 4073 1526 4153 Ecclesiae,
1575 4087 1686 4142 hoc
1723 4090 1811 4142 est
1837 4103 2050 4158 corpus

403 4179 638 4246 Christi,
684 4180 936 4252 desuper
982 4181 1250 4234 contexta
1295 4182 1404 4246 est,
1454 4182 1511 4232 et
1557 4175 1721 4232 nulla
1769 4193 1838 4232 ex
1888 4179 2051 4246 parte

409 4269 727 4341 consutilis,
760 4285 888 4340 qua:
920 4283 991 4323 ne
1041 4270 1111 4323 ab
1150 4266 1407 4323 inimicis
1457 4267 1694 4338 quidem
1727 4265 1916 4322 scindi
1950 4281 2051 4338 po-

407 4361 522 4414 test
551 4359 728 4429 (Joan.
761 4374 876 4426 XIX,
909 4356 1022 4426 23).

2149 3455 2443 3511 Ezechiele
2499 3472 2674 3527 opera
2726 3458 3022 3526 quondam
3072 3464 3288 3514 sanctas
3347 3459 3597 3515 civitatis
3647 3476 3796 3516 enu-

2151 3562 2403 3611 merans,
2437 3544 2552 3599 ait:
2587 3550 2646 3599 In
2668 3546 2918 3600 omnibus
2941 3548 3055 3602 istis
3086 3549 3446 3604 contristabas
3474 3549 3794 3618 me(Ezech.

2149 3652 2241 3701 xx,
2277 3635 2386 3702 45).
2421 3634 2642 3706 Signati
2676 3638 2873 3690 autem
2921 3652 3130 3691 sumus
3170 3637 3387 3709 Spiritu
3444 3638 3536 3694 Dei
3571 3642 3798 3705 sancto,

2153 3728 2219 3778 ut
2248 3727 2305 3778 et
2334 3722 2576 3795 spiritus
2607 3728 2803 3779 noster
2833 3729 2890 3780 et
2915 3725 3114 3780 anima
3159 3725 3573 3798 imprimantur
3602 3727 3797 3800 signa-

2155 3811 2284 3868 culo
2317 3812 2434 3882 Dei,
2469 3816 2524 3867 et
2558 3811 2718 3868 illam
2768 3814 3124 3886 recipiamus
3166 3816 3484 3887 imaginem
3515 3821 3572 3872 et
3601 3815 3808 3874 simili—

2156 3901 2424 3958 tudinem
2456 3902 2527 3956 ad
2560 3919 2737 3973 quam
2769 3902 2828 3958 in
2857 3904 3089 3959 exordio
3122 3905 3337 3960 conditi
3371 3923 3578 3962 sumus
3620 3907 3657 3961 ί.
3693 3905 3812 3962 Hoc

2159 3989 2528 4065 signaculum
2562 3992 2748 4047 sancti
2780 3993 3055 4064 Spiritus,
3079 3994 3252 4064 juxta
3280 3993 3580 4066 eloquium
3613 3995 3810 4051 Salva-

2159 4083 2324 4148 toris,
2357 4081 2472 4136 Deo
2521 4081 2916 4152 imprimente,
2969 4081 3254 4154 signatur.
3303 4084 3460 4139 "uno
3501 4085 3669 4151 enim,
3704 4084 3806 4152 ait,

2159 4171 2396 4241 signavit
2426 4171 2596 4223 Pater
2627 4171 2766 4224 Deus
2796 4171 2972 4242 (Joan.
3005 4188 3078 4239 vn,
3130 4171 3242 4242 27).
3291 4172 3569 4244 Signatur
3610 4188 3746 4244 ergo
3776 4188 3811 4227 a

2164 4261 2349 4328 Patre,
2375 4259 2594 4332 Spiritu
2618 4265 2843 4332 sancto,
2865 4261 3059 4316 omnis
3081 4262 3181 4332 qui
3202 4278 3272 4317 ex
3291 4278 3357 4318 eo
3384 4261 3540 4334 quod
3564 4260 3812 4318 credidit

2165 4357 2298 4419 Deo,
2333 4351 2606 4424 signavit,
2640 4350 2777 4420 quia
2805 4367 2973 4406 verus
3003 4355 3092 4406 est
3139 4353 3307 4407 Deus.
3343 4350 3448 4416 Qui
3480 4351 3696 4407 idcirco
3728 4350 3814 4408 si-

481 4448 636 4504 632
683 4446 869 4519 (Vers.
903 4445 1018 4516 28.)
1050 4467 1078 4495 «
1130 4443 1334 4500 Omnis
1381 4458 1572 4498 sermo
1617 4441 1810 4498 malus
1859 4443 1930 4497 de
1959 4457 2058 4496 ore
2166 4445 2398 4512 gnatur,
2423 4442 2486 4494 ut
2507 4443 2698 4494 servet
2723 4438 3090 4511 signaculum
3111 4444 3169 4494 et
3188 4440 3460 4496 ostendat
3477 4438 3625 4495 illud
3650 4439 3707 4493 in
3724 4438 3818 4496 die

405 4541 596 4594 vestro
629 4552 744 4592 non
789 4535 1082 4608 procedat.
1112 4533 1221 4590 Sed
1267 4533 1316 4588 si
1367 4531 1501 4603 quis
1530 4532 1744 4598 bonus,
1774 4531 1847 4586 ad
1877 4529 2056 4586 aediﬁ-

410 4626 704 4682 cationem
733 4622 1210 4698 oppertunitatis,
1263 4624 1328 4676 ut
1359 4621 1455 4677 det
1482 4620 1733 4693 gratiam
1764 4617 2059 4675 audienti-

2167 4527 2606 4601 redemptionis,
2639 4545 2851 4600 purum
2905 4533 3080 4600 atque
3121 4530 3444 4596 sincerum,
3476 4533 3535 4585 et
3563 4527 3727 4584 nulla
3752 4543 3822 4584 ex

2145 4623 2332 4692 .parte
2363 4618 2723 4688 mutilatum,
2750 4623 2806 4673 et
2831 4619 2904 4674 ob
2936 4618 2993 4673 id
3025 4619 3319 4676 numerari
3343 4636 3477 4675 cum
3509 4618 3602 4676 his
3631 4617 3824 4675 valeat

408 4717 542 4772 bus.
578 4739 605 4766 ››
641 4716 836 4771 Bonus
881 4729 1072 4770 sermo
1121 4715 1207 4768 est
1252 4712 1325 4767 ad
1373 4709 1814 4766 aedificationem
1848 4724 2057 4780 oppor-
2090 4719 2138 4784 D
2170 4707 2269 4781 qui
2301 4707 2583 4778 redempti
2616 4710 2773 4762 sunt.

484 4861 500 4894 ¹
533 4858 763 4915 Sentire
816 4857 1050 4913 videtur
1103 4855 1297 4928 ipsum
1357 4854 1559 4928 fuisse
1597 4853 1698 4910 Dei
1732 4853 2055 4928 Spiritum,

411 4933 566 5004 quod
598 4931 728 5004 vitae
760 4925 1509 5004 spiraculum—p‘rotoplasto
1543 4927 1694 5004 _Deu_s
1727 4925 2055 5004 inspiravit.

406 4998 732 5059 Nonnullos
780 4998 908 5073 ejus
948 4998 1248 5058 sententia:
1297 4998 1494 5055 Patres
1543 4998 1746 5055 laudat
1773 4998 2057 5072 Georgius

2170 4851 2392 4922 Bullus,
2455 4851 2670 4922 Defens.
2729 4850 2824 4922 βά.
2885 4852 3118 4919 Nicen,
3176 4855 3203 4921 §
3257 4852 3478 4924 2l,qui
3529 4857 3588 4910 et
3640 4855 3819 4909 stata

2169 4924 2360 4980 Rulini
2386 4923 2670 4996 partibus.

1543 5272 1938 5358 LIBER
2033 5270 2707 5358 TERTIUS.

499 5556 842 5616 633-634
874 5554 1030 5613 Satis
1078 5553 1447 5624 abundeque,
1477 5567 1508 5608 o
1554 5547 1738 5606 Paula
1773 5551 1829 5605 et
1862 5550 2073 5605 Eusto-

425 5648 648 5718 chium,
679 5649 752 5704 de
783 5647 1128 5720 argumento
1158 5641 1430 5714 Epistolas
1473 5639 1638 5696 Pauli
1670 5639 1742 5695 ad
1776 5639 2074 5711 Ephesios,

427 5739 490 5794 in
523 5738 697 5810 primi
726 5736 861 5793 libri
893 5732 1228 5808 praefatione
1262 5731 1512 5788 disserui
1539 5748 1551 5786 :
1585 5734 1641 5786 et
1672 5729 1921 5802 sparsim
1955 5728 2080 5784 ubi-

2184 5547 2339 5621 quod
2370 5549 2576 5604 beatus
2605 5543 2915 5618 Apostolus
2941 5543 3010 5598 ad
3043 5541 3263 5598 nullam
3287 5538 3675 5597 Ecclesiarum
3705 5545 3830 5597 tam

2188 5637 2427 5712 mystice
2459 5635 2759 5708 scripserit
2778 5638 2834 5689 et
2863 5632 3204 5688 abscondita
3230 5629 3459 5687 seculis
3499 5630 3837 5688 revelaverit

2190 5731 2577 5784 sacramenta.
2611 5725 2776 5780 Nunc
2796 5738 2930 5794 ergo
2961 5721 3239 5792 quoniam
3263 5718 3596 5778 orationum
3622 5726 3840 5778 vestra-

431 5809 665 5901 cunque
723 5823 948 5885 occasio
1007 5822 1142 5880 data
1187 5823 1297 5896 est,
1351 5818 1488 5880 licet
1533 5817 1804 5890 breviter,
1855 5817 2082 5878 ostendi
2193 5833 2324 5875 rum
2355 5821 2416 5874 et
2444 5818 2658 5874 sanctis
2686 5809 2968 5870 Marcellas
3001 5809 3184 5870 fultus
3215 5810 3451 5886 auxilio,
3487 5812 3748 5882 tertium,
3777 5811 3839 5872 id
