4332 6598
588 478 705 540 547

1831 477 1895 537 S.
1941 472 2255 537 EUSEBII
2302 471 2748 536 HIERONYMI

3880 447 4000 533 διε

583 617 641 669 et
669 614 1015 677 extremum,
1049 608 1107 664 in
1139 608 1407 665 eamdem
1450 608 1768 681 Epistolam
1802 609 1957 664 dicto
1993 608 2230 672 librum,
2263 608 2313 673 Α
2345 607 2676 674 consilium,
2709 610 2765 662 et
2813 571 3168 662 voluntatem
3221 601 3342 673 Dei,
3387 599 3782 676 Ephesiorum
3815 621 3996 663 voca-
4088 685 4097 689 _

575 703 810 774 justum
844 699 988 755 mihi
1008 699 1258 768 videtur,
1285 703 1346 754 ut
1377 699 1636 755 nominis
1658 715 1891 770 quoque
1910 698 2099 770 ipsius
2119 702 2234 769 ety-

583 789 897 862 mologiam
931 805 1064 844 cum
1113 805 1286 843 sensu
1339 803 1512 859 quem
1565 804 1745 859 supra
1793 787 2053 859 exposui,
2096 803 2232 842 con-
2272 862 2287 868 ι

583 895 789 952 gruere
845 879 1105 934 doceam.
1163 877 1397 948 Ephesus
1429 879 1445 912 ¹
1508 876 1772 932 Latinam
1824 875 2084 948 linguam
2144 875 2232 929 in-

582 973 958 1041 terpretatur,
1006 967 1280 1031 voluntas,
1331 966 1450 1021 sive
1497 967 1789 1021 consilium
1835 981 2018 1020 meum
2056 967 2116 1018 in
2147 981 2230 1030 ea,

581 1058 665 1112 vel
701 1061 853 1112 certe
878 1057 1069 1111 anima
1097 1071 1217 1110 mea
1260 1056 1320 1108 in
1348 1069 1430 1109 ea.
1478 1052 1765 1108 Voluntas
1807 1057 1864 1106 et
1893 1050 2228 1117 consilium,

583 1151 640 1202 et
670 1145 869 1201 anima
901 1144 998 1199 Dei
1020 1143 1077 1198 in
1110 1159 1175 1198 eo
1197 1147 1305 1213 est,
1329 1142 1426 1213 qui
1463 1146 1654 1213 potest
1683 1141 1872 1196 dicere
1898 1157 1910 1195 :
1943 1142 2060 1212 Ipse
2082 1141 2231 1194 enim

581 1235 722 1290 mihi
748 1234 896 1289 dedit
952 1233 1210 1288 notitiam
1261 1232 1513 1287 omnium
1543 1238 1593 1285 et
1652 1231 1696 1300 (Ι
1725 1231 1880 1285 Joan.
1933 1246 2008 1298 νι,
2054 1230 2140 1296 13,
2175 1232 2231 1283 et

582 1339 716 1380 cum
747 1323 966 1376 incerta
997 1324 1055 1375 et
1099 1319 1325 1373 occulta
1373 1317 1670 1389 sapientiae
1718 1317 1818 1373 Dei
1859 1317 2032 1389 (Psal.
2067 1335 2143 1382 L.,
2173 1319 2227 1387 8)

579 1411 661 1466 illi
695 1410 910 1466 fuerint
956 1407 1226 1471 revelata,
1279 1406 1686 1462 testimonium
1718 1412 2110 1477 consequetur
2141 1404 2231 1460 lo-

579 1499 851 1572 quantis:
897 1499 1094 1552 Inveni
1149 1495 1325 1552 David
1382 1495 1447 1550 de
1502 1495 1779 1550 Bethleem
1833 1496 2015 1565 ﬁlium
2060 1496 2227 1561 Iesse,

576 1593 768 1645 virum
796 1586 1093 1644 secundum
1134 1601 1225 1641 cor
1270 1600 1472 1651 meum,
1523 1586 1621 1656 qui
1665 1585 1836 1654 faciet
1886 1584 1993 1652 [Αἱ.
2035 1583 2228 1655 faciat]

579 1694 763 1735 omnes
810 1679 1122 1732 voluntates
1168 1690 1318 1730 meas
1363 1675 1502 1743 (Act.
1554 1690 1680 1738 xm,
1729 1676 1842 1741 22).
1892 1672 2230 1727 Istiusmodi

578 1770 766 1823 virum
801 1771 858 1821 et
912 1764 1054 1820 Osee
1103 1762 1386 1836 propheta
1435 1761 1748 1834 significat,
1811 1762 2047 1817 dicens:
2099 1762 2230 1829 Quis

575 1857 794 1928 sapiens
822 1863 872 1910 et
923 1853 1190 1923 intelliget
1241 1852 1347 1924 (At.
1383 1849 1650 1922 intelligit
1681 1856 1739 1906 et
1786 1850 2058 1922 agnoscit]
2089 1850 2225 1920 hac,

572 1946 821 2019 prudens
849 1947 901 1998 et
931 1945 1190 2015 agnoscet
1237 1943 1344 1995 ista
1390 1940 1564 2009 (Osee.
1618 1956 1733 2007 xlv,
1768 1938 1904 2010 10)?
1938 1943 2114 1994 Porro
2165 1943 2229 1993 ut

579 2034 779 2092 sciatis
811 2032 1058 2088 multam
1089 2047 1216 2086 esse
1247 2029 1589 2086 distantiam
1611 2028 1760 2100 justi
1793 2028 2101 2100 simplicis,
2128 2029 2226 2099 ju-

577 2123 770 2194 stique
801 2119 1103 2193 sapientis,
1138 2116 1373 2190 qualem
1424 2118 1483 2172 in
1516 2117 1940 2173 resurrectione
1969 2121 2224 2172 mortuo-

578 2229 711 2267 rum
754 2208 971 2283 singuli
1023 2207 1266 2281 gloriam
1322 2210 1757 2278 consequantur
1816 2205 2229 2261 attendite:Et

573 2301 740 2356 multi
767 2299 1159 2355 dormientium
1208 2295 1273 2351 de
1302 2296 1432 2352 limo
1477 2299 1640 2352 terra:
1678 2303 2040 2364 consurgent:
2077 2294 2138 2349 hi
2167 2296 2224 2349 in

575 2392 744 2446 vitam
771 2396 1052 2455 aeternam,
1083 2389 1133 2442 et
1173 2385 1234 2439 hi
1261 2386 1321 2439 in
1368 2385 1723 2457 approbrium
1772 2387 1827 2439 et
1854 2386 2228 2455 confusionem

577 2481 860 2546 aetemam,
914 2477 979 2530 Et
1024 2474 1384 2545 intelligentes
1437 2473 1722 2546 fulgebunt
1775 2475 1917 2528 sicut
1973 2473 2228 2544 splendor

579 2567 932 2638 ﬁrmamenti,
965 2567 1017 2620 et
1063 2579 1133 2619 ea:
1151 2565 1319 2635 justis
1373 2561 1542 2618 multi
1579 2564 1719 2618 sicut
1771 2563 1940 2618 stella
1971 2563 2031 2616 in
2059 2567 2260 2618 atem.

576 2672 713 2711 num
744 2656 912 2724 (Dan.
945 2668 1043 2719 xu,
1074 2656 1129 2722 2,
1162 2652 1236 2719 3).
1274 2650 1622 2724 Fulgebunt,
1656 2651 1869 2722 inquit,
1893 2651 2041 2722 justi
2075 2651 2229 2706 sicut

577 2743 758 2801 stellae
787 2742 846 2798 in
876 2747 1195 2798 aeternum:
1229 2745 1286 2796 et
1335 2739 1745 2812 intelligentes,
1799 2740 1858 2794 id
1889 2745 1974 2795 est
2007 2740 2225 2795 haben-

577 2838 665 2889 tes
697 2831 998 2890 scientiam
1041 2829 1496 2902 Scripturarum,
1549 2829 1702 2884 sicut
1749 2827 2026 2901 splendor
2056 2828 2222 2884 oculi:

579 2939 694 2978 non
727 2939 841 2994 quo
872 2921 1080 2976 doctus
1099 2918 1399 2990 virjustus
1423 2934 1655 2990 quoque
1684 2934 1812 2973 esse
1835 2935 1951 2972 non
1980 2918 2222 2973 debeat:

578 3011 679 3068 sed
711 3026 826 3082 quo
853 3009 952 3081 qui
984 3010 1186 3079 justus
1234 3011 1343 3074 est,
1393 3005 1504 3061 nisi
1557 3005 1733 3061 fuerit
1781 3007 2069 3072 eruditus,
2103 3010 2225 3061 tam

578 3099 775 3172 procul
801 3098 877 3154 sit
909 3115 942 3152 a
967 3095 1431 3168 sapientejusto,
1465 3111 1640 3166 quam
1667 3100 1756 3150 est
1784 3094 2086 3150 stellarum
2121 3094 2227 3150 ful-

580 3205 684 3263 gor
709 3205 743 3243 a
773 3186 993 3242 lumine
1017 3183 1392 3240 ﬁrmamenti.
1424 3183 1584 3247 Quod
1617 3183 1666 3238 si
1689 3183 1822 3255 quis
1852 3183 2228 3239 meditatione

579 3281 811 3335 tantum
844 3275 988 3348 legis
1021 3277 1365 3341 instructus,
1398 3273 1575 3328 vitam
1610 3289 1779 3328 suam
1823 3271 2084 3345 negligit,
2117 3289 2223 3328 ne-

2343 697 2550 752 bulum
2592 701 2798 752 sonet:
2834 696 2955 768 qui,
3008 696 3222 750 artium
3272 694 3632 765 magicarum
3683 694 3995 768 praestigiis

2345 786 2660 854 derelictis,
2682 785 2896 841 erroris
2918 784 3103 840 zelum
3128 785 3198 840 ad
3221 783 3484 839 veritatis
3506 782 3768 838 studium
3801 789 3992 841 trans-

2344 874 2624 930 tulerunt.
2659 875 2742 928 Ob
2775 890 3025 946 quorum
3059 872 3306 928 salutem
3333 876 3494 926 tanto
3525 871 3746 928 Paulus
3778 873 3993 930 sudore

2343 963 2645 1036 pugnavit,
2679 967 2742 1017 ut
2773 963 2840 1017 ad
2887 961 3215 1016 Corinthios
3262 960 3560 1031 scriberet,
3602 960 3669 1016 Si
3695 963 3992 1018 secundum

2341 1053 2616 1107 hominem
2645 1051 2713 1105 ad
2744 1051 2942 1106 bestias
2983 1051 3224 1122 pugnavi
3256 1049 3488 1121 Ephesi:
3530 1050 3659 1120 quid
3687 1052 3833 1106 mihi
3856 1069 3990 1123 pro-

2339 1141 2457 1197 dest
2484 1143 2534 1196 si
2561 1141 2765 1196 mortui
2792 1156 2901 1196 non
2947 1145 3237 1211 resurgent
3279 1139 3323 1210 (Ι
3371 1141 3496 1194 Cor.
3545 1156 3634 1206 xv,
3685 1140 3825 1211 32)?
3854 1141 3988 1205 Qua

2340 1235 2479 1286 sunt
2510 1231 2631 1285 istaa
2666 1229 2860 1285 bestiae
2885 1229 2913 1283 ‘l
2941 1229 3159 1301 Nempe
3186 1227 3295 1282 illa:
3326 1229 3396 1283 de
3427 1227 3641 1300 quibus
3673 1228 3991 1288 Psalmista

2339 1323 2608 1391 precatur
2646 1319 2886 1374 dicens:
2947 1320 3023 1374 Ne
3074 1318 3260 1372 tradas
3319 1317 3506 1373 bestiis
3547 1320 3794 1374 animam
3821 1319 3988 1390 conﬁ-

2335 1413 2536 1464 tentem
2566 1409 2671 1464 tibi
2699 1408 2867 1480 (Psal.
2930 1425 3122 1477 Lxxm,
3176 1407 3298 1480 19);
3360 1412 3417 1463 et
3449 1407 3506 1462 in
3564 1407 3675 1463 alio
3707 1407 3866 1464 loco:
3902 1412 3990 1465 ln-

2337 1512 2496 1568 crepa
2542 1499 2702 1568 feras
2756 1497 2956 1551 calami
3013 1496 3172 1568 (Psal
3217 1513 3386 1563 van,
3443 1496 3556 1566 21).
3605 1497 3987 1556 Adversarius

2339 1585 2494 1639 enim
2526 1590 2726 1640 noster
2758 1584 3046 1655 diabolus,
3079 1589 3362 1656 tanquam
3395 1585 3481 1641 leo
3513 1586 3752 1659 rugiens
3782 1588 3990 1643 circuit

2337 1675 2387 1742 (ι
2412 1675 2564 1729 Petr.
2599 1691 2650 1742 ν,
2681 1675 2757 1745 8).
2807 1675 2913 1738 Qui
2963 1690 3096 1729 eum
3156 1679 3416 1729 cerneret
3465 1675 3790 1747 principem
3839 1677 3987 1732 Asia

2339 1762 2631 1818 civitatem
2677 1763 2746 1817 ad
2807 1762 3132 1817 doctrinam
3193 1762 3356 1818 Pauli
3405 1764 3476 1818 de
3535 1763 3806 1821 faucibus
3863 1765 3989 1822 suis

2338 1851 2503 1924 eripi,
2537 1851 2674 1906 totis
2705 1850 3023 1906 satellitum
3050 1868 3290 1907 suorum
3314 1852 3652 1923 agminibus
3678 1870 3990 1926 congrege-

2337 1941 2435 2008 tis,
2470 1957 2603 1996 eum
2635 1940 2965 2012 opprimere
3017 1940 3310 1996 nitebatur
3338 1941 3474 2011 (Act.
3514 1959 3668 2012 χχιιι,
3697 1943 3767 1998 24
3794 1946 3990 2016 seqq.),‘

2337 2034 2393 2084 et
2424 2029 2685 2102 improbe
2716 2046 2777 2084 se
2807 2027 3108 2097 extollens,
3156 2029 3388 2085 volebat
3435 2031 3602 2102 quasi
3653 2032 3851 2103 aquila
3881 2050 3985 2105 po-

2337 2135 2473 2174 nere
2503 2135 2680 2191 super
2709 2117 2875 2173 illum
2908 2118 3111 2173 nidum
3153 2136 3326 2174 suum
3374 2120 3499 2191 (lsa.
3532 2137 3645 2191 xxv,
3680 2121 3786 2193 14).
3821 2123 3982 2186 Quod

2338 2207 2651 2280 Apostolus
2698 2208 2975 2272 sentiens,
3027 2211 3083 2262 et
3113 2208 3272 2264 omni
3319 2210 3586 2265 custodia
3617 2227 3856 2267 servans
3887 2229 3986 2268 cor

2336 2313 2511 2352 suum
2536 2296 2772 2368 (quippe
2794 2296 2892 2366 qui
2925 2297 3053 2366 ejus
3074 2313 3188 2352 non
3221 2297 3516 2370 ignoraret
3537 2299 3826 2371 astutias),
3853 2307 3986 2373 post

2335 2385 2634 2440 victoriam
2671 2385 2932 2457 quidem,
2972 2386 3071 2441 sed
3105 2403 3218 2441 non
3270 2387 3633 2443 incruentam
3679 2389 3980 2445 victoriam

2336 2474 2718 2546 loquebatur:
2753 2477 2873 2529 Non
2923 2477 3070 2530 enim
3101 2476 3348 2531 volumus
3405 2493 3497 2532 vos
3546 2479 3830 2547 ignorare,
3863 2483 3983 2551 [ra-

2337 2569 2464 2633 tres,
2506 2563 2572 2617 de
2621 2563 2976 2618 tribulatione
3025 2569 3210 2620 nostra
3257 2580 3382 2636 quae
3421 2567 3570 2636 facta
3616 2577 3698 2622 est
3737 2568 3890 2624 nobis
3921 2571 3986 2625 in

2335 2654 2504 2708 Asia:
2542 2655 2800 2724 quoniam
2849 2669 3013 2722 supra
3042 2654 3262 2708 modum
3314 2657 3529 2725 gravati
3568 2672 3777 2722 sumus,
3816 2673 3984 2730 supra

2335 2743 2609 2807 virtutem,
2644 2743 2721 2796 ita
2778 2749 2838 2796 ut
2884 2741 3100 2797 arderet
3155 2759 3253 2798 nos
3298 2745 3464 2798 etiam
3511 2747 3687 2801 vivere
3742 2747 3817 2813 (II
3860 2746 3981 2802 Cor.

2339 2849 2376 2896 ι,
2409 2832 2484 2900 8).
2520 2830 2682 2894 Quod
2713 2835 2907 2884 autem
2943 2847 3043 2902 per
3071 2832 3388 2903 Tychicum
3423 2833 3678 2905 Epistola
3707 2836 3981 2904 mittitur,

2335 2919 2501 2974 valde
2575 2921 2838 2990 ejusdem
2917 2920 3184 2991 Epistola:
3257 2922 3527 2994 congruit
3599 2925 3983 2982 sacramentis

2334 3009 2553 3081 (Ephes.
2584 3025 2662 3079 vx,
2695 3009 2805 3079 21).
2840 3009 2918 3064 De
2962 3009 3176 3080 quibus
3209 3015 3265 3064 et
3311 3011 3448 3065 noni
3489 3013 3699 3083 psalmi
3733 3013 3892 3083 (vers.
3929 3016 3982 3087 1)

2335 3096 2544 3152 titulus
2573 3102 2948 3168 praenotatur,
2976 3114 3074 3168 pro
3121 3101 3339 3154 arcanis
3363 3099 3497 3168 ﬁlii,
3536 3100 3790 3173 Tychicus
3819 3105 3977 3158 enim

2333 3187 2505 3242 silens
2535 3187 2555 3220 ³
2596 3186 3045 3258 interpretatur:
3108 3205 3222 3242 non
3279 3189 3591 3260 projiciens
3634 3190 3980 3263 margaritas

2336 3281 2470 3331 ante
2502 3291 2727 3346 porcos,
2788 3292 2890 3329 nec
2950 3276 3097 3332 dans
3154 3282 3423 3332 sanctum
3483 3279 3726 3335 canibus
3774 3281 3983 3349 (Matth.

579 3383 694 3440 que
720 3367 896 3422 audet
940 3364 1168 3420 dicere:
1219 3361 1572 3418 Amandatis
1627 3364 1735 3417 tuis
1792 3363 2064 3430 intellexi,
2096 3379 2225 3434 pro-
2259 3350 2300 3416 C
2340 3383 2437 3435 vn,
2497 3367 2587 3437 6):
2649 3370 2704 3420 et
2779 3365 2955 3420 libere
3014 3366 3084 3420 ad
3143 3365 3325 3421 Deum
3377 3367 3640 3438 loquens.
3711 3369 3772 3424 In
3829 3371 3987 3426 corde

575 3460 762 3527 pterea
799 3454 869 3511 ad
896 3456 1084 3512 omnia
1111 3453 1375 3509 mandata
1395 3461 1491 3508 tua
1518 3452 1797 3523 dirigebar
1822 3453 2001 3524 (Psal.
2031 3469 2224 3520 cxvm,

580 3547 700 3614 104,
738 3546 881 3617 128),
914 3546 1024 3602 iste
1045 3543 1214 3616 quasi
1244 3547 1625 3598 aerameutum
1650 3559 1887 3611 sonans,
1915 3548 1971 3597 et
1999 3543 2228 3615 cymba-

577 3636 700 3692 lum
734 3635 994 3690 tinniens
1023 3634 1067 3705 (l
1102 3634 1232 3689 Cor.
1267 3649 1389 3699 xm,
1425 3632 1499 3703 1),
1532 3636 1588 3686 et
1637 3632 1994 3687 inl'atuatum
2028 3631 2132 3701 sal,
2166 3632 2224 3688 in

578 3731 832 3780 stercore
862 3721 1294 3778 conculcandus
1325 3724 1415 3775 est
1446 3721 1630 3791 (Marc.
1685 3737 1760 3787 ix,
1797 3720 1900 3787 l9;
1950 3723 2076 3776 Luc.
2111 3739 2224 3792 xxv,

578 3814 667 3877 34,
700 3811 811 3884 35).
844 3811 901 3866 Si
952 3815 1148 3866 autem
1199 3809 1370 3863 detur
1417 3808 1574 3879 Optio
1625 3807 1990 3880 singulorum
2037 3810 2225 3880 (sepo-

577 3902 690 3958 sito
715 3918 781 3956 eo
807 3899 907 3972 qui
939 3899 1114 3954 habet
1141 3897 1487 3969 sapientiam
1521 3901 1695 3968 atque
1725 3897 2068 3967 justitiam),
2101 3914 2224 3952 ma-

576 3991 665 4064 gis
696 4006 800 4062 ego
831 3987 1002 4044 velim
1049 3986 1434 4043 rusticitatem
1477 3987 1724 4055 justam,
1776 4002 1954 4057 quam
1995 3987 2226 4042 doctam

577 4079 887 4147 malitiam,
935 4077 1075 4150 quia
1112 4077 1171 4131 in
1230 4075 1410 4132 altero
1444 4074 1788 4131 635-636
1846 4074 1980 4130 licet
2012 4076 2222 4145 minor,

573 4173 769 4224 tamen
800 4167 986 4240 gloria
1027 4171 1136 4232 est,
1187 4164 1489 4222 stellarum
1541 4181 1667 4220 esse
1717 4163 1928 4219 lumini
1961 4182 2225 4237 coaequa-

575 4258 728 4314 lem:
761 4259 819 4312 in
865 4256 1044 4313 altero
1086 4256 1256 4328 juxta
1305 4254 1558 4310 scientiae
1605 4255 1950 4325 profectum,
2005 4256 2227 4325 majora

573 4347 864 4421 supplicia
919 4350 1078 4402 sunt.
1108 4347 1353 4400 Potentes
1391 4345 1679 4415 patientur
1733 4348 2013 4396 tormenta
2071 4344 2221 4414 (Sap.

573 4454 649 4504 v1,
678 4437 775 4509 7);
836 4441 927 4491 et:
987 4435 1182 4489 Servus
1242 4434 1336 4505 qui
1388 4432 1575 4487 scierit
1629 4432 1967 4487 voluntatem
2013 4431 2228 4487 domini

572 4526 683 4593 sui,
719 4529 769 4580 et
798 4540 910 4581 non
939 4525 1132 4594 fecerit
1159 4539 1307 4588 eam,
1365 4520 1649 4592 vapulabit
1693 4522 1888 4575 multis
1937 4521 2086 4592 (Luc.
2119 4538 2222 4588 xu,

575 4613 687 4681 47).
722 4612 850 4667 Haec
906 4611 1142 4677 idcirco,
1180 4615 1246 4664 ut
1299 4609 1566 4665 docerem
1623 4624 1802 4681 quare
1862 4609 2118 4664 animam
2169 4615 2225 4664 et

647 4738 662 4772 ¹
714 4736 1062 4807 Hujusmodi
1119 4733 1827 4807 etymolgiasnominum
1889 4739 2220 4790 Graecorum
2255 4721 2297 4786 D

576 4806 881 4864 mutuatus
911 4812 1000 4862 est
1025 4806 1412 4878 Hieronymus
1445 4806 1517 4861 ab
1541 4806 1824 4878 (Origene.
1859 4808 1956 4878 qui
1993 4809 2222 4862 Lexicon

575 4881 969 4936 Ilebraicorum
1041 4877 1331 4934 Nominum
1410 4877 1681 4932 condidit”
1721 4894 1750 4932 e
1816 4877 1968 4934 Nevo
2021 4879 2219 4934 Testa-

575 4956 791 5020 mento,
818 4951 1036 5022 quique
1067 4949 1208 5005 satis
1230 4949 1482 5022 absurde
1507 4949 1698 5022 Graeca
1727 4954 1784 5022 et
1817 4950 2221 5022 Latinaquasi

573 5019 783 5080 essent
803 5019 1040 5078 Hebraea
1087 5021 1452 5092 interpretari
1485 5019 1682 5092 voluit.
1697 5091 1709 5092 ψ
1729 5020 1975 5075 Consule
2005 5019 2220 5076 librum

571 5097 920 5152 Hebraeorum
977 5091 1270 5149 Nominum
1332 5097 1491 5146 tomo
1547 5091 1642 5146 lll.
1693 5091 1878 5146 MART.
1921 5125 1988 5132 —
2035 5098 2094 5146 ιιι
2155 5110 2220 5148 eo

571 5168 791 5223 scilicet
821 5166 1137 5222 Nominum
1195 5164 1362 5235 libro,
1410 5163 1509 5235 qui
1569 5163 1738 5235 vulgo
1798 5164 2118 5235 obtinebat,
2165 5170 2222 5220 et

573 5240 773 5295 Latine
803 5240 875 5294 ab
907 5239 1034 5310 ipso
1078 5234 1415 5310 explicatus
1449 5234 1795 5310 Hieronymo
1844 5240 1949 5310 est.
1990 5234 2103 5310 Nec
2134 5239 2218 5291 ta-

573 5329 727 5382 men,
763 5315 828 5366 ut
875 5305 1026 5382 saipe
1075 5305 1351 5382 diximus,
1403 5305 1537 5382 hinc
1588 5305 1738 5361 recte
1787 5306 1919 5376 quis
1963 5307 2218 5382 colligat,

574 5400 672 5455 eas
694 5377 930 5455 i'psimet
953 5377 1178 5455 probari
1214 5377 1611 5455 etymologiae.
1631 5394 1878 5448 quarum
1898 5378 2219 5455 etponnul-

571 5453 660 5509 las
689 5449 1223 5526 expresserespuit.
1252 5449 1308 5505 id
1334 5465 1520 5520 genus
1543 5449 1660 5526 haec
1681 5455 1791 5526 est,
1814 5466 1928 5519 qua
1959 5450 2216 5520 Ephesus,

570 5523 839 5595 voluntas,
881 5525 1001 5580 sive
1025 5523 1544 5595 cansiliumqmeum
1583 5523 1645 5595 in
1687 5537 1747 5595 ea
1781 5523 2214 5595 interpretatur.

570 5591 842 5669 Notatum
877 5597 1090 5669 quippe
1134 5600 1222 5651 est
1251 5593 1530 5669 nobis_ad
1575 5591 1886 5669 laudatum
1921 5593 2217 5648 Nemi-num

570 5665 809 5736 librum,
844 5662 910 5722 ex
941 5662 1135 5723 G'raico
1164 5664 1531 5722 commodius
1558 5663 1804 5736 derivari
1839 5662 1988 5736 hanc
2018 5681 2215 5720 vocem

571 5753 764 5811 posse,
799 5754 863 5793 ac
893 5739 1099 5807 videri,
1148 5745 1214 5794 ut
1243 5736 1574 5811 Heraclides
1627 5735 1828 5811 tradit.
1861 5735 1944 5790 sic
1975 5736 2212 5811 dictam,

570 5805 726 5894 quod
753 5805 888 5869 eam
919 5805 1136 5870 terram
1179 5808 1574 5873 Amazonibus
1626 5805 1900 5870 Hercules
1929 5808 2214 5881 permise-

2335 3469 2451 3509 meo
2482 3453 2739 3509 abscondi
2765 3455 2980 3525 eloquia
3028 3458 3143 3520 tua,
3177 3462 3236 3509 ut
3275 3470 3384 3510 non
3429 3471 3638 3527 peccem
3671 3457 3778 3512 tibi
3805 3458 3984 3528 (Psal.

2337 3544 2668 3612 cxvn1,11)

2411 3633 2552 3688 Vers
2581 3633 2694 3702 31.)
2727 3656 2754 3683 «
2805 3632 3008 3687 Omnis
3058 3632 3408 3704 amaritudo,
3456 3637 3513 3689 et
3564 3634 3745 3702 furor,
3791 3639 3847 3692 et
3879 3637 3988 3708 ira,

2336 3726 2392 3776 et
2422 3721 2663 3785 clamor,
2723 3725 2778 3774 et
2808 3718 3179 3792 blasphemia
3236 3721 3534 3777 auferatur
3589 3741 3622 3778 a
3661 3725 3827 3780 vobis
3856 3741 3990 3781 cum

2337 3809 2495 3864 omni
2531 3807 2774 3863 malitia.
2804 3830 2829 3856 »
2857 3809 3199 3864 Amaritudo
3222 3811 3515 3866 contraria
3539 3815 3627 3867 est
3649 3812 3984 3869 dulcedini:

2337 3897 2492 3952 unde
2522 3895 2706 3952 amari
2744 3895 2914 3968 vulgo
2965 3897 3352 3968 appellantur,
3405 3905 3462 3954 et
3504 3899 3725 3956 dulces.
3760 3901 3838 3957 De
3869 3920 3987 3974 qua

2337 3992 2393 4040 et
2419 3984 2700 4041 Jeremias
2730 3985 3010 4057 loquitur,
3050 3987 3249 4042 dicens
3275 4004 3286 4041 :
3320 3990 3383 4042 Et
3434 3989 3744 4044 amaritudo
3774 3999 3867 4046 tua
3897 4007 3984 4046 as-

2333 4075 2514 4130 cendit
2543 4090 2706 4146 super
2759 4091 2845 4130 me
2901 4076 3117 4145 (Jerem,
3149 4093 3240 4140 xv,
3290 4077 3403 4148 17).
3469 4077 3648 4134 Furor
3677 4095 3807 4134 vero
3838 4079 3983 4135 inci-

2337 4165 2502 4237 piens
2533 4165 2620 4219 ira
2671 4169 2778 4232 est,
2830 4170 2886 4218 et
2935 4165 3258 4221 fervescens
3287 4165 3346 4220 in
3397 4167 3590 4221 animo
3635 4167 3984 4241 indignatio.

2337 4255 2428 4309 lra
2461 4259 2652 4308 autem
2685 4259 2774 4310 est
2831 4254 3025 4325 (cujus
3083 4254 3409 4310 amaritudo
3457 4259 3513 4310 et
3562 4256 3724 4312 furor
3763 4258 3989 4330 species

2337 4345 2494 4413 sunt)
2527 4360 2654 4414 quis
2687 4342 2882 4398 furore
2931 4342 3204 4398 restincto
3251 4344 3545 4399 desiderat
3596 4345 3906 4414 ultionem,
3932 4351 3991 4402 et

2334 4447 2468 4486 eum
2503 4448 2679 4502 quem
2715 4431 2987 4486 nocuisse
3037 4436 3220 4503 putat,
3264 4431 3388 4487 vult
3434 4431 3658 4489 lazdere.
3693 4435 3824 4500 Quae
3856 4434 3988 4506 qui-

2337 4521 2470 4576 dem
2504 4519 2634 4576 licet
2666 4519 2725 4575 in
2760 4526 2870 4577 Deo
2919 4537 3070 4593 saepe
3115 4521 3403 4590 dicantur,
3438 4523 3759 4578 secundum
3803 4521 3943 4578 illud
3973 4541 3987 4579 :

2332 4611 2576 4677 Domine,
2609 4626 2676 4665 ne
2708 4612 2769 4665 in
2804 4611 2998 4680 furore
3054 4595 3143 4665 tu'o
3202 4628 3406 4681 arguas
3461 4628 3565 4683 me,
3609 4627 3782 4682 neque
3811 4613 3869 4666 in
3901 4614 3991 4668 ira

2331 4736 2441 4791 rit:
2504 4735 2686 4807 Ἐφειν
2747 4736 2961 4804 Graece,
3032 4736 3448 4807 permissionem
3516 4753 3725 4794 sonare
3781 4753 3988 4795 omnes

2333 4808 2546 4882 sciunt.
2582 4807 2899 4882 Pausanias
2948 4808 3053 4882 lib.
3085 4809 3294 4882 v11._ab
3335 4807 3591 4882 Epheso,
3639 4825 3814 4880 quem
3844 4810 3988 4882 Cay-

2331 4879 2436 4935 stri
2471 4878 2730 4932 fluminis
2757 4878 2942 4933 lilium
2977 4879 3156 4934 fuisse
3189 4878 3546 4949 fabulantur,
3579 4878 3792 4936 nomen
3824 4878 3984 4937 acce-

2333 4951 2510 5024 pisse,
2540 4955 2744 5004 auctor
2772 4957 2879 5004 est.

2403 5021 2424 5055 ³
2455 5021 2708 5076 Rursum
2743 5038 2811 5076 ex
2840 5039 2906 5077 eo
2980 5021 3080 5092 qui
3112 5021 3282 5094 vulgo
3336 5021 3653 5094 obtinebat.
3686 5024 3984 5080 Nominum

2332 5092 2498 5162 libro,
2534 5094 2630 5147 ubi
2663 5093 2918 5166 Τυχικὸς,
2964 5096 3153 5166 σιγῶν,
3189 5092 3341 5166 quod
3393 5099 3450 5150 et
3480 5093 3604 5165 ipse
3635 5095 3980 5167 interpreta-

2331 5170 2426 5237 tus
2475 5171 2557 5219 est
2590 5172 2644 5219 S.
2681 5168 2868 5235 Pater,
2921 5168 3203 5237 Tychicus,
3242 5175 3441 5221 tacens.
3475 5172 3756 5221 Caeterum
3790 5180 3983 5234 nemo,

2331 5236 2554 5307 opinor,
2589 5237 2850 5291 Graecum
2881 5236 3008 5300 hoc,
3042 5254 3155 5291 non
3192 5236 3549 5292 'Hebraicum
3585 5255 3714 5294 esse
3745 5253 3982 5304 nomen,

2328 5315 2384 5362 et
2415 5325 2621 5363 sonare
2653 5309 2709 5361 in
2767 5308 2987 5374 Latino,
3033 5312 3396 5378 fortuna-tum,
3447 5310 3700 5379 ignorat.
3744 5310 3984 5364 Frustra

2329 5380 2470 5434 adeo
2502 5387 2586 5434 est
2647 5379 2958 5444 Victorius,
3020 5380 3120 5449 qui
3179 5381 3340 5435 illam
3397 5397 3462 5435 ex
3511 5381 3789 5437 Hebraico
3818 5385 3981 5434 ratus

2328 5451 2562 5526 ipsimet
2591 5451 2937 5526 Hieronymo
2970 5452 3198 5526 probari
3229 5451 3665 5526 etymologiam,
3695 5470 3762 5526 ex
3793 5469 3857 5508 eo
3889 5467 3984 5526 co-

2330 5521 2500 5577 natur
2531 5521 2822 5596 derjyare,
2846 5523 2999 5596 quod
3033 5529 3120 5577 est
3153 5521 3428 5579 Hebraice
3450 5521 3625 5585 nﬁu’:
3660 5521 3975 5596 quiapsal.

2326 5611 2376 5662 1.,
2410 5603 2584 5660 nino,
2617 5589 2818 5661 ᾅδπλα,
2853 5589 2970 5647 sive
3005 5596 3252 5649 incerta:
3286 5601 3343 5650 et
3371 5596 3480 5652 Job
3497 5589 3744 5662 ,XXXV’llI,
3773 5589 3980 5651 viscera

2325 5666 2636 5735 signiticet,
2670 5673 2845 5738 atque
2877 5664 2932 5719 in
2968 5665 3117 5720 hanc
3167 5668 3352 5722 facere
3403 5669 3776 5735 sententiam,
3819 5665 3974 5738 quod

2324 5749 2420 5813 me
2452 5739 2648 5813 crustis
2675 5736 2946 5813 obducere
2985 5743 3146 5813 notet
3196 5739 3424 5813 Levitic.
3470 5757 3581 5813 xxv,
3632 5744 3689 5797 et
3721 5740 3742 5797 Ι
3774 5736 3960 5795 Paral.

2321 5808 2414 5878 29,
2445 5809 2601 5884 quod
2629 5814 2719 5868 est
2748 5808 3061 5870 Ezechielis
3092 5826 3214 5885 xm,
3247 5811 3431 5870 linire.
