4332 6616
333 452 452 512 549

1003 447 1498 511 COMMENTAR
1540 448 1619 510 IN
1665 446 1913 509 EPIST.
1959 447 2062 508 AD
2105 445 2382 510 EPHES.
2431 450 2578 511 LIB.
2625 447 2731 522 III,
2778 452 2954 513 CAP.
2998 447 3100 514 ιν.

3623 456 3744 520 550

328 586 428 639 tua
455 583 722 656 corripias
750 597 834 639 me
881 582 1054 654 (Psal.
1084 598 1160 652 νι,
1195 583 1276 653 2),
1324 597 1441 637 non
1486 584 1625 636 sunt
1672 580 1976 653 perturba-
2006 580 2062 646 Α
2090 579 2469 652 intelligenda
2497 587 2604 650 est,
2638 601 2816 655 quam
2849 584 2963 641 alio
2987 585 3223 643 nomine
3250 571 3737 647 vitium-nomina-

331 675 524 730 tiones
552 673 731 729 animi
763 671 1165 743 computandae
1199 670 1349 725 sicut
1377 669 1438 724 in
1488 669 1696 726 nobis:
1750 669 1889 742 quia
1921 669 1978 724 in

332 761 436 820 illo
469 763 766 818 moderata
795 766 852 816 et
879 760 1146 816 ordinata
1176 762 1317 814 sunt
1335 758 1552 826 omnia,
1585 763 1642 815 et
1671 775 1843 831 poena
1863 775 1981 830 qua

335 856 665 925 peccatores
697 850 1089 922 corriguntur,
1115 848 1331 905 nostris
1355 848 1596 904 vocibus
1625 847 1976 920 appellatur.

335 939 450 997 Nos
476 956 608 995 vero
649 938 698 994 si
728 938 1059 1004 irascimur,
1093 938 1528 1010 perturbamur,
1561 941 1637 1003 et,
1664 939 1859 992 furore
1889 953 1979 991 ra-

335 1030 440 1103 pti,
473 1028 657 1085 nostri
712 1045 840 1085 esse
869 1027 1217 1084 desinimus.
1270 1025 1432 1081 Unde
1490 1043 1523 1080 a
1571 1026 1739 1080 nobis
1789 1025 1980 1080 omnis

335 1118 687 1186 amaritudo,
708 1123 767 1174 et
787 1118 966 1186 furor,
1002 1121 1060 1172 et
1090 1118 1177 1171 ira
1208 1115 1442 1186 penitus
1474 1114 1791 1170 auferenda
1820 1118 1978 1169 sunt.

333 1207 477 1263 Nam
511 1208 581 1263 ad
615 1206 763 1263 illud
793 1204 1127 1278 Evangelii:
1163 1205 1480 1276 Quicunque
1526 1205 1790 1259 irascitur
1812 1204 1984 1274 fratri

333 1313 428 1354 suo
456 1299 576 1353 sine
606 1296 791 1363 causa,
825 1310 950 1350 reus
979 1295 1090 1349 erit
1121 1293 1334 1366 judicio
1381 1293 1589 1363 (Matth.
1635 1311 1688 1349 v.
1728 1293 1836 1364 12),
1870 1293 1985 1346 fru-

335 1390 456 1442 stra
485 1391 576 1443 est
601 1384 890 1450 additum,
915 1385 1037 1440 sine
1065 1400 1232 1438 causa
1257 1385 1295 1450 ί,
1339 1381 1477 1454 quia
1506 1398 1610 1437 nec
1641 1398 1774 1437 cum
1807 1397 1986 1437 causa

335 1475 506 1531 nobis
544 1473 718 1530 irasci
765 1473 1123 1540 conceditur,
1182 1470 1659 1527 manifestissime
1706 1471 1984 1541 Apostolo

337 1580 494 1620 nunc
523 1563 788 1622 dicente:
823 1560 1160 1632 Amaritudo,
1208 1567 1258 1616 et
1310 1561 1476 1632 furor
1504 1564 1557 1616 et
1614 1560 1702 1614 ira
1750 1560 1986 1617 tollatur

335 1653 546 1709 avobis
576 1653 726 1708 637
773 1655 830 1707 et
880 1648 1176 1706 tricesimo
1233 1653 1394 1705 sexto
1452 1647 1680 1722 psalmo
1738 1650 1896 1722 (vers.
1929 1650 1983 1722 8)

337 1742 666 1797 universam
699 1738 1150 1794 commotionem
1199 1735 1378 1792 animi
1428 1735 1776 1809 generaliter
1825 1739 1984 1794 aufe-

336 1834 532 1886 rente:
570 1829 793 1898 Quiesce
821 1829 889 1883 ab
919 1829 1024 1895 ira,
1057 1830 1108 1883 et
1156 1826 1374 1882 dimitte
1413 1827 1679 1898 furorem.
1729 1827 1786 1882 Si
1827 1829 1984 1884 enim

335 1918 420 1975 ira
452 1918 744 1974 desiderat
773 1916 1077 1986 ultionem,
1121 1915 1312 1972 omnis
1341 1920 1536 1971 autem
1589 1915 1730 1972 ultio
1779 1933 1986 1989 repen-
2015 1954 2063 2018 Β

338 2009 471 2064 dere
493 2007 655 2079 cupit
684 2006 736 2062 ei
769 2005 991 2062 malum
1023 2021 1057 2060 a
1086 2021 1202 2077 quo
1232 2022 1293 2060 se
1315 2003 1512 2060 laesam
1537 2009 1726 2078 putat,
1750 2010 1805 2061 et
1825 2006 1984 2062 Chri-

337 2097 563 2152 stianus
595 2112 713 2152 non
743 2095 916 2150 debet
966 2093 1187 2149 malum
1218 2111 1322 2166 pro
1356 2093 1510 2150 malo
1554 2095 1830 2164 reddere;
1883 2097 1983 2153 sed

333 2184 566 2241 vincere
624 2185 683 2240 in
727 2185 878 2240 bono
927 2182 1149 2239 malum
1198 2183 1244 2255 (ι
1274 2168 1420 2240 Ρεὶν.
1457 2200 1539 2252 ιιι,
1572 2184 1646 2253 9;
1699 2185 1847 2240 Rom.
1879 2203 1982 2256 xu,

338 2274 586 2346 17);et:
649 2274 790 2333 Mihi
846 2272 1166 2340 vindictam,
1227 2277 1276 2327 et
1333 2288 1425 2343 ego
1464 2274 1788 2346 retribuam,
1845 2276 1985 2332 dicit

332 2363 596 2419 Dominus
654 2363 832 2435 (Deut.
867 2379 1043 2430 xxxn,
1076 2362 1184 2429 35;
1257 2363 1404 2417 Rom.
1445 2378 1546 2428 x11,
1608 2363 1732 2434 19):
1794 2365 1985 2421 omnis

336 2453 436 2525 qui
467 2451 761 2522 irascitur,
795 2456 1030 2524 peccat:
1075 2452 1165 2506 Ira
1195 2451 1396 2522 quippe
1425 2452 1536 2506 viri
1574 2453 1859 2521 justitiam
1890 2456 1988 2510 Dei

332 2557 444 2598 non
474 2545 738 2614 operatur
768 2541 911 2613 (Jac.
953 2558 989 2610 ι,
1032 2539 1144 2612 20).
1178 2539 1314 2596 Post
1360 2541 1836 2611 amaritudinem,
1890 2544 1986 2598 fu-

335 2647 528 2687 rorem
559 2635 616 2686 et
642 2629 814 2702 iram,
848 2633 1000 2686 recte
1021 2628 1240 2686 clamor
1271 2645 1503 2702 quoque
1534 2634 1590 2685 et
1620 2630 1987 2704 blaSphemia

335 2719 724 2792 prohibentur
752 2718 812 2774 in
842 2718 1012 2774 nobis
1037 2735 1049 2786 ;
1085 2717 1224 2789 quia
1253 2718 1352 2790 qui
1386 2717 1569 2774 semel
1591 2718 1765 2774 fuerit
1795 2721 1986 2777 furore

337 2813 673 2882 superatus,
707 2823 945 2864 necesse
975 2811 1064 2863 est
1094 2811 1158 2862 ut
1187 2807 1534 2878 prosiliatin
1569 2807 1907 2881 clamorem,
1930 2815 1986 2866 et

335 2896 568 2954 turbide
599 2897 875 2967 fremens,
919 2894 1032 2951 huc
1063 2899 1238 2967 atque
1286 2895 1424 2951 illuc
1476 2899 1535 2952 in
1583 2898 1823 2953 modum
1866 2899 1985 2955 folii

335 2985 670 3057 ventiletur,
703 2988 760 3040 et
789 2983 983 3040 dicat:
1017 2983 1060 3038 Ο
1092 3001 1288 3040 rerum
1323 2984 1604 3056 iniquitas
1635 2985 1647 3039 l
1701 3003 1733 3042 ο
1764 2987 1987 3058 injuste

328 3073 554 3146 judicia
580 3074 713 3130 Deil
749 3078 806 3130 et
835 3078 1042 3130 caetera
1088 3089 1215 3145 quas
1265 3073 1455 3130 solent
1499 3073 1834 3149 loqui,'qui
1884 3095 1987 3150 per

335 3163 758 3236 indignationis
777 3163 1030 3219 furorem
1050 3162 1561 3233 mentisjudicium
1585 3167 1982 3238 perdiderunt.

336 3252 510 3309 Porro
541 3249 908 3325 blasphemia
938 3267 1053 3308 non
1085 3250 1278 3307 solum
1309 3256 1511 3325 aperta
1542 3259 1650 3321 est,
1695 3259 1752 3310 et
1781 3256 1851 3311 de
1899 3255 1982 3312 ira

336 3341 598 3397 nascitur
621 3359 644 3419 εκ
670 3319 770 3396 sed
804 3344 860 3423 et
888 3341 1110 3411 absque
1141 3341 1248 3410 ira,
1283 3319 1487 3397 sedata
1517 3319 1730 3408 monte,
1765 3345 1984 3417 profer-
2015 3319 2058 3386 C

335 3435 437 3486 tur
461 3446 474 3495 ;
508 3429 558 3486 si
590 3435 691 3486 aut
719 3430 791 3485 de
823 3429 1028 3484 mundi
1051 3429 1225 3486 istius
1247 3429 1541 3502 quispiam
1565 3433 1988 3505 gubernatione

338 3523 633 3586 causetur,
668 3523 725 3574 et
755 3518 945 3574 dicat:
983 3518 1127 3574 Illud
1160 3518 1244 3574 sic
1271 3535 1400 3574 esse
1443 3537 1558 3574 non
1604 3522 1826 3588 debuit,
1879 3523 1988 3579 hoc

335 3625 471 3666 vero
498 3624 627 3666 esse
653 3607 735 3664 sic
765 3607 1002 3663 debuit:
1029 3610 1132 3663 aut
1161 3611 1314 3664 certe
1362 3608 1420 3662 in
1474 3609 1733 3666 Ecclesia
1778 3613 1988 3668 consti-

339 3701 528 3764 tutus,
561 3702 618 3754 et
641 3697 882 3753 credens
913 3695 972 3752 in
1004 3696 1211 3764 Deum,
1246 3695 1480 3754 labatur
1507 3697 1567 3754 in
1615 3699 1988 3772 dogmatibus

342 3805 470 3860 qua:
499 3789 767 3860 ignorare
799 3802 914 3842 non
947 3785 1172 3841 licitum
1205 3791 1328 3842 est:
1377 3786 1546 3843 aliter
1591 3789 1662 3844 de
1713 3795 1900 3860 Patre,
1935 3795 1991 3847 et

339 3877 508 3947 Filio,
541 3881 596 3932 et
625 3875 844 3948 Spiritu
876 3880 1078 3932 sancto
1109 3876 1388 3946 sentiens,
1433 3894 1611 3950 quam
1662 3880 1745 3934 rei
1802 3881 1989 3952 ipsius

337 3967 550 4022 veritas
593 3965 806 4033 habet;
841 3982 956 4020 non
1013 3965 1094 4021 ita
1151 3966 1392 4022 credens
1450 3967 1509 4022 in
1567 3970 1990 4027 resurrectione

339 4061 727 4123 mortuorum,
761 4060 826 4109 ut
854 4055 1165 4126 Scriptura:
1204 4055 1449 4125 docent;
1482 4056 1569 4113 vel
1603 4065 1756 4114 certe
1789 4059 1988 4115 alienae

338 4144 607 4200 invidens
639 4143 957 4216 sapientiai,
982 4160 1116 4200 cum
1138 4143 1289 4200 male
1311 4145 1526 4202 sentire
1549 4153 1986 4220 commemoret,

342 4233 443 4305 qui
476 4233 766 4289 catholicae
799 4232 934 4288 fidei
964 4236 1072 4301 est,
1124 4237 1180 4288 et
1229 4251 1465 4290 rursum
1517 4234 1852 4294 haereticum
1885 4256 1987 4312 pro

343 4320 682 4380 adulatione
713 4339 829 4394 qua
876 4321 989 4377 sibi
1038 4322 1403 4393 obsequitur,
1456 4325 1810 4382 catholicum
1860 4344 1989 4384 esse

342 4415 678 4467 contestans
707 4427 722 4468 :
751 4410 853 4483 qui
884 4409 1028 4465 dicit
1057 4409 1224 4466 dulce
1273 4427 1562 4484 amarum,
1611 4418 1669 4470 et
1720 4432 1987 4473 amarum

337 4499 514 4557 dulce
544 4501 672 4573 (Isa.
705 4518 760 4570 v,
791 4501 904 4572 20).
938 4498 1100 4555 Unde
1130 4499 1289 4555 omni
1312 4501 1508 4556 studio
1539 4500 1792 4576 legendae
1820 4506 1988 4562 nobis

339 4589 656 4663 Scriptura:
678 4594 837 4661 sunt,
870 4594 927 4646 et
957 4589 1014 4644 in
1047 4588 1173 4662 lege
1203 4590 1436 4646 Domini
1467 4591 1871 4649 meditandum
1895 4595 1987 4651 die

2091 685 2224 725 mus
2252 687 2264 724 :
2297 670 2384 726 vel
2415 672 2754 743 malignitas,
2789 678 2846 729 et
2871 676 3142 745 nequitia,
3177 693 3304 747 quae
3353 677 3412 731 in
3461 679 3737 751 tergiver-

2091 759 2314 814 satione
2344 765 2401 815 et
2433 760 2748 817 calliditate
2779 763 3048 818 sentitur.

2162 847 2346 918 (Vers.
2381 849 2494 920 3'2.)
2533 869 2555 898 ι
2587 851 2784 906 Estote
2815 856 3009 906 autem
3057 851 3304 909 invicem
3338 855 3596 928 benigni,
3629 857 3739 911 mi-

2093 937 2451 994 sericordes:
2488 939 2773 995 donantes
2804 941 3265 1012 vobismetipsis,
3301 943 3452 998 sicut
3499 950 3556 1000 et
3587 945 3741 1004 Deus

2092 1025 2150 1080 in
2209 1025 2439 1081 Christo
2496 1028 2731 1083 donavit
2786 1029 2970 1084 vobis.
3013 1051 3042 1079 »
3101 1031 3288 1101 Supra
3361 1033 3742 1090 amaritudini

2093 1115 2444 1170 contrariam
2504 1116 2872 1173 dulcedinem
2932 1118 3289 1190 dixeramus,
3351 1138 3530 1192 quam
3589 1141 3744 1180 nunc

2093 1203 2412 1273 Apostolus
2440 1204 2553 1260 alio
2586 1208 2756 1261 verbo
2789 1206 3160 1281 χρηστότητα,
3189 1208 3247 1264 id
3280 1216 3370 1266 est
3397 1214 3742 1282 suavitatem,

2095 1292 2306 1364 magis,
2330 1293 2482 1348 638
2507 1311 2683 1366 quam
2709 1297 3094 1365 benignitatem
3116 1299 3340 1354 vocavit
3364 1317 3376 1365 ;
3403 1301 3746 1373 praecipiens

2093 1385 2178 1446 ut,
2212 1380 2371 1436 omni
2404 1383 2813 1450 amaritudine,
2856 1390 2912 1438 et
2961 1385 3174 1452 furore,
3226 1385 3331 1453 ira,
3382 1388 3658 1457 clamore,
3690 1396 3748 1448 et

2094 1468 2480 1540 blasphemia,
2507 1476 2562 1527 et
2595 1476 2754 1526 motu
2781 1473 3039 1543 turbido,
3074 1491 3207 1529 cum
3249 1477 3502 1547 quadam
3536 1479 3746 1536 frontis

2096 1556 2437 1614 austeritate
2466 1561 2782 1627 damnatis,
2817 1561 3130 1618 clementes
3157 1564 3370 1632 simus,
3413 1571 3470 1621 et
3501 1567 3741 1637 blandi:

2095 1651 2152 1702 et
2183 1647 2254 1701 ad
2285 1647 2738 1706 familiaritatem
2768 1654 3028 1706 nostram
3075 1651 3228 1708 ultro
3275 1653 3544 1710 homines
3596 1657 3749 1712 invi-'

2096 1739 2309 1808 temus,
2343 1742 2407 1792 ut
2437 1737 2638 1794 nullus
2669 1740 2738 1794 ad
2776 1756 2880 1794 nos
2928 1740 3201 1795 formidet
3255 1743 3564 1812 accedere;
3616 1762 3744 1816 quas

2096 1825 2466 1883 familiaritas
2500 1828 2751 1884 maxime
2782 1845 2850 1884 ex
2898 1829 3301 1886 misericordia
3348 1838 3743 1904 comparatur.

2095 1914 2208 1970 Nec
2240 1916 2436 1971 statim
2472 1922 2812 1989 praestantes
2861 1917 3011 1984 aliis,
3069 1917 3181 1990 ipsi
3243 1921 3396 1992 quod
3451 1923 3744 1990 dedimus,

2094 2003 2308 2060 habere
2339 2005 2716 2062 desistimus:
2753 2008 3021 2078 sequitur
3068 2009 3263 2065 enim:
3325 2011 3599 2068 Donantes
3653 2028 3745 2068 vo-

2097 2092 2422 2166 bismetipsis
2446 2114 2464 2150 :
2487 2096 2624 2167 quia
2654 2097 2804 2167 quod
2841 2098 2986 2153 bene
3016 2098 3074 2152 in
3105 2097 3286 2154 alium
3333 2101 3417 2170 ﬁt,
3472 2102 3662 2175 magis
3693 2102 3746 2159 ei

2096 2183 2399 2254 reponitur
2427 2184 2526 2256 qui
2561 2185 2848 2256 przestitit,
2881 2202 3058 2256 quam
3110 2187 3202 2241 cui
3253 2187 3456 2243 datum
3497 2195 3605 2245 est.
3638 2191 3748 2256 Qui

2096 2270 2409 2327 miseretur
2435 2274 2732 2346 pauperis,
2761 2273 2884 2346 ipse
2911 2275 3271 2331 saturabitur
3291 2277 3476 2349 (Prov.
3498 2295 3610 2347 xiv,
3631 2278 3745 2348 21),

2096 2364 2154 2415 et
2185 2360 2282 2431 qui
2315 2362 2414 2416 dat
2446 2361 2517 2429 ei,
2550 2362 2667 2418 Deo
2697 2364 2921 2419 fenerat
2949 2364 3131 2435 (Prov.
3163 2382 3278 2436 xxx,
3314 2367 3421 2437 17).
3463 2366 3564 2424 Vel
3596 2372 3748 2424 certe

2095 2449 2176 2504 ita
2207 2451 2631 2523 accipiendum,
2666 2455 2820 2524 quod
2866 2453 2924 2508 in
2957 2470 3022 2509 eo
3055 2455 3209 2526 quod
3260 2472 3467 2511 suaves
3517 2460 3576 2512 et
3632 2457 3748 2512 mi-

2096 2537 2416 2594 sericordes
2474 2557 2701 2605 sumus,
2761 2544 2818 2596 et
2873 2542 3417 2613 perturbationibus
3471 2560 3598 2614 quas
3638 2560 3745 2600 nos

2096 2627 2501 2698 inquietabant
2531 2628 2769 2696 relictis,
2813 2630 2884 2684 ad
2931 2631 3471 2696 mansuetudinem,
3526 2636 3743 2704 tempe-

2096 2715 2467 2788 rantiamque
2515 2717 2917 2788 transivimus,
2950 2718 3096 2789 ipsis
3130 2719 3298 2774 nobis
3346 2719 3548 2775 datum
3582 2720 3659 2776 sit
3688 2725 3746 2775 et

2096 2805 2401 2869 donatum,
2429 2806 2572 2862 dum
2603 2807 2673 2862 de
2704 2806 2877 2862 malis
2908 2807 2964 2861 in
2998 2807 3182 2863 bonos
3205 2808 3504 2879 vertimur,
3540 2815 3596 2864 ct
3625 2809 3747 2865 hac

2095 2894 2224 2966 ipsa
2253 2895 2543 2950 donamus
2579 2896 2768 2964 nobis,
2811 2913 2940 2968 qua:
2991 2897 3143 2952 Deus
3204 2897 3369 2953 Pater
3422 2898 3658 2953 donavit
3684 2898 3744 2954 in

2095 2982 2343 3039 Christo.
2375 2984 2431 3038 Si
2464 2984 2641 3052 enim,
2676 2984 2914 3041 omissis
2945 2985 3122 3056 vitiis,
3144 2986 3389 3042 virtutes
3413 2988 3740 3060 sequimur:

2095 3089 2299 3128 omnes
2331 3077 2526 3128 autem
2558 3074 2820 3142 virtutes,
2853 3073 3158 3145 sapientia,
3209 3075 3445 3147 veritas,
3486 3077 3744 3147 justitia,

2096 3161 2506 3230 mansuetudo,
2531 3167 2589 3217 et
2613 3167 2820 3218 caetera
2850 3163 2920 3218 ad
2952 3162 3254 3219 Christum
3273 3163 3568 3221 intellecta
3597 3167 3743 3223 refe-

2097 3257 2340 3305 runtur:
2374 3267 2509 3306 cum
2542 3250 2648 3307 has
2677 3252 2920 3308 virtutes
2950 3251 3350 3320 habuerimus,
3385 3253 3545 3325 ipsas
3577 3255 3745 3312 nobis

2097 3340 2270 3395 etiam
2305 3344 2504 3396 nostro
2534 3340 2730 3397 studio
2778 3357 3211 3413 comparamus,
3269 3346 3327 3398 et
3377 3342 3591 3399 habere
3638 3361 3744 3401 nos

2097 3429 2366 3496 facimus,
2390 3446 2537 3501 quas
2567 3433 2720 3486 Deus
2751 3429 2919 3486 nobis
2949 3430 3186 3486 donavit
3214 3430 3273 3485 in
3299 3429 3546 3486 Christo.
3579 3432 3744 3489 Alius

2095 3534 2228 3574 vero
2257 3518 2364 3574 hoc
2395 3519 2548 3590 quod
2582 3519 2682 3585 ait,
2713 3522 2974 3574 donantes
2998 3519 3415 3590 vobismetipsis,
3459 3518 3741 3591 simplici-

2096 3612 2185 3663 ter
2213 3607 2475 3680 accipiel,
2509 3612 2574 3662 ut
2602 3608 2893 3679 quomodo
2920 3624 3100 3680 supra
3129 3607 3381 3664 dicitur:
3413 3610 3592 3664 Estote
3632 3625 3742 3665 au-

2098 3707 2208 3753 tem
2235 3699 2470 3752 invicem
2497 3713 2710 3763 suaves,
2751 3697 2833 3752 sic
2884 3700 2940 3753 et
2984 3714 3139 3753 nunc
3188 3697 3438 3766 dicatur,
3484 3698 3746 3756 donantes

2097 3787 2510 3858 vobismetipsis,
2543 3804 2644 3860 pro
2676 3803 2742 3842 eo
2773 3787 2924 3858 quod
2957 3791 3064 3856 est,
3108 3788 3394 3843 donantes
3441 3787 3605 3844 vobis
3663 3789 3748 3845 in-

2096 3877 2278 3932 vicem
2306 3894 2320 3931 :
2357 3882 2420 3931 ut
2449 3877 2740 3948 quomodo
2770 3876 2925 3932 Deus
2966 3876 3134 3931 nobis
3165 3877 3223 3931 in
3273 3876 3499 3932 Christo
3548 3883 3749 3935 nostra

2099 3971 2336 4038 peccata
2366 3966 2622 4030 donavit,
2656 3965 2738 4021 sic
2769 3965 2944 4021 etiam
2977 3982 3083 4020 nos
3122 3965 3205 4021 eis
3255 3965 3357 4038 qui
3387 3965 3446 4021 in
3479 3983 3586 4023 nos
3615 3984 3745 4039 pec-

2099 4056 2372 4121 caverint,
2407 4055 2794 4110 dimittamus.
2829 4054 2896 4108 Et
2927 4055 2998 4109 ad
3047 4055 3414 4125 probandum
3464 4056 3619 4126 quod
3651 4056 3745 4110 di-

2098 4145 2301 4200 missio
2332 4149 2702 4216 peccatorum
2735 4143 2792 4196 in
2835 4141 3150 4213 Scripturis
3179 4142 3414 4198 donatio
3445 4159 3745 4216 nuncupe-

2096 4237 2212 4303 tur,
2246 4231 2386 4287 illud
2419 4237 2613 4287 sumet
2643 4230 2972 4303 exemplum
3005 4231 3157 4302 quod
3182 4230 3240 4284 in
3277 4237 3424 4286 Luca
3445 4231 3742 4302 scribitur,

2097 4322 2198 4377 ubi
2230 4321 2330 4376 uni
2364 4320 2633 4376 creditori
2679 4320 2830 4376 alius
2861 4320 3108 4376 debebat
3155 4320 3508 4392 quingentos
3565 4321 3743 4377 dena-

2098 4412 2236 4480 rios,
2272 4421 2328 4467 et
2352 4411 2502 4467 alius
2532 4410 2980 4483 quinquaginta,
3020 4426 3168 4481 quos
3213 4411 3479 4482 utrisque
3506 4426 3740 4468 conces-

2098 4501 2262 4567 serit,
2300 4506 2358 4557 et
2409 4501 2480 4556 ad
2541 4500 3056 4572 interrogationem
3118 4496 3435 4555 Salvatoris
3488 4497 3585 4556 ille
3642 4499 3745 4572 qui

2097 4587 2490 4662 interrogatus
2522 4589 2729 4657 fuerat,
2765 4587 3148 4660 responderit,
3183 4588 3460 4658 majorem
3495 4588 3745 4660 gratiam

339 4695 406 4736 ac
438 4683 605 4736 nocte
635 4679 805 4750 (Psat.
843 4697 881 4748 1,
912 4679 989 4749 2):
1024 4683 1089 4734 ut
1119 4679 1346 4752 probati
1375 4679 1686 4753 trapezitae,
1733 4683 1992 4740 sciamus
2023 4689 2066 4753 Ι)
2098 4678 2265 4735 illum
2297 4677 2511 4734 habere
2532 4679 2622 4733 cui
2646 4678 2780 4749 plus
2801 4679 3083 4733 donatum
3117 4677 3193 4732 sit
3223 4678 3377 4749 (Luc.
3411 4694 3511 4744 vn,
3537 4677 3743 4752 41-43).

342 4769 478 4841 quis
509 4784 790 4824 nummus
822 4769 1040 4841 probus
1072 4767 1166 4841 sit,
1193 4770 1326 4842 quis
1349 4770 1599 4828 adulter.
1623 4771 1794 4828 Porro
1827 4790 1986 4828 ama-

338 4856 683 4929 ritudinem,
719 4858 994 4928 furorem,
1026 4858 1197 4925 iram,
1232 4858 1566 4929 clamorem,
1611 4865 1784 4935 atque
1831 4861 1987 4919 blas-

337 4947 640 5020 phemiam
673 4947 755 5002 sic
786 4947 1063 5006 tollamus
1094 4966 1127 5005 a
1156 4949 1346 5017 nobis,
1381 4954 1446 5004 ut
1491 4966 1624 5006 cum
1657 4953 1814 5008 omni
1864 4970 1986 5008 ma-

339 5037 470 5093 litia
499 5036 858 5093 auferantur.
891 5037 1107 5110 Malitia
1131 5042 1327 5094 autem
1349 5037 1435 5093 vel
1469 5041 1759 5097 contraria
1789 5042 1989 5097 virtuti

415 5163 431 5195 ¹
467 5161 771 5236 Νοιιλοριιδ
801 5167 889 5221 est
919 5180 1230 5236 recoquere
1261 5179 1387 5236 quae
1439 5164 1509 5219 de
1560 5163 1736 5221 hocce
1767 5167 1991 5224 addita-

341 5238 538 5290 mento
564 5233 994 5310 disputavimus
1015 5233 1134 5310 tam
1159 5236 1217 5289 in
1250 5233 1419 5310 epist.
1448 5236 1514 5289 13
1534 5237 1602 5290 ad
1625 5237 1987 5310 Castormam,

341 5320 520 5377 quam
553 5307 726 5380 paulo
758 5309 1032 5380 superius
1062 5309 1118 5380 in
1150 5307 1402 5380 Mattbzei
1454 5313 1630 5380 caput
1656 5325 1710 5362 v.
1765 5307 1990 5367 Addere

340 5380 551 5452 tamen
570 5378 740 5435 liceat
771 5378 1043 5452 laudatis,
1084 5379 1162 5452 ibi
1220 5378 1615 5452 testimoniis,
1646 5380 1988 5452 Chrysosto-

341 5465 506 5504 mum
539 5448 697 5507 hom.
761 5451 846 5518 16,
877 5451 936 5505 ἱιι
993 5451 1355 5517 Matthaeum,
1389 5454 1445 5506 et
1481 5451 1537 5516 6,
1581 5448 1657 5506 de
1714 5448 1989 5509 laudibus

339 5518 524 5598 Pauli,
559 5526 860 5598 auctorem
892 5522 1082 5594 Operis
1130 5524 1445 5598 imperfecti
1482 5522 1639 5578 hom.
1672 5525 1708 5577 2
1738 5529 1795 5598 et
1847 5533 1990 5598 Apo-

340 5591 724 5665 phthegmata
754 5591 990 5666 Patrum
1022 5595 1177 5666 apud
1203 5591 1552 5650 Cotelerium
1574 5599 1715 5650 tom.
1741 5597 1785 5664 Ι,
1816 5591 1989 5653 alios-

339 5678 474 5748 que:
507 5667 824 5748 Cassianus
853 5665 957 5748 lib.
989 5665 1111 5748 γιιι,
1160 5682 1288 5748 cap.
1320 5667 1438 5748 20,"
1462 5666 1606 5748 satis
1664 5666 1992 5748 luculenter

338 5737 640 5797 contendit
667 5736 966 5814 superﬂuo
996 5735 1198 5794 haberi
1229 5735 1290 5794 in
1322 5737 1677 5812 quibusdam
1705 5741 1992 5817 exempla-

2099 4768 2322 4824 Dicitur
2376 4771 2433 4822 et
2489 4767 2548 4821 in
2609 4768 2867 4822 oratione
2910 4765 3252 4822 Dominica:
3312 4768 3538 4822 Dimitte
3591 4768 3748 4825 nobis

2097 4857 2278 4913 debita
2332 4859 2540 4923 nostra,
2598 4857 2740 4910 sicut
2795 4863 2847 4911 et
2894 4871 2993 4911 nos
3035 4853 3364 4912 dimittimus
3417 4854 3748 4912 debitoribus

2097 4948 2310 5002 nostris
2342 4945 2545 5017 (Matth.
2577 4961 2658 5012 Vl,
2695 4945 2801 5016 12).
2836 4949 2988 5000 Deus
3035 4950 3231 5000 autem
3283 4944 3453 5000 nobis
3511 4945 3747 5001 donavit

2098 5037 2156 5092 in
2190 5037 2444 5104 Christo,
2476 5053 2590 5091 non
2622 5040 2783 5090 extra
2813 5035 3059 5106 positus,
3093 5035 3192 5090 sed
3226 5034 3496 5090 habitans
3544 5035 3604 5090 in
3635 5050 3700 5090 eo
3727 5051 3742 5090 :

2099 5164 2262 5243 ribus
2291 5163 2576 5243 additum,
2608 5165 2942 5243 sinecausa,
2973 5161 3230 5243 vultque,
3290 5160 3417 5243 {ab
3463 5159 3558 5240 his
3584 5159 3742 5242 adje-

2099 5241 2280 5312 ctum,
2312 5235 2412 5307 qui
2443 5235 2850 5306 imputandam
2883 5235 3029 5312 iram
3065 5251 3166 5304 pro
3189 5235 3371 5312 justis
3401 5235 3741 5312 causis‘mif

2099 5307 2256 5384 nime
2298 5301 2664 5384 putaverunt,
2723 5323 2856 5362 cum
2919 5301 3120 5384 utique
3178 5301 3388 5384 nullus
3419 5301 3746 5384 quamlibet

2099 5375 2319 5451 absque
2351 5379 2572 5433 ratione
2603 5384 2957 5451 commotus,
2989 5375 3113 5432 sine
3143 5393 3304 5431 causa
3335 5375 3492 5451 dicat
3522 5389 3582 5428 se
3629 5375 3742 5451 ira-

2099 5451 2200 5507 sci.
2229 5446 2266 5500 ’››
2299 5451 2579 5506 Caeterum
2613 5451 2660 5505 si
2690 5450 3038 5505 sententiam
3063 5446 3467 5503 tantummodo
3491 5449 3740 5516 spectes,

2099 5523 2367 5579 convenit
2397 5521 2497 5577 illa
2524 5522 2861 5577 Judaorum
2920 5520 3169 5592 placitis,
3223 5517 3440 5589 quibus
3489 5532 3744 5592 canones

2099 5611 2317 5668 ethnici
2362 5627 2540 5683 penes
2589 5590 3004 5666 Maimonidem
3051 5607 3395 5681 permittunt
3444 5605 3639 5676 irasci,
3671 5590 3744 5674 ἣν

2097 5689 2226 5768 5m
2262 5710 2364 5764 Ἴτε
2389 5701 2452 5758 ob
2481 5716 2598 5757 rem
2621 5703 2893 5772 grandem
2925 5700 3046 5756 sive
3074 5697 3272 5770 magni
3299 5697 3581 5761 momenti-
