4310 6640
579 465 690 529 531

1824 461 1888 521 S.
1935 458 2252 523 EUSEBII
2298 459 2747 523 HIERONYMI

575 599 716 671 quia
743 599 914 654 Pater
953 596 1014 652 in
1043 594 1206 663 Filio,
1239 599 1295 652 et
1325 593 1503 650 Filius
1535 593 1595 648 in
1627 594 1814 650 Patre.
1850 594 1966 650 Nec
2016 593 2222 649 statim
2253 598 2305 663 Α
2337 593 2542 648 attritu
2571 598 2850 666 tactuque
2877 594 3228 663 venientem,
3259 595 3320 650 in
3362 599 3626 668 tempore
3657 613 3777 653 non
3807 598 3992 654 vitan-

576 687 674 744 ille
705 687 764 742 in
799 703 913 758 quo
969 686 1244 753 donatur,
1287 684 1478 739 minor
1525 687 1614 738 est
1671 685 1742 738 ab
1797 699 1862 738 eo
1913 683 2012 755 qui
2059 683 2115 737 in
2169 699 2230 738 se

583 777 796 832 donat:
825 775 963 846 quia
990 779 1048 830 et
1078 772 1391 845 Apostolus
1422 773 1576 827 839
1601 771 1739 826 dicit
1765 789 1776 826 :
1801 772 1863 826 Et
1894 787 1993 837 ego
2022 774 2072 826 si
2100 770 2230 842 quid

580 865 783 920 donavi
819 864 984 928 vobis,
1014 864 1073 917 in
1102 863 1245 934 facie
1288 862 1490 916 Christi
1518 865 1571 915 et
1618 862 1714 916 Dei
1752 864 1834 930 ill
1863 861 1984 915 Cor.
2019 878 2080 929 ιι,
2117 861 2226 930 10).

655 955 814 1026 (Cap.
847 951 914 1020 V,
947 969 1096 1007 vers.
1133 952 1207 1022 1.)
1242 972 1269 1000 «
1301 951 1497 1005 Estote
1543 965 1676 1021 ergo
1727 949 2051 1004 imitatores
2101 949 2224 1016 Dei,

582 1043 732 1100 sicut
775 1041 879 1097 ﬁlii
911 1039 1263 1096 charissimi.
1298 1061 1326 1089 »
1357 1039 1465 1104 Qui
1498 1037 1768 1108 intelligit
1817 1037 2108 1108 quomodo
2139 1037 2226 1090 di-

579 1138 738 1188 ctum
771 1131 879 1188 sit:
916 1132 1089 1185 Estote
1113 1129 1358 1200 perfecti,
1391 1130 1533 1181 sicut
1558 1136 1611 1181 et
1641 1127 1804 1181 Pater
1829 1131 2003 1180 vester
2039 1125 2224 1180 cates-

578 1224 648 1277 tis
683 1223 955 1293 perfectus
983 1227 1060 1274 est
1089 1216 1292 1287 (Matth.
1327 1233 1380 1285 v,
1414 1216 1522 1285 48),
1577 1215 1687 1269 iste
1735 1215 1879 1270 sciet
1933 1214 2225 1285 quomodo

579 1316 636 1366 et
667 1325 821 1364 nunc
860 1308 1123 1362 dicatur:
1174 1306 1349 1360 Estote
1396 1305 1700 1360 imitatores
1743 1305 1844 1359 Dei
1898 1303 1942 1373 (Ι
1994 1304 2114 1358 Cor.
2150 1320 2222 1372 IV,

579 1401 686 1468 16);
723 1403 780 1453 et
809 1394 1126 1452 Corinthiis
1157 1394 1394 1465 quidem
1443 1393 1705 1448 scribens
1737 1393 1852 1447 ait:
1916 1393 2225 1448 Imitatores

574 1490 684 1542 mei
711 1489 888 1555 estote,
947 1485 1084 1538 sicut
1135 1491 1187 1538 et
1233 1498 1326 1553 ego
1363 1481 1575 1537 Christi
1624 1484 1668 1550 (1
1702 1482 1821 1536 Cor.
1856 1499 1932 1548 x1,
1967 1483 2037 1552 1).
2098 1481 2224 1536 Non

577 1575 734 1631 enim
769 1577 1033 1645 poterant
1077 1570 1274 1626 statim
1310 1570 1634 1625 imitatores
1663 1569 1874 1625 Christi
1908 1570 2068 1635 ﬁeri;
2123 1571 2224 1625 sed

578 1664 799 1736 grande
830 1661 943 1716 illis
975 1666 1117 1728 erat,
1170 1659 1218 1714 si
1251 1659 1574 1715 imitatores
1624 1664 1863 1730 possent
1909 1658 2224 1713 imitatoris

578 1753 874 1808 exsistere.
910 1749 1176 1821 Ephesiis
1224 1764 1357 1802 vero
1410 1748 1577 1818 quasi
1611 1747 1701 1802 his
1734 1764 1880 1818 quos
1903 1749 2029 1818 jam
2066 1764 2222 1820 mys-

577 1841 727 1896 teria
753 1843 916 1894 tanta
963 1839 1256 1903 docuerat,
1293 1853 1408 1891 non
1458 1837 1556 1903 ait,
1611 1837 1939 1892 Imitatores
1973 1837 2084 1891 mei
2133 1853 2222 1892 es-

574 1934 716 1997 tote,
750 1944 876 1996 nec,
910 1926 1232 1981 imitatores
1262 1925 1474 1981 Christi
1503 1943 1515 1994 ;
1564 1926 1686 1993 sed,
1738 1926 2061 1982 imitatores
2103 1928 2220 1981 Dei.

573 2018 699 2074 Non
723 2017 876 2089 quod
910 2015 1106 2070 minus
1128 2015 1203 2069 sit
1227 2015 1580 2069 imitatorem
1613 2014 1826 2076 Christi
1861 2031 2009 2080 esse,
2045 2031 2220 2085 quam

574 2106 674 2162 Dei
703 2108 879 2175 (Deus
909 2103 1126 2176 quippe
1153 2102 1421 2158 Christus
1453 2104 1582 2173 est),
1621 2103 1720 2158 sed
1753 2103 1908 2174 quod
1958 2102 2114 2176 aliud
2148 2104 2224 2158 sit

573 2195 895 2252 secundum
921 2193 1216 2248 hominem
1233 2191 1472 2262 imitari,
1489 2191 1644 2246 aliud
1666 2171 2218 2247 secundum‘Deum.

573 2286 719 2341 Nam
750 2284 858 2341 etsi
891 2282 1185 2340 Christum
1218 2282 1546 2338 secundum
1579 2299 1810 2338 carnem
1843 2287 2013 2338 antea
2045 2298 2220 2338 nove-

575 2391 797 2442 ramus,
831 2389 986 2429 nunc
1006 2374 1132 2444 jam
1167 2387 1537 2442 nequaquam
1567 2388 1701 2427 eum
1729 2371 1998 2426 novimus
2019 2387 2222 2426 secun-

577 2465 720 2520 dum
751 2479 982 2520 carnem
1036 2462 1109 2529 (Il
1137 2460 1258 2516 Cor.
1291 2478 1345 2528 v,
1382 2461 1484 2529 16).
1541 2461 1816 2530 Loquitur
1851 2465 1907 2514 et
1935 2460 2058 2531 ipse
2090 2458 2220 2514 Sal-

572 2558 754 2620 vator,
788 2551 1179 2608 humilitatem
1203 2548 1658 2621 dispensationis
1679 2549 1993 2604 ostendens
2019 2567 2030 2604 :
2057 2550 2218 2617 Qua?-

569 2658 783 2713 cunque
810 2642 1010 2696 viderit
1039 2641 1260 2694 Patrem
1288 2640 1598 2708 facientem,
1644 2639 1763 2694 Ιιιῖισ
1809 2639 2000 2692 eadem
2045 2638 2218 2692 Filius

567 2734 703 2803 facit
731 2731 997 2787 similiter
1024 2733 1208 2797 (Joan.
1241 2745 1295 2796 ν,
1332 2729 1438 2798 19).
1490 2727 1613 2782 Non
1656 2743 1770 2798 quo
1802 2727 1954 2782 aliud
2005 2725 2215 2781 ccelum

569 2827 625 2877 et
657 2821 832 2876 aliam
865 2825 1079 2875 terram
1110 2819 1279 2873 Pater
1309 2817 1526 2882 fecerit,
1560 2822 1616 2872 et
1655 2817 1724 2871 ad
1763 2815 2213 2871 similitudinem

570 2927 793 2977 eorum,
827 2909 982 2964 aliud
1029 2907 1236 2962 cmlum
1287 2910 1343 2960 et
1392 2905 1504 2960 alia
1549 2910 1725 2975 terra,
1759 2910 1815 2960 et
1865 2906 2151 2960 elementa
2181 2922 2215 2959 a

570 2998 798 3053 Christo
858 2999 1008 3052 facta
1063 2995 1183 3050 sint
1233 2999 1470 3061 czetera;
1527 2995 1625 3049 sed
1685 3011 1798 3065 quo
1852 3010 2213 3066 quaecunque

570 3091 840 3159 operetur
869 3089 1057 3154 Pater,
1089 3083 1210 3138 haec
1240 3083 1440 3138 eadem
1496 3087 1551 3137 et
1597 3081 1774 3137 Filius
1828 3088 2114 3154 operetur.
2150 3083 2210 3136 In

569 3193 684 3248 quo
716 3180 909 3231 autem
942 3171 1165 3229 similes
1196 3177 1307 3227 Deo
1356 3188 1672 3242 possumus
1724 3171 1865 3238 ﬁeri,
1923 3189 2100 3242 supra
2129 3177 2211 3227 te-

565 3269 755 3321 status
787 3268 895 3331 est,
931 3262 1165 3318 dicens:
1196 3262 1468 3317 Donantes
1499 3262 1664 3331 vobis,
1691 3263 1829 3315 sicut
1877 3273 1928 3316 et
1978 3263 2118 3316 Deus
2152 3263 2212 3316 in

2341 683 2503 751 dum,
2536 688 2591 738 et
2622 683 2886 738 nonnulli
2916 685 3208 756 sapientes
3239 685 3433 740 saeculi
3465 685 3524 740 in
3571 685 3722 742 hanc
3752 692 3984 760 turpem

2339 777 2394 826 et
2423 773 2876 828 erubescendam
2901 773 3168 829 haeresim
3193 774 3653 844 consensissent,
3678 793 3984 849 nunquam

2339 866 2578 914 sanctus
2601 859 2915 931 Apostolus
2947 862 3208 918 scribens
3238 862 3308 916 ad
3346 861 3650 933 Ephesios,
3685 864 3755 919 ad
3808 866 3985 922 forni—

2338 949 2627 1003 cationem
2656 948 2830 1003 etiam
2865 965 3098 1003 omnem
3141 950 3578 1006 immunditiam
3632 953 3984 1024 copulasset,

2336 1041 2393 1090 et
2424 1036 2494 1090 ad
2528 1036 2969 1091 immunditiam
2992 1039 3284 1108 junxisset
3315 1039 3612 1096 avaritiam
3640 1060 3652 1096 :
3688 1059 3803 1098 non
3836 1043 3987 1100 hanc

2337 1141 2451 1196 qua
2482 1125 2789 1196 pecuniam
2833 1125 3106 1197 cupimus
3155 1143 3526 1200 congregare,
3575 1131 3674 1186 sed
3720 1131 3880 1188 illam
3914 1135 3986 1190 de

2337 1229 2451 1283 qua
2481 1229 2658 1284 supra
2705 1214 2996 1270 diximus:
3050 1216 3125 1271 Ne
3170 1218 3630 1288 super-gradiatur,
3679 1229 3730 1276 et
3780 1238 3984 1278 avarus

2333 1302 2557 1372 fraadet
2605 1304 2666 1357 in
2717 1306 2934 1372 negotio
2991 1307 3224 1375 fratrem
3276 1323 3438 1362 suum
3494 1309 3538 1380 (l
3570 1309 3744 1366 Thess.
3793 1328 3869 1377 ιν,
3901 1313 3982 1382 6).

2334 1390 2494 1453 Quod
2529 1391 2752 1448 scilicet
2785 1392 3135 1449 insatiabilis
3166 1398 3222 1449 et
3250 1394 3597 1466 inexpletus,
3642 1415 3744 1470 per
3785 1401 3985 1458 omnia

2335 1480 2769 1551 turpitudinum
2801 1499 3035 1552 genere,
3065 1482 3435 1556 lasciviaeque
3467 1486 3776 1544 discurrat.
3831 1489 3983 1546 Sicut

2333 1571 2494 1636 decet,
2531 1571 2742 1642 inquit,
2775 1580 3006 1627 sanctos.
3059 1573 3136 1627 Ex
3187 1590 3300 1644 quo
3350 1579 3590 1632 sanctus
3646 1594 3760 1632 non
3794 1584 3985 1650 potest

2337 1659 2636 1731 appellari,
2671 1661 3008 1732 quicunque
3038 1666 3199 1717 extra
3220 1663 3659 1720 fornicationem
3696 1666 3753 1722 in
3785 1667 3984 1740 aliqua

2334 1749 2715 1804 immunditia
2746 1755 2802 1804 et
2833 1751 3076 1806 avaritia
3114 1751 3503 1824 voluptatum,
3551 1771 3679 1826 quis
3727 1773 3791 1812 se
3835 1757 3987 1814 delo-

2333 1838 2635 1908 ctaverint,
2664 1839 2975 1894 invenitur.
3019 1839 3078 1894 Si
3111 1840 3242 1911 quis
3273 1848 3467 1897 autem
3501 1843 3819 1901 arbitratur
3846 1864 3982 1903 ava-

2333 1927 2527 1982 ritiam
2561 1945 2673 1982 non
2703 1927 2801 1983 illo
2849 1945 3024 1984 sensu
3076 1930 3475 2001 accipiendam
3527 1949 3655 1990 esse
3685 1951 3800 2006 quo
3830 1937 3979 1992 dixi-

2333 2032 2489 2083 mus,
2524 2017 2726 2071 reddat
2755 2033 2984 2082 causas,
3019 2034 3196 2088 quare
3229 2020 3381 2074 inter
3428 2020 3891 2090 fornicationem,
3926 2030 3983 2080 et

2333 2104 2792 2171 immunditiam,
2817 2111 2871 2160 et
2891 2106 3337 2177 turpitudinem,
3362 2113 3418 2163 et
3447 2108 3902 2181 stultiloquium,
3925 2117 3982 2169 et

2333 2193 2766 2259 scurrilitatem,
2826 2194 3077 2250 mediam
3155 2196 3454 2252 avaritiam
3522 2201 3978 2259 extraordinarie

2332 2283 2609 2354 posuerit.
2642 2287 2819 2338 Porro
2876 2283 3309 2355 stultiloquium
3361 2302 3485 2341 esse
3531 2287 3802 2344 existimo
3859 2307 3973 2346 non

2329 2371 2520 2427 solum
2553 2389 2754 2427 eorum
2788 2371 2887 2443 qui
2918 2372 3116 2444 aliqua
3145 2379 3384 2430 narrant
3425 2376 3642 2448 turpia,
3693 2382 3757 2432 ut
3786 2379 3972 2435 risum

2330 2467 2616 2530 moveant,
2649 2466 2706 2516 et
2728 2461 2989 2517 latuitate
3020 2462 3295 2518 simulata
3325 2465 3513 2536 magis
3565 2464 3816 2522 illudant
3867 2468 3976 2534 eis,

2329 2550 2544 2622 quibus
2573 2549 2798 2621 placere
2828 2550 3197 2606 desiderant:
3257 2553 3355 2607 sed
3413 2553 3590 2608 etiam
3637 2569 3839 2610 eorum
3871 2556 3974 2628 qui

2327 2639 2619 2710 sapientes
2651 2637 2844 2694 saeculi
2905 2644 3204 2710 putantur,
3251 2649 3304 2696 et
3363 2642 3433 2697 de
3489 2644 3664 2699 rebus
3717 2643 3973 2716 physicis

2327 2729 2718 2798 disputantes,
2779 2728 2982 2782 dicunt
3049 2746 3110 2784 se
3167 2746 3375 2785 arenas
3431 2729 3715 2801 littorum,
3773 2740 3971 2805 guttas

2326 2816 2556 2884 Oceani,
2591 2822 2649 2872 et
2678 2815 2951 2872 cmlorum
3011 2818 3289 2888 spatium,
3343 2823 3624 2892 terraeque
3685 2828 3968 2894 punctum

2322 2904 2546 2976 liquido
2577 2904 3107 2976 comprehendisse.
3142 2907 3243 2961 Est
3270 2913 3328 2962 et
3359 2908 3418 2962 in
3470 2909 3727 2965 Ecclesia
3774 2911 3970 2966 stulti-

2323 2993 2609 3064 loquium.
2645 2993 2702 3048 Si
2737 2993 2868 3064 quis
2899 2993 3106 3048 coelum
3142 3001 3304 3066 putet
3335 2997 3574 3052 fornicis
3625 3014 3790 3054 more
3837 3016 3966 3055 cur-

2321 3088 2542 3151 vatum,
2582 3081 2763 3147 Isaiae,
2797 3099 2969 3153 quem
3004 3100 3116 3138 non
3149 3083 3446 3158 intelligit,
3491 3103 3761 3143 sermone
3810 3089 3971 3146 dece-

2323 3177 2458 3244 ptus
2489 3174 2612 3243 (Isa.
2648 3189 2736 3241 XL,
2760 3173 2889 3234 22):
2925 3171 3138 3228 solium
3163 3191 3394 3246 quoque
3414 3174 3471 3230 in
3496 3176 3658 3232 caelis
3680 3178 3962 3250 positum,

2321 3266 2376 3315 et
2405 3278 2582 3332 super
2611 3278 2675 3316 eo
2708 3263 2907 3316 sedere
2941 3263 3140 3328 Deum,
3173 3269 3230 3318 et
3270 3264 3327 3318 in
3375 3264 3550 3319 ritum
3595 3265 3964 3338 imperatoris

566 3354 772 3410 Christo
828 3353 1050 3409 donavit
1104 3352 1251 3408 vobis
1299 3351 1510 3422 (Ephes.
1573 3368 1646 3417 IV,
1705 3351 1816 3418 31).
1884 3355 2009 3405 Non
2055 3351 2208 3406 enim
2240 3339 2282 3405 C
2321 3355 2376 3406 et
2397 3351 2635 3420 judicis,
2664 3350 2899 3423 angelos
2929 3356 3084 3406 stare
3109 3351 3167 3406 in
3207 3351 3473 3427 circuitu,
3517 3355 3615 3426 qui
3644 3357 3833 3410 verbis
3859 3356 3961 3425 ju-

563 3449 703 3516 puto
734 3443 889 3515 quod
918 3442 976 3496 in
1011 3441 1232 3496 caeteris
1273 3457 1504 3512 quoque
1551 3456 1912 3511 quaecunque
1944 3440 2096 3495 Deus
2125 3440 2208 3496 fe-

562 3535 661 3605 cit,
695 3533 868 3588 homo
901 3537 1082 3587 Deum
1123 3531 1305 3602 possit
1337 3530 1593 3584 imitari:
1653 3530 1754 3584 sed
1802 3528 1960 3585 verbi
2010 3546 2206 3595 causa,

565 3627 630 3677 ut
661 3623 954 3692 quomodo
985 3619 1078 3675 ille
1111 3620 1366 3675 clemens
1397 3623 1504 3684 est,
1538 3623 1593 3672 et
1622 3618 1770 3690 pluit
1800 3635 1976 3690 super
2021 3620 2207 3674 honos

567 3716 623 3766 et
653 3710 858 3777 malos,
893 3715 949 3764 et
978 3708 1202 3780 reliqua
1226 3725 1240 3761 :
1268 3708 1350 3764 sic
1381 3707 1554 3762 etiam
1590 3725 1696 3763 nos
1726 3707 2045 3762 bonitatem
2097 3725 2204 3763 no-

565 3803 741 3853 stram
769 3815 944 3868 super
963 3813 1165 3852 omnes
1188 3796 1454 3851 homines
1475 3795 1862 3850 eﬁundamus.
1888 3796 2047 3860 Quod
2071 3812 2202 3851 cum

559 3887 894 3957 fecerimus,
922 3886 1143 3941 erimus
1193 3883 1296 3939 filii
1326 3885 1433 3956 [Αι.
1469 3884 1621 3939 sicut
1651 3883 1777 3956 ﬁlii]
1811 3884 2027 3951 dilecti,
2088 3886 2206 3940 sive

557 3976 746 4045 ipsius
776 3975 959 4046 Pauli,
985 3976 1122 4045 sive,
1157 3975 1313 4046 quod
1349 3972 1558 4029 melius
1590 3979 1752 4046 puto,
1788 3974 1909 4030 Dei.

629 4064 813 4134 (Vers.
846 4066 925 4135 2.)
974 4065 1101 4119 «Et
1155 4063 1449 4119 ambulate
1494 4063 1552 4117 in
1601 4062 1904 4133 charitate,
1957 4062 2108 4118 sicut
2151 4067 2207 4118 et

556 4155 823 4212 Christus
853 4154 1056 4210 dilexit
1102 4170 1231 4223 nos,
1284 4157 1339 4208 et
1397 4152 1639 4207 tradidit
1686 4151 2066 4224 semetipsum
2101 4169 2205 4223 pro

556 4243 725 4300 nobis
756 4244 1135 4310 oblationem,
1167 4248 1225 4298 et
1255 4242 1506 4298 hostiam
1540 4242 1655 4296 Deo
1688 4241 1744 4294 in
1795 4241 2030 4296 odorem
2063 4258 2204 4296 sua-

557 4333 772 4388 vitatis.
799 4356 826 4384 »
860 4332 966 4399 Qui
999 4351 1102 4404 pro
1133 4332 1381 4387 aliorum
1416 4329 1605 4385 salute
1646 4347 1833 4400 usque
1863 4331 1933 4384 ad
1966 4330 2202 4400 sangui-

558 4437 692 4476 nem
726 4427 926 4477 contra
955 4426 1255 4493 peccatum
1316 4419 1572 4484 dimicat,
1631 4418 1711 4473 ita
1745 4423 1810 4473 ut
1855 4422 1912 4473 et
1945 4418 2200 4473 animam

555 4526 722 4565 suam
755 4511 946 4566 tradat
977 4526 1080 4580 pro
1137 4508 1258 4564 eis:
1312 4508 1419 4563 iste
1470 4506 1734 4562 ambulat
1778 4507 1836 4560 in
1895 4507 2199 4574 charitate,

552 4596 791 4653 imitans
831 4597 1151 4664 Christum,
1210 4596 1308 4666 qui
1367 4612 1471 4651 nos
1530 4597 1821 4650 intentum
1880 4595 2103 4660 dilexit,
2140 4601 2202 4651 ut

2320 3441 2511 3494 bentis
2541 3441 2959 3511 obtemperent,
2996 3447 3052 3496 et
3083 3441 3141 3495 in
3174 3441 3402 3498 diversa
3431 3443 3739 3499 mittantur
3767 3444 3960 3504 officia

2319 3531 2442 3600 (Isa.
2475 3547 2551 3596 v1,
2605 3531 2654 3595 1,
2699 3532 2774 3599 2).
2835 3530 2945 3585 Sed
3001 3529 3137 3600 quia
3195 3532 3464 3603 sequitur
3521 3533 3957 3606 stultiloquium

2317 3619 2664 3684 scurrilitas,
2690 3619 2877 3689 magis
2900 3619 3330 3690 stultiloquium
3354 3621 3426 3676 ad
3451 3621 3641 3678 fatuas
3657 3629 3714 3678 et
3732 3624 3960 3696 ineptas

2317 3707 2544 3762 fabulas
2573 3707 3064 3762 transferendum.
3101 3707 3254 3763 Inter
3297 3708 3731 3781 stultiloquium
3765 3717 3958 3770 autem

2316 3801 2372 3849 et
2403 3795 2814 3851 scurrilitatem
2848 3797 2994 3850 641.
3034 3796 3142 3852 hoc
3190 3797 3451 3864 interest,
3495 3801 3651 3870 quod
3707 3801 3959 3860 stultilo-

2316 3883 2519 3954 quium
2546 3883 2692 3938 nihil
2725 3884 2784 3939 in
2817 3902 2876 3940 se
2899 3885 3134 3956 sapiens
3155 3891 3211 3941 et
3233 3887 3403 3942 corde
3433 3887 3691 3945 hominis
3714 3890 3956 3963 dignum

2316 3972 2509 4027 habet.
2543 3971 2877 4028 Scurrilitas
2908 3989 3041 4028 vero
3073 3975 3142 4029 de
3173 3975 3443 4044 prudenti
3490 3982 3686 4032 mente
3718 3977 3958 4035 descen-

2317 4061 2422 4130 dit,
2453 4069 2510 4116 et
2541 4061 2804 4117 consulto
2831 4063 3052 4134 appetit
3078 4064 3343 4134 quaedam
3379 4063 3460 4119 vel
3495 4065 3719 4120 urbana
3761 4068 3961 4139 verba,

2315 4150 2401 4206 vel
2434 4151 2671 4218 rustica,
2705 4150 2792 4206 vel
2826 4151 3037 4223 turpia,
3074 4150 3158 4207 vel
3191 4155 3391 4220 faceta,
3435 4169 3610 4224 quam
3661 4171 3766 4210 nos
3787 4155 3960 4227 jocu-

2315 4239 2603 4295 laritatem
2641 4240 2752 4295 alio
2784 4242 2954 4296 verbo
2987 4258 3305 4313 possumus
3335 4241 3646 4316 appellare,
3679 4249 3742 4299 ut
3772 4244 3956 4301 risum

2315 4335 2545 4384 moveat
2577 4330 2968 4385 audientibus.
3011 4330 3224 4386 Verum
3257 4335 3313 4386 et
3341 4330 3463 4387 haec
3509 4348 3543 4386 a
3571 4333 3792 4390 sanctis
3819 4333 3957 4390 viris

2315 4418 2548 4490 penitus
2581 4417 2976 4491 prepellenda,
3020 4419 3233 4490 quibus
3266 4420 3456 4491 magis
3511 4421 3778 4476 convenit
3820 4422 3957 4478 ﬂere

2313 4512 2487 4578 atque
2518 4506 2736 4580 lugere,
2771 4513 2837 4561 ut
2865 4508 2921 4562 in
2947 4507 3226 4563 Hebraico
3255 4524 3487 4580 quoque
3519 4508 3824 4580 Evangelio
3870 4508 3956 4566 le-

2309 4596 2523 4669 gimus,
2579 4597 2892 4653 Dominum
2961 4598 3032 4651 ad
3091 4595 3414 4668 discipulos
3461 4597 3834 4668 loquentem:
3897 4600 3963 4655 Et

552 4702 781 4742 crucem
817 4703 918 4759 pro
952 4685 1137 4741 salute
1188 4685 1450 4740 omnium
1512 4685 1848 4741 sustineret.
1898 4687 2197 4751 Quomodo
2230 4712 2277 4777 D
2312 4704 2613 4759 umquam,
2644 4686 2857 4757 inquit,
2902 4686 3019 4742 laeti
3060 4688 3202 4756 sitis,
3254 4687 3368 4741 nisi
3415 4702 3538 4740 cum
3585 4687 3818 4755 fratrem
3869 4703 3962 4743 ve-

556 4774 709 4830 cnim
741 4774 838 4830 ille
897 4790 957 4830 se
1001 4773 1243 4829 tradidit
1302 4791 1403 4845 pro
1435 4775 1626 4840 nobis,
1687 4775 1769 4830 sic
1829 4779 1885 4830 et
1929 4775 2036 4830 iste
2096 4792 2198 4848 pro

555 4864 771 4936 quibus
807 4869 996 4936 potest
1025 4864 1272 4920 libenter
1301 4865 1674 4934 occumbens,
1713 4864 2037 4921 imitabitur
2062 4883 2197 4921 eum

556 4955 657 5025 qui
688 4953 1038 5010 oblationem
1069 4958 1127 5010 et
1157 4952 1406 5008 hostiam
1441 4955 1593 5009 640
1639 4954 1695 5008 in
1737 4955 1972 5010 odorem
2005 4955 2196 5010 suavi-

551 5043 692 5100 tatis
719 5060 780 5100 se
812 5044 967 5100 Patri
998 5043 1255 5111 tradidit,
1291 5047 1348 5098 et
1377 5043 1474 5097 fiet
1503 5043 1676 5098 etiam
1727 5043 1851 5115 ipse
1899 5043 2112 5100 oblatio
2143 5049 2200 5101 et

551 5133 744 5191 hostia
774 5134 875 5190 Dei
906 5134 965 5189 in
998 5134 1232 5189 odorem
1260 5132 1582 5188 suavitatis.

621 5224 804 5297 (Vers.
837 5224 889 5292 3,
925 5223 1002 5294 4.)
1035 5244 1063 5272 ‹‹
1095 5222 1417 5278 Fornicatio
1469 5226 1663 5277 autem
1719 5227 1778 5278 et
1833 5223 2025 5278 omnis
2081 5223 2195 5279 im-

545 5314 858 5379 munditia,
901 5318 1002 5370 aut
1052 5312 1313 5380 avaritia,
1365 5327 1468 5367 nec
1519 5311 1854 5367 nominetur
1901 5312 1960 5366 in
2009 5314 2192 5382 vobis,

545 5405 882 5461 sicutdecet
913 5408 1185 5462 sanctos:
1219 5405 1275 5457 et
1302 5400 1624 5474 turpitudo,
1657 5404 1712 5455 ct
1761 5401 2194 5474 stultiloquium

549 5497 650 5548 aut
679 5493 1024 5562 scurrilitas,
1061 5510 1187 5566 quae
1219 5492 1290 5547 ad
1353 5508 1475 5546 rem
1527 5507 1642 5545 non
1702 5491 2030 5562 pertinent:
2091 5492 2191 5548 sed

554 5581 743 5652 magis
772 5583 918 5638 actio
949 5583 1292 5655 gratiarum.
1331 5604 1357 5630 »
1397 5580 1519 5636 Nisi
1552 5579 2026 5650 philosophorum
2060 5582 2194 5653 qui-

555 5669 689 5723 dam
716 5672 958 5741 Cynicus
1005 5673 1340 5739 exstitisset,
1385 5670 1484 5742 qui
1516 5670 1747 5724 doceret
1797 5686 2026 5725 omnem
2060 5671 2196 5726 titil-

551 5755 830 5817 lationem
862 5761 1072 5836 carnis,
1105 5767 1161 5818 et
1191 5761 1413 5820 ﬂuxum
1437 5759 1680 5818 seminis
1702 5775 1770 5816 ex
1800 5759 2193 5840 qualicunque

2309 4786 2488 4832 stram
2514 4776 2764 4831 videritis
2794 4779 2851 4830 in
2879 4777 3171 4831 charitate,
3205 4774 3452 4831 Videtur
3474 4774 3781 4847 hucusque
3811 4775 3958 4832 nihil

2309 4870 2468 4921 extra
2494 4866 2856 4937 propositum
2888 4869 2946 4921 el.
2972 4870 3135 4920 extra
3164 4865 3669 4936 consequentiam,
3705 4869 3957 4922 textum-

2310 4971 2420 5026 que
2452 4954 2672 5010 ordinis
2703 4954 2991 5011 intulisse.
3019 4954 3235 5010 Verum
3258 4953 3366 5009 hoc
3394 4954 3550 5025 quod
3583 4955 3868 5026 sequitur,
3900 4959 3959 5011 et

2308 5044 2366 5099 in
2401 5044 2516 5099 fine
2534 5044 2788 5117 positum
2811 5050 2930 5100 est:
2957 5044 3056 5100 Sed
3079 5045 3263 5117 magis
3281 5046 3592 5115 gratiarum
3620 5045 3777 5114 actio,
3802 5059 3964 5116 qua-

2308 5138 2398 5189 rat
2427 5133 2656 5205 aliquis,
2691 5139 2746 5189 et
2775 5134 2928 5189 dicat
2959 5134 3098 5206 quid
3131 5133 3242 5190 sibi
3273 5132 3410 5189 velit
3453 5136 3587 5204 post
3635 5133 3958 5188 fornicatio-

2307 5240 2438 5279 nem
2470 5223 2845 5294 prohibitam,
2879 5228 2936 5278 et
2959 5222 3422 5289 immunditiam,
3457 5226 3514 5276 et
3551 5221 3870 5287 lasciviam,
3901 5225 3958 5277 et

2305 5312 2752 5385 turpitudinem,
2784 5316 2842 5367 et
2897 5311 3352 5385 stultiloquium,
3401 5314 3458 5366 et
3515 5310 3955 5380 scurrilitatem,

2305 5404 2454 5458 actio
2495 5401 2836 5476 gratiarum.
2871 5401 2926 5456 Si
2982 5401 3136 5456 enim
3197 5398 3377 5456 semel
3433 5399 3483 5454 ei
3540 5398 3788 5454 liberum
3847 5398 3960 5453 fuit

2305 5509 2518 5566 ponere
2547 5507 2964 5564 quamcunque
2997 5491 3300 5558 virtutem,
3348 5489 3538 5562 potuit
3589 5488 3803 5555 dicere,
3853 5487 3957 5543 sed

2305 5579 2768 5653 magisjustitia,
2815 5581 3047 5647 veritas,
3101 5577 3708 5660 dilectio.'Quomodo
3757 5580 3954 5632 autem

2305 5669 2411 5724 hoc
2443 5671 2868 5740 inconsequens
2900 5675 3023 5724 est:
3058 5671 3136 5724 ita
3184 5671 3360 5726 etiarn
3401 5667 3501 5723 illa
3533 5667 3958 5737 inconsequen-

2303 5760 2385 5817 tia
2412 5776 2541 5817 esse
2569 5758 2917 5837 potuissent,
2951 5766 3006 5818 et
3038 5761 3239 5818 eadem
3271 5757 3509 5816 licentia
3537 5755 3802 5813 ordinem
3835 5769 3953 5816 non
