4310 6600
412 446 529 510 553

1072 448 1586 511 COMMENTAR.
1635 450 1727 513 IN.
1758 450 2004 513 EPIST.
2051 449 2156 511 AD
2203 447 2476 511 EPHES.
2526 449 2672 509 me.
2721 449 2821 521 ιιι,
2872 451 3043 509 CAP.
3091 434 3165 510 ν.

3703 450 3820 511 554

412 579 713 636 haberent.
764 576 1027 635 Forsitan
1082 578 1263 651 igitur
1312 580 1634 652 gratiarum
1677 580 2060 637 actioinhoc
2089 579 2143 647 Α
2173 577 2350 647 tione,
2411 578 2809 646 immunditia,
2867 582 3041 652 atque
3103 580 3342 637 lascivia
3396 579 3625 636 alienus
3681 581 3823 638 sit:

412 667 540 726 loco
582 685 696 725 non
741 668 855 723 ista
912 671 1000 724 est
1058 667 1360 732 nominata
1405 670 1577 740 juxta
1634 687 1811 742 quam
1841 668 2062 742 gratias

415 758 647 830 agimus
677 758 814 824 Deo,
846 757 947 814 sed
973 756 1143 828 juxta
1182 774 1357 829 quam
1388 760 1538 832 grati
1568 759 1689 816 sive
1711 758 1974 833 gratiosi,
2007 761 2064 814 et

417 847 549 904 falsi
567 847 718 919 apud
742 845 1009 903 homines
1031 847 1412 919 appellamur.
1436 847 1881 922 Stultiloquium
1904 847 2062 904 enim

416 942 475 994 et
504 952 765 997 scurram
793 952 909 991 non
941 936 1104 992 decet
1134 953 1263 992 esse
1301 936 1721 994 Christianum.
1760 939 1929 997 Decet
1959 953 2061 992 au-

417 1031 534 1082 tem
557 1041 886 1082 sermonem
922 1026 1050 1096 ejus
1098 1024 1219 1081 sale
1262 1042 1389 1082 esse
1417 1028 1713 1081 conditum
1739 1026 1957 1097 (Coloss.
1986 1042 2060 1095 IV,

414 1114 491 1186 6),
519 1117 584 1169 ut
610 1113 862 1186 gratiam
895 1115 1051 1187 apud
1085 1114 1391 1171 audientes
1422 1114 1654 1171 habeat.
1688 1117 1758 1171 Et
1790 1115 1927 1188 quia
1948 1131 2062 1171 non

412 1206 501 1259 est
530 1204 1001 1271 consuetudinis,
1030 1202 1143 1260 nisi
1174 1204 1327 1259 inter
1363 1205 1563 1260 doctos
1611 1221 1881 1277 quosque
1908 1192 2064 1276 apud

412 1296 649 1349 Graecos
672 1289 1042 1366 εὐχαριστίαν,
1077 1292 1149 1347 ad
1200 1292 1636 1349 distinctionem
1685 1292 2065 1349 Eucharistiae

415 1366 625 1451 dicere,
658 1381 769 1437 hoc
797 1385 907 1453 est,
948 1382 1274 1455 gratiosum
1302 1398 1450 1451 esse,
1505 1386 1562 1437 et
1609 1398 1777 1455 agere
1809 1382 2063 1455 gratias:

414 1474 721 1543 propterea
753 1474 891 1543 puto
918 1469 1267 1542 Apostolum
1318 1471 1486 1543 quasi
1526 1470 1832 1527 Hebraeum
1865 1487 1933 1525 ex
1966 1472 2069 1526 Ile-

414 1557 587 1615 braais
619 1559 883 1631 (Philipp.
918 1576 1000 1630 in,
1046 1559 1123 1629 5),
1186 1559 1357 1614 verbo
1416 1576 1590 1615 usum
1650 1576 1779 1616 esse
1808 1558 2065 1633 vulgato,

415 1652 474 1704 et
502 1664 741 1704 sensum
774 1664 950 1704 suum
981 1646 1218 1702 alterius
1251 1646 1676 1717 significatione
1703 1646 1864 1703 verbi
1893 1646 2069 1720 expli-

416 1753 547 1794 care
578 1736 835 1792 voluisse
863 1754 875 1792 :
911 1736 1162 1792 maxime
1193 1752 1327 1791 cum
1361 1737 1515 1809 apud
1548 1736 1820 1792 Hebraeos
1851 1736 2067 1809 gratio-

416 1842 519 1882 sus
550 1828 607 1881 et
636 1824 859 1898 gratias
891 1840 1069 1896 agens
1102 1825 1144 1893 ί,
1176 1841 1315 1893 uno,
1350 1828 1415 1880 ut
1446 1824 1629 1892 aiunt,
1663 1841 1955 1892 sermone,
1988 1824 2071 1880 di-

415 1919 601 1971 catur.
642 1912 798 1971 Unde
827 1911 975 1969 etin
1026 1912 1352 1971 Proverbiis
1411 1917 1550 1986 puto
1606 1915 1687 1969 ita
1742 1914 2066 1987 scriptum:

2102 1958 2149 2023 B

2172 671 2366 723 tamen
2396 668 2446 722 si
2475 668 2857 740 stultiloquus
2885 673 2942 723 et
2971 686 3172 725 scurra
3218 669 3413 741 fuerit,
3458 686 3574 726 non
3604 669 3825 727 tenebit

2175 773 2307 812 cum
2339 756 2533 813 locum
2582 773 2755 828 quem
2807 772 3189 829 possessurus
3239 761 3381 825 erat,
3433 758 3483 813 si
3532 757 3651 814 haec
3680 758 3824 815 vitia

2176 862 2291 901 non
2322 845 2580 902 haberet.
2618 846 2986 919 Re8pondeat
3017 846 3150 917 quis
3179 865 3192 903 :
3244 849 3380 903 Esto
3411 846 3824 921 stutiloquium

2175 939 2233 992 et
2263 935 2589 991 scurrilitas
2620 952 2736 992 non
2787 936 3059 992 eumdem
3108 936 3321 992 habeat
3365 940 3614 1009 reatum,
3646 952 3824 1009 quem

2176 1023 2499 1092 fornicatio,
2527 1024 2908 1083 immunditia
2929 1030 2986 1080 et
3011 1024 3291 1081 avaritia:
3320 1024 3607 1097 numquid
3633 1030 3749 1082 ndn
3770 1028 3829 1082 et

2174 1114 2600 1185 turpitudinem
2619 1130 2752 1169 cum
2773 1113 2963 1169 tribus
2990 1113 3393 1187 superioribus
3416 1114 3620 1170 debuit
3640 1106 3825 1171 nomi-

2177 1219 2315 1259 nare
2334 1204 2362 1259 ‘t
2382 1203 2466 1258 Ad
2491 1203 2644 1275 quod
2688 1202 3023 1269 dicendum,
3069 1202 3493 1275 turpitudinem
3516 1203 3612 1259 hic
3642 1202 3826 1278 signi-

2179 1292 2347 1347 ﬁcare
2370 1291 2775 1347 absconditam
2807 1290 3241 1363 cogitationem,
3264 1307 3401 1347 cum
3424 1290 3831 1350 inﬂammatur

2180 1397 2392 1436 sensus
2422 1385 2621 1436 noster
2653 1381 2723 1435 ad
2753 1379 3080 1450 libidinem,
3106 1383 3162 1435 et
3182 1378 3374 1436 carnis
3393 1379 3832 1438 titillationibus
3886 1414 3907 1424 ο

2177 1469 2376 1525 anima
2445 1469 2634 1542 ignita
2692 1469 3089 1536 succenditur,
3146 1473 3202 1525 et
3260 1468 3648 1526 nihilominus
3729 1460 3831 1527 Dei

2178 1559 2387 1615 timore
2413 1564 2470 1615 et
2502 1558 2715 1614 mentis
2736 1559 2959 1631 judicio
2990 1558 3334 1614 refrenatur.
3360 1559 3623 1632 Denique
3652 1559 3830 1616 etiam

2179 1665 2357 1721 supra
2386 1647 2608 1721 absque
2637 1646 3022 1719 turpitudine,
3079 1647 3191 1702 tria
3243 1647 3462 1720 pariter
3513 1647 3829 1720 appellavit

2178 1736 2413 1793 dicens:
2450 1737 2603 1795 643
2652 1738 2961 1792 Fornicatio
3013 1740 3195 1792 autem
3244 1744 3295 1792 et
3351 1738 3529 1792 omnis
3584 1737 3829 1793 immun-

2177 1826 2325 1883 ditia
2355 1830 2411 1882 et
2434 1827 2696 1894 avaritia,
2727 1841 2826 1880 nec
2852 1826 3173 1882 nominetur
3202 1827 3263 1880 in
3289 1827 3437 1881 vobis
3463 1822 3624 1899 (vers.
3658 1826 3753 1898 3):
3777 1830 3837 1882 et

2180 1915 2452 1987 deinceps
2501 1914 2802 1987 turpitudo
2846 1931 2980 1970 cum
3030 1914 3397 1988 stultiloquio
3429 1919 3485 1971 et
3513 1915 3837 1973 surrilitate

417 2003 555 2072 Γυνή
593 2000 915 2077 εὐχάριστος
944 2003 965 2036 ²
995 1999 1191 2075 ἐγείρει
1222 1998 1375 2077 ἀνδρὶ
1433 2004 1586 2059 642
1642 1998 1817 2072 δόξαν.
1871 2003 2073 2059 Mulier

2182 2009 2467 2062 nunerata
2516 2009 2623 2061 est.
2656 2005 2723 2059 Et
2755 2004 3048 2076 quomodo
3097 2002 3533 2077 stultiloquium
3580 2009 3637 2061 et
3666 2021 3837 2061 scur-

414 2094 607 2164 gratia.
653 2094 881 2147 suscitat
940 2093 1054 2147 viro
1109 2091 1347 2161 gloriam
1396 2093 1578 2161 (Prov.
1608 2108 1689 2160 x1,
1724 2093 1833 2164 16),
1868 2108 1971 2163 pro
2003 2108 2069 2148 eo

420 2182 576 2255 quod
633 2184 743 2251 est,
793 2182 1083 2252 gratiosa:
1140 2182 1472 2237 videremur
1526 2180 1641 2236 vim
1697 2181 1885 2237 facere
1916 2180 2067 2238 Scri-

417 2276 622 2344 pturaa,
655 2274 715 2325 et
739 2269 962 2342 gratias
994 2273 1263 2342 agentem
1297 2269 1627 2341 mulierem,
1676 2287 1781 2343 pro
1812 2270 2072 2344 gratiosa

417 2361 694 2417 addacter
725 2358 1009 2431 accipere,
1045 2358 1159 2414 nisi
1190 2362 1247 2414 et
1293 2363 1512 2415 caeteras
1543 2359 1825 2415 editiones
1857 2364 2069 2416 nostrae

418 2448 679 2522 Opinioni
711 2453 1118 2520 congruerent.
1158 2447 1370 2520 Aquila
1419 2448 1576 2504 enim
1625 2453 1683 2504 et
1728 2448 2066 2520 Theodotio,

418 2543 476 2595 et
499 2537 889 2610 Symmachus
940 2537 1021 2592 ita
1077 2541 1401 2609 posuerunt
1430 2539 1472 2608 ³,
1530 2537 1666 2611 γυνή
1728 2537 1977 2612 χάριτος,
2010 2539 2070 2594 id

420 2632 529 2695 est,
554 2626 758 2683 mulier
793 2628 1058 2699 gratiosa,
1117 2630 1177 2682 et
1234 2644 1349 2681 non
1409 2624 1749 2702 εὖχάριστος,
1811 2629 1966 2700 quod
1998 2629 2069 2683 ad

421 2717 706 2774 actionem
740 2715 987 2789 pertinet
1013 2714 1377 2789 gratiarum.’

490 2805 677 2877 (Vers.
710 2806 791 2877 5.)
824 2827 852 2856 ‹‹
883 2804 999 2861 Hoc
1030 2808 1227 2860 autem
1260 2805 1488 2872 scitote,
1523 2806 1661 2879 quia
1681 2806 1875 2862 omnis
1897 2806 2072 2862 forni-

422 2900 581 2953 cator
611 2898 712 2951 aut
738 2893 1106 2965 immundus,
1140 2898 1245 2949 aut
1294 2911 1523 2967 avarus,
1577 2895 1732 2968 quod
1781 2900 1870 2951 est
1899 2895 2072 2953 idolis

423 2984 700 3054 serviens,
736 3001 849 3041 non
882 2983 1057 3039 habet
1098 2983 1497 3040 hereditatem
1551 2983 1611 3039 in
1643 3000 1821 3059 regno
1857 2984 2074 3042 Christi
2127 2989 2133 2996 ’

422 3078 479 3128 et
508 3073 632 3131 Dei.
659 3094 685 3126 υ
727 3073 1063 3129 Notandum
1106 3072 1261 3147 quod
1310 3090 1410 3129 sex
1457 3073 1614 3128 vitiis
1663 3090 1844 3146 supra
1875 3075 2073 3146 prohi-

422 3163 582 3230 bitis,
623 3162 1027 3233 fornicatione,
1074 3160 1477 3231 immunditia,
1524 3162 1785 3229 avaritia,
1820 3163 2073 3237 turpitu-

420 3252 576 3324 dine,
619 3249 1005 3323 stultiloquio,
1056 3249 1433 3320 scurrilitate,
1492 3268 1648 3307 nunc
1695 3255 1926 3307 tantum
1961 3252 2077 3309 tria

2177 2093 2389 2164 rilitas,
2422 2094 2504 2148 sic
2562 2097 2617 2149 et
2674 2093 2788 2149 ista
2845 2092 3153 2164 turpitudo
3221 2109 3339 2149 non
3394 2093 3603 2165 perdit,
3636 2110 3743 2151 nec
3773 2093 3833 2149 in

2178 2186 2526 2255 perpetuum
2557 2181 2812 2238 excludit
2843 2198 2876 2236 a
2904 2198 3103 2254 regno.
3135 2180 3282 2246 Quia
3310 2199 3445 2238 vero
3477 2182 3535 2237 in
3569 2183 3836 2256 superio-

2179 2270 2340 2327 ribus
2366 2288 2432 2326 ex
2453 2287 2518 2326 eo
2542 2271 2696 2342 quod
2738 2269 2877 2326 alibi
2902 2269 3270 2343 legeremus:
3320 2271 3395 2327 Ne
3441 2272 3834 2346 supergredia-

2180 2365 2289 2430 tur,
2348 2368 2398 2415 et
2453 2376 2652 2416 avarus
2706 2359 2925 2430 fraudet
2979 2359 3039 2415 in
3105 2360 3323 2432 negotio
3376 2361 3611 2430 fratrem
3668 2377 3833 2417 suum

2178 2451 2225 2518 (l
2257 2449 2434 2506 Thess.
2466 2466 2540 2516 1v,
2572 2450 2650 2520 6),
2696 2448 3035 2504 dixeramus
3075 2448 3382 2504 avaritiam
3413 2467 3517 2521 pro
3546 2450 3832 2507 adulterio

2181 2538 2469 2610 positam:
2531 2538 2850 2609 quaerimus
2901 2538 2961 2592 id
3032 2537 3187 2609 quod
3237 2554 3396 2593 nunc
3454 2538 3687 2611 dicitur,
3745 2550 3845 2602 aut

2180 2644 2400 2692 avarus,
2432 2626 2575 2698 quod
2604 2630 2682 2682 est
2706 2626 2867 2681 idolis
2894 2627 3158 2694 serviens,
3192 2630 3393 2681 utrum
3444 2643 3579 2682 cum
3610 2626 3730 2696 illa,
3766 2643 3839 2683 an

2180 2733 2313 2772 cum
2345 2716 2579 2788 vulgata
2607 2715 3082 2788 interpretatione
3123 2715 3468 2771 consentiat.
3503 2717 3840 2772 Invenimus

2182 2808 2240 2861 in
2264 2805 2409 2861 locis
2428 2805 2701 2879 plurimis
2724 2805 3141 2877 prophetarum
3165 2803 3579 2872 idololatriam,
3595 2804 3843 2861 fornica-

2180 2896 2400 2951 tionem
2469 2892 2844 2966 appellatam.
2909 2894 3369 2963 Fornicabantur,
3446 2886 3844 2966 inquit,'post

2182 2984 2336 3039 idola
2364 2999 2465 3038 sua
2492 2983 2645 3055 (Osee
2675 3000 2751 3051 1v,
2783 2985 2837 3052 6,
2873 2984 2997 3054 l2);
3048 2987 3142 3039 et:
3193 2982 3410 3053 Spiritu
3456 2983 3843 3053 fornicationis

2181 3072 2386 3129 seducti
2404 3080 2533 3127 sunt
2555 3071 2762 3143 (Ibid)
2792 3072 2987 3127 Potest
3018 3072 3215 3144 itaque
3254 3072 3559 3129 fornicatio
3582 3077 3640 3127 et
3664 3063 3843 3145 super

2180 3160 2515 3217 idololatria
2553 3159 2823 3233 intelligi.
2865 3160 2967 3217 Sin
2998 3178 3129 3217 vero
3163 3178 3373 3237 avarus
3400 3160 3500 3217 ille
3530 3160 3838 3234 accipitur,

2183 3250 2281 3323 qui
2316 3249 2624 3323 pecuniam
2655 3255 2956 3322 utcunque
3006 3251 3378 3323 conquirens,
3426 3267 3705 3306 nummos
3737 3265 3842 3322 per

414 3341 698 3415 posuerit,
732 3339 1196 3410 fornicationem,
1228 3339 1690 3408 immunditiam,
1724 3341 2062 3396 avaritiam:
2097 3330 2140 3399 C
2180 3339 2267 3396 fas
2315 3343 2368 3395 et
2401 3338 2563 3394 nefas
2592 3338 2806 3394 habere
2837 3338 3148 3407 desiderat,
3181 3343 3238 3394 et
3267 3338 3438 3412 pleno
3470 3338 3705 3394 sacculo
3736 3340 3836 3397 de-

417 3430 634 3502 quibus
665 3427 768 3500 qui
798 3428 975 3484 fuerit
1003 3427 1312 3496 obnoxius,
1344 3428 1767 3498 hereditatem,
1797 3428 1857 3483 in
1890 3446 2069 3507 regno

414 3515 629 3574 Christi
692 3522 751 3572 et
806 3515 908 3572 Dei
965 3516 1181 3572 habere
1236 3532 1350 3571 non
1410 3517 1615 3588 possit.
1675 3517 1736 3575 Si
1792 3518 1949 3572 enim
1991 3519 2072 3575 ita

414 3605 798 3678 stultiloquus
826 3609 885 3660 et
912 3621 1115 3660 scurra
1163 3604 1338 3662 alieni
1396 3610 1593 3661 essent
1647 3623 1682 3662 a
1738 3623 1917 3681 regno
1951 3609 2067 3676 Dei,

411 3695 707 3768 quomodo
740 3698 860 3750 tres
899 3710 1047 3764 quos
1088 3693 1423 3766 specialiter
1443 3695 1754 3767 separavit,
1780 3695 2073 3753 videretur

412 3784 701 3841 sententia
728 3800 856 3839 esse
883 3782 1157 3851 crudelis,
1186 3800 1301 3839 non
1347 3783 1650 3856 ignoscere
1680 3784 2071 3842 imbecillitati

417 3871 752 3947 fragilitatis
797 3872 1108 3928 humanae:
1160 3889 1293 3928 cum
1353 3873 1535 3930 etiam
1587 3889 1690 3946 per
1728 3875 1930 3951 jocum
1965 3892 2073 3932 nos

418 3963 572 4019 dicta
597 3963 964 4019 damnarent.
999 3962 1104 4030 Qui
1130 3962 1283 4017 enim
1311 3963 1370 4017 in
1419 3979 1672 4019 sermone
1720 3980 1831 4020 non
1863 3964 2074 4021 labitur

415 4055 685 4126 perfectus
714 4056 792 4108 est
823 4056 963 4124 (Jac.
998 4068 1083 4121 In,
1117 4052 1193 4125 2).
1245 4056 1444 4123 Neque
1473 4068 1606 4109 vero
1650 4052 1762 4109 ista
1791 4053 2071 4120 dicentes,

422 4140 616 4197 locum
637 4140 1003 4213 stultiloquio
1021 4145 1079 4198 et
1113 4140 1472 4213 scurrilitati,
1518 4142 1751 4210 damus,
1783 4144 1924 4198 dum
1956 4161 2071 4199 non

426 4229 814 4286 excluduntur
841 4248 875 4286 a
904 4246 1105 4303 regno,
1155 4230 1256 4285 sed
1310 4231 1602 4302 quomodo
1653 4232 1805 4304 apud
1839 4232 2072 4289 Patrem

427 4317 666 4373 diversa:
705 4322 845 4375 sunt
888 4317 1226 4374 mansiones
1273 4320 1450 4389 (Joan.
1501 4336 1618 4385 xxv,
1649 4322 1726 4391 2),
1760 4324 1816 4377 et
1848 4320 2012 4378 stella
2042 4337 2077 4376 a

427 4405 597 4463 stella
653 4406 847 4462 ditl'ert
872 4406 931 4462 in
964 4406 1185 4481 gloria:
1223 4407 1306 4462 sic
1338 4412 1397 4462 et
1438 4409 1787 4465 resurrectio
1814 4415 2074 4467 mortuo-

426 4512 557 4553 rum
604 4498 652 4571 (ι
692 4495 811 4553 Cor.
859 4514 954 4565 xv,
987 4497 1111 4569 Al):
1164 4497 1431 4568 quamvis
1491 4497 1705 4569 aliquis
1762 4516 1797 4554 a
1829 4499 2075 4555 fornica-

497 4624 512 4657 ¹
553 4632 676 4711 ’ςέῚΠ
727 4622 987 4689 hhonem,
1038 4632 1165 4711 tun
1209 4621 1500 4689 lihunnun,
1549 4623 1865 4695 gratiosum
1908 4629 2079 4681 sonat

427 4705 581 4784 apud
616 4712 924 4784 Hebraeos;
957 4705 1167 4783 grdtias
1209 4720 1461 4784 agentem
1508 4727 1742 4783 quoque
1790 4713 2080 4784 signiﬁca-
2107 4705 2155 4775 D

427 4783 547 4857 bat,
582 4788 646 4838 ut
676 4783 790 4855 ipsi
821 4787 998 4840 testes
1030 4787 1198 4841 erant
1228 4783 1490 4857 tempore
1526 4783 1868 4857 Hieronymi
1888 4785 2080 4841 dicen-

428 4855 523 4922 tis,
555 4870 686 4920 uno,
723 4859 783 4909 ut
813 4857 1002 4922 aiunt,
1031 4871 1281 4913 sermone
1309 4855 1553 4911 dicatur.
1587 4855 1772 4911 an'r.

500 4900 919 4982 gllaar’tianseus
950 4900 1018 4982 ex
1048 4925 1437 4995 Cluniacensi,
1485 4931 1553 4982 ut
1609 4928 1712 4994 ait,
1760 4926 1955 4983 codice
1987 4944 2079 4982 re-

332 5054 343 5059 _
431 4998 634 5071 scribit
690 4995 1011 5071 sﬁxapgnoq,
1075 5015 1252 5069 quam
1327 5015 1525 5055 vocem
1575 4998 1796 5055 Graecia
1853 5002 2084 5071 ignorat

434 5068 722 5144 universa.
755 5068 1173 5144 Hallucinatusg
1201 5075 1399 5127 autem
1447 5072 1506 5127 in
1550 5088 1616 5144 eo
1649 5075 1755 5144 est,
1789 5068 1943 5144 quod
1974 5088 2080 5144 pu-

338 5144 345 5147 ’
432 5140 573 5215 terit
632 5140 1044 5215 Hieronymum
1102 5142 1272 5200 aliter
1329 5159 1395 5199 ac
1454 5141 1641 5215 vulgo
1698 5140 1993 5211 habetur,’
2021 5143 2081 5198 in

434 5209 874 5288 P‘roverbiorun'i
909 5214 1104 5271 Graeco
1148 5214 1465 5288 exemplari
1514 5209 1748 5286 legisse,
1797 5219 1899 5270 aut
1929 5209 2083 5270 certe

434 5282 604 5338 aliter
634 5282 1354 5357 legendumgconstituere,
1385 5303 1519 5341 cum
1551 5282 1921 5352 e'contrario,
1954 5303 2083 5357 ger-

430 5371 609 5410 mana
643 5355 886 5432 lectione
918 5355 1241 5432 saxeam:
1273 5357 1419 5432 nihil
1448 5359 1782 5432 immutata,
1816 5358 1871 5432 id
1899 5355 2084 5432 unum

433 5431 638 5502 urgeat
669 5428 727 5502 S_.
760 5433 954 5500 Pater,
982 5428 1149 5502 quod
1203 5429 1480 5502 peculiari
1526 5429 1950 5502 significatione
1980 5430 2082 5485 do-

431 5499 629 5553 nanda
659 5499 755 5571 sit,
801 5501 858 5555 id
910 5499 1030 5569 est,
1081 5499 1234 5573 quod
1294 5519 1410 5557 non
1470 5499 1685 5572 gratam
1737 5506 1923 5570 sonet,
1966 5501 2084 5556 sive

433 5576 688 5646 agentem
732 5572 981 5642 gratias;
1042 5572 1143 5646 sed
1202 5574 1434 5646 proprie
1478 5575 1796 5646 gratiosam,
1830 5573 1983 5646 quod
2018 5590 2087 5629 ex

430 5642 922 5717 sacricontextus
951 5642 1121 5717 serie,
1178 5642 1329 5699 tum—
1361 5642 1621 5701 veterum
1675 5642 2082 5717 interpretum,

420 5712 671 5788 ’Aquilae,
731 5715 1171 5788 Theodotionis,
1231 5721 1288 5770 et
1339 5716 1681 5788 Symmachi
1740 5712 2086 5773 auctoritate

430 5785 760 5847 confirmat.
822 5788 940 5844 Nos
1007 5785 1309 5858 antiquam
1367 5785 1675 5846 lectionem
1724 5789 2086 5864 postliminio

719 5915 985 5985 PATROL.
1033 5913 1251 5984 XXYI.

2180 3429 2448 3497 lectatur,
2477 3428 2591 3482 iste
2610 3426 2947 3482 idololatres
2968 3427 3033 3501 in
3059 3443 3125 3483 eo
3146 3434 3256 3493 est,
3295 3427 3433 3500 quia
3465 3428 3833 3499 sculpturam

2180 3517 2367 3590 ipsius
2390 3515 2616 3571 nummi
2638 3516 2794 3582 colit,
2818 3515 3044 3571 etidola
3065 3516 3123 3570 in
3166 3516 3250 3571 eis
3282 3515 3483 3571 caelata
3503 3520 3833 3572 veneratur.

2182 3607 2253 3663 Ut
2276 3605 2574 3662 voracium
2606 3606 2750 3661 deus
2770 3610 2970 3660 venter
2993 3610 3103 3672 est,
3127 3605 3208 3660 ita
3227 3605 3579 3677 cupidorum
3603 3620 3836 3677 quoque

2173 3695 2507 3769 justissime
2538 3695 2785 3767 pecunia
2813 3694 2958 3750 deus
2990 3693 3103 3749 dici
3144 3698 3373 3766 potest:
3417 3694 3668 3750 maxime
3698 3710 3834 3751 cum

2182 3785 2241 3840 in
2275 3784 2386 3842 alio
2436 3784 2561 3840 loco
2618 3782 2932 3857 Apostolus
2990 3782 3373 3856 cupiditatem
3443 3782 3835 3839 idololatrian:

2180 3879 2345 3931 vocet
2372 3874 2419 3947 (1
2452 3876 2570 3930 Cor.
2602 3891 2658 3945 Χ,
2690 3874 2767 3945 7).
2799 3874 2881 3929 Ad
2916 3872 3037 3927 haec
3087 3872 3399 3929 vivendum
3444 3872 3585 3946 quid
3618 3873 3837 3929 sentire

2178 3964 2447 4034 voluerit,
2472 3965 2673 4019 dicens
2700 3981 2712 4018 :
2737 3965 2799 4019 In
2826 3979 2991 4034 regno
3025 3964 3234 4019 Christi
3250 3970 3302 4018 et
3319 3964 3467 4018 Deo:
3494 3966 3836 4019 utrumnam

2183 4053 2340 4109 aliud
2400 4068 2673 4124 regnum.
2702 4051 2917 4107 Christi
2976 4050 3072 4119 sit,
3106 4056 3163 4106 et
3218 4049 3378 4105 aliud
3412 4051 3548 4107 Dei:
3577 4067 3651 4106 an
3676 4050 3836 4107 idem

2183 4158 2428 4216 regnum
2459 4141 2537 4196 sit
2556 4140 2741 4195 Patris
2762 4145 2820 4195 et
2863 4139 3011 4195 Filii.
3036 4140 3104 4194 Et
3150 4139 3447 4211 siquidem
3481 4139 3744 4210 dixisset,
3775 4138 3837 4193 in

2183 4247 2361 4304 regno
2420 4229 2545 4284 Filii
2600 4234 2654 4285 et
2711 4227 2919 4296 Patris,
2981 4244 3083 4301 per
3133 4227 3346 4284 Filium
3396 4228 3730 4284 veniremus
3763 4227 3836 4283 ad

2183 4320 2451 4376 Patrem:
2510 4323 2565 4375 et
2620 4317 2755 4374 licet
2826 4321 2981 4374 esset
3053 4316 3361 4373 diversitas
3428 4332 3838 4389 personarum,

2183 4414 2380 4469 tamen
2412 4413 2567 4464 esset
2598 4406 2969 4480 regnantium
3024 4423 3141 4462 una
3187 4407 3503 4485 majestas:
3536 4412 3677 4462 tunc
3704 4421 3839 4462 vero

2185 4516 2319 4557 cum
2350 4498 2586 4555 dixerit:
2623 4501 2683 4553 In
2713 4513 2881 4568 regno
2914 4497 3117 4552 Christi
3157 4505 3209 4552 et
3254 4498 3372 4565 Dei,
3404 4496 3600 4568 ipsum
3630 4494 3840 4567 Deum,

2188 4623 2606 4696 revocavimus.
2640 4654 2710 4663 ——
2741 4623 2826 4696 ita
2855 4621 2997 4696 legit
3026 4623 3206 4679 codex
3228 4639 3370 4679 mss.
3390 4620 3801 4696 Cluniacensis
3825 4639 3839 4691 ;

2187 4697 2271 4752 sic
2303 4712 2537 4769 quoque
2568 4694 2879 4769 legendum
2914 4690 3097 4769 wdocet
3144 4699 3303 4751 totus
3337 4690 3671 4769 Hieronymi
3703 4710 3839 4769 con-

2188 4765 2401 4841 textus.
2440 4765 2687 4841 Putabat
2716 4765 2872 4821 enim
2903 4766 3293 4841 Hieronymus
3333 4766 3502 4841 aliter
3528 4765 3844 4841 legendum

2188 4842 2247 4895 in
2281 4837 2624 4922 Proverbiis,
2668 4854 2845 4909 quam
2898 4838 3077 4922 vulgo
3120 4837 3431 4922 legeretur,
3490 4839 3550 4896 id
3585 4837 3694 4922 est,
3728 4852 3845 4921 non

2189 4911 2325 4985 γρνὴ
2388 4906 2731 4985 adligatos,
2791 4906 3260 4985 mulier'gratias
3301 4926 3509 4980 agens;
3562 4911 3663 4968 sed
3711 4908 3844 4985 γυνή

2190 4980 2746 5058 έύχαριπόἐ,”τηιιιιέν
2787 4980 3063 5051 gratiosa,
3111 4988 3353 5038 venusto
3400 4984 3639 5055 aspectu
3671 4980 3847 5053 atque

2193 5057 2421 5111 decora.
2454 5057 2637 5109 MART.

2260 5145 2282 5179 ³
2313 5145 2645 5200 Lectionem
2694 5142 3039 5216 hujusmodi
3089 5145 3476 5216 corruperunt
3522 5142 3749 5196 Erasm.
3794 5142 3852 5193 et

2191 5216 2434 5272 Marian.
2469 5216 2571 5289 qui
2612 5232 2726 5289 non
2786 5214 3117 5289 Graecorum
3179 5214 3565 5289 interpretum
3598 5224 3850 5289 posuere

2190 5289 2388 5356 verba,
2419 5281 2554 5361 γυῇ
2592 5286 2842 5361 χάριτος,
2872 5288 3077 5342 mulier
3123 5281 3352 5361 gratiae,
3384 5286 3503 5361 sive
3527 5281 3844 5361 pulchritu-

2190 5350 2383 5421 dinis,"
2433 5350 2554 5414 sed
2597 5350 2737 5415 suae
2793 5350 2960 5414 voces
3017 5350 3347 5424 conlictas,'
3378 5350 3842 5482 ﬁmi—10:90:26“

2195 5432 2331 5482 alibi
2364 5431 2579 5482 saeuius
2611 5431 2828 5482 factum
2880 5430 3335 5482 observavimus.
3443 5444 3571 5481 ART.
3604 5457 3667 5465 η
3703 5424 3842 5479 Dru‘-

2195 5432 2331 5487 alibi
2364 5431 2579 5502 saepius
2611 5431 2828 5484 factum
2880 5430 3354 5502 observavimus.
3383 5424 3667 5502 ΜΑ-ιδῇξέ-
3703 5424 3847 5479 Dru‘-

2193 5505 2319 5560 sius
2350 5497 2568 5567 tamen,
2593 5506 2649 5556 et
2671 5518 2797 5574 quae
2822 5517 2954 5574 eum
2980 5500 3272 5574 praecessit
3292 5501 3395 5552 τῶν
3424 5498 3561 5574 LXX
3586 5497 3851 5574 Romana

2193 5574 2370 5645 editio
2397 5591 2529 5629 cum
2559 5567 2800 5628 schdliis
2832 5567 3023 5645 legere
3050 5570 3675 5645 apudSymmaohum,
3698 5567 3841 5645 χυνή

2194 5644 2393 5720 ἀγαθὴ,
2429 5664 2554 5720 qua}
2588 5640 2933 5720 fortasseex
2975 5640 3161 5720 altera
3203 5640 3851 5720 Symmachieditione,

2197 5713 2349 5789 quod
2379 5723 2433 5774 et
2449 5713 2935 5789 'Montt‘auconius
2982 5716 3271 5789 observat,
3324 5713 3501 5789 lectio
3534 5713 3852 5773 derivatur.

2194 5784 2487 5847 Victorius
2515 5794 2570 5851 et
2599 5787 2887 5844 contrario
2921 5784 3082 5865 legit,
3114 5784 3252 5863 γυνή
3287 5785 3560 5864 χαροπὸς.

3465 5916 3537 5976 18
