4310 6650
494 504 610 566 535

1745 502 1812 564 S.
1857 501 2170 564 EUSEBII
2215 500 2660 563 HIERONYMI

3781 504 3901 566 556

493 643 550 694 et
578 636 875 693 Christum
903 634 1326 709 intelligamus,
1368 634 1508 708 quia
1561 639 1617 690 et
1669 651 1802 690 cum
1834 634 2140 691 tradiderit
2166 640 2221 708 Α
2251 633 2393 691 mini
2423 634 2560 690 alibi
2594 650 2685 692 me
2717 635 2947 709 legisse,
2986 641 3219 709 excepto
3269 638 3538 709 prtesenti
3574 637 3723 709 loco,
3755 655 3899 698 com-

491 743 737 800 regnum
774 728 885 782 Deo
914 731 971 781 et
999 724 1178 791 Patri,
1220 742 1335 780 non
1366 725 1475 781 erit
1520 725 1690 780 Pater
1719 724 1828 780 erit
1852 724 2051 779 omnia
2079 723 2137 779 in

491 816 789 883 omnibus,
822 816 918 872 sed
957 821 1107 871 Deus
1163 817 1361 871 omnia
1414 814 1473 868 in
1532 813 1807 870 omnibus
1841 814 1885 885 (ι
1917 814 2134 882 Conxv,

489 906 580 973 24,
609 906 722 976 28).
782 902 887 959 Ubi
946 907 1139 959 autem
1208 904 1359 959 Deus
1415 907 1523 969 est,
1581 907 1702 958 tam
1761 902 1929 957 Pater
1959 918 2136 973 quam

492 992 675 1049 Filius
704 991 951 1065 intelligi
1002 996 1212 1065 potest.
1270 992 1446 1048 Porro
1494 991 1648 1063 quod
1684 991 1754 1045 de
1782 994 1951 1046 Patre
1979 995 2036 1046 et
2065 990 2138 1046 de
2246 992 2440 1043 autem
2472 989 2570 1044 lux
2602 990 2660 1044 in
2693 990 2953 1047 Domino.
2998 1015 3027 1041 »

490 1081 636 1141 Filio
673 1081 945 1150 dicimus,
978 1081 1088 1137 hoc
1143 1080 1299 1137 idem
1328 1085 1385 1136 et
1416 1081 1486 1135 de
1516 1080 1737 1152 Spiritu
1768 1083 1972 1134 sancto
2003 1094 2136 1134 sen-

488 1172 729 1230 tiamus.

559 1262 744 1334 (Vers.
776 1262 857 1334 6.)
891 1283 919 1311 ‹‹
945 1260 1126 1317 Nemo
1158 1276 1256 1316 vos
1296 1258 1548 1332 decipiat
1595 1256 1870 1314 inanibus
1902 1256 2131 1313 verbis:

487 1355 725 1425 propter
747 1350 866 1406 haec
888 1349 1047 1405 enim
1068 1348 1226 1405 venit
1245 1348 1333 1404 ira
1346 1347 1448 1403 Dei
1469 1346 1530 1401 in
1554 1344 1690 1401 ﬁliis
1708 1345 2069 1401 difﬁdentiae.
2105 1366 2133 1393 »ι

483 1439 675 1496 Verba
694 1455 822 1512 quin
849 1438 1147 1511 decipiunt
1164 1441 1337 1509 atque
1360 1436 1759 1508 supplantant,
1784 1434 1980 1491 mania
1996 1437 2136 1489 sunt

484 1533 541 1587 et
561 1546 763 1587 vacua.
785 1529 919 1593 Quae
940 1544 1072 1584 vero
1094 1528 1251 1583 644
1279 1526 1569 1581 aediﬁcant
1601 1522 1915 1594 auditores,
1939 1522 2130 1593 plena,

483 1618 803 1691 cumulata,
837 1618 1112 1674 conferta.
1146 1615 1294 1679 Quia
1323 1614 1505 1685 igitur
1556 1618 1697 1668 sunt
1738 1611 2001 1683 plerique
2032 1610 2133 1682 qui

483 1709 688 1766 dicunt
710 1709 748 1777 ί,
772 1724 887 1764 non
912 1709 1108 1762 futura
1128 1721 1231 1777 pro
1255 1701 1506 1776 peccatis
1545 1718 1673 1758 esse
1696 1700 2003 1773 supplicia,
2028 1715 2133 1755 nec

484 1798 846 1854 extrinsecus
867 1794 1201 1851 adhibenda
1220 1796 1546 1849 tormenta:
1590 1792 1690 1847 sed
1712 1790 1906 1861 ipsum
1932 1805 2131 1861 pecca-

485 1891 635 1954 tum,
668 1891 725 1941 et
752 1884 1165 1942 conscientiam
1216 1881 1411 1938 delicti
1450 1898 1577 1937 esse
1626 1897 1728 1952 pro
1762 1896 1950 1951 poena,
1987 1879 2129 1933 dum

2246 726 2611 797 participem:
2641 730 2698 780 et
2726 730 2948 783 tamen
2984 727 3368 783 manifestum
3425 732 3515 784 est
3564 728 3659 784 hic
3688 745 3805 786 non
3838 730 3899 788 in

2249 810 2400 867 bona
2432 817 2614 884 parte,
2648 814 2746 868 sed
2776 814 2836 869 in
2869 815 3161 870 contraria
3192 815 3475 887 positum.

2319 899 2502 971 (Vere,
2534 901 2613 971 8.)
2648 924 2676 951 «
2710 902 2897 959 Eratis
2918 903 3074 959 enim
3098 903 3413 975 aliquando
3433 906 3684 963 tenebrae
3705 924 3718 963 :
3742 924 3899 965 nunc

3084 992 3144 1048 Si
3203 993 3480 1065 possibile
3535 999 3624 1051 est
3659 997 3806 1054 verti
3834 998 3895 1054 in

2243 1074 2434 1132 lucem
2455 1079 2751 1147 tenebras,
2774 1097 2890 1135 non
2910 1086 3001 1136 est
3038 1082 3363 1138 secundum
3395 1084 3683 1155 quosdam
3713 1086 3894 1144 haere-

2244 1165 2391 1221 ticos
2422 1170 2631 1223 natura
2660 1183 2785 1240 quae
2818 1175 3034 1241 pereat,
3068 1176 3125 1225 et
3154 1171 3406 1244 recipere
3457 1178 3707 1246 nequeat
3736 1175 3895 1232 salu-

2245 1258 2381 1309 tem.
2417 1255 2849 1328 Interrogemus
2878 1274 3013 1330 ergo
3043 1275 3141 1315 eos
3198 1261 3299 1332 qui
3356 1261 3458 1317 illa
3514 1263 3893 1336 conﬁngunt:

2242 1347 2583 1399 utrumnam
2618 1361 2821 1402 omnes
2859 1347 3021 1418 impii
3081 1350 3333 1404 tenebrae
3392 1350 3531 1419 sint,
3566 1367 3785 1409 necne:
3821 1355 3893 1410 de

2244 1432 2461 1502 quibus
2484 1433 2722 1505 quidam
2747 1450 2881 1490 cum
2905 1441 3141 1508 pr0pter
3157 1437 3445 1493 malitiam
3461 1441 3712 1496 tenebris
3727 1458 3895 1498 voca-

2242 1526 2461 1588 rentur,
2495 1524 2566 1578 ad
2599 1523 2842 1580 meliora
2871 1528 3157 1595 conversi,
3185 1544 3341 1583 nunc
3373 1527 3472 1583 lux
3515 1528 3894 1602 appellantur

2240 1610 2299 1667 in
2332 1612 2595 1668 Domino.
2627 1612 2789 1669 Sicut
2820 1619 3015 1670 autem
3053 1616 3204 1687 justi
3248 1622 3387 1673 sunt
3428 1616 3630 1674 lumen
3661 1619 3889 1691 mundi,

2240 1700 2324 1756 sic
2388 1701 2553 1773 impii
2610 1708 3032 1774 consequenter
3084 1705 3335 1761 tenebrae
3389 1708 3793 1777 vocabuntur;
3835 1713 3895 1765 et

2235 1789 2380 1859 justi
2415 1791 2653 1862 quidem
2684 1808 2817 1847 cum
2850 1792 2969 1848 sint
3016 1792 3238 1860 lumen,
3286 1796 3570 1852 videbunt
3599 1796 3798 1854 lumen
3829 1798 3890 1854 in

2241 1879 2463 1934 lumine
2495 1880 2668 1951 (Psal.
2713 1898 2881 1949 xxxv,
2930 1882 3057 1953 10);
3099 1882 3306 1955 injusti
3357 1890 3555 1941 autem
3604 1879 3740 1943 cum
3772 1887 3893 1944 sint

484 1975 698 2032 vermis
727 1975 786 2029 in
819 1974 990 2030 corde
1046 1989 1161 2028 non
1222 1969 1489 2040 moritur,
1549 1972 1608 2025 et
1657 1968 1717 2023 in
1752 1968 1945 2023 animo
1975 1966 2129 2038 ignis
2160 2012 2207 2078 Β
2238 1969 2510 2034 tenebrae,
2544 1969 2797 2042 populus
2827 1975 2968 2027 sunt
2997 1972 3207 2029 sedens
3253 1972 3312 2028 in
3343 1974 3623 2045 tenebris,
3656 1979 3712 2033 et
3742 1976 3885 2032 nihil

680 2064 741 2078 Il.
855 2063 923 2078 ιιι
1205 2061 1279 2078 !n\
1358 2060 1390 2078 3,
1472 2056 1910 2078 -!_-_'l!L-_J2_.__.
1950 2055 2127 2078 0-1.-1-
2236 2057 2434 2078 _-fj__‘
2473 2059 2535 2078 Il-
2557 2076 2576 2078 _-
2612 2076 2644 2078 -,
2743 2060 2794 2078 n\
2888 2060 2927 2078 Λ
2992 2077 2996 2078 ,
3220 2062 3313 2078 ’σω
3455 2064 3490 2078 ιο
3647 2065 3659 2075 ι
3713 2070 3722 2078 .

484 2064 824 2121 accenditur
851 2063 1036 2135 (Marc.
1070 2079 1149 2129 1x,
1194 2061 1306 2132 43),
1356 2060 1415 2115 in
1468 2056 1916 2114 similitudinem
1950 2055 2128 2111 febris
2160 2055 2207 2078 ”
2236 2057 2438 2113 videns
2471 2059 2581 2129 (lsa
2611 2076 2687 2125 ιιι,
2742 2060 2818 2131 2).
2886 2060 3145 2124 Quorum
3203 2062 3594 2120 differentiam
3642 2065 3796 2121 inter
3824 2082 3887 2123 se

483 2170 615 2227 quae
644 2170 759 2210 non
790 2155 1021 2224 torquet
1060 2151 1165 2220 [ΑΙ.
1215 2148 1504 2221 torqueat]
1555 2145 1914 2203 extrinsecus
1944 2162 2128 2217 egro-

480 2248 728 2309 tantem,
761 2243 861 2299 sed
919 2257 1162 2313 corpora
1218 2240 1347 2312 ipsa
1399 2236 1718 2308 corripiens
1776 2235 1967 2307 punit,
2003 2234 2129 2291 sine

481 2333 849 2389 cruciatuum
881 2331 1204 2387 forinsecus
1254 2326 1615 2384 adhibitione
1659 2325 1813 2396 quod
1846 2324 2124 2396 possidet.

481 2426 599 2478 Has
628 2422 826 2494 itaque
855 2419 1268 2493 persuasiones
1300 2420 1357 2473 et
1376 2414 1673 2488 decipulas
1698 2413 2123 2485 fraudulentas,

481 2511 659 2567 verba
703 2509 904 2566 inania
959 2506 1271 2581 appellavit
1320 2511 1376 2563 et
1432 2522 1639 2573 vacua,
1698 2520 1825 2574 qua:
1857 2503 2129 2558 videntur

478 2602 681 2657 ﬂorem
710 2599 1023 2672 quemdam
1071 2597 1286 2653 habere
1343 2609 1704 2663 sermonum,
1761 2596 1819 2647 et
1874 2590 2126 2647 blandiri

477 2690 891 2763 peccantibus;
926 2688 1025 2744 sed
1075 2687 1217 2741 dum
1275 2684 1550 2740 ﬁduciam
1609 2681 1899 2749 tribuunt,
1936 2679 2124 2752 magis

476 2797 574 2837 eos
605 2781 801 2836 ferunt
830 2779 902 2834 ad
932 2782 1147 2833 aeterna
1203 2774 1512 2847 supplicia.
1571 2771 1717 2836 Quia
1772 2772 1844 2825 dc
1875 2768 2035 2825 nulla
2065 2785 2124 2825 re

475 2870 559 2927 sic
590 2870 862 2926 irascitur
884 2869 1062 2935 Deus,
1096 2866 1387 2939 quomodo
1419 2863 1468 2919 si
1513 2865 1778 2934 peccator
1802 2858 2122 2931 superbiat,

476 2962 535 3015 et
561 2963 788 3015 erectus
835 2975 903 3014 ac
949 2957 1174 3029 rigidus
1223 2971 1340 3010 non
1374 2953 1643 3008 flectatur
1670 2950 1729 3004 in
1763 2949 1985 3013 fletum,
2017 2964 2123 3004 nec

477 3045 941 3103 misericordiam
994 3042 1250 3117 postulet
1295 3034 1409 3114 ’pro
1466 3039 1695 3096 delicto.
1756 3040 1984 3109 Propter
2013 3037 2124 3092 haec

475 3138 625 3193 enim
678 3136 826 3192 venit
875 3136 964 3189 ira
1019 3134 1120 3188 Dei
1171 3148 1336 3203 super
1390 3130 1533 3200 ﬁlios
1597 3128 1942 3199 difﬁdentiae,
2002 3126 2121 3183 sive

474 3225 972 3286 insuasibilitatis;
1029 3219 1270 3276 ἀπὲίθεια
1325 3219 1481 3276 enim
1542 3216 1729 3290 magis
1787 3234 1820 3272 a
1866 3218 2122 3272 suasione

473 3332 651 3389 quam
683 3332 717 3372 a
746 3314 958 3385 ﬁducia
984 3330 1019 3369 a
1048 3311 1277 3367 diverso
1310 3308 1556 3380 intelligi
1580 3305 2119 3379 potest.Insuasibi-

2238 2151 2412 2218 atque
2443 2148 2807 2219 distantiam,
2841 2164 2909 2204 ex
2934 2150 3220 2207 fructibus
3242 2152 3645 2226 intelligimus.
3680 2153 3885 2211 Omnis

2238 2235 2392 2290 enim
2451 2236 2550 2308 qui
2608 2243 2884 2310 operatur
2937 2238 3181 2305 malum,
3240 2240 3362 2295 odit
3418 2242 3631 2313 lucem,
3679 2247 3736 2299 et
3768 2260 3884 2300 non

2233 2325 2474 2381 veniens
2506 2327 2576 2381 ad
2610 2325 2826 2394 lucem,
2882 2330 3229 2385 tenebrosus
3259 2335 3366 2398 est,
3400 2335 3457 2386 et
3507 2331 3663 2388 ﬁlius
3694 2333 3888 2390 noctis

2236 2418 2410 2486 atque
2440 2416 2835 2487 tenebrarum,
2883 2417 2983 2489 qui
3012 2434 3145 2473 vero
3176 2424 3450 2491 operatur
3477 2421 3807 2491 veritatem,
3832 2427 3890 2478 et

2235 2503 2294 2558 in
2326 2503 2512 2559 lucem
2543 2504 2719 2569 venit,
2751 2505 2848 2560 lux
2881 2513 2988 2575 est,
3021 2510 3078 2562 et
3106 2506 3263 2563 ﬁlius
3297 2507 3445 2564 lucis
3474 2514 3532 2564 et
3558 2510 3673 2566 diei
3702 2511 3883 2582 (Joan.

2234 2609 2319 2659 ιιι,
2349 2594 2439 2659 20,
2470 2594 2584 2664 2i).
2619 2594 2907 2650 Lucentes
2937 2599 3133 2651 autem
3165 2596 3284 2652 sive
3316 2598 3632 2667 tenebrosi,
3664 2598 3737 2655 de
3766 2615 3889 2655 cor-

2234 2682 2325 2737 dis
2353 2681 2441 2737 vel
2472 2682 2713 2754 lumine,
2752 2683 2839 2739 vel
2898 2686 3156 2740 tenebris
3213 2691 3667 2758 cognoscuntur.
3699 2687 3887 2761 Super

2233 2769 2354 2826 haec
2381 2788 2625 2842 quaeres,
2660 2790 2732 2828 ne
2765 2773 2909 2829 forte
2939 2774 3012 2829 ob
3063 2774 3503 2832 distinctionem
3548 2793 3750 2833 eorum
3783 2779 3882 2851 qui

2233 2858 2332 2915 lux
2359 2865 2517 2931 sunt,
2552 2862 2650 2917 sed
2684 2879 2799 2917 non
2832 2867 2971 2919 sunt
2999 2861 3099 2918 lux
3129 2864 3187 2919 in
3227 2865 3488 2935 Domino,
3511 2866 3779 2937 dejustis
3801 2868 3885 2923 di-

2233 2954 2398 3005 catur
2424 2967 2436 3006 :
2461 2952 2613 3006 Nunc
2636 2960 2821 3007 autem
2852 2952 2951 3007 lux
2979 2952 3041 3006 in
3064 2953 3313 3009 Domino.
3348 2959 3627 3012 Decenter
3647 2972 3883 3029 quoque

2230 3038 2518 3111 Ephesiis,
2551 3039 2651 3111 qui
2685 3041 2756 3095 ad
2789 3040 3044 3097 scientias
3076 3058 3372 3097 summam
3395 3045 3879 3117 conscenderant,

2230 3127 2508 3183 scribitur
2564 3130 2715 3201 quod
2778 3130 2895 3185 sint
2940 3129 3039 3185 lux
3090 3130 3149 3185 in
3190 3131 3454 3188 Domino.
3515 3132 3714 3206 Neque
3743 3151 3876 3191 vero

2227 3218 2478 3272 tenebrae
2510 3218 2647 3290 ipsae
2677 3223 2987 3275 vertuntur
3016 3220 3075 3275 in
3112 3218 3303 3276 lucem
3329 3238 3343 3277 :
3376 3226 3479 3277 aut
3510 3221 3608 3277 lux
3638 3223 3698 3278 in
3722 3229 3880 3281 tene-

2228 3305 2363 3361 bras
2395 3312 2828 3376 commutatur;
2861 3309 2960 3364 sed
3019 3308 3080 3364 hi
3138 3310 3239 3381 qui
3295 3311 3368 3366 ab
3426 3328 3492 3368 eo
3523 3313 3679 3384 quod
3711 3320 3873 3383 sunt,

466 3383 649 3462 litatis
680 3383 899 3473 autem,
941 3402 1060 3459 sive
1118 3398 1478 3465 difﬁdentiae,
1542 3396 1646 3451 ﬁlii
1704 3396 1787 3452 sic
1818 3394 2114 3464 dicuntur,
2148 3383 2189 3450 C
2228 3410 2440 3451 nomen
2472 3413 2701 3469 quoque
2727 3397 2814 3453 vel
2870 3397 3105 3454 virtutis
3161 3414 3448 3472 meruere,
3507 3383 3595 3457 vel
3624 3401 3786 3458 vitii:
3820 3403 3871 3459 si

469 3495 763 3568 quomodo
802 3492 909 3548 ﬁlii
948 3490 1313 3565 perditionis,
1366 3492 1422 3543 et
1470 3486 1573 3542 ﬁlii
1607 3484 2026 3556 fornicationis,
2059 3489 2118 3541 et

465 3584 572 3640 ﬁlii
602 3582 829 3651 mortis,
862 3586 919 3638 et
953 3580 1055 3636 ﬁlii
1086 3579 1388 3652 gehennm,
1423 3580 1481 3632 et
1516 3580 1722 3631 caetera
1751 3573 1844 3629 his
1877 3573 2112 3643 similia,

2228 3484 2489 3541 conversi
2546 3486 2761 3542 fuerint
2815 3488 2886 3542 de
2944 3486 3056 3543 alio
3109 3486 3167 3542 in
3214 3487 3397 3558 aliud,
3431 3488 3745 3563 ὁμωνύμως
3778 3492 3873 3548 his

2225 3575 2399 3630 rebus
2427 3592 2461 3631 a
2493 3575 2710 3649 quibus
2764 3576 3161 3649 possidentur,
3216 3576 3306 3634 vel
3352 3579 3751 3653 tenebrarum,
3780 3580 3872 3638 vel

467 3691 596 3746 quae
625 3674 685 3730 in
723 3671 899 3729 variis
929 3669 1355 3741 Scripturaram
1387 3664 1528 3722 locis
1557 3662 1817 3720 invenire
1842 3662 2115 3735 perfacile
2222 3663 2370 3720 lucis
2395 3665 2741 3721 vocabulum
2784 3666 3121 3722 sortientur.

464 3766 577 3823 est.

539 3849 724 3923 (Vere.
783 3848 861 3921 7.)
924 3871 944 3897 «ι

2298 3774 2325 3806 α
2355 3754 2428 3810 Ut
2458 3754 2564 3809 ﬁlii
2594 3754 2743 3810 lucis
2774 3754 3090 3812 ambulate.
3126 3779 3149 3808 ι
3215 3754 3274 3811 Si
3332 3757 3487 3814 Deus
3542 3757 3643 3814 lux
3670 3762 3778 3828 est,
3813 3765 3871 3817 et

1005 3845 1195 3902 Nolite
1269 3860 1404 3917 ergo
1460 3843 1610 3899 efﬁci
1668 3840 2110 3913 comparticipes
2218 3844 2470 3899 tenebras
2500 3844 2557 3899 in
2590 3861 2656 3899 eo
2696 3860 2812 3899 non
2870 3848 3010 3899 sunt
3061 3845 3107 3916 (1
3160 3846 3315 3903 Joan.
3376 3863 3416 3914 ι,
3471 3847 3551 3919 5).
3609 3847 3712 3903 ﬁlii
3746 3850 3866 3919 Dei,

458 3956 731 3998 eorum.»
765 3937 1062 4009 Particeps
1084 3934 1202 3992 sive
1223 3933 1648 4006 comparticeps
1683 3931 1746 3986 ﬁt
1767 3930 2106 3986 difﬁdentiae
2218 3931 2320 3986 ﬁlii
2352 3931 2500 3989 lucis
2531 3937 2690 3989 sunt.
2736 3932 2968 3989 Necnon
3027 3934 3076 3989 si
3133 3933 3399 3991 Christus
3456 3935 3555 3990 lux
3611 3953 3744 3993 vera
3774 3942 3863 3995 est

458 4028 737 4098 ﬁliorum,
770 4027 871 4100 qui
904 4027 965 4082 in
994 4024 1394 4094 fornicatione,
1426 4026 1481 4077 et
1526 4021 1582 4076 in
1619 4018 2017 4087 immunditia,
2051 4022 2107 4075 et
2214 4023 2391 4090 (Joan.
2452 4039 2493 4093 ι,
2551 4023 2628 4093 9),
2688 4021 2794 4077 ﬁlii
2854 4039 3087 4095 quoque
3142 4024 3271 4095 ejus
3301 4025 3371 4080 ad
3404 4040 3553 4096 quos
3577 4024 3859 4098 loquitur,

456 4118 717 4187 avaritia,
770 4119 1006 4191 propter
1060 4132 1186 4188 quas
1238 4112 1397 4169 venit
1447 4112 1533 4168 ira
1588 4111 1688 4167 Dei
1747 4126 1924 4182 super
1952 4107 2102 4164 ﬁlios
2212 4112 2449 4168 dicens:
2538 4113 2724 4167 Filioli
2798 4114 2928 4178 mei,
3016 4111 3194 4168 adhuc
3264 4113 3534 4169 modicum
3578 4115 3859 4171 vobiscum

453 4208 811 4278 difﬁdentiae,
856 4205 1159 4278 reperitur.
1193 4204 1263 4259 Et
1308 4201 1599 4275 particeps
1629 4199 1868 4269 quidem
1897 4212 2099 4254 eorum
2208 4217 2329 4257 sum
2359 4202 2535 4273 (Joan.
2568 4219 2690 4271 xm,
2721 4203 2832 4273 33),
2864 4201 2972 4257 ﬁlii
3023 4218 3168 4258 verae
3224 4202 3372 4259 lucis
3424 4205 3580 4259 sunt.
3628 4203 3709 4260 Ex
3738 4219 3854 4277 quo

454 4301 565 4366 est,
624 4297 697 4353 ab
744 4312 811 4353 eo
870 4295 1024 4367 quod
1082 4291 1484 4366 participatur,
1538 4294 1594 4345 et
1623 4287 2097 4344 communionem
2208 4289 2502 4364 colligitur
2528 4291 2763 4348 eosdem
2803 4291 2954 4348 ﬁlios
3011 4309 3139 4349 esse
3192 4292 3289 4349 Dei
3342 4292 3553 4364 Patris,
3582 4293 3684 4366 qui
3714 4298 3857 4352 sunt

449 4384 628 4442 habet
680 4383 970 4441 malorum
1032 4396 1312 4453 operum:
1376 4378 1800 4450 comparticeps
1855 4392 1988 4431 vero
2045 4375 2096 4431 ei
2205 4380 2311 4436 ﬁlii
2339 4381 2551 4437 Christi
2582 4381 2745 4438 Jesu.

451 4473 794 4546 appellatur,
855 4473 956 4544 qui
1012 4487 1145 4526 cum
1205 4468 1335 4524 aliis
1408 4472 1465 4522 et
1534 4465 1859 4539 particeps:
1922 4468 1979 4520 et
2034 4464 2093 4520 in
2272 4470 2456 4542 (Vers.
2488 4471 2567 4543 9.)
2599 4494 2627 4521 «
2661 4471 2907 4529 Fructus
2935 4470 3090 4527 enim
3120 4472 3270 4528 lucis
3300 4475 3390 4528 est
3420 4472 3479 4527 in
3505 4472 3664 4528 omni
3687 4472 3851 4528 boni-

449 4560 859 4633 comparticipi
892 4558 1240 4631 intelligitur
1268 4560 1356 4613 est
1386 4556 1694 4628 particeps.
1729 4556 1791 4610 In
1824 4554 2092 4627 participi
2199 4563 2317 4615 tate
2348 4565 2404 4615 et
2424 4560 2658 4632 justitia
2699 4566 2756 4617 et
2783 4560 3041 4618 veritate.
3072 4583 3100 4611 »
3148 4562 3444 4619 Adversus
3495 4560 3845 4618 Marcionem

442 4666 578 4706 vero
602 4667 716 4706 non
739 4650 936 4706 statim
961 4652 1194 4704 tenetur
1219 4651 1275 4703 et
1307 4644 2089 4719 comparticeszliligenter
2198 4649 2320 4721 (qui
2342 4650 2576 4721 justum
2609 4650 2793 4706 Deum
2825 4667 2859 4705 a
2908 4650 3060 4706 bono
3109 4656 3365 4723 separat,
3392 4655 3449 4706 et
3478 4654 3647 4722 putat
3674 4650 3845 4707 Crea-

442 4741 687 4797 observa
740 4738 980 4795 verbum
1041 4735 1473 4809 comparticipis
1531 4739 1706 4808 atque
1760 4733 2082 4807 participis.
2122 4759 2169 4824 D
2201 4741 2385 4795 torem
2417 4755 2546 4795 esse
2562 4742 2796 4811 justum
2825 4758 2837 4810 ;
2871 4741 3027 4795 646
3060 4739 3242 4796 alium
3262 4756 3397 4796 vero
3420 4739 3613 4796 nescio
3644 4756 3842 4812 quem,

442 4829 587 4886 Puto
614 4828 768 4885 enim
800 4828 859 4882 in
888 4826 1204 4900 Scripturis
1235 4825 1576 4899 participem
1624 4825 1683 4879 in
1714 4825 1929 4880 bonam
1965 4840 2091 4895 par-
2199 4829 2369 4899 cuius
2426 4828 2693 4885 Christus
2746 4830 2856 4885 iste
2913 4830 3013 4902 qui
3069 4828 3249 4896 venit,
3305 4829 3461 4886 ﬁlius
3494 4829 3590 4898 sit,
3622 4830 3843 4886 bonum

435 4921 578 4987 tem,
601 4916 1076 4990 comparticipem
1100 4916 1158 4971 in
1183 4915 1395 4971 malam
1431 4931 1662 4986 semper
1685 4913 1886 4986 accipi.
1914 4912 2087 4968 Verbi
2195 4920 2603 4973 tantummodo
2633 4934 2761 4975 esse
2811 4920 3013 4992 Deum)
3060 4919 3169 4975 hoc
3222 4918 3625 4975 testimonium
3655 4919 3845 4992 profe-

434 5009 661 5082 gratia:
695 5010 925 5080 Propter
952 5005 1094 5079 quod
1121 5006 1289 5062 unxit
1318 5009 1367 5061 te
1425 5005 1568 5061 Deus
1618 5009 1763 5060 Deus
1793 5007 1937 5068 tuus,
1970 5002 2084 5057 oleo
2195 5022 2415 5062 ramus.
2446 5006 2743 5078 Siquidem
2775 5008 2999 5064 fructus
3045 5006 3217 5075 lucis,
3268 5023 3383 5064 non
3432 5006 3625 5063 solum
3662 5012 3753 5064 est
3781 5006 3843 5063 in

431 5098 816 5154 exsultationis
864 5112 983 5169 prae
1027 5094 1389 5167 participibus
1446 5096 1555 5149 tuis
1585 5094 1756 5161 (Psal.
1789 5110 1938 5158 xuv,
1985 5092 2078 5162 8):
2192 5094 2490 5164 bonitate;
2524 5097 2620 5151 sed
2654 5095 2714 5152 in
2747 5096 2981 5168 justitia
3026 5101 3083 5152 et
3113 5097 3171 5152 in
3214 5096 3475 5153 veritate.
3507 5094 3616 5152 Ubi
3645 5096 3845 5169 itaque

428 5192 486 5243 et
512 5187 571 5242 in
604 5187 717 5244 alio
748 5186 872 5243 loco
899 5204 911 5243 :
943 5188 1252 5257 Participcs
1283 5186 1431 5240 enim
1463 5183 1677 5239 Christi
1695 5182 1830 5252 facti
1849 5196 2039 5235 sumus
2060 5198 2079 5235 .·
2189 5184 2419 5241 bonitas
2449 5191 2557 5252 est,
2589 5186 2670 5241 ibi
2719 5192 2776 5242 et
2821 5186 3058 5257 justitia
3086 5203 3101 5254 ;
3134 5186 3234 5241 ubi
3256 5185 3509 5259 justitia,
3532 5185 3611 5241 ibi
3642 5202 3843 5242 conse-

418 5278 471 5333 si
497 5285 680 5333 tamen
706 5276 1052 5349 principium
1080 5274 1405 5330 substantia:
1432 5288 1594 5343 usque
1621 5271 1700 5326 ad
1729 5271 1881 5325 645
1904 5270 2079 5340 ﬁnem
2187 5278 2434 5343 quenter
2461 5279 2519 5331 et
2550 5276 2783 5331 veritas.
2816 5275 2985 5346 Apud
3042 5276 3262 5331 bonum
3320 5291 3456 5348 ergo
3486 5274 3707 5331 Christi
3729 5275 3837 5331 Pa-

421 5366 646 5436 ﬁrmum
698 5368 1041 5423 tenuerimus
1097 5365 1278 5436 (Hebr.
1344 5378 1428 5433 ιιι,
1473 5360 1581 5431 ili).
1615 5360 1791 5415 Porro
1813 5375 1927 5415 non
1961 5374 2077 5414 me-
2185 5366 2354 5430 trem,
2380 5368 2444 5420 ut
2464 5365 2575 5438 ipsi
2603 5378 2834 5436 quoque
2859 5365 3136 5435 fatentur,
3162 5370 3252 5422 est
3272 5365 3488 5422 veritas
3503 5368 3561 5420 et
3581 5364 3834 5422 bonitas.

498 5561 723 5616 ‘Facile
742 5561 1105 5644 Origenistas
1124 5560 1453 5644 impugnat,
1479 5557 1579 5644 qui
1603 5556 1779 5641 hocce
1797 5554 2067 5644 delirium
2181 5574 2294 5644 qpo
2326 5562 2656 5644 peccatores
2688 5559 3031 5641 puniantur,
3063 5577 3178 5617 non
3211 5577 3340 5617 esse
3365 5560 3565 5644 ignem
3595 5574 3828 5644 verum,

419 5646 486 5686 ex
516 5632 643 5702 ipso
688 5628 1033 5688 Adamantio
1092 5628 1318 5687 libflr
1354 5629 1420 5684 de
1481 5629 1977 5715 P'rin‘cipiis,.cq‘p.
2010 5630 2064 5698 2,
2178 5628 2436 5711 dicentes
2468 5628 2706 5684 dictum'
2747 5646 2874 5712 esse
2933 5628 3127 5715 ignem
3176 5628 3430 5715 propriae
3461 5631 3829 5715 conscientiae

419 5699 1068 5785 didicerintLProditum
1098 5704 1157 5759 id
1192 5717 1425 5785 quoque
1462 5702 1545 5783 'ab
1594 5699 1796 5785 presio
1819 5699 1876 5785 in
1899 5699 2065 5785 Gom-
2176 5700 2539 5785 punitioncm
2566 5717 2580 5756 :
2615 5718 2679 5783 ac
2712 5703 2760 5785 si
2792 5699 3160 5785 peccatorum
3186 5699 3417 5760 animas
3449 5709 3582 5785 post
3611 5718 3826 5785 purga:

419 5775 699 5850 ment._ad
730 5770 2061 5850 S._Augusti_num‘,_ub'iOrigenistasinteralia,
2174 5770 2390 5850 tionem
2440 5770 2810 5831 conscientiae
2860 5775 2920 5832 in
2978 5778 3262 5836 unitatem
3318 5770 3580 5850 corp-oris
3606 5770 3822 5835 Christi

416 5843 518 5915 ait,
550 5844 753 5903 solitos
777 5843 1002 5919 jactére
1052 5846 1113 5903 in
1170 5845 1417 5919 vulgus:
1462 5843 1506 5898 «'
1523 5849 1724 5919 Ignem
1755 5843 2059 5915 aeternum,
2171 5844 2482 5905 redituras.
2516 5868 2539 5899 ι)
