4310 6622
384 508 501 569 55⁸7

386 730 538 802 apud
563 722 765 796 alium,
798 731 862 783 ut
889 743 1043 782 nunc
1071 726 1389 799 Apostolus
1428 729 1614 795 docet,
1660 728 1897 800 justitia
1926 732 2034 785 est.

386 818 676 892 Intelligat
722 832 953 890 quoque
995 816 1253 872 Marcion
1295 816 1490 889 ipsum
1536 818 1834 875 Christum
1871 818 2037 890 boni:

384 914 583 975 tatem,
615 906 914 963 veritatem
940 911 996 963 et
1010 906 1306 977 justitiam
1326 908 1652 979 nuncupari
1680 926 1691 963 :
1715 908 2038 964 bonitatem

388 996 445 1053 in
478 1013 544 1053 eo
575 995 728 1068 quod
759 1012 877 1050 non
926 996 1253 1052 secundum
1309 1012 1504 1068 opera,
1555 998 1655 1053 sed
1711 998 2036 1054 secundum

388 1085 850 1141 misericordiam
921 1085 1020 1140 det
1088 1085 1337 1157 gratiam
1388 1086 1761 1142 credentibus
1816 1087 1876 1141 in
1937 1104 2035 1142 se:

379 1173 673 1246 justitiam
728 1175 788 1231 in
858 1189 925 1229 eo
981 1175 1125 1229 dum
1182 1174 1502 1245 unicuique
1560 1175 1833 1231 retribuit
1884 1177 2038 1247 quod

386 1269 678 1331 meretur:
714 1280 886 1337 porro
915 1263 1242 1331 veritatem,
1276 1263 1416 1319 dum
1448 1265 1574 1335 ipse
1622 1264 1784 1321 solus
1832 1282 2040 1321 causas

386 1358 788 1411 creaturarum
820 1352 1109 1418 omnium,
1141 1368 1455 1424 rerumque
1475 1353 1751 1424 cogoscit.

459 1444 645 1516 (Vers.
694 1443 805 1514 10.)
836 1464 866 1493 ‹‹
917 1442 1232 1497 Probantes
1276 1442 1414 1513 quid
1474 1443 1553 1498 sit
1608 1442 2039 1516 beneplacitum

388 1533 523 1589 Deo.
559 1554 588 1583 »
622 1531 832 1588 Omnia
860 1530 1127 1586 facienda
1146 1546 1279 1585 cum
1302 1529 1567 1598 consilio,
1594 1537 1659 1586 ut
1687 1532 1841 1587 cauti
1867 1536 2042 1603 atque

389 1621 645 1689 solliciti,
677 1637 746 1677 ea
772 1624 1003 1676 tantum
1046 1636 1171 1691 quae
1220 1620 1442 1675 scimus
1489 1621 1605 1677 Deo
1655 1620 1902 1692 placere,
1952 1622 2041 1678 fa-

388 1712 648 1766 ciamus:
702 1709 763 1763 in
821 1723 1043 1763 morem
1098 1708 1544 1780 prudentissimi
1593 1708 1905 1781 trapezitae,
1939 1709 2040 1781 qui

388 1799 685 1872 sculptum
702 1797 1003 1854 numisma
1023 1813 1139 1853 non
1163 1797 1353 1853 solum
1376 1796 1672 1866 oculo,sed
1685 1802 1742 1854 et
1763 1799 2040 1870 pondere,

316 1936 319 1939 λ
386 1894 443 1945 et
472 1888 690 1944 tinnitu
720 1887 945 1959 probat.
977 1885 1124 1950 Quia
1167 1903 1300 1942 vero
1348 1886 1406 1942 in
1440 1886 1548 1943 hoc
1580 1886 1706 1943 loco
1736 1891 2042 1944 contextus

387 1977 603 2051 eloquii
630 1977 859 2033 videtur
884 1992 1013 2032 esse
1042 1976 1335 2042 turbatus,
1386 1981 1443 2031 et
1487 1980 1607 2032 tota
1648 1980 1871 2032 scatere
1901 1993 2040 2032 sen-
2071 2014 2120 2080 Β

387 2067 589 2137 tentia,
622 2066 706 2122 sic
736 2064 924 2121 ordini
957 2081 1149 2121 sermo
1179 2065 1513 2122 reddendus
1542 2070 1664 2122 est:
1693 2065 1881 2122 Nolite
1906 2082 2043 2140 ergo

390 2158 511 2214 fieri
581 2154 1025 2227 comparticipes
1100 2171 1325 2221 eorum,
1384 2155 1698 2228 probantes
1760 2155 1904 2227 quid
1967 2156 2045 2211 sit

386 2244 817 2317 beneplacitum
870 2243 1023 2299 Deo:
1096 2244 1201 2299 etsi
1273 2244 1430 2299 enim
1487 2244 1664 2300 eratis
1727 2243 2043 2317 aliquando

389 2335 662 2401 tenebrm,
692 2348 861 2395 nunc
892 2336 1086 2387 autem
1120 2332 1221 2387 lux
1267 2333 1410 2388 estis
1440 2333 1500 2388 in
1550 2333 1829 2390 Domino:
1872 2334 2043 2405 quasi

386 2422 495 2479 ﬁlii
541 2423 688 2478 lucis
737 2419 1057 2489 ambulate,
1108 2411 1332 2477 fructus
1372 2420 1619 2478 luminis
1667 2423 2044 2479 ostendentes

387 2514 449 2568 in
481 2511 641 2568 omni
672 2511 951 2580 bonitate,
984 2514 1040 2566 et
1061 2510 1317 2581 justitia,
1351 2515 1408 2567 et
1435 2511 1693 2567 veritate.

457 2600 644 2669 (Vers.
680 2600 792 2672 11.)
824 2622 852 2650 ‹‹
886 2600 953 2654 Et
983 2599 1160 2655 nolite
1180 2599 1617 2656 communicare
1647 2601 1923 2673 Operibus
1953 2602 2040 2656 in-

392 2689 710 2746 fructuosis
766 2689 1166 2744 tenebrarum.
1208 2711 1228 2737 ιν
1282 2689 1353 2743 Et
1400 2689 1472 2744 ad
1532 2688 1767 2745 Galatas
1831 2706 2043 2746 nomen

388 2780 634 2850 fructus,
681 2779 740 2834 in
797 2777 1030 2851 spiritu,
1080 2777 1273 2849 operis
1317 2794 1450 2833 vero
1499 2779 1699 2849 posuit
1757 2778 1817 2834 in
1848 2795 2041 2850 carne,

389 2869 623 2926 dicens:
669 2868 968 2940 Manifesta
1013 2870 1201 2923 autem
1264 2871 1393 2922 sunt
1455 2884 1618 2938 opera
1664 2869 1869 2938 carnis,
1920 2882 2046 2939 qua

386 2967 516 3015 sunt
559 2958 861 3030 fornicatio
899 2956 1105 3025 (Galut.
1143 2972 1198 3024 v,
1256 2956 1360 3027 19),
1411 2961 1468 3011 et
1515 2955 1763 3028 reliqua.
1812 2958 2045 3013 Fructus

390 3063 513 3104 vero
548 3048 781 3120 spiritus
825 3052 903 3103 est
947 3046 1211 3109 chamtas,
1269 3045 1559 3115 gaudium,
1588 3062 1704 3117 pax
1734 3045 1891 3117 (Ibid.
1925 3045 2041 3116 22),

391 3141 450 3194 et
480 3140 706 3193 caetera.
742 3139 920 3191 Porro
949 3134 1008 3190 in
1040 3134 1511 3206 prasentiarum,
1561 3151 1738 3207 opera
1776 3134 2041 3190 tenebra-

390 3242 522 3282 rum
566 3225 935 3280 infructuosa
974 3222 1306 3297 appellavit,
1355 3224 1572 3295 quibus
1620 3224 1742 3295 qui,
1793 3240 1862 3279 ea
1893 3224 2045 3279 fece-

391 3314 508 3371 rint
538 3312 951 3371 communione
982 3312 1302 3369 sociantur.

1045 504 1556 567 COMMENTAR.
1602 508 1681 567 IN
1726 507 1973 568 EPIST.
2021 508 2124 567 AD
2169 464 2450 571 EPHES.
2496 512 2643 573 LIB.
2690 513 2796 586 III,
2843 513 3014 574 CAP.
3061 515 3138 575 V.

386 640 495 697 Ubi
522 642 718 697 autem
773 638 1001 695 bonitas
1047 641 1106 694 et
1131 638 1362 706 veritas,
1388 639 1542 712 apud
1581 639 1800 711 ipsum,
1830 643 1887 695 et
1918 656 2033 695 non
2063 641 2117 707 Α

3683 517 3799 577 558

2221 640 2404 712 (Vers.
2437 642 2553 713 43.)
2586 665 2614 694 ‹‹
2647 643 2858 701 Omnia
2890 649 3090 702 autem
3114 649 3321 719 arguta
3350 664 3383 703 a
3433 647 3562 704 luce
3610 648 3801 704 mani-

2150 730 2438 787 festantur
2465 750 2477 787 :
2512 750 2684 789 omne
2704 734 2857 790 enim
2886 736 3041 807 quod
3074 735 3608 804 manifestatur,lux
3637 741 3745 796 est.
3766 757 3793 790 η

2149 820 2377 889 Omnia,
2412 821 2568 877 haud
2601 821 2847 878 dubium
2880 824 3024 895 quin
3055 841 3123 880 ea
3170 841 3298 897 quae
3338 824 3561 881 occulte
3590 825 3740 882 fiunt
3769 842 3804 882 a

2149 908 2291 965 ﬁliis
2321 910 2659 966 difﬁdentiae
2696 930 2709 968 :
2749 912 2871 968 haec
2919 913 3075 969 enim
3109 931 3141 968 a
3186 912 3317 969 luce
3369 917 3578 988 arguta
3607 913 3804 970 mani-

2150 998 2459 1056 festantur.
2497 1001 2618 1056 Lux
2659 1007 2857 1058 autem
2902 1003 3096 1075 arguit
3144 1019 3213 1059 ea
3261 1019 3388 1076 quas
3444 1003 3609 1075 prius
3638 1006 3821 1060 erant

2149 1088 2400 1146 tenebras
2431 1093 2487 1144 et
2515 1094 2717 1160 postea
2749 1090 2902 1145 facta
2931 1095 3071 1146 sunt
3100 1090 3301 1147 lumen
3345 1093 3406 1147 in
3436 1091 3706 1165 Domino,
3739 1095 3806 1149 ut

2150 1192 2217 1233 ex
2245 1194 2311 1233 eo
2341 1179 2497 1250 quod
2548 1179 2965 1252 corripiuntur,
3009 1184 3313 1236 mutentur
3357 1182 3417 1237 in
3467 1180 3704 1249 melius,
3748 1184 3807 1236 et

2150 1270 2375 1323 mutata
2406 1267 2858 1324 manifestentur
2885 1267 2945 1323 in
2982 1268 3240 1341 publico,
3274 1274 3330 1326 et
3350 1269 3651 1343 publicata
3685 1269 3808 1327 sint

2152 1354 2372 1426 lumen,
2402 1356 2540 1427 quia
2569 1372 2742 1413 omne
2772 1357 2926 1429 quod
2960 1357 3391 1430 manifestatur,
3421 1357 3521 1415 lux
3550 1363 3659 1415 est.

2223 1444 2406 1515 (Vers.
2436 1446 2548 1517 14.)
2580 1469 2608 1495 ‹‹
2644 1446 2883 1519 Propter
2912 1447 3067 1519 quod
3099 1446 3278 1503 dicit:
3312 1448 3498 1521 Surge
3539 1448 3640 1520 qui
3672 1449 3805 1505 dor-

2151 1534 2287 1602 mis,
2323 1539 2378 1589 et
2406 1550 2653 1607 exsurge
2683 1553 2717 1590 a
2748 1534 3016 1604 mortuis,
3047 1538 3104 1591 et
3132 1534 3491 1592 illuminabit
3519 1541 3576 1592 te
3613 1535 3810 1593 Chris-

2149 1628 2246 1680 tus
2271 1624 2422 1694 (sive,
2477 1625 2698 1679 orietur
2754 1623 2863 1679 tibi
2918 1624 3251 1697 Christius).
3304 1625 3593 1689 Quoniam
3633 1643 3810 1698 opera

2149 1712 2526 1769 tenebrarum
2575 1712 2704 1768 luce
2734 1716 2943 1786 arguta
2981 1713 3433 1770 manifestantur
3477 1714 3536 1769 in
3591 1714 3807 1784 lucem,

2151 1801 2243 1856 his
2274 1818 2401 1873 quae
2432 1804 2641 1873 arguta
2669 1801 2900 1857 fuerant
2938 1801 3374 1869 transmutatis,
3424 1802 3639 1859 dicitur
3668 1804 3807 1860 dor-

2153 1889 2475 1946 mientibus
2504 1894 2563 1944 et
2594 1890 2861 1960 mortuis,
2895 1907 2960 1946 eo
2991 1891 3147 1962 quod
3198 1907 3375 1963 opera
3426 1891 3610 1948 fecere
3640 1895 3807 1949 tene-

2150 1979 2389 2035 brarum
2447 1978 2619 2050 Surge
2669 1981 2767 2050 qui
2821 1978 3047 2047 dormis,
3108 1987 3160 2036 et
3196 1988 3434 2051 exsurge
3462 1998 3497 2037 a
3550 1982 3805 2038 mortuis.

2151 2069 2381 2134 Quaerat
2409 2066 2645 2140 aliquis,
2679 2067 2951 2140 quisnam
2989 2068 3066 2124 sit
3097 2072 3210 2125 iste
3260 2069 3364 2141 qui
3411 2068 3603 2127 dicat:
3639 2070 3811 2143 Surge

2152 2159 2248 2229 qui
2284 2157 2507 2223 dormis,
2538 2163 2590 2211 et
2619 2172 2856 2226 exsurge
2904 2173 2941 2212 a
2992 2160 3271 2225 mortuis;
3314 2164 3415 2214 aut
3443 2160 3612 2232 cujus
3642 2159 3807 2217 testi-

2152 2246 2350 2302 monio
2379 2245 2692 2318 Apostolus
2723 2246 2800 2301 sit
2831 2245 3074 2302 abusus.
3126 2250 3196 2301 Et
3220 2246 3460 2318 quidem
3509 2248 3611 2320 qui
3662 2248 3805 2305 sim-

2153 2334 2287 2408 plici
2318 2334 2699 2407 responsione
2728 2337 3036 2391 contentus
3065 2340 3173 2403 est,
3216 2336 3368 2393 dicet
3399 2339 3416 2371 ¹
3448 2336 3510 2392 in
3541 2337 3808 2394 recondi-

2151 2425 2228 2480 tis
2249 2440 2380 2480 eum
2412 2422 2730 2496 prophetis,
2765 2427 2821 2478 et
2849 2423 2942 2480 his
2972 2441 3098 2497 qua;
3152 2429 3436 2481 vocantur
3476 2425 3810 2500 apocrypha

2154 2518 2274 2569 haec
2302 2513 2453 2569 lecta
2482 2513 2541 2568 in
2574 2512 2835 2568 medium
2865 2513 3182 2585 protulisse
3210 2514 3387 2585 (sicut
3414 2514 3476 2571 in
3504 2513 3637 2571 aliis
3663 2531 3809 2588 quo-

2153 2619 2267 2675 que
2295 2600 2440 2658 locis
2470 2600 2638 2657 illum
2672 2601 2880 2658 fecisse
2911 2602 3287 2659 manifestum
3336 2607 3466 2673 est),
3500 2620 3614 2660 non
3648 2604 3806 2676 quod

2152 2690 2487 2764 apocrypha
2543 2690 2971 2763 comprobaret,
3033 2692 3133 2748 sed
3194 2692 3350 2764 quod
3408 2697 3465 2749 et
3511 2693 3693 2760 Arati,
3753 2696 3810 2749 et

2151 2780 2532 2853 Epimenidis,
2566 2783 2622 2835 et
2653 2779 2957 2836 Menandri
3004 2781 3268 2837 versibus
3293 2781 3446 2837 648
3478 2782 3555 2838 sit
3583 2782 3808 2838 abusus

2153 2872 2224 2926 ad
2247 2887 2315 2925 ea
2343 2886 2469 2942 qua
2501 2868 2763 2925 voluerat
2809 2868 2866 2924 in
2900 2873 3162 2943 tempore
3193 2869 3665 2942 comprobanda.
3692 2869 3807 2927 Nec

2151 2963 2349 3014 tamen
2378 2958 2561 3029 Arati,
2593 2962 2649 3013 et
2680 2957 3060 3030 Epimenidis,
3097 2964 3153 3015 et
3181 2959 3504 3027 Menandri,
3526 2964 3648 3016 tota
3678 2976 3807 3032 quae

2153 3047 2457 3119 scripsere,
2492 3051 2631 3103 sunt
2688 3051 2911 3112 sancta,
2961 3047 3103 3119 quia
3131 3064 3229 3104 eos
3276 3064 3409 3105 vere
3447 3047 3671 3122 aliquid
3722 3047 3809 3103 di-

2151 3137 2306 3192 xisse
2379 3140 2629 3191 testatus
2703 3140 2813 3191 est.
2890 3135 3055 3192 Alius
3104 3153 3239 3193 vero
3294 3137 3461 3208 quasi
3521 3155 3811 3212 προσωπο-

2152 3221 2333 3275 ποιίαν
2393 3221 2647 3294 Spiritus
2699 3222 2888 3278 sancti
2947 3223 3266 3295 Apostolus
3335 3224 3690 3297 figuraverit,
3738 3224 3809 3281 ad
3876 3266 3901 3275 -

2151 3311 2613 3368 exhortationem
2663 3310 3016 3384 pcenitentiae
3075 3311 3197 3368 haec
3240 3312 3394 3369 dicta
3437 3313 3808 3389 memorabit.

411 3446 420 3454 .
469 3426 495 3458 α
524 3403 709 3476 Magis
738 3408 935 3458 autem
981 3405 1038 3456 et
1079 3401 1323 3474 arguite.
1369 3422 1397 3451 »
1429 3403 1583 3457 Inter
1623 3405 1829 3458 caetera
1875 3419 2040 3458 man-
2073 3387 2116 3454 C
2156 3401 2271 3473 Ego
2302 3403 2456 3456 certe
2488 3401 2814 3456 secundum
2855 3400 3329 3472 paupertatulam
3360 3417 3574 3473 meam,
3606 3418 3810 3458 omnes

389 3496 548 3558 data,
606 3491 783 3547 etiam
859 3493 1163 3562 peccantes
1220 3506 1391 3562 posse
1456 3506 1720 3563 arguere,
1780 3490 2046 3546 maximae

393 3580 686 3637 libertatis
716 3584 825 3635 est.
879 3579 1147 3634 Sedhoc
1176 3578 1275 3635 ille
1304 3584 1498 3651 potest
1546 3580 1734 3635 facere
1781 3579 1881 3651 qui
1931 3597 2044 3636 non

392 3676 653 3727 meretur
672 3669 906 3725 audire:
934 3670 1256 3740 ngocrita,
1290 3670 1424 3740 ejice
1454 3670 1710 3740 primum
1739 3668 1949 3724 trabem
1984 3668 2050 3725 de

390 3761 549 3817 oculo
576 3763 689 3829 tuo,
739 3766 792 3814 et
829 3765 957 3815 tunc
981 3760 1186 3830 poteris
1242 3758 1439 3829 ejicere
1484 3760 1753 3829 festucam
1800 3758 1867 3815 de
1893 3759 2047 3814 oculo

389 3850 588 3920 fratris
618 3849 709 3905 tui
738 3848 890 3919 (Luc.
931 3864 988 3902 VI
1020 3848 1131 3918 42).
1182 3847 1571 3910 Quamobrem
1620 3852 1679 3903 et
1727 3847 2044 3920 prophetae,

394 3938 680 4011 nullaipsi
708 3941 1077 4009 peccatorum
1101 3936 1272 3993 sorde
1295 3936 1526 4009 polluti,
1549 3953 1654 3992 nec
1666 3938 2047 3993 cauteriatam

393 4027 675 4084 habentes
707 4027 856 4082 641
912 4025 1331 4082 conscientiam
1384 4030 1439 4094 (Ι
1482 4027 1617 4081 Tim.
1655 4044 1728 4095 IV,
1776 4028 1855 4095 2),
1888 4030 2048 4100 pote-

394 4122 525 4173 rant
554 4121 788 4173 caeteros
820 4131 1063 4189 arguere
1107 4115 1534 4187 delinquentes.
1586 4116 1666 4171 Ex
1718 4133 1833 4188 quo
1864 4115 2050 4171 anim-

397 4206 817 4262 advertendum
865 4222 999 4261 eum
1057 4221 1301 4277 arguere
1357 4221 1549 4276 posse,
1596 4206 1697 4277 qui
1755 4206 1881 4278 ipse
1931 4222 2046 4260 non

398 4294 782 4366 redarguetur
807 4294 864 4348 in
890 4294 1224 4367 semetipso.

468 4383 653 4456 (Vers.
709 4384 819 4455 12.)
874 4405 903 4435 ‹‹
959 4384 1092 4448 Quae
1142 4383 1299 4441 enim
1361 4383 1586 4440 occulte
1634 4384 1783 4440 fiunt
1825 4384 1896 4440 ab
1941 4384 2047 4451 eis,

395 4479 567 4546 turpe
597 4477 688 4529 est
715 4478 771 4529 et
801 4473 1010 4529 dicere.
1059 4498 1086 4524 ››
1121 4473 1246 4529 Non
1306 4471 1450 4527 mihi
1480 4472 1714 4528 videtur
1758 4473 2049 4528 sermonis

395 4568 551 4620 stare
581 4567 908 4631 contextus,
941 4568 1008 4618 ut
1037 4562 1095 4617 id
1122 4563 1274 4634 quod
1293 4578 1448 4617 nunc
1470 4561 1721 4618 dicitur:
1746 4562 1881 4630 Quae
1899 4564 2051 4618 enim

396 4653 599 4710 occulte
646 4652 785 4721 ﬁunt
839 4652 908 4707 ab
958 4654 1059 4724 eis,
1118 4668 1188 4708 ex
1245 4650 1648 4723 superioribus
1693 4651 1963 4722 pendeat,
1996 4655 2053 4705 et

398 4742 532 4798 sciri
565 4741 752 4814 possit
779 4742 852 4797 ad
903 4757 1051 4814 quos
1095 4741 1473 4813 potissimum
1528 4739 1898 4796 referendum
1953 4738 2050 4806 sit,
2084 4763 2132 4828 D

401 4831 513 4887 nisi
544 4834 689 4887 forte
715 4830 891 4887 altius
940 4830 1221 4887 reddatur
1255 4830 1637 4904 hyperbaton,
1688 4833 1745 4884 et
1787 4829 1858 4884 ad
1904 4827 2057 4884 ﬁlios

401 4920 740 4976 diffidentiae
771 4919 1096 4993 copuletur,
1145 4924 1213 4975 ut
1242 4935 1452 4976 sonare
1480 4917 1698 4991 possit:
1736 4920 1871 4984 Quis
1903 4917 2057 4974 enim

401 5008 625 5066 occulte
657 5010 807 5065 fiunt
836 5026 870 5065 a
919 5008 1054 5065 ﬁliis
1103 5008 1463 5077 difﬁdentiae,
1512 5012 1682 5079 turpe
1729 5012 1819 5063 est
1847 5008 2059 5074 dicere,

404 5114 532 5170 quae
563 5103 703 5156 sunt
732 5098 1033 5156 fornicatio
1064 5102 1122 5154 et
1160 5096 1537 5154 immunditia
1576 5104 1634 5153 et
1661 5096 1906 5153 avaritia
1937 5113 2061 5153 om-

404 5203 523 5242 ms.

484 5348 840 5423 {Nimirum
891 5367 961 5406 ex
1024 5345 1368 5423 Apocrypho
1414 5348 1550 5423 Elia:
1590 5346 2069 5423 _lau_dari__hocce

410 5420 817 5494 testimonium
867 5418 1142 5494 opinatus
1186 5418 1277 5477 est
1327 5420 1385 5494 S.
1442 5418 2066 5494 Epiqphanius‘Haeres.

410 5492 497 5564 42,
554 5510 610 5564 ρ.
642 5494 772 5548 372.
833 5489 1295 5564 Georgiusvero
1350 5489 1655 5564 Syncellus
1699 5491 1759 5545 in
1809 5489 2069 5564 Chrono-

451 5510 497 5564 Z,
599 5534 610 5547 .
642 5510 772 5548 ὄίΖ.
833 5510 982 5550 UCOP
1026 5511 1118 5549 lus
1161 5510 1295 5550 vero
1350 5510 1655 5563 Dynceuus
1699 5510 1759 5545 In
1809 5510 2067 5545 UDPODO‘

451 5510 675 5637 rapﬁia,
727 5582 859 5637 pag.
921 5511 1044 5630 12%,
1124 5562 1183 5618 ἐκ
1224 5566 1345 5637 γτοῦ
1421 5560 1685 5637 Ἰερεμίου
1752 5560 2067 5637 Λεγομὲνῳγ

446 5633 775 5712 sosptem,
806 5633 893 5692 'ex
960 5636 1340 5712 Apocryphis“
1370 5633 1637 5712 Ieremia
1690 5636 1971 5712 ascriptis.
2032 5634 2073 5688 E

415 5705 704 5764 contrario
763 5710 821 5764 in
874 5705 1229 5763 authenticis
1284 5706 1450 5761 libris
1498 5707 1642 5761 illud
1699 5705 1957 5762 invenire
2016 5721 2077 5761 se

456 5795 585 5835 osse
618 5779 717 5837 alii
757 5784 985 5854 putant.
1020 5781 1105 5854 S.“
1131 5779 1388 5854 Thomas
1418 5778 1616 5854 expillo
1642 5777 1883 5854 deducit
1912 5777 2076 5833 Isaiae

437 5867 539 5911 oco
585 5867 711 5925 cap.
757 5849 835 5910 'Lx
864 5855 1027 5923 (vers.
1062 5851 1152 5924 t):
1213 5849 1404 5923 Surge,
1461 5850 1816 5919 illuminare,
1846 5849 2073 5908 Jerusa-

2155 3490 2440 3547 editiones
2468 3492 2727 3544 veterum
2759 3489 3216 3561 Scripturarum,
3248 3490 3493 3563 ipsaque
3540 3490 3810 3546 Hebraeo-

2155 3595 2286 3634 rum
2311 3577 2608 3634 volumina
2638 3576 2951 3649 diligenter
2980 3577 3327 3647 eventilans,
3359 3595 3666 3652 nunquam
3699 3578 3809 3635 hoc

2157 3669 2442 3740 scriptum
2491 3665 2697 3738 reperi.
2728 3664 2852 3722 Nisi
2883 3666 3026 3722 forte
3075 3671 3132 3722 et
3178 3666 3287 3723 hoc
3324 3668 3628 3724 dicamus:
3663 3684 3808 3741 quo-

2157 3757 2330 3813 modo
2363 3755 2501 3811 olim
2531 3754 2825 3828 prophetae
2857 3754 2915 3809 in
2946 3755 3222 3812 concione
3253 3756 3453 3829 populi
3491 3756 3812 3829 loqueban-

2155 3851 2271 3918 tur,
2320 3848 2444 3901 Haec
2508 3845 2651 3901 dicit
2705 3846 2992 3912 Dominus,
3059 3848 3152 3900 et:
3216 3846 3490 3915 Quoniam
3546 3847 3811 3903 Dominus

2158 3937 2366 3992 locutus
2392 3942 2507 3991 est:
2564 3933 2648 3989 ita
2676 3938 2733 3989 et
2780 3932 3124 4006 Apostolum
3165 3934 3383 4007 Spiritu
3434 3940 3636 3992 sancto
3686 3935 3807 4008 ple-

2158 4042 2323 4093 num,
2356 4021 2590 4096 repente
2610 4023 2671 4077 in
2705 4023 2879 4078 verba
2928 4039 3055 4094 quea
3104 4023 3161 4076 in
3197 4039 3260 4078 se
3307 4023 3574 4081 Christus
3614 4024 3812 4097 loque-

2156 4116 2352 4181 batur,
2383 4111 2648 4183 erupisse
2694 4115 2871 4182 atque
2901 4110 3117 4166 dixisse
3144 4126 3155 4166 :
3189 4112 3316 4167 Haec
3360 4112 3495 4167 dicit
3523 4114 3806 4169 Dominus.

2158 4204 2393 4259 Necnon
2426 4205 2484 4257 et
2537 4200 2685 4255 illud
2735 4204 2825 4255 est
2874 4200 3307 4271 disserendum,
3359 4203 3654 4273 quomodo
3709 4202 3812 4258 uni

2158 4297 2335 4364 atque
2364 4291 2553 4347 eidem
2603 4289 2833 4344 dicatur
2864 4288 3033 4360 quasi
3081 4289 3316 4360 viventi,
3361 4290 3531 4361 Surge
3559 4293 3658 4364 qui
3684 4290 3810 4346 dor-

2158 4385 2303 4438 mis:
2351 4385 2407 4437 et
2436 4378 2605 4453 quasi
2654 4382 2905 4445 mortuo,
2964 4381 3214 4449 Exsurge
3266 4396 3300 4434 a
3349 4382 3601 4436 mortuis.
3633 4380 3817 4453 Igitur

2159 4472 2298 4543 quia
2327 4475 2385 4527 et
2414 4468 2661 4542 spiritus
2691 4472 2781 4523 est
2810 4468 3088 4536 hominis,
3123 4485 3296 4540 quem
3341 4486 3574 4543 semper
3620 4469 3680 4525 in
3712 4468 3816 4525 bo-

2161 4576 2296 4616 nam
2328 4564 2553 4631 partem
2593 4558 2877 4630 scriptum
2903 4557 3305 4626 meminimus,
3338 4564 3395 4615 et
3425 4559 3622 4615 anima
3650 4559 3821 4631 cujus

2160 4654 2217 4706 et
2246 4648 2622 4705 inﬁrmitates
2671 4652 2728 4702 et
2772 4651 2990 4703 mortes
3039 4646 3291 4722 legimus
3330 4654 3722 4721 peccatorum,
3762 4649 3820 4704 id

2164 4739 2319 4811 quod
2350 4754 2508 4793 nunc
2538 4735 2773 4801 dicitur,
2806 4738 2981 4806 Surge
3018 4740 3115 4810 qui
3141 4739 3375 4807 dormis,
3409 4739 3696 4797 referatur
3751 4739 3824 4796 ad

2167 4827 2481 4901 spiritum:
2543 4832 2598 4881 et
2657 4825 2811 4898 quod
2863 4827 3150 4897 sequitur,
3198 4828 3448 4897 Exsurge
3490 4845 3525 4884 a
3570 4829 3823 4896 mortuis,

2169 4919 2383 4975 anima:
2412 4920 2731 4988 coaptetur.
2764 4916 2961 4971 Anima
2988 4918 3138 4972 enim
3185 4932 3311 4989 quae
3348 4920 3677 4988 peccaverit,
3708 4919 3829 4990 ipsa

2168 5009 2444 5063 morietur
2472 5005 2684 5077 (Ezech.
2718 5021 2876 5074 XVIII,
2926 5005 3001 5077 4).
3053 5005 3306 5078 Spiritus
3337 5012 3533 5064 autem
3579 5011 3828 5063 mortem

2172 5112 2479 5169 nunquam
2511 5095 2748 5151 omnino
2781 5094 3055 5168 legimus.
3103 5096 3368 5152 Christus
3400 5113 3534 5168 ergo
3567 5095 3667 5151 lux
3694 5110 3832 5150 vera

2174 5186 2395 5243 orietur
2422 5185 2472 5241 ei
2507 5183 2609 5256 qui
2657 5184 2912 5240 surrexit
2967 5184 3040 5240 de
3090 5201 3322 5254 somno,
3378 5190 3436 5242 et
3487 5202 3555 5241 ex
3583 5181 3831 5240 mortuis

2179 5349 2305 5415 lem,
2360 5348 2500 5419 quia.
2557 5346 2709 5401 venit
2762 5346 2946 5402 lumen
3002 5346 3343 5419 tuumxAlii
3401 5342 3832 5419 maluntAlsaias

2180 5416 2440 5492 quidem,
2494 5419 2597 5473 sed
2642 5434 2769 5492 cap.
2803 5434 2980 5492 Axxvr,
3018 5416 3338 5483 19,‘alludi
3382 5417 3588 5492 verba_:
3644 5416 3835 5492 Vivent

2181 5489 2389 5547 mortui
2444 5492 2567 5545 tui:
2635 5490 2915 5561 interfecti
2970 5491 3076 5545 mei
3131 5496 3486 5561 resurgent...
3546 5489 3687 5557 Quia
3736 5502 3837 5561 ros

2184 5564 2343 5631 lucis,
2395 5577 2484 5616 ros
2529 5570 2691 5622 tuus;
2742 5559 2843 5616 aut
2899 5561 3150 5632 denique
3208 5559 3307 5615 illa
3337 5577 3411 5626 1x,
3461 5562 3533 5615 2:
3575 5559 3836 5632 Populus,

2219 5637 2279 5689 ui
2307 5630 2624 5689 ambulabat
2656 5635 2717 5688 in
2751 5634 3008 5702 tenebris,
3026 5630 3161 5686 vidit
3194 5632 3371 5686 lucem
3415 5630 3705 5702 magnam,
3738 5630 3838 5687 ha-

2219 5652 2278 5689 ιιι
2307 5652 2624 5689 αιηοτιιαυαι
2656 5652 2717 5688 κη
2751 5652 3008 5702 tenearis,
3026 5652 3161 5686 vum
3194 5652 3371 5686 lucem
3415 5652 3705 5702 magnam,
3738 5652 3838 5687 na-

2184 5652 2486 5763 Zitantibus
2521 5707 2580 5759 in
2612 5704 2835 5773 regione
2864 5704 3077 5760 umbrae
3114 5704 3305 5759 mortis
3337 5704 3438 5759 lux
3466 5708 3583 5762 orto
3629 5711 3709 5761 est
3735 5703 3839 5761 eis.

2184 5777 2353 5836 Adito
2384 5775 2491 5835 loci
2525 5778 2653 5851 ejus
2684 5778 3049 5847 interpretes.
