4310 6596
481 528 617 603 559

1729 540 1793 599 S.
1840 536 2149 599 EUSEBII
2197 537 2642 599 HIERONYMI

3773 504 3909 598 seu

482 672 657 730 fuerit
686 672 1024 729 suscitatus.
1051 670 1179 726 Scio
1212 684 1304 726 me
1335 670 1569 727 audisse
1596 672 1906 743 quemdam
1927 671 1996 726 de
2020 669 2128 725 hoc
2156 673 2211 739 Α
2241 675 2435 726 autem
2464 671 2592 727 vita:
2626 670 2805 742 hujus
2829 687 3094 744 quaerens
3124 668 3542 737 necessaria,et
3570 670 3642 726 de
3672 669 3893 728 divitiis

479 763 604 821 loco
637 763 695 818 in
729 760 982 818 Ecclesia
1007 760 1425 832 disputantem,
1477 760 1577 834 qui
1620 760 1680 815 in
1711 758 1996 815 theatrale
2027 758 2133 813 mi-

482 851 768 919 raculum,
835 866 1135 922 nunquam
1192 853 1326 905 ante
1378 849 1563 905 visam
1618 850 1867 904 formam
1918 847 2131 921 populo

483 940 764 1007 exhibuit,
798 943 863 994 ut
892 937 1177 1010 placeret:
1212 936 1641 993 Testimonium
1673 937 1805 1003 hoc,
1833 936 2129 1008 inquiens,

485 1029 556 1087 ad
585 1030 771 1085 Adam
814 1028 1030 1084 dicitur
1076 1028 1135 1082 in
1190 1026 1316 1082 loco
1363 1025 1633 1083 Calvariee
1675 1025 1993 1098 sepultum,
2033 1025 2132 1080 ubi

488 1118 798 1175 crucifixus
829 1122 919 1174 est
946 1115 1252 1173 Dominus.
1295 1116 1403 1180 Qui
1447 1114 1717 1171 Calvariae
1766 1115 1981 1170 idcirco
2031 1131 2131 1185 aps

490 1208 739 1281 pellatus
762 1213 870 1275 est,
905 1206 1055 1279 quod
1080 1204 1161 1261 ibi
1197 1204 1423 1276 antiqui
1461 1203 1718 1260 hominis
1750 1206 1904 1259 esset
1934 1202 2133 1259 condi-

489 1303 615 1355 tum
647 1300 856 1369 caput:
890 1295 989 1351 illo
1030 1312 1165 1369 ergo
1182 1298 1443 1367 tempore
1464 1310 1578 1365 quo
1606 1292 1920 1348 cruciﬁxus
1946 1290 2137 1347 Domi-

487 1405 621 1456 nus,
675 1403 852 1460 super
898 1386 1025 1456 ejus
1067 1384 1356 1461 pendebat
1398 1382 1732 1455 sepulcrum
1768 1382 1809 1448 ¹,
1854 1381 1975 1436 hmc
2010 1396 2138 1452 pro-

490 1476 687 1550 phetia
706 1474 997 1549 completa
1018 1474 1170 1529 649
1202 1478 1291 1529 est
1328 1473 1558 1528 dicens:
1598 1472 1790 1540 Surge,
1822 1469 2013 1535 Adam,
2045 1470 2141 1540 qui

489 1566 774 1637 dormis,et
804 1580 1036 1634 exsurge
1065 1580 1099 1618 a
1126 1563 1390 1618 mortuis:
1422 1566 1480 1615 et
1510 1577 1625 1616 non
1656 1564 1721 1614 ut
1750 1559 2000 1631 legimus
2024 1557 2137 1610 ἐπι-

492 1652 680 1734 φαύσει
730 1673 815 1707 σοι
871 1650 1123 1729 Χριστὸς,
1172 1651 1230 1706 id
1290 1655 1398 1718 est,
1450 1650 1658 1706 orietur
1713 1649 1816 1703 tibi
1871 1647 2138 1713 Christus,

490 1744 592 1801 sed
623 1739 967 1815 ἐπιψανόσειί,
1030 1741 1087 1795 id
1137 1744 1243 1807 est,
1274 1740 1553 1811 continget
1600 1742 1651 1793 te
1682 1737 1943 1791 Christus.
1997 1736 2143 1801 Quia

485 1820 757 1902 videlicet
782 1834 940 1887 tactu
980 1828 1283 1902 sanguinis
1314 1828 1521 1899 ipsius,
1555 1831 1609 1883 et
1638 1826 1897 1897 corporis
1927 1826 2138 1897 depen-

493 1900 703 1987 de‘ntis,
735 1921 1058 1977 viviﬁcetur
1086 1900 1258 1991 atque
1289 1921 1638 1989 consurgat:
1673 1921 1729 1971 et
1766 1921 1907 1971 tunc
1938 1920 2140 1988 typum

494 2000 730 2085 quoque
757 2008 928 2065 illum
976 2008 1217 2063 veritate
1257 2006 1556 2078 compleri,
1616 2005 1849 2077 quando
1899 2004 2142 2059 Elismus

494 2106 762 2158 mortuus
832 2103 1130 2154 mortuum
1179 2095 1481 2152 suscitavit
1536 2094 1631 2167 (IV
1714 2096 1848 2166 Reg.
1910 2110 1985 2164 1v,
2026 2094 2139 2165 3.3).

490 2194 622 2246 Haec
681 2193 879 2245 utrum
937 2204 1071 2243 vera
1127 2185 1266 2256 sint,
1341 2201 1541 2251 necne,
1605 2183 1842 2239 lectoris
1902 2182 2142 2238 arbitrio

489 2278 853 2352 derelinquo.
887 2278 1048 2333 Certe
1076 2279 1214 2331 tunc
1248 2274 1307 2330 in
1340 2273 1552 2346 pepulo
1584 2273 1741 2329 dicta
1771 2273 2139 2345 placuerunt,

492 2372 550 2424 et
608 2368 863 2441 quodam
937 2365 1148 2438 plausu
1217 2382 1281 2420 ac
1361 2363 1614 2436 tripudio
1672 2368 1810 2419 sunt
1882 2366 2140 2433 excepta.

494 2457 688 2513 Unum
720 2456 876 2528 quod
924 2455 1068 2523 scio,
1111 2453 1338 2526 loquor,
1398 2469 1532 2507 cum
1593 2451 1702 2507 loci
1762 2452 1938 2507 istius
1966 2451 2144 2505 inter-

494 2546 816 2621 pretatione
873 2549 1049 2617 atque
1104 2548 1375 2599 contextu
1421 2558 1630 2597 sensus
1678 2540 1788 2596 iste
1836 2557 1952 2596 non
2001 2556 2143 2595 con-

492 2637 671 2694 venit.

564 2725 745 2800 (Vers.
798 2726 910 2794 15.)
941 2723 1145 2779 Videte
1192 2737 1328 2794 ergo
1372 2720 1665 2791 quomodo
1713 2723 1878 2774 caute
1936 2718 2144 2772 ambu-

493 2815 657 2874 letis:
692 2832 809 2871 non
868 2817 934 2869 ut
966 2811 1332 2885 insipientes,
1386 2810 1485 2865 sed
1518 2813 1581 2865 ut
1628 2808 1943 2880 sapientes.
1980 2830 2006 2858 »
2045 2808 2146 2862 Re-

495 2906 586 2959 cte
633 2900 900 2973 Ephesiis
955 2899 1187 2968 dicitur,
1220 2902 1285 2952 ut
1315 2901 1481 2953 caute
1514 2895 1815 2952 ambulent
1844 2896 1945 2966 qui
1970 2895 2145 2951 habe-

498 2993 641 3048 bant
670 2990 1012 3059 exercitatos
1043 3004 1254 3044 sensus
1304 2987 1376 3042 ad
1428 2985 1875 3041 discernendum
1925 2985 2146 3040 bonum

498 3083 556 3137 et
594 3079 840 3148 malum,
871 3083 928 3134 et
949 3077 1259 3151 probantes
1280 3076 1499 3143 omnia,
1522 3075 1579 3129 id
1611 3074 1767 3145 quod
1799 3078 2147 3140 statuerant,

497 3171 719 3226 bonum
742 3184 869 3224 esse
899 3166 1245 3222 retinebant.
1280 3163 1387 3229 Qui
1422 3167 1618 3218 autem
1658 3162 1814 3217 videt
1855 3163 2148 3234 quomodo

496 3258 778 3325 ambulet,
811 3261 868 3314 et
898 3273 1075 3329 quam
1105 3258 1271 3310 caute
1302 3253 1444 3326 ligat
1485 3252 1756 3325 gradum,
1789 3268 1861 3307 ne
1899 3252 2045 3307 forte
2077 3251 2147 3307 ad

494 3348 750 3422 lapidem
780 3346 1037 3403 offendat
1093 3345 1298 3417 pedem
1330 3359 1526 3408 suum,
1561 3345 1618 3397 et
1666 3341 1842 3397 dicit:
1895 3342 2150 3396 Lucerna

2241 764 2300 841 et
2348 759 2785 825 sollicitudinis,
2837 777 2983 841 quas
3040 759 3419 832 Evangelium
3477 758 3683 831 spinas
3738 776 3897 816 nun-

2241 835 2754 920 c'upat(Marc.1v;
2808 835 2893 919 18,
2941 849 3003 902 19
3036 867 3049 915 ;
3082 850 3211 904 Luc.
3260 864 3381 913 vm,
3436 848 3544 919 14),
3605 849 3894 922 cogitans,

2242 941 2433 1008 potest
2484 938 2596 992 sibi
2640 942 2874 1008 tempus
2931 937 3237 993 redimere.
3275 937 3646 995 Redimentes
3694 942 3893 996 autem

2243 1030 2499 1097 tempus,
2549 1025 2792 1096 quodin
2827 1025 3031 1081 diebus
3081 1024 3251 1081 malis
3290 1031 3398 1095 est,
3459 1027 3892 1098 quodammodo

2244 1112 2633 1169 immutamus
2665 1113 2807 1169 illud
2837 1130 2849 1170 :
2911 1119 2969 1170 et
3023 1115 3145 1170 dies
3197 1114 3385 1171 molos
3414 1114 3472 1170 in
3505 1116 3689 1173 bonos
3716 1117 3892 1173 verti-

2245 1218 2399 1270 mus,
2434 1208 2490 1256 et
2539 1202 2788 1259 facimus
2818 1202 2949 1259 illos
2998 1220 3111 1259 non
3168 1203 3474 1276 praesentis
3525 1204 3747 1270 saeculi,
3789 1206 3905 1265 sed.

2245 1291 2447 1346 futuri.
2484 1296 2681 1347 Potest
2713 1298 2767 1348 et
2795 1291 2962 1349 aliter
3007 1292 3168 1349 locus
3199 1292 3308 1349 iste
3349 1293 3629 1351 edisseri:
3664 1296 3823 1353 050
3848 1295 3894 1351 Ο

2245 1397 2345 1436 vos
2395 1380 2651 1452 Ephesii,
2685 1381 2900 1453 quibus
2930 1383 2999 1437 de
3030 1399 3237 1438 somno
3277 1382 3471 1438 szeculi
3502 1382 3674 1439 istius
3702 1398 3897 1447 exsur-

2247 1470 2522 1541 gentibus
2570 1469 2655 1525 sol
2688 1470 2931 1541 justitim
2981 1476 3143 1527 ortus
3200 1476 3290 1528 est
3343 1471 3612 1529 Christus
3643 1473 3893 1545 (Malaeh.

2250 1575 2323 1627 IV,
2355 1562 2433 1625 2),
2484 1564 2653 1615 caute
2691 1560 2990 1617 ambulate
3039 1566 3216 1633 atque
3256 1562 3606 1633 prudenter;
3654 1566 3712 1619 et
3741 1563 3900 1633 abje-

2249 1652 2342 1703 cta
2371 1646 2728 1720 insipientia,
2768 1653 2961 1705 tenete
3004 1649 3374 1722 sapientiam,
3408 1668 3511 1723 per
3559 1667 3738 1724 quam
3767 1668 3904 1725 pos-

2250 1736 2381 1791 sitis
2413 1754 2527 1792 non
2560 1754 2694 1793 cum
2726 1738 3006 1796 varietate
3034 1743 3364 1811 temporum
3388 1743 3768 1810 commutari;
3802 1743 3904 1799 sed

2250 1825 2645 1883 diversitatem
2692 1835 3022 1900 temporum
3073 1828 3238 1885 vobis
3287 1846 3471 1885 unum
3521 1833 3753 1907 tempus
3777 1830 3902 1887 effi-

2252 1931 2401 1970 cere.
2452 1916 2522 1970 Et
2578 1917 2713 1986 quia
2768 1922 2906 1973 sunt
2977 1916 3243 1988 plurimae
3325 1919 3762 1991 persecutiones
3821 1919 3904 1991 (in

2252 2003 2539 2076 principio
2572 2006 2787 2078 quippe
2818 2006 2948 2062 fidei
2984 2007 3412 2079 propemodum
3445 2007 3706 2079 quotidie
3734 2024 3904 2066 vexa-

2252 2094 2468 2148 bantur
2524 2092 2836 2165 Ecclesiae),
2898 2112 3083 2152 unum
3140 2100 3331 2152 tenete
3381 2113 3646 2165 cursum,
3706 2103 3763 2154 et
3794 2097 3904 2155 hoc

2253 2182 2457 2238 scitote
2487 2184 2859 2255 servandum,
2892 2188 2957 2239 ut
2986 2202 3101 2241 non
3133 2184 3192 2240 in
3237 2202 3461 2242 morem
3511 2186 3700 2257 stulti,
3734 2187 3906 2259 quasi

2253 2270 2395 2326 luna
2450 2272 2792 2327 mutemini:
2828 2274 2928 2329 sed
2978 2275 3131 2345 quod
3181 2274 3360 2331 semel
3406 2274 3685 2349 coepistis,
3735 2276 3909 2332 ﬁrma

2253 2364 2447 2417 mente
2484 2362 2765 2418 teneatis:
2826 2380 2899 2418 ne
2930 2362 3197 2419 videlicet
3225 2364 3274 2420 si
3332 2369 3764 2437 persecutorem
3807 2366 3907 2437 ju-

2254 2450 2441 2505 dicem
2470 2451 2753 2517 videritis,
2786 2456 2841 2507 et
2888 2469 2989 2507 vos
3020 2469 3153 2508 cum
3192 2453 3415 2524 judicis
3445 2453 3743 2511 voluntate
3774 2472 3907 2513 mu-

2254 2538 2480 2594 temini.
2514 2539 2769 2595 Rursum
2803 2541 2852 2595 si
2879 2540 3030 2597 alius
3088 2542 3381 2613 dogmatis
3412 2543 3590 2600 vestri
3635 2542 3911 2601 laudator

2256 2628 2571 2700 advenerit,
2629 2646 2730 2684 vos
2788 2630 3089 2686 fateamini
3134 2631 3538 2701 Christianos;
3589 2634 3691 2689 sed
3748 2635 3905 2706 quod

2255 2717 2415 2786 estis,
2440 2718 2601 2773 omni
2631 2723 2891 2792 tempore
2912 2725 3221 2777 reservate.
3255 2720 3505 2794 Aliquod
3530 2723 3602 2779 de
3648 2723 3910 2795 Scriptu-

2258 2806 2338 2862 ris
2370 2824 2659 2879 ponamus
2710 2809 3067 2881 exemplum,
3103 2813 3167 2865 ut
3210 2811 3365 2882 quod
3413 2811 3666 2868 dicimus
3716 2814 3910 2869 mani-

2257 2895 2461 2952 festius
2510 2896 2629 2951 fiat.
2688 2897 2904 2969 Joseph
2967 2915 3151 2954 unum
3209 2898 3462 2956 habebat
3515 2900 3910 2974 propositum,

2257 2983 2482 3055 placere
2532 2990 2666 3041 Deo.
2710 2985 2827 3042 Hec
2859 2986 3021 3043 nulla
3048 2988 3323 3045 varietate
3368 2990 3653 3062 temporis
3684 2990 3906 3048 immu-

2257 3077 2446 3129 tatum
2496 3078 2617 3130 est:
2670 3091 2774 3131 nec
2822 3075 3068 3132 fratrum
3127 3076 3367 3147 invidia,
3420 3095 3525 3134 nec
3573 3079 3908 3137 conditione

2257 3163 2577 3233 servitutis,
2607 3180 2711 3219 nec
2758 3165 2943 3220 aetatis
2990 3164 3301 3236 illecebris,
3352 3183 3458 3223 nec
3507 3168 3757 3225 domine
3819 3187 3907 3227 re-

2258 3253 2564 3323 promssis,
2624 3270 2730 3309 nec
2783 3255 3054 3326 squalore
3094 3256 3364 3323 carceris,
3415 3273 3522 3314 nec
3566 3262 3769 3331 postea
3810 3263 3904 3316 tu-

2258 3358 2419 3397 more
2448 3343 2723 3415 zEgyptiaa
2751 3345 3097 3416 potestatis:
3144 3350 3241 3401 sed
3291 3362 3523 3419 semper
3580 3364 3735 3406 unus
3774 3350 3904 3419 fuit,

487 3421 721 3511 pedibus
775 3438 911 3493 meis
963 3434 1182 3491 verbum
1240 3437 1413 3503 tuum,
1466 3433 1697 3487 Domine
1725 3431 1896 3502 (Psal.
1948 3446 2141 3500 cxvm,
2176 3421 2218 3489 C
2257 3434 2313 3486 et
2368 3432 2727 3501 varietatem,
2778 3438 2842 3488 ut
2888 3434 3165 3503 diximus,
3216 3440 3549 3509 temporum
3593 3438 3707 3494 sibi
3754 3439 3911 3496 redi-

504 3528 647 3601 105),
691 3527 892 3600 utique
950 3524 1187 3598 sapiens
1237 3527 1342 3579 est.
1403 3522 1527 3577 Non
1580 3520 1736 3576 enim
1794 3526 1935 3593 puto
1998 3516 2149 3572 ἰδιῶ-

498 3637 597 3685 την
640 3616 999 3689 quempiam,
1049 3613 1159 3669 etsi
1206 3612 1343 3668 velit
1389 3610 1689 3666 ambulare
1741 3614 1928 3677 caute,
1980 3625 2149 3681 posse

498 3706 609 3763 hoc
638 3704 881 3776 implere
927 3706 1311 3776 praeceptum:
1363 3700 1504 3771 quia
1548 3697 1912 3771 sapientibus
1944 3703 2002 3753 et
2033 3715 2147 3754 non

495 3794 916 3867 insipientibus
946 3792 1299 3862 imperatum
1330 3792 1436 3844 est.
1471 3788 1552 3842 Ex
1600 3804 1714 3858 quo
1764 3786 2148 3859 intelligimus

496 3889 554 3941 et
584 3887 869 3957 praecepta
899 3879 1165 3948 moralia,
1198 3879 1350 3952 (quae
1370 3876 1632 3949 plerique
1654 3875 1964 3932 manifesta
1992 3876 2148 3931 arbi-

497 3977 750 4041 trantur,
810 3988 877 4029 ex
934 3988 999 4027 eo
1071 3969 1226 4041 quod
1278 3968 1335 4024 in
1386 3972 1587 4023 octavo
1648 3965 1872 4021 decimo
1922 3965 2147 4038 psalmo

495 4067 673 4134 (Vera.
704 4062 761 4135 9)
793 4062 1042 4118 dicitur:
1093 4058 1405 4115 Mandatum
1444 4058 1666 4113 Domini
1713 4054 1980 4126 lucidum,
2014 4056 2145 4112 illu-

494 4155 723 4210 minans
760 4152 960 4223 oculos)
1001 4150 1263 4222 indigere
1314 4146 1606 4220 prudenti,
1641 4149 1698 4201 et
1726 4145 2149 4218 circumspecta

505 4242 898 4316 expositione:
924 4238 1337 4314 quialucidum
1359 4236 1505 4292 illud
1538 4238 1913 4308 praeceptum,
1943 4251 2144 4291 eorum

500 4332 799 4389 illuminat
876 4329 1097 4400 oculos,
1140 4328 1239 4400 qui
1308 4324 1646 4398 insipientia
1693 4323 1988 4394 derelicta,
2050 4340 2141 4380 sa-

492 4422 722 4495 pientiae
754 4420 969 4477 studiis
998 4436 1060 4475 se
1090 4416 1500 4488 manciparint.

565 4510 747 4582 (Vere.
783 4510 894 4581 16.)
930 4529 958 4558 «
982 4507 1373 4576 ,Redimentes
1420 4509 1675 4574 tempus,
1709 4503 1985 4575 quoniam
2018 4504 2139 4560 dies

494 4597 636 4656 mali
667 4601 823 4654 sunt.
851 4620 879 4649 »
914 4597 1021 4663 Qui
1069 4594 1304 4666 sapiens
1343 4596 1450 4663 est,
1484 4596 1541 4647 et
1572 4591 1788 4647 idcirco
1820 4598 1986 4649 caute
2016 4610 2138 4649 am-

490 4687 674 4754 bulat,
724 4685 961 4743 redimit
1004 4690 1257 4757 tempus.
1316 4683 1570 4754 Tempus
1629 4686 1822 4738 autem
1881 4683 2139 4753 redimit,

2260 3537 2448 3587 mens,
2481 3521 2667 3578 malos
2697 3523 2820 3578 dies
2863 3524 3035 3579 vertit
3066 3524 3124 3580 in
3173 3525 3358 3585 bonos
3400 3525 3554 3598 (Gen.
3603 3544 3815 3599 xxxvn,
3841 3529 3915 3585 42

2253 3612 2504 3683 passim).
2539 3611 2656 3667 Hoc
2686 3612 2842 3669 idem
2872 3619 2930 3669 et
2959 3614 3029 3669 de
3055 3613 3164 3670 Job
3197 3614 3570 3673 sentiendum
3603 3622 3711 3689 est,
3753 3619 3911 3690 quod

2258 3716 2361 3771 per
2402 3700 2561 3756 varia
2616 3705 2978 3758 tentamenta
3021 3707 3283 3770 vexatus,
3341 3721 3446 3761 nec
3506 3705 3745 3775 divitiis,
3805 3722 3912 3763 nec

2259 3788 2512 3854 damnis,
2548 3807 2651 3846 nec
2673 3792 2941 3859 orbitate,
2966 3809 3070 3848 nec
3100 3793 3356 3865 vulnere,
3382 3809 3486 3851 nec
3512 3812 3581 3852 ex
3601 3796 3912 3868 exprobra-

2258 3877 2415 3933 tione
2444 3879 2789 3946 amicorum,
2842 3898 2946 3938 nec
2977 3882 3315 3949 solitudine,
3362 3899 3467 3942 nec
3497 3889 3699 3957 postea
3728 3885 3913 3943 hono-

2256 3982 2387 4021 rum
2418 3969 2682 4024 omnium
2716 3969 3083 4026 restitutione
3114 3975 3376 4029 mutatus
3433 3977 3524 4032 est
3547 3974 3683 4041 (Job,
3715 3989 3908 4043 I-xm,

2252 4058 2500 4126 passim).
2529 4058 2874 4115 Redemerat
2902 4059 3058 4116 enim
3100 4060 3213 4117 sibi
3244 4065 3501 4135 tempus,
3534 4066 3593 4118 et
3622 4061 3746 4118 dies
3777 4079 3910 4119 ma-

2256 4145 2345 4200 los
2372 4145 2588 4202 fecerat
2608 4147 2810 4203 bonos.

2325 4324 2511 4386 (Vers.
2550 4327 2661 4399 17.)
2695 4349 2723 4376 ‹‹
2769 4332 3011 4401 Propter
3058 4330 3212 4402 quod
3262 4329 3444 4387 nolite
3485 4332 3636 4389 efﬁci
3679 4333 3905 4407 impru-

2253 4413 2493 4470 dentes:
2555 4416 2657 4472 sed
2701 4415 3009 4491 intelligite
3065 4435 3192 4491 qua:
3251 4419 3328 4475 sit
3383 4419 3656 4479 voluntas
3713 4423 3836 4479 Dei.
3871 4444 3901 4474 »

2251 4502 2396 4566 Quia
2424 4508 2658 4579 tempus
2689 4505 2909 4563 malum
2957 4511 3064 4576 est,
3116 4512 3174 4563 et
3197 4508 3351 4564 sicut
3396 4525 3577 4581 supra
3621 4509 3898 4583 diximus,

2252 4592 2682 4664 redimendum,
2716 4596 3042 4668 appetenda
3088 4600 3221 4654 ante
3249 4598 3537 4671 sapientia
3560 4603 3671 4668 est,
3702 4604 3770 4655 ut
3797 4616 3902 4672 per

2251 4680 2413 4739 illam
2442 4683 2767 4757 intelligere
2809 4685 3111 4743 valeamus
3168 4704 3296 4760 qua:
3353 4688 3429 4745 sit
3456 4686 3726 4745 voluntas
3773 4689 3897 4746 Dei.

488 4777 629 4851 quia
656 4777 780 4833 dies
810 4775 951 4833 mali
974 4779 1132 4831 sunt.
1167 4772 1407 4840 Quando
1439 4771 1498 4827 in
1530 4773 1680 4828 bono
1702 4789 1873 4846 Opere
1904 4777 2139 4846 tempus
2166 4800 2214 4866 D
2247 4771 2574 4866 Nonuenim
2633 4790 2952 4866 possumus
2988 4781 3175 4866 caute
3222 4775 3545 4849 ambulare,
3590 4777 3704 4835 nisi
3734 4778 3900 4851 prius

491 4867 920 4935 consumimus,
952 4866 1205 4922 emimus
1227 4862 1392 4933 illud,
1426 4867 1484 4917 et
1531 4862 1834 4935 proprium
1885 4863 2134 4919 facimus
2166 4861 2204 4866 ”
2245 4861 2542 4917 intellecta
2571 4862 2867 4920 voluntate
2896 4865 3019 4922 Dei.
3073 4867 3137 4922 In
3195 4866 3356 4923 omni
3406 4883 3541 4941 ergo
3573 4882 3746 4940 opere
3777 4869 3897 4941 pri-

485 4957 642 5030 quod
701 4956 926 5013 malitia
971 4954 1278 5011 hominum
1321 4950 1620 5007 venditum
1670 4952 1875 5008 fuerat.
1926 4952 2128 5008 Nemo.

556 5102 572 5135 ¹
603 5100 874 5157 Vidimus
923 5103 979 5156 et
1022 5114 1219 5171 supra,
1246 5096 1420 5171 hunc
1468 5095 1663 5171 nescio
1709 5111 1895 5171 quem,
1942 5098 2129 5152 notari

480 5173 585 5229 abs
613 5173 961 5247 Hieronymo
994 5172 1052 5226 in
1082 5167 1208 5247 cap.
1244 5167 1702 5247 Matthaeigtxvn,
1991 5185 2133 5247 sane

478 5261 613 5300 cum
644 5246 717 5301 ad
748 5238 1062 5301 creandum
1096 5238 1264 5313 vulgo
1288 5238 1637 5294 miraculum
1668 5243 1992 5363 excogitata
2014 5241 2133 5310 opi-

479 5317 637 5363 nntin
668 5333 735 5363 an
767 5318 846 5363 ait
879 5318 1058 5363 Arlnm
1094 5314 1150 5363 in
1181 5310 1451 5363 Calvaritu
1506 5310 1630 5363 loco
1672 5325 1811 5363 senu
1842 5314 1988 5363 tum.
2032 5311 2131 5363 ubi

479 5317 637 5373 natio
668 5333 737 5373 ea
767 5318 846 5373 sit
874 5318 1059 5371 Adam
1094 5314 1150 5368 in
1181 5310 1451 5368 Calvarize
1506 5310 1630 5364 loco
1672 5310 1988 5380 sepultum,
2032 5311 2131 5366 ubi

477 5389 790 5445 cruciﬁxus
820 5394 910 5445 est
937 5383 1207 5443 Christus
1241 5400 1253 5437 :
1290 5388 1415 5437 tum
1444 5381 1503 5436 id
1546 5381 1716 5451 plane
1748 5382 2126 5452 paradoxum,

479 5460 550 5513 ab
565 5459 703 5534 ipso
758 5462 981 5532 prolata
1011 5458 1222 5534 Aistbaac
1254 5455 1323 5511 ad
1349 5454 1644 5534 Adamum
1674 5453 1883 5534 verba:
1928 5457 2127 5534 surge,

479 5531 574 5599 qui
601 5524 827 5604 dormis,
855 5536 963 5587 etc.
997 5530 1278 5604 caeterum
1311 5530 1368 5604 et
1396 5525 1453 5578 S.
1492 5524 1838 5604 Ambrosius
1869 5524 1933 5604 in.
1960 5524 2126 5581 Com;

476 5596 660 5677 ineat,
692 5596 935 5677 in_hanc
968 5600 1171 5673 Epist.,
1223 5603 1281 5654 et
1326 5596 1689 5677 Augustinus
1718 5596 1776 5649 in
1810 5596 2021 5677 psalm.
2066 5615 2129 5653 ιιι

477 5666 700 5743 legunt,
732 5675 797 5750 Et
840 5666 1112 5750 continget
1158 5666 1227 5737 te,
1261 5666 1437 5741 quam
1486 5666 2127 5750 lectionem—Hierony-

475 5742 611 5814 mus
658 5745 881 5814 probat.
945 5742 1241 5814 Erasmus,
1292 5755 1465 5812 quem
1525 5742 1815 5814 Victorius
1863 5742 2129 5814 sequitur

473 5813 534 5894 in
564 5787 883 5894 pragcmex
933 5815 1164 5888 ingenio
1212 5787 1520 5894 ﬂecterent,“
1552 5806 1808 5894 eadem;
1863 5787 1967 5894 pro
2018 5810 2129 5866 ἐπι-

471 5881 686 5962 ψαύσει.
740 5881 1189 5961 Οῇνγεοεῖοωιιε
1237 5884 1397 5940 hom.
1452 5881 1540 5953 18,
1589 5881 2120 5943 inhunc'loeum:

2246 4966 2410 5005 mum
2451 4950 2944 5011 considerandum
2973 4955 3110 5027 quid
3160 4955 3321 5011 vellit
3367 4956 3561 5026 Deus;
3593 4960 3652 5013 et
3699 4956 3898 5015 habito

2367 5089 2460 5165 μέν
2520 5114 2666 5171 φασι.
2728 5116 2755 5149 (ι
2810 5095 2909 5174 Ι(ιαί
2969 5095 3280 5170 ἐπιψαύσεις
3333 5100 3429 5174 τῷ
3478 5099 3725 5174 Χρισιρῦ,
3771 5121 3800 5150 »
3840 5099 3896 5174 ei

2244 5161 2299 5218 δὲ
2331 5161 2508 5244 parem,
2532 5161 2571 5238 ξι(
2632 5167 2946 5244 Ἐπιφαύσει
3006 5161 3087 5244 eoi
3122 5170 3150 5222 ὁ
3208 5169 3459 5242 Χριστὸς,
3498 5161 3535 5219 )›’
3564 5161 3777 5244 μᾷλᾼον
3837 5166 3896 5225 δὲ

2239 5234 2399 5313 τφῦὲο
2423 5234 2558 5313 ἔστιέ
2577 5240 2705 5313 Atii
2732 5234 2960 5313 quidem
2990 5241 3195 5308 dicunt,
3228 5234 3295 5296 Et
3314 5234 3526 5313 tanges
3564 5234 3895 5311 'Christum,

2241 5311 2345 5386 alii
2374 5325 2496 5366 rero
2525 5311 2730 5378 dicunt,
2754 5311 3191 5368 Etilluminabit
3214 5319 3270 5368 te
3297 5311 3599 5369 Christus:
3632 5318 3689 5369 et
3715 5316 3895 5386 magis

2239 5384 2321 5436 ita
2349 5387 2447 5436 est.

2309 5453 2498 5516 2Quis
2545 5452 3157 5529 credidissetnullam
3214 5457 3331 5513 fere
3386 5472 3588 5512 vocem
3650 5456 3891 5529 reperiri

2237 5529 2492 5580 Graecam
2524 5526 2826 5580 recitatam
2867 5526 2938 5600 ab
2972 5527 3321 5600 Hieronymo
3341 5569 3358 5597 ,
3390 5542 3576 5600 quam
3602 5526 3889 5585 non'Era-

2238 5613 2425 5671 smus,
2451 5600 2513 5671 et
2547 5601 2678 5671 post
2719 5612 2853 5671 eum
2872 5598 3585 5671 ,Marianus'depravarit?
3612 5600 3722 5656 Pro
3752 5615 3890 5657 voce

2236 5669 2416 5739 igitur
2446 5665 2748 5737 ἐπιῲαύσει,
2792 5669 3041 5725 editores
3084 5671 3167 5726 illi
3199 5665 3404 5728 contra
3450 5671 3625 5739 ﬁdem
3677 5686 3885 5728 manu-

2236 5738 2587 5819 scriptorum
2636 5740 3276 5819 codicumposuerunt
3329 5742 3573 5819 verbum
3605 5738 3883 5819 ἐφάψεται.

2238 5814 2315 5868 De
2344 5811 2549 5889 eadem
2578 5827 2711 5868 vero
2741 5811 3127 5889 expositione,
3152 5831 3333 5889 supra
3363 5811 3883 5889 loquebatur'Hie-

2235 5881 2594 5960 ronymusin
2625 5900 2752 5958 cap.
2782 5881 2937 5944 x'xvu
2967 5881 3174 5944 Matth.
3208 5881 3396 5947 MART.
