  <div class='ocr_page' id='page_1' title='image "/cluster/home/n/w/nwhite01/storage/ocr_20150623/26/umn.31951002477320a/284.png"; bbox 0 0 4310 6566; ppageno 0'>
   <div class='ocr_carea' id='block_1_1' title="bbox 447 378 560 444">
    <p class='ocr_par' dir='ltr' id='par_1_1' title="bbox 447 378 560 444">
     <span class='ocr_line' id='line_1_1' title="bbox 447 378 560 444; baseline 0.009 -3"><span class='ocrx_word' id='word_1_1' title='bbox 447 378 560 444; x_wconf 81' lang='grc'>561</span> 
     </span>
    </p>
   </div>
   <div class='ocr_carea' id='block_1_2' title="bbox 1087 384 3176 477">
    <p class='ocr_par' dir='ltr' id='par_1_2' title="bbox 1087 384 3176 477">
     <span class='ocr_line' id='line_1_2' title="bbox 1087 384 3176 477; baseline 0.008 -31"><span class='ocrx_word' id='word_1_2' title='bbox 1087 384 1600 450; x_wconf 82' lang='lat' dir='ltr'>GOMMENTAR.</span> <span class='ocrx_word' id='word_1_3' title='bbox 1647 389 1728 450; x_wconf 90' lang='lat' dir='ltr'>IN</span> <span class='ocrx_word' id='word_1_4' title='bbox 1771 390 2020 454; x_wconf 84' lang='lat' dir='ltr'>EPIST.</span> <span class='ocrx_word' id='word_1_5' title='bbox 2065 395 2169 456; x_wconf 84' lang='lat' dir='ltr'>AD</span> <span class='ocrx_word' id='word_1_6' title='bbox 2217 396 2494 460; x_wconf 87' lang='lat' dir='ltr'>EPHES.</span> <span class='ocrx_word' id='word_1_7' title='bbox 2541 399 2688 461; x_wconf 89' lang='lat' dir='ltr'>LIB.</span> <span class='ocrx_word' id='word_1_8' title='bbox 2736 400 2840 477; x_wconf 87' lang='lat' dir='ltr'>Ill,</span> <span class='ocrx_word' id='word_1_9' title='bbox 2882 399 3051 463; x_wconf 85' lang='lat' dir='ltr'>CAP.</span> <span class='ocrx_word' id='word_1_10' title='bbox 3100 402 3176 465; x_wconf 82' lang='lat' dir='ltr'>V.</span> 
     </span>
    </p>
   </div>
   <div class='ocr_carea' id='block_1_3' title="bbox 3741 403 3858 464">
    <p class='ocr_par' dir='ltr' id='par_1_3' title="bbox 3741 403 3858 464">
     <span class='ocr_line' id='line_1_3' title="bbox 3741 403 3858 464; baseline 0.009 -1"><span class='ocrx_word' id='word_1_11' title='bbox 3741 403 3858 464; x_wconf 77' lang='lat'>562</span> 
     </span>
    </p>
   </div>
   <div class='ocr_carea' id='block_1_4' title="bbox 438 513 3858 606">
    <p class='ocr_par' dir='ltr' id='par_1_4' title="bbox 438 513 3858 606">
     <span class='ocr_line' id='line_1_4' title="bbox 438 513 3858 606; baseline 0.007 -37"><span class='ocrx_word' id='word_1_12' title='bbox 438 513 689 586; x_wconf 87' lang='lat' dir='ltr'>judicio,</span> <span class='ocrx_word' id='word_1_13' title='bbox 718 513 776 572; x_wconf 89' lang='lat' dir='ltr'>id</span> <span class='ocrx_word' id='word_1_14' title='bbox 810 520 1011 590; x_wconf 89' lang='lat' dir='ltr'>postea</span> <span class='ocrx_word' id='word_1_15' title='bbox 1033 517 1388 588; x_wconf 88' lang='lat' dir='ltr'>faciendum,</span> <span class='ocrx_word' id='word_1_16' title='bbox 1415 523 1568 593; x_wconf 92' lang='lat' dir='ltr'>quod</span> <span class='ocrx_word' id='word_1_17' title='bbox 1603 522 1685 578; x_wconf 88' lang='lat' dir='ltr'>illi</span> <span class='ocrx_word' id='word_1_18' title='bbox 1708 524 1894 582; x_wconf 84' lang='lat' dir='ltr'>facere</span> <span class='ocrx_word' id='word_1_19' title='bbox 1923 528 2097 583; x_wconf 88' lang='lat' dir='ltr'>fuerit</span> <span class='ocrx_word' id='word_1_20' title='bbox 2127 534 2178 596; x_wconf 85' lang='grc' dir='ltr'><strong>Α</strong></span> <span class='ocrx_word' id='word_1_21' title='bbox 2208 530 2422 585; x_wconf 88' lang='lat' dir='ltr'>dicitur</span> <span class='ocrx_word' id='word_1_22' title='bbox 2456 548 2468 586; x_wconf 93' lang='lat'>:</span> <span class='ocrx_word' id='word_1_23' title='bbox 2523 533 2813 588; x_wconf 79' lang='lat' dir='ltr'>Cantantes</span> <span class='ocrx_word' id='word_1_24' title='bbox 2860 537 2909 588; x_wconf 87' lang='lat' dir='ltr'>et</span> <span class='ocrx_word' id='word_1_25' title='bbox 2953 535 3252 606; x_wconf 78' lang='lat' dir='ltr'>psallentes</span> <span class='ocrx_word' id='word_1_26' title='bbox 3281 552 3342 591; x_wconf 80' lang='lat' dir='ltr'>in</span> <span class='ocrx_word' id='word_1_27' title='bbox 3369 534 3621 592; x_wconf 74' lang='lat' dir='ltr'>cordibus</span> <span class='ocrx_word' id='word_1_28' title='bbox 3665 539 3858 594; x_wconf 87' lang='lat' dir='ltr'>vestris</span> 
     </span>
    </p>
   </div>
   <div class='ocr_carea' id='block_1_5' title="bbox 447 605 923 676">
    <p class='ocr_par' dir='ltr' id='par_1_5' title="bbox 447 605 923 676">
     <span class='ocr_line' id='line_1_5' title="bbox 447 605 923 676; baseline 0.004 -17"><span class='ocrx_word' id='word_1_29' title='bbox 447 605 923 676; x_wconf 74' lang='lat' dir='ltr'>comprobatum-</span> 
     </span>
    </p>
   </div>
   <div class='ocr_carea' id='block_1_6' title="bbox 517 693 2096 779">
    <p class='ocr_par' dir='ltr' id='par_1_6' title="bbox 517 693 2096 779">
     <span class='ocr_line' id='line_1_6' title="bbox 517 693 2096 779; baseline 0.011 -32"><span class='ocrx_word' id='word_1_30' title='bbox 517 693 701 765; x_wconf 81' lang='lat' dir='ltr'>(Vere.</span> <span class='ocrx_word' id='word_1_31' title='bbox 757 697 867 764; x_wconf 87' lang='grc'>18.)</span> <span class='ocrx_word' id='word_1_32' title='bbox 925 698 1049 752; x_wconf 69' lang='lat' dir='ltr'>«Et</span> <span class='ocrx_word' id='word_1_33' title='bbox 1098 697 1276 754; x_wconf 83' lang='lat' dir='ltr'>nolite</span> <span class='ocrx_word' id='word_1_34' title='bbox 1333 700 1606 757; x_wconf 80' lang='lat' dir='ltr'>inebriari</span> <span class='ocrx_word' id='word_1_35' title='bbox 1666 704 1821 773; x_wconf 92' lang='lat' dir='ltr'>vino,</span> <span class='ocrx_word' id='word_1_36' title='bbox 1871 706 1930 762; x_wconf 91' lang='lat' dir='ltr'>in</span> <span class='ocrx_word' id='word_1_37' title='bbox 1982 725 2096 779; x_wconf 90' lang='lat' dir='ltr'>quo</span> 
     </span>
    </p>
   </div>
   <div class='ocr_carea' id='block_1_7' title="bbox 443 781 2094 863">
    <p class='ocr_par' dir='ltr' id='par_1_7' title="bbox 443 781 2094 863">
     <span class='ocr_line' id='line_1_7' title="bbox 443 781 2094 863; baseline 0.011 -26"><span class='ocrx_word' id='word_1_38' title='bbox 443 787 533 838; x_wconf 89' lang='lat' dir='ltr'>est</span> <span class='ocrx_word' id='word_1_39' title='bbox 588 781 838 852; x_wconf 85' lang='lat' dir='ltr'>luxuria,</span> <span class='ocrx_word' id='word_1_40' title='bbox 872 785 972 841; x_wconf 89' lang='lat' dir='ltr'>sed</span> <span class='ocrx_word' id='word_1_41' title='bbox 1023 786 1387 858; x_wconf 89' lang='lat' dir='ltr'>impleamini</span> <span class='ocrx_word' id='word_1_42' title='bbox 1447 792 1678 863; x_wconf 82' lang='lat' dir='ltr'>spiritu.</span> <span class='ocrx_word' id='word_1_43' title='bbox 1713 818 1741 843; x_wconf 84' lang='lat'>»</span> <span class='ocrx_word' id='word_1_44' title='bbox 1793 798 2094 861; x_wconf 87' lang='lat' dir='ltr'>Quomodo</span> 
     </span>
    </p>
   </div>
   <div class='ocr_carea' id='block_1_8' title="bbox 451 874 2094 953">
    <p class='ocr_par' dir='ltr' id='par_1_8' title="bbox 451 874 2094 953">
     <span class='ocr_line' id='line_1_8' title="bbox 451 874 2094 953; baseline 0.01 -29"><span class='ocrx_word' id='word_1_45' title='bbox 451 886 564 926; x_wconf 92' lang='lat' dir='ltr'>non</span> <span class='ocrx_word' id='word_1_46' title='bbox 622 887 937 942; x_wconf 85' lang='lat' dir='ltr'>possumus</span> <span class='ocrx_word' id='word_1_47' title='bbox 994 874 1224 932; x_wconf 89' lang='lat' dir='ltr'>duobus</span> <span class='ocrx_word' id='word_1_48' title='bbox 1279 878 1534 934; x_wconf 85' lang='lat' dir='ltr'>dominis</span> <span class='ocrx_word' id='word_1_49' title='bbox 1591 883 1825 953; x_wconf 79' lang='lat' dir='ltr'>servire,</span> <span class='ocrx_word' id='word_1_50' title='bbox 1869 889 1982 940; x_wconf 90' lang='lat' dir='ltr'>Deo</span> <span class='ocrx_word' id='word_1_51' title='bbox 2040 890 2094 941; x_wconf 91' lang='lat' dir='ltr'>et</span> 
     </span>
    </p>
   </div>
   <div class='ocr_carea' id='block_1_9' title="bbox 441 963 2090 1048">
    <p class='ocr_par' dir='ltr' id='par_1_9' title="bbox 441 963 2090 1048">
     <span class='ocr_line' id='line_1_9' title="bbox 441 963 2090 1048; baseline 0.011 -35"><span class='ocrx_word' id='word_1_52' title='bbox 441 975 788 1015; x_wconf 61' lang='lat' dir='ltr'>mammona</span> <span class='ocrx_word' id='word_1_53' title='bbox 821 963 1030 1033; x_wconf 80' lang='lat' dir='ltr'>(Matth.</span> <span class='ocrx_word' id='word_1_54' title='bbox 1068 983 1145 1034; x_wconf 84' lang='lat' dir='ltr'>v1,</span> <span class='ocrx_word' id='word_1_55' title='bbox 1178 967 1268 1038; x_wconf 75' lang='grc'>24)</span> <span class='ocrx_word' id='word_1_56' title='bbox 1303 983 1317 1023; x_wconf 90' lang='lat'>:</span> <span class='ocrx_word' id='word_1_57' title='bbox 1364 969 1447 1023; x_wconf 87' lang='lat' dir='ltr'>sic</span> <span class='ocrx_word' id='word_1_58' title='bbox 1479 986 1592 1024; x_wconf 91' lang='lat' dir='ltr'>non</span> <span class='ocrx_word' id='word_1_59' title='bbox 1625 989 1940 1042; x_wconf 86' lang='lat' dir='ltr'>possumus</span> <span class='ocrx_word' id='word_1_60' title='bbox 1973 975 2090 1048; x_wconf 90' lang='lat' dir='ltr'>spi-</span> 
     </span>
    </p>
   </div>
   <div class='ocr_carea' id='block_1_10' title="bbox 437 1045 2090 1135">
    <p class='ocr_par' dir='ltr' id='par_1_10' title="bbox 437 1045 2090 1135">
     <span class='ocr_line' id='line_1_10' title="bbox 437 1045 2090 1135; baseline 0.011 -34"><span class='ocrx_word' id='word_1_61' title='bbox 437 1047 553 1102; x_wconf 91' lang='lat' dir='ltr'>ritu</span> <span class='ocrx_word' id='word_1_62' title='bbox 589 1045 838 1121; x_wconf 82' lang='lat' dir='ltr'>impleri</span> <span class='ocrx_word' id='word_1_63' title='bbox 897 1055 1132 1122; x_wconf 89' lang='lat' dir='ltr'>pariter,</span> <span class='ocrx_word' id='word_1_64' title='bbox 1184 1062 1240 1111; x_wconf 92' lang='lat' dir='ltr'>et</span> <span class='ocrx_word' id='word_1_65' title='bbox 1293 1058 1446 1114; x_wconf 93' lang='lat' dir='ltr'>vino.</span> <span class='ocrx_word' id='word_1_66' title='bbox 1502 1060 1608 1126; x_wconf 88' lang='lat' dir='ltr'>Qui</span> <span class='ocrx_word' id='word_1_67' title='bbox 1668 1061 1823 1117; x_wconf 89' lang='lat' dir='ltr'>enim</span> <span class='ocrx_word' id='word_1_68' title='bbox 1882 1063 2090 1135; x_wconf 83' lang='lat' dir='ltr'>spiritu</span> 
     </span>
    </p>
   </div>
   <div class='ocr_carea' id='block_1_11' title="bbox 434 1135 2090 1223">
    <p class='ocr_par' dir='ltr' id='par_1_11' title="bbox 434 1135 2090 1223">
     <span class='ocr_line' id='line_1_11' title="bbox 434 1135 2090 1223; baseline 0.011 -32"><span class='ocrx_word' id='word_1_69' title='bbox 434 1135 740 1213; x_wconf 85' lang='lat' dir='ltr'>impletur,</span> <span class='ocrx_word' id='word_1_70' title='bbox 772 1139 949 1198; x_wconf 85' lang='lat' dir='ltr'><strong>habet</strong></span> <span class='ocrx_word' id='word_1_71' title='bbox 999 1145 1395 1215; x_wconf 90' lang='lat' dir='ltr'>prudentiam,</span> <span class='ocrx_word' id='word_1_72' title='bbox 1445 1152 1501 1204; x_wconf 91' lang='lat' dir='ltr'>et</span> <span class='ocrx_word' id='word_1_73' title='bbox 1550 1153 2090 1223; x_wconf 85' lang='lat' dir='ltr'>mansuetudinem,</span> 
     </span>
    </p>
   </div>
   <div class='ocr_carea' id='block_1_12' title="bbox 432 1226 2091 1312">
    <p class='ocr_par' dir='ltr' id='par_1_12' title="bbox 432 1226 2091 1312">
     <span class='ocr_line' id='line_1_12' title="bbox 432 1226 2091 1312; baseline 0.011 -31"><span class='ocrx_word' id='word_1_74' title='bbox 432 1227 578 1304; x_wconf 64' lang='lat'>651</span> <span class='ocrx_word' id='word_1_75' title='bbox 630 1226 1064 1304; x_wconf 82' lang='lat' dir='ltr'>verecundiam,</span> <span class='ocrx_word' id='word_1_76' title='bbox 1117 1236 1489 1306; x_wconf 81' lang='lat' dir='ltr'>castitatem;</span> <span class='ocrx_word' id='word_1_77' title='bbox 1559 1241 1658 1312; x_wconf 91' lang='lat' dir='ltr'>qui</span> <span class='ocrx_word' id='word_1_78' title='bbox 1706 1241 1862 1310; x_wconf 91' lang='lat' dir='ltr'>vino,</span> <span class='ocrx_word' id='word_1_79' title='bbox 1914 1243 2091 1300; x_wconf 83' lang='lat' dir='ltr'>habet</span> 
     </span>
    </p>
   </div>
   <div class='ocr_carea' id='block_1_13' title="bbox 428 1315 2083 1397">
    <p class='ocr_par' dir='ltr' id='par_1_13' title="bbox 428 1315 2083 1397">
     <span class='ocr_line' id='line_1_13' title="bbox 428 1315 2083 1397; baseline 0.013 -27"><span class='ocrx_word' id='word_1_80' title='bbox 428 1315 860 1390; x_wconf 88' lang='lat' dir='ltr'>insipientiam,</span> <span class='ocrx_word' id='word_1_81' title='bbox 920 1321 1198 1392; x_wconf 87' lang='lat' dir='ltr'>furorem,</span> <span class='ocrx_word' id='word_1_82' title='bbox 1259 1328 1694 1397; x_wconf 88' lang='lat' dir='ltr'>procacitatem,</span> <span class='ocrx_word' id='word_1_83' title='bbox 1756 1331 2083 1390; x_wconf 87' lang='lat' dir='ltr'>libidinem.</span> 
     </span>
    </p>
   </div>
   <div class='ocr_carea' id='block_1_14' title="bbox 430 1407 2084 1491">
    <p class='ocr_par' dir='ltr' id='par_1_14' title="bbox 430 1407 2084 1491">
     <span class='ocr_line' id='line_1_14' title="bbox 430 1407 2084 1491; baseline 0.011 -30"><span class='ocrx_word' id='word_1_84' title='bbox 430 1408 553 1462; x_wconf 85' lang='lat' dir='ltr'>Hoc</span> <span class='ocrx_word' id='word_1_85' title='bbox 602 1407 818 1480; x_wconf 88' lang='lat' dir='ltr'>quippe</span> <span class='ocrx_word' id='word_1_86' title='bbox 867 1411 1093 1468; x_wconf 61' lang='lat' dir='ltr'>aestimo</span> <span class='ocrx_word' id='word_1_87' title='bbox 1145 1431 1260 1470; x_wconf 92' lang='lat' dir='ltr'>uno</span> <span class='ocrx_word' id='word_1_88' title='bbox 1307 1417 1479 1472; x_wconf 90' lang='lat' dir='ltr'>verbo</span> <span class='ocrx_word' id='word_1_89' title='bbox 1531 1419 1862 1491; x_wconf 86' lang='lat' dir='ltr'>signiﬁcare</span> <span class='ocrx_word' id='word_1_90' title='bbox 1915 1420 2084 1478; x_wconf 83' lang='lat' dir='ltr'>luxu-</span> 
     </span>
    </p>
   </div>
   <div class='ocr_carea' id='block_1_15' title="bbox 431 1494 2084 1581">
    <p class='ocr_par' dir='ltr' id='par_1_15' title="bbox 431 1494 2084 1581">
     <span class='ocr_line' id='line_1_15' title="bbox 431 1494 2084 1581; baseline 0.012 -33"><span class='ocrx_word' id='word_1_91' title='bbox 431 1494 602 1550; x_wconf 88' lang='lat' dir='ltr'>riam.</span> <span class='ocrx_word' id='word_1_92' title='bbox 639 1497 798 1560; x_wconf 90' lang='lat' dir='ltr'>Quod</span> <span class='ocrx_word' id='word_1_93' title='bbox 841 1497 890 1555; x_wconf 89' lang='lat' dir='ltr'>si</span> <span class='ocrx_word' id='word_1_94' title='bbox 923 1501 1162 1570; x_wconf 86' lang='lat' dir='ltr'>quidam</span> <span class='ocrx_word' id='word_1_95' title='bbox 1193 1502 1604 1577; x_wconf 85' lang='lat' dir='ltr'>intelligerent,</span> <span class='ocrx_word' id='word_1_96' title='bbox 1640 1525 1943 1581; x_wconf 85' lang='lat' dir='ltr'>nunquam</span> <span class='ocrx_word' id='word_1_97' title='bbox 1992 1529 2084 1568; x_wconf 89' lang='lat' dir='ltr'>me</span> 
     </span>
    </p>
   </div>
   <div class='ocr_carea' id='block_1_16' title="bbox 430 1583 2081 1674">
    <p class='ocr_par' dir='ltr' id='par_1_16' title="bbox 430 1583 2081 1674">
     <span class='ocr_line' id='line_1_16' title="bbox 430 1583 2081 1674; baseline 0.012 -37"><span class='ocrx_word' id='word_1_98' title='bbox 430 1583 778 1641; x_wconf 81' lang='lat' dir='ltr'>temeritatis</span> <span class='ocrx_word' id='word_1_99' title='bbox 826 1592 884 1643; x_wconf 88' lang='lat' dir='ltr'>et</span> <span class='ocrx_word' id='word_1_100' title='bbox 927 1588 1212 1647; x_wconf 69' lang='lat' dir='ltr'>haereseos</span> <span class='ocrx_word' id='word_1_101' title='bbox 1243 1594 1596 1668; x_wconf 87' lang='lat' dir='ltr'>arguissent,</span> <span class='ocrx_word' id='word_1_102' title='bbox 1629 1601 1784 1669; x_wconf 91' lang='lat' dir='ltr'>quod</span> <span class='ocrx_word' id='word_1_103' title='bbox 1816 1599 1876 1654; x_wconf 91' lang='lat' dir='ltr'>in</span> <span class='ocrx_word' id='word_1_104' title='bbox 1908 1600 2081 1674; x_wconf 78' lang='lat' dir='ltr'>virgi-</span> 
     </span>
    </p>
   </div>
   <div class='ocr_carea' id='block_1_17' title="bbox 430 1671 2082 1747">
    <p class='ocr_par' dir='ltr' id='par_1_17' title="bbox 430 1671 2082 1747">
     <span class='ocr_line' id='line_1_17' title="bbox 430 1671 2082 1747; baseline 0.013 -21"><span class='ocrx_word' id='word_1_105' title='bbox 430 1671 612 1729; x_wconf 80' lang='lat' dir='ltr'>nitate</span> <span class='ocrx_word' id='word_1_106' title='bbox 669 1677 953 1733; x_wconf 85' lang='lat' dir='ltr'>servanda</span> <span class='ocrx_word' id='word_1_107' title='bbox 994 1681 1010 1714; x_wconf 71' lang='grc' dir='ltr'><strong><em>ι</em></strong></span> <span class='ocrx_word' id='word_1_108' title='bbox 1069 1679 1314 1737; x_wconf 83' lang='lat' dir='ltr'>dixerim</span> <span class='ocrx_word' id='word_1_109' title='bbox 1371 1683 1571 1741; x_wconf 89' lang='lat' dir='ltr'>vinum</span> <span class='ocrx_word' id='word_1_110' title='bbox 1631 1671 2082 1747; x_wconf 77' lang='lat' dir='ltr'>adolescentulis</span> 
     </span>
    </p>
   </div>
   <div class='ocr_carea' id='block_1_18' title="bbox 427 1761 2079 1850">
    <p class='ocr_par' dir='ltr' id='par_1_18' title="bbox 427 1761 2079 1850">
     <span class='ocr_line' id='line_1_18' title="bbox 427 1761 2079 1850; baseline 0.013 -35"><span class='ocrx_word' id='word_1_111' title='bbox 427 1761 868 1834; x_wconf 88' lang='lat' dir='ltr'>declinandum,</span> <span class='ocrx_word' id='word_1_112' title='bbox 902 1772 958 1822; x_wconf 90' lang='lat' dir='ltr'>et</span> <span class='ocrx_word' id='word_1_113' title='bbox 1005 1786 1122 1825; x_wconf 90' lang='lat' dir='ltr'>non</span> <span class='ocrx_word' id='word_1_114' title='bbox 1173 1771 1526 1829; x_wconf 88' lang='lat' dir='ltr'>mittendum</span> <span class='ocrx_word' id='word_1_115' title='bbox 1572 1793 1750 1850; x_wconf 87' lang='lat' dir='ltr'>super</span> <span class='ocrx_word' id='word_1_116' title='bbox 1779 1778 2079 1836; x_wconf 87' lang='lat' dir='ltr'>flammam</span> 
     </span>
    </p>
   </div>
   <div class='ocr_carea' id='block_1_19' title="bbox 411 1839 2078 1926">
    <p class='ocr_par' dir='ltr' id='par_1_19' title="bbox 411 1839 2078 1926">
     <span class='ocr_line' id='line_1_19' title="bbox 411 1839 2078 1926; baseline 0.013 -22"><span class='ocrx_word' id='word_1_117' title='bbox 411 1839 637 1923; x_wconf 82' lang='lat' dir='ltr'>oleum,</span> <span class='ocrx_word' id='word_1_118' title='bbox 691 1870 796 1909; x_wconf 90' lang='lat' dir='ltr'>nec</span> <span class='ocrx_word' id='word_1_119' title='bbox 854 1857 1182 1915; x_wconf 87' lang='lat' dir='ltr'>naturalem</span> <span class='ocrx_word' id='word_1_120' title='bbox 1234 1861 1428 1919; x_wconf 91' lang='lat' dir='ltr'>carnis</span> <span class='ocrx_word' id='word_1_121' title='bbox 1477 1865 1744 1922; x_wconf 91' lang='lat' dir='ltr'>ardorem</span> <span class='ocrx_word' id='word_1_122' title='bbox 1803 1869 2078 1926; x_wconf 83' lang='lat' dir='ltr'>fomentis</span> 
     </span>
    </p>
   </div>
   <div class='ocr_carea' id='block_1_20' title="bbox 411 1938 2072 2031">
    <p class='ocr_par' dir='ltr' id='par_1_20' title="bbox 411 1938 2072 2031">
     <span class='ocr_line' id='line_1_20' title="bbox 411 1938 2072 2031; baseline 0.013 -38"><span class='ocrx_word' id='word_1_123' title='bbox 411 1938 738 2030; x_wconf 45' lang='lat' dir='ltr'>:voluptatis</span> <span class='ocrx_word' id='word_1_124' title='bbox 769 1947 1127 2017; x_wconf 88' lang='lat' dir='ltr'>augendum.</span> <span class='ocrx_word' id='word_1_125' title='bbox 1161 1949 1357 2007; x_wconf 88' lang='lat' dir='ltr'>Potest</span> <span class='ocrx_word' id='word_1_126' title='bbox 1386 1958 1583 2010; x_wconf 90' lang='lat' dir='ltr'>autem</span> <span class='ocrx_word' id='word_1_127' title='bbox 1612 1956 1837 2025; x_wconf 90' lang='lat' dir='ltr'>vinum,</span> <span class='ocrx_word' id='word_1_128' title='bbox 1866 1957 1924 2012; x_wconf 89' lang='lat' dir='ltr'>in</span> <span class='ocrx_word' id='word_1_129' title='bbox 1957 1976 2072 2031; x_wconf 88' lang='lat' dir='ltr'>quo</span> 
     </span>
    </p>
   </div>
   <div class='ocr_carea' id='block_1_21' title="bbox 409 2023 2072 2116">
    <p class='ocr_par' dir='ltr' id='par_1_21' title="bbox 409 2023 2072 2116">
     <span class='ocr_line' id='line_1_21' title="bbox 409 2023 2072 2116; baseline 0.013 -32"><span class='ocrx_word' id='word_1_130' title='bbox 409 2023 510 2085; x_wconf 77' lang='lat' dir='ltr'>est</span> <span class='ocrx_word' id='word_1_131' title='bbox 564 2027 816 2102; x_wconf 86' lang='lat' dir='ltr'>luxuria,</span> <span class='ocrx_word' id='word_1_132' title='bbox 861 2039 918 2090; x_wconf 89' lang='lat' dir='ltr'>et</span> <span class='ocrx_word' id='word_1_133' title='bbox 966 2034 1112 2092; x_wconf 90' lang='lat' dir='ltr'>illud</span> <span class='ocrx_word' id='word_1_134' title='bbox 1176 2041 1383 2113; x_wconf 85' lang='lat' dir='ltr'>accipi,</span> <span class='ocrx_word' id='word_1_135' title='bbox 1432 2043 1502 2100; x_wconf 91' lang='lat' dir='ltr'>de</span> <span class='ocrx_word' id='word_1_136' title='bbox 1558 2061 1673 2116; x_wconf 90' lang='lat' dir='ltr'>quo</span> <span class='ocrx_word' id='word_1_137' title='bbox 1731 2047 1788 2101; x_wconf 92' lang='lat' dir='ltr'>in</span> <span class='ocrx_word' id='word_1_138' title='bbox 1824 2023 2072 2105; x_wconf 69' lang='lat' dir='ltr'>cantico</span> 
     </span>
    </p>
   </div>
   <div class='ocr_carea' id='block_1_22' title="bbox 395 2115 2073 2206">
    <p class='ocr_par' dir='ltr' id='par_1_22' title="bbox 395 2115 2073 2206">
     <span class='ocr_line' id='line_1_22' title="bbox 395 2115 2073 2206; baseline 0.013 -34"><span class='ocrx_word' id='word_1_139' title='bbox 395 2115 915 2196; x_wconf 22' lang='lat' dir='ltr'>&#39;_Moysi.dicitur:</span> <span class='ocrx_word' id='word_1_140' title='bbox 966 2127 1142 2184; x_wconf 85' lang='lat' dir='ltr'>Furor</span> <span class='ocrx_word' id='word_1_141' title='bbox 1185 2130 1487 2187; x_wconf 85' lang='lat' dir='ltr'>draconum</span> <span class='ocrx_word' id='word_1_142' title='bbox 1529 2115 1722 2191; x_wconf 82' lang='lat' dir='ltr'>vinum</span> <span class='ocrx_word' id='word_1_143' title='bbox 1773 2154 1979 2206; x_wconf 88' lang='lat' dir='ltr'>eorum,</span> <span class='ocrx_word' id='word_1_144' title='bbox 2025 2144 2073 2196; x_wconf 86' lang='lat' dir='ltr'>et</span> 
     </span>
    </p>
   </div>
   <div class='ocr_carea' id='block_1_23' title="bbox 417 2205 2072 2300">
    <p class='ocr_par' dir='ltr' id='par_1_23' title="bbox 417 2205 2072 2300">
     <span class='ocr_line' id='line_1_23' title="bbox 417 2205 2072 2300; baseline 0.015 -39"><span class='ocrx_word' id='word_1_145' title='bbox 417 2205 582 2296; x_wconf 24' lang='lat' dir='ltr'>jfaror</span> <span class='ocrx_word' id='word_1_146' title='bbox 626 2213 886 2300; x_wconf 79' lang='lat' dir='ltr'>aspidum</span> <span class='ocrx_word' id='word_1_147' title='bbox 933 2217 1272 2275; x_wconf 77' lang='lat' dir='ltr'>insanabilis</span> <span class='ocrx_word' id='word_1_148' title='bbox 1323 2222 1497 2293; x_wconf 84' lang='lat' dir='ltr'>(Deut.</span> <span class='ocrx_word' id='word_1_149' title='bbox 1530 2242 1706 2292; x_wconf 79' lang='lat' dir='ltr'>xxxu,</span> <span class='ocrx_word' id='word_1_150' title='bbox 1740 2229 1868 2298; x_wconf 80' lang='lat'>33);</span> <span class='ocrx_word' id='word_1_151' title='bbox 1920 2205 2072 2300; x_wconf 87' lang='lat' dir='ltr'>quod</span> 
     </span>
    </p>
   </div>
   <div class='ocr_carea' id='block_1_24' title="bbox 417 2293 2073 2388">
    <p class='ocr_par' dir='ltr' id='par_1_24' title="bbox 417 2293 2073 2388">
     <span class='ocr_line' id='line_1_24' title="bbox 417 2293 2073 2388; baseline 0.014 -37"><span class='ocrx_word' id='word_1_152' title='bbox 417 2293 628 2355; x_wconf 27' lang='lat' dir='ltr'>‘omnes</span> <span class='ocrx_word' id='word_1_153' title='bbox 687 2295 788 2373; x_wconf 85' lang='lat' dir='ltr'>qui</span> <span class='ocrx_word' id='word_1_154' title='bbox 849 2304 1045 2360; x_wconf 73' lang='lat' dir='ltr'>saeculi</span> <span class='ocrx_word' id='word_1_155' title='bbox 1094 2308 1267 2365; x_wconf 87' lang='lat' dir='ltr'>istius</span> <span class='ocrx_word' id='word_1_156' title='bbox 1316 2303 1665 2385; x_wconf 80' lang='lat' dir='ltr'>cogitatione</span> <span class='ocrx_word' id='word_1_157' title='bbox 1717 2323 1856 2372; x_wconf 92' lang='lat' dir='ltr'>sunt</span> <span class='ocrx_word' id='word_1_158' title='bbox 1906 2319 2073 2388; x_wconf 87' lang='lat' dir='ltr'>ebrii,</span> 
     </span>
    </p>
   </div>
   <div class='ocr_carea' id='block_1_25' title="bbox 395 2383 2073 2478">
    <p class='ocr_par' dir='ltr' id='par_1_25' title="bbox 395 2383 2073 2478">
     <span class='ocr_line' id='line_1_25' title="bbox 395 2383 2073 2478; baseline 0.015 -39"><span class='ocrx_word' id='word_1_159' title='bbox 395 2383 635 2442; x_wconf 58' lang='lat' dir='ltr'>&#39;bibunt</span> <span class='ocrx_word' id='word_1_160' title='bbox 667 2395 724 2445; x_wconf 91' lang='lat' dir='ltr'>et</span> <span class='ocrx_word' id='word_1_161' title='bbox 753 2391 1078 2466; x_wconf 89' lang='lat' dir='ltr'>insaniunt,</span> <span class='ocrx_word' id='word_1_162' title='bbox 1111 2403 1167 2453; x_wconf 87' lang='lat' dir='ltr'>et</span> <span class='ocrx_word' id='word_1_163' title='bbox 1196 2383 1459 2469; x_wconf 82' lang='lat' dir='ltr'>vomunt,</span> <span class='ocrx_word' id='word_1_164' title='bbox 1492 2407 1549 2459; x_wconf 87' lang='lat' dir='ltr'>et</span> <span class='ocrx_word' id='word_1_165' title='bbox 1589 2405 1914 2478; x_wconf 85' lang='lat' dir='ltr'>praecipites</span> <span class='ocrx_word' id='word_1_166' title='bbox 1947 2383 2073 2464; x_wconf 44' lang='lat' dir='ltr'>cor;</span> 
     </span>
    </p>
   </div>
   <div class='ocr_carea' id='block_1_26' title="bbox 428 2479 2076 2569">
    <p class='ocr_par' dir='ltr' id='par_1_26' title="bbox 428 2479 2076 2569">
     <span class='ocr_line' id='line_1_26' title="bbox 428 2479 2076 2569; baseline 0.015 -39"><span class='ocrx_word' id='word_1_167' title='bbox 428 2481 628 2569; x_wconf 74' lang='lat' dir='ltr'>ruunt.</span> <span class='ocrx_word' id='word_1_168' title='bbox 702 2479 770 2536; x_wconf 89' lang='lat' dir='ltr'>Et</span> <span class='ocrx_word' id='word_1_169' title='bbox 828 2484 1000 2554; x_wconf 85' lang='lat' dir='ltr'>juxta</span> <span class='ocrx_word' id='word_1_170' title='bbox 1067 2487 1471 2560; x_wconf 89' lang='lat' dir='ltr'>Lapitharum,</span> <span class='ocrx_word' id='word_1_171' title='bbox 1538 2497 2076 2569; x_wconf 87' lang='lat' dir='ltr'>Centaurorumque</span> 
     </span>
    </p>
   </div>
   <div class='ocr_carea' id='block_1_27' title="bbox 425 2563 2077 2644">
    <p class='ocr_par' dir='ltr' id='par_1_27' title="bbox 425 2563 2077 2644">
     <span class='ocr_line' id='line_1_27' title="bbox 425 2563 2077 2644; baseline 0.015 -24"><span class='ocrx_word' id='word_1_172' title='bbox 425 2563 714 2636; x_wconf 83' lang='lat' dir='ltr'>fabulam,</span> <span class='ocrx_word' id='word_1_173' title='bbox 747 2571 804 2626; x_wconf 91' lang='lat' dir='ltr'>in</span> <span class='ocrx_word' id='word_1_174' title='bbox 839 2579 1112 2630; x_wconf 91' lang='lat' dir='ltr'>mutuum</span> <span class='ocrx_word' id='word_1_175' title='bbox 1145 2578 1413 2635; x_wconf 88' lang='lat' dir='ltr'>feruntur</span> <span class='ocrx_word' id='word_1_176' title='bbox 1456 2583 1717 2641; x_wconf 85' lang='lat' dir='ltr'>exitium.</span> <span class='ocrx_word' id='word_1_177' title='bbox 1753 2587 1898 2642; x_wconf 90' lang='lat' dir='ltr'>Huic</span> <span class='ocrx_word' id='word_1_178' title='bbox 1944 2588 2077 2644; x_wconf 91' lang='lat' dir='ltr'>vino</span> 
     </span>
    </p>
   </div>
   <div class='ocr_carea' id='block_1_28' title="bbox 423 2651 2078 2742">
    <p class='ocr_par' dir='ltr' id='par_1_28' title="bbox 423 2651 2078 2742">
     <span class='ocr_line' id='line_1_28' title="bbox 423 2651 2078 2742; baseline 0.015 -32"><span class='ocrx_word' id='word_1_179' title='bbox 423 2651 578 2732; x_wconf 86' lang='lat' dir='ltr'>illud</span> <span class='ocrx_word' id='word_1_180' title='bbox 609 2657 807 2715; x_wconf 90' lang='lat' dir='ltr'>vinum</span> <span class='ocrx_word' id='word_1_181' title='bbox 841 2665 1202 2721; x_wconf 87' lang='lat' dir='ltr'>contrarium</span> <span class='ocrx_word' id='word_1_182' title='bbox 1233 2674 1321 2724; x_wconf 90' lang='lat' dir='ltr'>est</span> <span class='ocrx_word' id='word_1_183' title='bbox 1351 2673 1504 2742; x_wconf 90' lang='lat' dir='ltr'>quod</span> <span class='ocrx_word' id='word_1_184' title='bbox 1536 2673 1821 2731; x_wconf 89' lang='lat' dir='ltr'>Dominus</span> <span class='ocrx_word' id='word_1_185' title='bbox 1865 2693 1926 2732; x_wconf 88' lang='lat' dir='ltr'>se</span> <span class='ocrx_word' id='word_1_186' title='bbox 1975 2696 2078 2734; x_wconf 90' lang='lat' dir='ltr'>no-</span> 
     </span>
    </p>
   </div>
   <div class='ocr_carea' id='block_1_29' title="bbox 407 2743 2079 2838">
    <p class='ocr_par' dir='ltr' id='par_1_29' title="bbox 407 2743 2079 2838">
     <span class='ocr_line' id='line_1_29' title="bbox 407 2743 2079 2838; baseline 0.015 -39"><span class='ocrx_word' id='word_1_187' title='bbox 407 2743 656 2803; x_wconf 78' lang='lat' dir='ltr'>biscum</span> <span class='ocrx_word' id='word_1_188' title='bbox 713 2749 773 2804; x_wconf 91' lang='lat' dir='ltr'>in</span> <span class='ocrx_word' id='word_1_189' title='bbox 824 2768 1001 2824; x_wconf 91' lang='lat' dir='ltr'>regno</span> <span class='ocrx_word' id='word_1_190' title='bbox 1061 2771 1167 2812; x_wconf 90' lang='lat' dir='ltr'>suo</span> <span class='ocrx_word' id='word_1_191' title='bbox 1225 2757 1548 2817; x_wconf 90' lang='lat' dir='ltr'>bibiturum</span> <span class='ocrx_word' id='word_1_192' title='bbox 1605 2780 1733 2819; x_wconf 90' lang='lat' dir='ltr'>esse</span> <span class='ocrx_word' id='word_1_193' title='bbox 1789 2767 2079 2838; x_wconf 88' lang='lat' dir='ltr'>promittit</span> 
     </span>
    </p>
   </div>
   <div class='ocr_carea' id='block_1_30' title="bbox 387 2831 2076 2925">
    <p class='ocr_par' dir='ltr' id='par_1_30' title="bbox 387 2831 2076 2925">
     <span class='ocr_line' id='line_1_30' title="bbox 387 2831 2076 2925; baseline 0.015 -37"><span class='ocrx_word' id='word_1_194' title='bbox 387 2831 613 2910; x_wconf 42' lang='lat' dir='ltr'>(Marc.</span> <span class='ocrx_word' id='word_1_195' title='bbox 656 2856 772 2908; x_wconf 80' lang='lat' dir='ltr'>xw,</span> <span class='ocrx_word' id='word_1_196' title='bbox 812 2841 925 2913; x_wconf 84' lang='lat'>25).</span> <span class='ocrx_word' id='word_1_197' title='bbox 978 2843 1334 2917; x_wconf 85' lang='lat' dir='ltr'>Frequenter</span> <span class='ocrx_word' id='word_1_198' title='bbox 1380 2851 1811 2925; x_wconf 89' lang='lat' dir='ltr'>adnotavimus,</span> <span class='ocrx_word' id='word_1_199' title='bbox 1865 2874 2076 2913; x_wconf 90' lang='lat' dir='ltr'>nomen</span> 
     </span>
    </p>
   </div>
   <div class='ocr_carea' id='block_1_31' title="bbox 385 2919 2081 3019">
    <p class='ocr_par' dir='ltr' id='par_1_31' title="bbox 385 2919 2081 3019">
     <span class='ocr_line' id='line_1_31' title="bbox 385 2919 2081 3019; baseline 0.014 -41"><span class='ocrx_word' id='word_1_200' title='bbox 385 2923 405 3016; x_wconf 31' lang='grc' dir='ltr'>δ’</span> <span class='ocrx_word' id='word_1_201' title='bbox 423 2919 670 3019; x_wconf 67' lang='lat' dir='ltr'>spiritus</span> <span class='ocrx_word' id='word_1_202' title='bbox 689 2929 911 3019; x_wconf 79' lang='lat' dir='ltr'>absque</span> <span class='ocrx_word' id='word_1_203' title='bbox 928 2933 1346 3019; x_wconf 77' lang='lat' dir='ltr'>additamento,</span> <span class='ocrx_word' id='word_1_204' title='bbox 1363 2938 1419 2994; x_wconf 92' lang='lat' dir='ltr'>in</span> <span class='ocrx_word' id='word_1_205' title='bbox 1439 2940 1651 2997; x_wconf 88' lang='lat' dir='ltr'>bonam</span> <span class='ocrx_word' id='word_1_206' title='bbox 1675 2919 1928 3015; x_wconf 82' lang='lat' dir='ltr'>positum</span> <span class='ocrx_word' id='word_1_207' title='bbox 1953 2964 2081 3019; x_wconf 90' lang='lat' dir='ltr'>par-</span> 
     </span>
    </p>
   </div>
   <div class='ocr_carea' id='block_1_32' title="bbox 425 3007 2078 3150">
    <p class='ocr_par' dir='ltr' id='par_1_32' title="bbox 425 3007 2078 3150">
     <span class='ocr_line' id='line_1_32' title="bbox 425 3007 2078 3084; baseline 0.014 -25"><span class='ocrx_word' id='word_1_208' title='bbox 425 3007 544 3060; x_wconf 86' lang='lat' dir='ltr'>tem</span> <span class='ocrx_word' id='word_1_209' title='bbox 581 3024 593 3062; x_wconf 89' lang='lat'>:</span> <span class='ocrx_word' id='word_1_210' title='bbox 645 3010 799 3081; x_wconf 87' lang='lat' dir='ltr'>quod</span> <span class='ocrx_word' id='word_1_211' title='bbox 853 3011 1091 3084; x_wconf 84' lang='lat' dir='ltr'>quidem</span> <span class='ocrx_word' id='word_1_212' title='bbox 1136 3007 1504 3076; x_wconf 28' lang='lat' dir='ltr'>etiam-nunc</span> <span class='ocrx_word' id='word_1_213' title='bbox 1536 3007 1969 3080; x_wconf 71' lang='lat' dir='ltr'>observandum</span> <span class='ocrx_word' id='word_1_214' title='bbox 1993 3027 2078 3081; x_wconf 92' lang='lat' dir='ltr'>vi-</span> 
     </span>
     <span class='ocr_line' id='line_1_33' title="bbox 426 3093 614 3150; baseline 0.011 -2"><span class='ocrx_word' id='word_1_215' title='bbox 426 3093 614 3150; x_wconf 89' lang='lat' dir='ltr'>detur.</span> 
     </span>
    </p>
   </div>
   <div class='ocr_carea' id='block_1_33' title="bbox 499 3183 2080 3277">
    <p class='ocr_par' dir='ltr' id='par_1_33' title="bbox 499 3183 2080 3277">
     <span class='ocr_line' id='line_1_34' title="bbox 499 3183 2080 3277; baseline 0.015 -39"><span class='ocrx_word' id='word_1_216' title='bbox 499 3183 692 3277; x_wconf 54' lang='lat' dir='ltr'>(Vers.</span> <span class='ocrx_word' id='word_1_217' title='bbox 741 3189 853 3258; x_wconf 87' lang='grc'>19.)</span> <span class='ocrx_word' id='word_1_218' title='bbox 903 3214 930 3240; x_wconf 95' lang='grc'>‹‹</span> <span class='ocrx_word' id='word_1_219' title='bbox 964 3193 1292 3265; x_wconf 90' lang='lat' dir='ltr'>Loquentes</span> <span class='ocrx_word' id='word_1_220' title='bbox 1340 3199 1773 3274; x_wconf 88' lang='lat' dir='ltr'>vobismetipsis</span> <span class='ocrx_word' id='word_1_221' title='bbox 1819 3203 1878 3258; x_wconf 91' lang='lat' dir='ltr'>in</span> <span class='ocrx_word' id='word_1_222' title='bbox 1929 3205 2080 3277; x_wconf 88' lang='lat' dir='ltr'>psal-</span> 
     </span>
    </p>
   </div>
   <div class='ocr_carea' id='block_1_34' title="bbox 2207 622 3857 684">
    <p class='ocr_par' dir='ltr' id='par_1_34' title="bbox 2207 622 3857 684">
     <span class='ocr_line' id='line_1_35' title="bbox 2207 622 3857 684; baseline 0.005 -8"><span class='ocrx_word' id='word_1_223' title='bbox 2207 622 2455 677; x_wconf 86' lang='lat' dir='ltr'>Domino.</span> <span class='ocrx_word' id='word_1_224' title='bbox 2507 622 2765 677; x_wconf 87' lang='lat' dir='ltr'>Audiant</span> <span class='ocrx_word' id='word_1_225' title='bbox 2811 623 2932 678; x_wconf 73' lang='lat' dir='ltr'>hznc</span> <span class='ocrx_word' id='word_1_226' title='bbox 2987 625 3457 682; x_wconf 87' lang='lat' dir='ltr'>adolescentuli:</span> <span class='ocrx_word' id='word_1_227' title='bbox 3509 625 3752 684; x_wconf 89' lang='lat' dir='ltr'>audiant</span> <span class='ocrx_word' id='word_1_228' title='bbox 3795 627 3857 684; x_wconf 90' lang='lat' dir='ltr'>hi</span> 
     </span>
    </p>
   </div>
   <div class='ocr_carea' id='block_1_35' title="bbox 2207 710 3856 784">
    <p class='ocr_par' dir='ltr' id='par_1_35' title="bbox 2207 710 3856 784">
     <span class='ocr_line' id='line_1_36' title="bbox 2207 710 3856 784; baseline 0.005 -20"><span class='ocrx_word' id='word_1_229' title='bbox 2207 711 2422 782; x_wconf 87' lang='lat' dir='ltr'>quibus</span> <span class='ocrx_word' id='word_1_230' title='bbox 2454 710 2742 784; x_wconf 88' lang='lat' dir='ltr'>psallendi</span> <span class='ocrx_word' id='word_1_231' title='bbox 2774 713 2834 767; x_wconf 91' lang='lat' dir='ltr'>in</span> <span class='ocrx_word' id='word_1_232' title='bbox 2867 713 3110 770; x_wconf 87' lang='lat' dir='ltr'>ecclesia</span> <span class='ocrx_word' id='word_1_233' title='bbox 3141 715 3400 770; x_wconf 85' lang='lat' dir='ltr'>officium</span> <span class='ocrx_word' id='word_1_234' title='bbox 3431 720 3538 780; x_wconf 90' lang='lat' dir='ltr'>est,</span> <span class='ocrx_word' id='word_1_235' title='bbox 3576 721 3686 772; x_wconf 89' lang='lat' dir='ltr'>Deo</span> <span class='ocrx_word' id='word_1_236' title='bbox 3739 734 3856 773; x_wconf 90' lang='lat' dir='ltr'>non</span> 
     </span>
    </p>
   </div>
   <div class='ocr_carea' id='block_1_36' title="bbox 2201 802 3855 877">
    <p class='ocr_par' dir='ltr' id='par_1_36' title="bbox 2201 802 3855 877">
     <span class='ocr_line' id='line_1_37' title="bbox 2201 802 3855 877; baseline 0.004 -21"><span class='ocrx_word' id='word_1_237' title='bbox 2201 817 2361 868; x_wconf 89' lang='lat' dir='ltr'>voce,</span> <span class='ocrx_word' id='word_1_238' title='bbox 2395 802 2494 857; x_wconf 90' lang='lat' dir='ltr'>sed</span> <span class='ocrx_word' id='word_1_239' title='bbox 2545 803 2715 858; x_wconf 89' lang='lat' dir='ltr'>corde</span> <span class='ocrx_word' id='word_1_240' title='bbox 2755 804 3148 867; x_wconf 88' lang='lat' dir='ltr'>cantandum;</span> <span class='ocrx_word' id='word_1_241' title='bbox 3203 820 3309 860; x_wconf 90' lang='lat' dir='ltr'>nec</span> <span class='ocrx_word' id='word_1_242' title='bbox 3358 805 3418 860; x_wconf 91' lang='lat' dir='ltr'>in</span> <span class='ocrx_word' id='word_1_243' title='bbox 3462 807 3855 877; x_wconf 60' lang='lat' dir='ltr'>tragmdorum</span> 
     </span>
    </p>
   </div>
   <div class='ocr_carea' id='block_1_37' title="bbox 2203 892 3856 964">
    <p class='ocr_par' dir='ltr' id='par_1_37' title="bbox 2203 892 3856 964">
     <span class='ocr_line' id='line_1_38' title="bbox 2203 892 3856 964; baseline 0.004 -19"><span class='ocrx_word' id='word_1_244' title='bbox 2203 892 2443 946; x_wconf 91' lang='lat' dir='ltr'>modum</span> <span class='ocrx_word' id='word_1_245' title='bbox 2494 896 2700 964; x_wconf 85' lang='lat' dir='ltr'>guttur</span> <span class='ocrx_word' id='word_1_246' title='bbox 2745 896 2802 948; x_wconf 88' lang='lat' dir='ltr'>et</span> <span class='ocrx_word' id='word_1_247' title='bbox 2847 893 3043 948; x_wconf 87' lang='lat' dir='ltr'>fauces</span> <span class='ocrx_word' id='word_1_248' title='bbox 3088 893 3242 948; x_wconf 90' lang='lat' dir='ltr'>dulci</span> <span class='ocrx_word' id='word_1_249' title='bbox 3275 893 3661 951; x_wconf 89' lang='lat' dir='ltr'>medicamine</span> <span class='ocrx_word' id='word_1_250' title='bbox 3695 895 3856 951; x_wconf 91' lang='lat' dir='ltr'>colli-</span> 
     </span>
    </p>
   </div>
   <div class='ocr_carea' id='block_1_38' title="bbox 2202 979 3856 1047">
    <p class='ocr_par' dir='ltr' id='par_1_38' title="bbox 2202 979 3856 1047">
     <span class='ocr_line' id='line_1_39' title="bbox 2202 979 3856 1047; baseline 0.004 -13"><span class='ocrx_word' id='word_1_251' title='bbox 2202 979 2468 1047; x_wconf 89' lang='lat' dir='ltr'>niendas,</span> <span class='ocrx_word' id='word_1_252' title='bbox 2495 983 2561 1035; x_wconf 90' lang='lat' dir='ltr'>ut</span> <span class='ocrx_word' id='word_1_253' title='bbox 2590 982 2647 1035; x_wconf 91' lang='lat' dir='ltr'>in</span> <span class='ocrx_word' id='word_1_254' title='bbox 2677 981 2920 1038; x_wconf 86' lang='lat' dir='ltr'>ecclesia</span> <span class='ocrx_word' id='word_1_255' title='bbox 2943 982 3260 1038; x_wconf 85' lang='lat' dir='ltr'>theatrales</span> <span class='ocrx_word' id='word_1_256' title='bbox 3292 983 3514 1038; x_wconf 90' lang='lat' dir='ltr'>moduli</span> <span class='ocrx_word' id='word_1_257' title='bbox 3537 985 3856 1040; x_wconf 88' lang='lat' dir='ltr'>audiantur</span> 
     </span>
    </p>
   </div>
   <div class='ocr_carea' id='block_1_39' title="bbox 2201 1070 3852 1144">
    <p class='ocr_par' dir='ltr' id='par_1_39' title="bbox 2201 1070 3852 1144">
     <span class='ocr_line' id='line_1_40' title="bbox 2201 1070 3852 1144; baseline 0.003 -20"><span class='ocrx_word' id='word_1_258' title='bbox 2201 1073 2256 1124; x_wconf 91' lang='lat' dir='ltr'>et</span> <span class='ocrx_word' id='word_1_259' title='bbox 2304 1070 2552 1135; x_wconf 88' lang='lat' dir='ltr'>cantica,</span> <span class='ocrx_word' id='word_1_260' title='bbox 2600 1072 2700 1125; x_wconf 89' lang='lat' dir='ltr'>sed</span> <span class='ocrx_word' id='word_1_261' title='bbox 2749 1070 2806 1125; x_wconf 89' lang='lat' dir='ltr'>in</span> <span class='ocrx_word' id='word_1_262' title='bbox 2858 1072 3088 1137; x_wconf 89' lang='lat' dir='ltr'>timore,</span> <span class='ocrx_word' id='word_1_263' title='bbox 3140 1071 3198 1126; x_wconf 91' lang='lat' dir='ltr'>in</span> <span class='ocrx_word' id='word_1_264' title='bbox 3254 1089 3446 1144; x_wconf 89' lang='lat' dir='ltr'>opere,</span> <span class='ocrx_word' id='word_1_265' title='bbox 3497 1072 3554 1127; x_wconf 92' lang='lat' dir='ltr'>in</span> <span class='ocrx_word' id='word_1_266' title='bbox 3605 1074 3852 1130; x_wconf 86' lang='lat' dir='ltr'>scientia</span> 
     </span>
    </p>
   </div>
   <div class='ocr_carea' id='block_1_40' title="bbox 2200 1158 3847 1233">
    <p class='ocr_par' dir='ltr' id='par_1_40' title="bbox 2200 1158 3847 1233">
     <span class='ocr_line' id='line_1_41' title="bbox 2200 1158 3847 1233; baseline 0.002 -19"><span class='ocrx_word' id='word_1_267' title='bbox 2200 1158 2654 1230; x_wconf 88' lang='lat' dir='ltr'>Scripturarum.</span> <span class='ocrx_word' id='word_1_268' title='bbox 2686 1161 2962 1223; x_wconf 88' lang='lat' dir='ltr'>Quamvis</span> <span class='ocrx_word' id='word_1_269' title='bbox 3011 1161 3085 1216; x_wconf 85' lang='lat' dir='ltr'>sit</span> <span class='ocrx_word' id='word_1_270' title='bbox 3133 1161 3368 1233; x_wconf 88' lang='lat' dir='ltr'>aliquis,</span> <span class='ocrx_word' id='word_1_271' title='bbox 3415 1167 3480 1216; x_wconf 89' lang='lat' dir='ltr'>ut</span> <span class='ocrx_word' id='word_1_272' title='bbox 3527 1161 3716 1218; x_wconf 89' lang='lat' dir='ltr'>solent</span> <span class='ocrx_word' id='word_1_273' title='bbox 3761 1163 3847 1219; x_wconf 90' lang='lat' dir='ltr'>illi</span> 
     </span>
    </p>
   </div>
   <div class='ocr_carea' id='block_1_41' title="bbox 2198 1247 3843 1326">
    <p class='ocr_par' dir='ltr' id='par_1_41' title="bbox 2198 1247 3843 1326">
     <span class='ocr_line' id='line_1_42' title="bbox 2198 1247 3843 1326; baseline 0.004 -24"><span class='ocrx_word' id='word_1_274' title='bbox 2198 1247 2511 1319; x_wconf 87' lang='lat' dir='ltr'>appellare,</span> <span class='ocrx_word' id='word_1_275' title='bbox 2572 1247 2910 1326; x_wconf 66' lang='grc' dir='ltr'>κακόφωνος,</span> <span class='ocrx_word' id='word_1_276' title='bbox 2977 1251 3026 1304; x_wconf 90' lang='lat' dir='ltr'>si</span> <span class='ocrx_word' id='word_1_277' title='bbox 3096 1251 3250 1305; x_wconf 88' lang='lat' dir='ltr'>bona</span> <span class='ocrx_word' id='word_1_278' title='bbox 3314 1268 3490 1324; x_wconf 88' lang='lat' dir='ltr'>opera</span> <span class='ocrx_word' id='word_1_279' title='bbox 3555 1253 3843 1320; x_wconf 88' lang='lat' dir='ltr'>habuerit,</span> 
     </span>
    </p>
   </div>
   <div class='ocr_carea' id='block_1_42' title="bbox 2176 1335 3844 1409">
    <p class='ocr_par' dir='ltr' id='par_1_42' title="bbox 2176 1335 3844 1409">
     <span class='ocr_line' id='line_1_43' title="bbox 2176 1335 3844 1409; baseline 0.005 -20"><span class='ocrx_word' id='word_1_280' title='bbox 2176 1335 2384 1406; x_wconf 84' lang='lat' dir='ltr'>dulcis</span> <span class='ocrx_word' id='word_1_281' title='bbox 2435 1338 2589 1409; x_wconf 87' lang='lat' dir='ltr'>apud</span> <span class='ocrx_word' id='word_1_282' title='bbox 2638 1338 2819 1393; x_wconf 90' lang='lat' dir='ltr'>Deum</span> <span class='ocrx_word' id='word_1_283' title='bbox 2875 1342 3077 1393; x_wconf 91' lang='lat' dir='ltr'>cantor</span> <span class='ocrx_word' id='word_1_284' title='bbox 3123 1343 3230 1394; x_wconf 84' lang='lat' dir='ltr'>est.</span> <span class='ocrx_word' id='word_1_285' title='bbox 3263 1339 3352 1394; x_wconf 89' lang='lat' dir='ltr'>Sic</span> <span class='ocrx_word' id='word_1_286' title='bbox 3401 1344 3595 1397; x_wconf 89' lang='lat' dir='ltr'>cantet</span> <span class='ocrx_word' id='word_1_287' title='bbox 3640 1358 3844 1398; x_wconf 88' lang='lat' dir='ltr'>servus</span> 
     </span>
    </p>
   </div>
   <div class='ocr_carea' id='block_1_43' title="bbox 2195 1426 3849 1502">
    <p class='ocr_par' dir='ltr' id='par_1_43' title="bbox 2195 1426 3849 1502">
     <span class='ocr_line' id='line_1_44' title="bbox 2195 1426 3849 1502; baseline 0.003 -21"><span class='ocrx_word' id='word_1_288' title='bbox 2195 1426 2428 1492; x_wconf 87' lang='lat' dir='ltr'>Chrisli,</span> <span class='ocrx_word' id='word_1_289' title='bbox 2464 1431 2527 1482; x_wconf 89' lang='lat' dir='ltr'>ut</span> <span class='ocrx_word' id='word_1_290' title='bbox 2581 1445 2694 1482; x_wconf 90' lang='lat' dir='ltr'>non</span> <span class='ocrx_word' id='word_1_291' title='bbox 2746 1445 2852 1483; x_wconf 83' lang='lat' dir='ltr'>vox</span> <span class='ocrx_word' id='word_1_292' title='bbox 2901 1428 3181 1493; x_wconf 87' lang='lat' dir='ltr'>canentis,</span> <span class='ocrx_word' id='word_1_293' title='bbox 3214 1429 3314 1484; x_wconf 92' lang='lat' dir='ltr'>sed</span> <span class='ocrx_word' id='word_1_294' title='bbox 3364 1429 3541 1484; x_wconf 87' lang='lat' dir='ltr'>verba</span> <span class='ocrx_word' id='word_1_295' title='bbox 3579 1429 3849 1502; x_wconf 87' lang='lat' dir='ltr'>placeant</span> 
     </span>
    </p>
   </div>
   <div class='ocr_carea' id='block_1_44' title="bbox 2193 1513 3846 1591">
    <p class='ocr_par' dir='ltr' id='par_1_44' title="bbox 2193 1513 3846 1591">
     <span class='ocr_line' id='line_1_45' title="bbox 2193 1513 3846 1591; baseline 0.005 -23"><span class='ocrx_word' id='word_1_296' title='bbox 2193 1532 2321 1587; x_wconf 62' lang='lat' dir='ltr'>quae</span> <span class='ocrx_word' id='word_1_297' title='bbox 2351 1513 2665 1587; x_wconf 88' lang='lat' dir='ltr'>leguntur;</span> <span class='ocrx_word' id='word_1_298' title='bbox 2700 1521 2764 1572; x_wconf 89' lang='lat' dir='ltr'>ut</span> <span class='ocrx_word' id='word_1_299' title='bbox 2796 1517 3039 1589; x_wconf 88' lang='lat' dir='ltr'>spiritus</span> <span class='ocrx_word' id='word_1_300' title='bbox 3071 1517 3261 1573; x_wconf 91' lang='lat' dir='ltr'>malus</span> <span class='ocrx_word' id='word_1_301' title='bbox 3294 1519 3393 1591; x_wconf 87' lang='lat' dir='ltr'>qui</span> <span class='ocrx_word' id='word_1_302' title='bbox 3427 1522 3551 1574; x_wconf 90' lang='lat' dir='ltr'>erat</span> <span class='ocrx_word' id='word_1_303' title='bbox 3578 1520 3638 1574; x_wconf 90' lang='lat' dir='ltr'>in</span> <span class='ocrx_word' id='word_1_304' title='bbox 3669 1521 3846 1577; x_wconf 88' lang='lat' dir='ltr'>Saule</span> 
     </span>
    </p>
   </div>
   <div class='ocr_carea' id='block_1_45' title="bbox 2191 1605 3844 1680">
    <p class='ocr_par' dir='ltr' id='par_1_45' title="bbox 2191 1605 3844 1680">
     <span class='ocr_line' id='line_1_46' title="bbox 2191 1605 3844 1680; baseline 0.004 -21"><span class='ocrx_word' id='word_1_305' title='bbox 2191 1605 2254 1674; x_wconf 89' lang='grc'>(1</span> <span class='ocrx_word' id='word_1_306' title='bbox 2308 1607 2435 1674; x_wconf 80' lang='lat' dir='ltr'>Reg.</span> <span class='ocrx_word' id='word_1_307' title='bbox 2495 1623 2609 1672; x_wconf 85' lang='lat' dir='ltr'>xv1,</span> <span class='ocrx_word' id='word_1_308' title='bbox 2674 1607 2783 1677; x_wconf 81' lang='grc'>14),</span> <span class='ocrx_word' id='word_1_309' title='bbox 2843 1607 3111 1678; x_wconf 88' lang='lat' dir='ltr'>ejiciatur</span> <span class='ocrx_word' id='word_1_310' title='bbox 3177 1608 3249 1662; x_wconf 90' lang='lat' dir='ltr'>ab</span> <span class='ocrx_word' id='word_1_311' title='bbox 3315 1608 3409 1663; x_wconf 87' lang='lat' dir='ltr'>his</span> <span class='ocrx_word' id='word_1_312' title='bbox 3475 1609 3574 1680; x_wconf 92' lang='lat' dir='ltr'>qui</span> <span class='ocrx_word' id='word_1_313' title='bbox 3634 1609 3844 1666; x_wconf 91' lang='lat' dir='ltr'>simili-</span> 
     </span>
    </p>
   </div>
   <div class='ocr_carea' id='block_1_46' title="bbox 2191 1695 3843 1766">
    <p class='ocr_par' dir='ltr' id='par_1_46' title="bbox 2191 1695 3843 1766">
     <span class='ocr_line' id='line_1_47' title="bbox 2191 1695 3843 1766; baseline 0.004 -18"><span class='ocrx_word' id='word_1_314' title='bbox 2191 1695 2280 1749; x_wconf 89' lang='lat' dir='ltr'>ter</span> <span class='ocrx_word' id='word_1_315' title='bbox 2335 1695 2406 1749; x_wconf 85' lang='lat' dir='ltr'>ab</span> <span class='ocrx_word' id='word_1_316' title='bbox 2474 1711 2540 1749; x_wconf 91' lang='lat' dir='ltr'>eo</span> <span class='ocrx_word' id='word_1_317' title='bbox 2600 1696 2995 1766; x_wconf 86' lang='lat' dir='ltr'>possidentur,</span> <span class='ocrx_word' id='word_1_318' title='bbox 3047 1700 3105 1752; x_wconf 87' lang='lat' dir='ltr'>et</span> <span class='ocrx_word' id='word_1_319' title='bbox 3156 1713 3272 1751; x_wconf 91' lang='lat' dir='ltr'>non</span> <span class='ocrx_word' id='word_1_320' title='bbox 3322 1697 3731 1754; x_wconf 88' lang='lat' dir='ltr'>introducatur</span> <span class='ocrx_word' id='word_1_321' title='bbox 3783 1699 3843 1756; x_wconf 89' lang='lat' dir='ltr'>in</span> 
     </span>
    </p>
   </div>
   <div class='ocr_carea' id='block_1_47' title="bbox 2189 1784 3846 1862">
    <p class='ocr_par' dir='ltr' id='par_1_47' title="bbox 2189 1784 3846 1862">
     <span class='ocr_line' id='line_1_48' title="bbox 2189 1784 3846 1862; baseline 0.004 -25"><span class='ocrx_word' id='word_1_322' title='bbox 2189 1799 2288 1839; x_wconf 90' lang='lat' dir='ltr'>eos</span> <span class='ocrx_word' id='word_1_323' title='bbox 2355 1784 2456 1854; x_wconf 89' lang='lat' dir='ltr'>qui</span> <span class='ocrx_word' id='word_1_324' title='bbox 2523 1785 2594 1839; x_wconf 92' lang='lat' dir='ltr'>de</span> <span class='ocrx_word' id='word_1_325' title='bbox 2651 1785 2749 1840; x_wconf 91' lang='lat' dir='ltr'>Dei</span> <span class='ocrx_word' id='word_1_326' title='bbox 2816 1786 2989 1841; x_wconf 92' lang='lat' dir='ltr'>domo</span> <span class='ocrx_word' id='word_1_327' title='bbox 3059 1788 3348 1842; x_wconf 73' lang='lat' dir='ltr'>scenamz</span> <span class='ocrx_word' id='word_1_328' title='bbox 3415 1787 3598 1843; x_wconf 87' lang='lat' dir='ltr'>fecere</span> <span class='ocrx_word' id='word_1_329' title='bbox 3664 1805 3846 1862; x_wconf 89' lang='lat' dir='ltr'>popu-</span> 
     </span>
    </p>
   </div>
   <div class='ocr_carea' id='block_1_48' title="bbox 2186 1871 2399 1929">
    <p class='ocr_par' dir='ltr' id='par_1_48' title="bbox 2186 1871 2399 1929">
     <span class='ocr_line' id='line_1_49' title="bbox 2186 1871 2399 1929; baseline 0.005 -2"><span class='ocrx_word' id='word_1_330' title='bbox 2186 1871 2399 1929; x_wconf 90' lang='lat' dir='ltr'>lorum.</span> 
     </span>
    </p>
   </div>
   <div class='ocr_carea' id='block_1_49' title="bbox 2256 1962 3841 2038">
    <p class='ocr_par' dir='ltr' id='par_1_49' title="bbox 2256 1962 3841 2038">
     <span class='ocr_line' id='line_1_50' title="bbox 2256 1962 3841 2038; baseline 0.004 -22"><span class='ocrx_word' id='word_1_331' title='bbox 2256 1962 2442 2031; x_wconf 90' lang='lat' dir='ltr'>(Vers.</span> <span class='ocrx_word' id='word_1_332' title='bbox 2474 1965 2589 2035; x_wconf 89' lang='lat'>20.)</span> <span class='ocrx_word' id='word_1_333' title='bbox 2640 1987 2667 2014; x_wconf 87' lang='grc'>‹‹</span> <span class='ocrx_word' id='word_1_334' title='bbox 2703 1965 2932 2020; x_wconf 88' lang='lat' dir='ltr'>Gratias</span> <span class='ocrx_word' id='word_1_335' title='bbox 2963 1969 3202 2038; x_wconf 82' lang='lat' dir='ltr'>agentes</span> <span class='ocrx_word' id='word_1_336' title='bbox 3236 1979 3468 2038; x_wconf 90' lang='lat' dir='ltr'>semper</span> <span class='ocrx_word' id='word_1_337' title='bbox 3513 1983 3618 2038; x_wconf 90' lang='lat' dir='ltr'>pro</span> <span class='ocrx_word' id='word_1_338' title='bbox 3652 1966 3841 2023; x_wconf 92' lang='lat' dir='ltr'>omni-</span> 
     </span>
    </p>
   </div>
   <div class='ocr_carea' id='block_1_50' title="bbox 2181 2052 3842 2119">
    <p class='ocr_par' dir='ltr' id='par_1_50' title="bbox 2181 2052 3842 2119">
     <span class='ocr_line' id='line_1_51' title="bbox 2181 2052 3842 2119; baseline 0.004 -12"><span class='ocrx_word' id='word_1_339' title='bbox 2181 2052 2318 2119; x_wconf 88' lang='lat' dir='ltr'>bus,</span> <span class='ocrx_word' id='word_1_340' title='bbox 2351 2053 2409 2107; x_wconf 93' lang='lat' dir='ltr'>in</span> <span class='ocrx_word' id='word_1_341' title='bbox 2442 2053 2678 2109; x_wconf 90' lang='lat' dir='ltr'>nomine</span> <span class='ocrx_word' id='word_1_342' title='bbox 2708 2054 2938 2109; x_wconf 89' lang='lat' dir='ltr'>Domini</span> <span class='ocrx_word' id='word_1_343' title='bbox 2971 2055 3157 2110; x_wconf 88' lang='lat' dir='ltr'>nostri</span> <span class='ocrx_word' id='word_1_344' title='bbox 3187 2055 3327 2110; x_wconf 88' lang='lat' dir='ltr'>Jesu</span> <span class='ocrx_word' id='word_1_345' title='bbox 3362 2055 3577 2111; x_wconf 87' lang='lat' dir='ltr'>Christi</span> <span class='ocrx_word' id='word_1_346' title='bbox 3619 2061 3733 2112; x_wconf 83' lang='lat' dir='ltr'>Deo</span> <span class='ocrx_word' id='word_1_347' title='bbox 3784 2061 3842 2113; x_wconf 90' lang='lat' dir='ltr'>et</span> 
     </span>
    </p>
   </div>
   <div class='ocr_carea' id='block_1_51' title="bbox 2183 2140 3836 2215">
    <p class='ocr_par' dir='ltr' id='par_1_51' title="bbox 2183 2140 3836 2215">
     <span class='ocr_line' id='line_1_52' title="bbox 2183 2140 3836 2215; baseline 0.005 -21"><span class='ocrx_word' id='word_1_348' title='bbox 2183 2140 2360 2195; x_wconf 87' lang='lat' dir='ltr'>Patri.</span> <span class='ocrx_word' id='word_1_349' title='bbox 2397 2163 2424 2189; x_wconf 86' lang='grc'>››</span> <span class='ocrx_word' id='word_1_350' title='bbox 2477 2142 2617 2196; x_wconf 82' lang='lat' dir='ltr'>Huic</span> <span class='ocrx_word' id='word_1_351' title='bbox 2649 2142 2790 2213; x_wconf 91' lang='lat' dir='ltr'>quid</span> <span class='ocrx_word' id='word_1_352' title='bbox 2823 2143 3014 2198; x_wconf 89' lang='lat' dir='ltr'>simile</span> <span class='ocrx_word' id='word_1_353' title='bbox 3062 2147 3118 2198; x_wconf 88' lang='lat' dir='ltr'>et</span> <span class='ocrx_word' id='word_1_354' title='bbox 3163 2143 3223 2198; x_wconf 92' lang='lat' dir='ltr'>in</span> <span class='ocrx_word' id='word_1_355' title='bbox 3266 2143 3521 2215; x_wconf 87' lang='lat' dir='ltr'>Epistola</span> <span class='ocrx_word' id='word_1_356' title='bbox 3553 2145 3626 2200; x_wconf 90' lang='lat' dir='ltr'>ad</span> <span class='ocrx_word' id='word_1_357' title='bbox 3655 2145 3836 2202; x_wconf 89' lang='lat' dir='ltr'>Thes-</span> 
     </span>
    </p>
   </div>
   <div class='ocr_carea' id='block_1_52' title="bbox 2188 2229 3834 2305">
    <p class='ocr_par' dir='ltr' id='par_1_52' title="bbox 2188 2229 3834 2305">
     <span class='ocr_line' id='line_1_53' title="bbox 2188 2229 3834 2305; baseline 0.002 -18"><span class='ocrx_word' id='word_1_358' title='bbox 2188 2229 2583 2287; x_wconf 87' lang='lat' dir='ltr'>salonicenses</span> <span class='ocrx_word' id='word_1_359' title='bbox 2614 2232 2804 2302; x_wconf 91' lang='lat' dir='ltr'>prima</span> <span class='ocrx_word' id='word_1_360' title='bbox 2835 2232 3121 2304; x_wconf 90' lang='lat' dir='ltr'>scriptum</span> <span class='ocrx_word' id='word_1_361' title='bbox 3152 2237 3240 2287; x_wconf 90' lang='lat' dir='ltr'>est</span> <span class='ocrx_word' id='word_1_362' title='bbox 3274 2249 3286 2287; x_wconf 94' lang='lat'>:</span> <span class='ocrx_word' id='word_1_363' title='bbox 3318 2233 3545 2305; x_wconf 83' lang='lat' dir='ltr'>Semper</span> <span class='ocrx_word' id='word_1_364' title='bbox 3582 2235 3834 2305; x_wconf 79' lang='lat' dir='ltr'>gaudete,</span> 
     </span>
    </p>
   </div>
   <div class='ocr_carea' id='block_1_53' title="bbox 2184 2321 3838 2396">
    <p class='ocr_par' dir='ltr' id='par_1_53' title="bbox 2184 2321 3838 2396">
     <span class='ocr_line' id='line_1_54' title="bbox 2184 2321 3838 2396; baseline 0.004 -23"><span class='ocrx_word' id='word_1_365' title='bbox 2184 2321 2302 2374; x_wconf 86' lang='lat' dir='ltr'>sine</span> <span class='ocrx_word' id='word_1_366' title='bbox 2356 2322 2760 2376; x_wconf 79' lang='lat' dir='ltr'>intermissione</span> <span class='ocrx_word' id='word_1_367' title='bbox 2805 2325 2974 2388; x_wconf 85' lang='lat' dir='ltr'>orate,</span> <span class='ocrx_word' id='word_1_368' title='bbox 3020 2322 3082 2375; x_wconf 85' lang='lat' dir='ltr'>in</span> <span class='ocrx_word' id='word_1_369' title='bbox 3137 2321 3386 2376; x_wconf 84' lang='lat' dir='ltr'>omnibus</span> <span class='ocrx_word' id='word_1_370' title='bbox 3423 2324 3634 2391; x_wconf 82' lang='lat' dir='ltr'>gratias</span> <span class='ocrx_word' id='word_1_371' title='bbox 3693 2327 3838 2396; x_wconf 71' lang='lat' dir='ltr'>agite</span> 
     </span>
    </p>
   </div>
   <div class='ocr_carea' id='block_1_54' title="bbox 2187 2409 3832 2482">
    <p class='ocr_par' dir='ltr' id='par_1_54' title="bbox 2187 2409 3832 2482">
     <span class='ocr_line' id='line_1_55' title="bbox 2187 2409 3832 2482; baseline 0.003 -19"><span class='ocrx_word' id='word_1_372' title='bbox 2187 2409 2245 2480; x_wconf 87' lang='grc' dir='ltr'>(Ι</span> <span class='ocrx_word' id='word_1_373' title='bbox 2309 2409 2470 2464; x_wconf 79' lang='lat' dir='ltr'>Thes.</span> <span class='ocrx_word' id='word_1_374' title='bbox 2530 2427 2585 2478; x_wconf 89' lang='lat' dir='ltr'>v,</span> <span class='ocrx_word' id='word_1_375' title='bbox 2633 2409 2840 2480; x_wconf 76' lang='lat'>16-18).</span> <span class='ocrx_word' id='word_1_376' title='bbox 2902 2410 3061 2475; x_wconf 88' lang='lat' dir='ltr'>Quod</span> <span class='ocrx_word' id='word_1_377' title='bbox 3113 2416 3462 2482; x_wconf 64' lang='lat' dir='ltr'>prmeeptum</span> <span class='ocrx_word' id='word_1_378' title='bbox 3513 2409 3612 2467; x_wconf 90' lang='lat' dir='ltr'>ille</span> <span class='ocrx_word' id='word_1_379' title='bbox 3671 2411 3832 2468; x_wconf 88' lang='lat' dir='ltr'>solus</span> 
     </span>
    </p>
   </div>
   <div class='ocr_carea' id='block_1_55' title="bbox 2186 2497 3831 2570">
    <p class='ocr_par' dir='ltr' id='par_1_55' title="bbox 2186 2497 3831 2570">
     <span class='ocr_line' id='line_1_56' title="bbox 2186 2497 3831 2570; baseline 0.003 -18"><span class='ocrx_word' id='word_1_380' title='bbox 2186 2497 2478 2553; x_wconf 88' lang='lat' dir='ltr'>custodire</span> <span class='ocrx_word' id='word_1_381' title='bbox 2517 2502 2726 2569; x_wconf 86' lang='lat' dir='ltr'>potest,</span> <span class='ocrx_word' id='word_1_382' title='bbox 2768 2498 2868 2569; x_wconf 92' lang='lat' dir='ltr'>qui</span> <span class='ocrx_word' id='word_1_383' title='bbox 2906 2498 3268 2570; x_wconf 87' lang='lat' dir='ltr'>providentia</span> <span class='ocrx_word' id='word_1_384' title='bbox 3303 2499 3402 2554; x_wconf 88' lang='lat' dir='ltr'>Dei</span> <span class='ocrx_word' id='word_1_385' title='bbox 3450 2499 3608 2556; x_wconf 78' lang='lat' dir='ltr'>nevit</span> <span class='ocrx_word' id='word_1_386' title='bbox 3653 2500 3831 2557; x_wconf 87' lang='lat' dir='ltr'>etiam</span> 
     </span>
    </p>
   </div>
   <div class='ocr_carea' id='block_1_56' title="bbox 2188 2586 3833 2661">
    <p class='ocr_par' dir='ltr' id='par_1_56' title="bbox 2188 2586 3833 2661">
     <span class='ocr_line' id='line_1_57' title="bbox 2188 2586 3833 2661; baseline 0.004 -21"><span class='ocrx_word' id='word_1_387' title='bbox 2188 2586 2447 2657; x_wconf 88' lang='lat' dir='ltr'>quinque</span> <span class='ocrx_word' id='word_1_388' title='bbox 2500 2603 2788 2658; x_wconf 88' lang='lat' dir='ltr'>passeres,</span> <span class='ocrx_word' id='word_1_389' title='bbox 2830 2587 2931 2659; x_wconf 92' lang='lat' dir='ltr'>qui</span> <span class='ocrx_word' id='word_1_390' title='bbox 2987 2588 3322 2642; x_wconf 90' lang='lat' dir='ltr'>venduntur</span> <span class='ocrx_word' id='word_1_391' title='bbox 3376 2588 3678 2659; x_wconf 82' lang='lat' dir='ltr'>dipondio,</span> <span class='ocrx_word' id='word_1_392' title='bbox 3720 2607 3833 2661; x_wconf 89' lang='lat' dir='ltr'>gu-</span> 
     </span>
    </p>
   </div>
   <div class='ocr_carea' id='block_1_57' title="bbox 2148 2675 3828 2750">
    <p class='ocr_par' dir='ltr' id='par_1_57' title="bbox 2148 2675 3828 2750">
     <span class='ocr_line' id='line_1_58' title="bbox 2148 2675 3828 2750; baseline 0.004 -22"><span class='ocrx_word' id='word_1_393' title='bbox 2148 2678 2152 2680; x_wconf 82' lang='grc'><em>’</em></span> <span class='ocrx_word' id='word_1_394' title='bbox 2187 2675 2416 2729; x_wconf 87' lang='lat' dir='ltr'>bernari</span> <span class='ocrx_word' id='word_1_395' title='bbox 2451 2691 2462 2728; x_wconf 90' lang='lat'>:</span> <span class='ocrx_word' id='word_1_396' title='bbox 2506 2691 2756 2746; x_wconf 92' lang='lat' dir='ltr'>quorum</span> <span class='ocrx_word' id='word_1_397' title='bbox 2790 2692 2943 2730; x_wconf 91' lang='lat' dir='ltr'>unus</span> <span class='ocrx_word' id='word_1_398' title='bbox 2976 2692 3091 2730; x_wconf 90' lang='lat' dir='ltr'>non</span> <span class='ocrx_word' id='word_1_399' title='bbox 3120 2675 3274 2730; x_wconf 87' lang='lat' dir='ltr'>cadit</span> <span class='ocrx_word' id='word_1_400' title='bbox 3300 2676 3362 2731; x_wconf 90' lang='lat' dir='ltr'>in</span> <span class='ocrx_word' id='word_1_401' title='bbox 3391 2676 3668 2750; x_wconf 90' lang='lat' dir='ltr'>laqueum</span> <span class='ocrx_word' id='word_1_402' title='bbox 3701 2678 3828 2735; x_wconf 87' lang='lat' dir='ltr'>sine</span> 
     </span>
    </p>
   </div>
   <div class='ocr_carea' id='block_1_58' title="bbox 2187 2763 3824 2837">
    <p class='ocr_par' dir='ltr' id='par_1_58' title="bbox 2187 2763 3824 2837">
     <span class='ocr_line' id='line_1_59' title="bbox 2187 2763 3824 2837; baseline 0.002 -18"><span class='ocrx_word' id='word_1_403' title='bbox 2187 2764 2376 2819; x_wconf 88' lang='lat' dir='ltr'>Patris</span> <span class='ocrx_word' id='word_1_404' title='bbox 2423 2763 2722 2820; x_wconf 82' lang='lat' dir='ltr'>voluntate</span> <span class='ocrx_word' id='word_1_405' title='bbox 2768 2765 2916 2834; x_wconf 87' lang='lat' dir='ltr'>(Luc.</span> <span class='ocrx_word' id='word_1_406' title='bbox 2969 2783 3070 2831; x_wconf 83' lang='lat' dir='ltr'>x11,</span> <span class='ocrx_word' id='word_1_407' title='bbox 3113 2766 3190 2836; x_wconf 81' lang='lat'>6).</span> <span class='ocrx_word' id='word_1_408' title='bbox 3250 2767 3410 2831; x_wconf 91' lang='lat' dir='ltr'>Quod</span> <span class='ocrx_word' id='word_1_409' title='bbox 3471 2770 3665 2823; x_wconf 89' lang='lat' dir='ltr'>autem</span> <span class='ocrx_word' id='word_1_410' title='bbox 3723 2767 3824 2837; x_wconf 83' lang='lat' dir='ltr'>ait,</span> 
     </span>
    </p>
   </div>
   <div class='ocr_carea' id='block_1_59' title="bbox 2187 2855 3834 2929">
    <p class='ocr_par' dir='ltr' id='par_1_59' title="bbox 2187 2855 3834 2929">
     <span class='ocr_line' id='line_1_60' title="bbox 2187 2855 3834 2929; baseline 0.002 -21"><span class='ocrx_word' id='word_1_411' title='bbox 2187 2856 2414 2909; x_wconf 85' lang='lat' dir='ltr'>Gratias</span> <span class='ocrx_word' id='word_1_412' title='bbox 2444 2855 2682 2921; x_wconf 78' lang='lat' dir='ltr'>agentes,</span> <span class='ocrx_word' id='word_1_413' title='bbox 2731 2858 2786 2908; x_wconf 89' lang='lat' dir='ltr'>et</span> <span class='ocrx_word' id='word_1_414' title='bbox 2821 2870 3049 2925; x_wconf 83' lang='lat' dir='ltr'>semper,</span> <span class='ocrx_word' id='word_1_415' title='bbox 3086 2859 3142 2909; x_wconf 89' lang='lat' dir='ltr'>et</span> <span class='ocrx_word' id='word_1_416' title='bbox 3179 2870 3278 2925; x_wconf 84' lang='lat' dir='ltr'>pro</span> <span class='ocrx_word' id='word_1_417' title='bbox 3321 2856 3599 2922; x_wconf 87' lang='lat' dir='ltr'>omnibus,</span> <span class='ocrx_word' id='word_1_418' title='bbox 3645 2856 3834 2929; x_wconf 89' lang='lat' dir='ltr'>dupli-</span> 
     </span>
    </p>
   </div>
   <div class='ocr_carea' id='block_1_60' title="bbox 2189 2941 3837 3018">
    <p class='ocr_par' dir='ltr' id='par_1_60' title="bbox 2189 2941 3837 3018">
     <span class='ocr_line' id='line_1_61' title="bbox 2189 2941 3837 3018; baseline 0.003 -22"><span class='ocrx_word' id='word_1_419' title='bbox 2189 2941 2332 2997; x_wconf 89' lang='lat' dir='ltr'>citer</span> <span class='ocrx_word' id='word_1_420' title='bbox 2371 2942 2741 3008; x_wconf 90' lang='lat' dir='ltr'>intuendum,</span> <span class='ocrx_word' id='word_1_421' title='bbox 2782 2947 2847 2997; x_wconf 91' lang='lat' dir='ltr'>ut</span> <span class='ocrx_word' id='word_1_422' title='bbox 2884 2947 2941 2998; x_wconf 89' lang='lat' dir='ltr'>et</span> <span class='ocrx_word' id='word_1_423' title='bbox 2984 2943 3044 2997; x_wconf 91' lang='lat' dir='ltr'>in</span> <span class='ocrx_word' id='word_1_424' title='bbox 3093 2943 3251 2998; x_wconf 91' lang='lat' dir='ltr'>omni</span> <span class='ocrx_word' id='word_1_425' title='bbox 3304 2947 3587 3016; x_wconf 87' lang='lat' dir='ltr'>tempore,</span> <span class='ocrx_word' id='word_1_426' title='bbox 3630 2948 3686 3000; x_wconf 90' lang='lat' dir='ltr'>et</span> <span class='ocrx_word' id='word_1_427' title='bbox 3732 2962 3837 3018; x_wconf 89' lang='lat' dir='ltr'>pro</span> 
     </span>
    </p>
   </div>
   <div class='ocr_carea' id='block_1_61' title="bbox 2189 3030 3836 3110">
    <p class='ocr_par' dir='ltr' id='par_1_61' title="bbox 2189 3030 3836 3110">
     <span class='ocr_line' id='line_1_62' title="bbox 2189 3030 3836 3110; baseline 0.003 -24"><span class='ocrx_word' id='word_1_428' title='bbox 2189 3030 2466 3086; x_wconf 91' lang='lat' dir='ltr'>omnibus</span> <span class='ocrx_word' id='word_1_429' title='bbox 2506 3047 2635 3102; x_wconf 82' lang='lat' dir='ltr'>quae</span> <span class='ocrx_word' id='word_1_430' title='bbox 2681 3031 2850 3086; x_wconf 89' lang='lat' dir='ltr'>nobis</span> <span class='ocrx_word' id='word_1_431' title='bbox 2889 3032 3182 3110; x_wconf 81' lang='lat' dir='ltr'>accidunt,</span> <span class='ocrx_word' id='word_1_432' title='bbox 3232 3034 3343 3087; x_wconf 90' lang='lat' dir='ltr'>Deo</span> <span class='ocrx_word' id='word_1_433' title='bbox 3373 3033 3592 3105; x_wconf 88' lang='lat' dir='ltr'>gratias</span> <span class='ocrx_word' id='word_1_434' title='bbox 3623 3034 3836 3091; x_wconf 86' lang='lat' dir='ltr'>refera-</span> 
     </span>
    </p>
   </div>
   <div class='ocr_carea' id='block_1_62' title="bbox 2189 3119 3836 3196">
    <p class='ocr_par' dir='ltr' id='par_1_62' title="bbox 2189 3119 3836 3196">
     <span class='ocr_line' id='line_1_63' title="bbox 2189 3119 3836 3196; baseline 0.003 -21"><span class='ocrx_word' id='word_1_435' title='bbox 2189 3137 2323 3175; x_wconf 91' lang='lat' dir='ltr'>mus</span> <span class='ocrx_word' id='word_1_436' title='bbox 2358 3136 2370 3173; x_wconf 93' lang='lat'><strong>:</strong></span> <span class='ocrx_word' id='word_1_437' title='bbox 2418 3123 2482 3175; x_wconf 91' lang='lat' dir='ltr'>ut</span> <span class='ocrx_word' id='word_1_438' title='bbox 2521 3137 2636 3176; x_wconf 92' lang='lat' dir='ltr'>non</span> <span class='ocrx_word' id='word_1_439' title='bbox 2676 3123 2904 3176; x_wconf 89' lang='lat' dir='ltr'>tantum</span> <span class='ocrx_word' id='word_1_440' title='bbox 2937 3136 3040 3192; x_wconf 91' lang='lat' dir='ltr'>pro</span> <span class='ocrx_word' id='word_1_441' title='bbox 3072 3119 3163 3176; x_wconf 89' lang='lat' dir='ltr'>his</span> <span class='ocrx_word' id='word_1_442' title='bbox 3200 3137 3326 3192; x_wconf 67' lang='lat' dir='ltr'>quae</span> <span class='ocrx_word' id='word_1_443' title='bbox 3355 3122 3506 3177; x_wconf 88' lang='lat' dir='ltr'>bona</span> <span class='ocrx_word' id='word_1_444' title='bbox 3537 3125 3836 3196; x_wconf 88' lang='lat' dir='ltr'>putamus,</span> 
     </span>
    </p>
   </div>
   <div class='ocr_carea' id='block_1_63' title="bbox 2191 3209 3835 3280">
    <p class='ocr_par' dir='ltr' id='par_1_63' title="bbox 2191 3209 3835 3280">
     <span class='ocr_line' id='line_1_64' title="bbox 2191 3209 3835 3280; baseline 0.002 -15"><span class='ocrx_word' id='word_1_445' title='bbox 2191 3210 2294 3265; x_wconf 92' lang='lat' dir='ltr'>sed</span> <span class='ocrx_word' id='word_1_446' title='bbox 2339 3209 2514 3264; x_wconf 89' lang='lat' dir='ltr'>etiam</span> <span class='ocrx_word' id='word_1_447' title='bbox 2559 3227 2686 3280; x_wconf 83' lang='lat' dir='ltr'>quae</span> <span class='ocrx_word' id='word_1_448' title='bbox 2728 3227 2835 3265; x_wconf 91' lang='lat' dir='ltr'>nos</span> <span class='ocrx_word' id='word_1_449' title='bbox 2881 3214 3200 3277; x_wconf 88' lang='lat' dir='ltr'>coarctant,</span> <span class='ocrx_word' id='word_1_450' title='bbox 3240 3215 3298 3265; x_wconf 89' lang='lat' dir='ltr'>et</span> <span class='ocrx_word' id='word_1_451' title='bbox 3336 3215 3537 3268; x_wconf 90' lang='lat' dir='ltr'>contra</span> <span class='ocrx_word' id='word_1_452' title='bbox 3572 3217 3835 3269; x_wconf 88' lang='lat' dir='ltr'>nostram</span> 
     </span>
    </p>
   </div>
   <div class='ocr_carea' id='block_1_64' title="bbox 426 3271 3836 3371">
    <p class='ocr_par' dir='ltr' id='par_1_64' title="bbox 426 3271 3836 3371">
     <span class='ocr_line' id='line_1_65' title="bbox 426 3271 3836 3371; baseline 0.009 -44"><span class='ocrx_word' id='word_1_453' title='bbox 426 3271 561 3341; x_wconf 88' lang='lat' dir='ltr'>mis,</span> <span class='ocrx_word' id='word_1_454' title='bbox 595 3279 651 3330; x_wconf 92' lang='lat' dir='ltr'>et</span> <span class='ocrx_word' id='word_1_455' title='bbox 681 3276 938 3349; x_wconf 84' lang='lat' dir='ltr'>hymnis,</span> <span class='ocrx_word' id='word_1_456' title='bbox 973 3285 1028 3337; x_wconf 85' lang='lat' dir='ltr'>et</span> <span class='ocrx_word' id='word_1_457' title='bbox 1074 3285 1320 3342; x_wconf 89' lang='lat' dir='ltr'>canticis</span> <span class='ocrx_word' id='word_1_458' title='bbox 1371 3271 1799 3359; x_wconf 82' lang='lat' dir='ltr'>spiritualibus,</span> <span class='ocrx_word' id='word_1_459' title='bbox 1833 3298 2072 3350; x_wconf 82' lang='lat' dir='ltr'>cantan-</span> <span class='ocrx_word' id='word_1_460' title='bbox 2105 3285 2148 3352; x_wconf 86' lang='lat' dir='ltr'>C</span> <span class='ocrx_word' id='word_1_461' title='bbox 2187 3299 2428 3354; x_wconf 90' lang='lat' dir='ltr'>veniunt</span> <span class='ocrx_word' id='word_1_462' title='bbox 2456 3297 2836 3368; x_wconf 89' lang='lat' dir='ltr'>voluntatem,</span> <span class='ocrx_word' id='word_1_463' title='bbox 2873 3300 2932 3353; x_wconf 89' lang='lat' dir='ltr'>in</span> <span class='ocrx_word' id='word_1_464' title='bbox 2966 3299 3060 3355; x_wconf 89' lang='lat' dir='ltr'>Dei</span> <span class='ocrx_word' id='word_1_465' title='bbox 3101 3300 3456 3371; x_wconf 74' lang='lat' dir='ltr'>praeconium</span> <span class='ocrx_word' id='word_1_466' title='bbox 3502 3299 3671 3358; x_wconf 88' lang='lat' dir='ltr'>mens</span> <span class='ocrx_word' id='word_1_467' title='bbox 3705 3302 3836 3359; x_wconf 70' lang='lat' dir='ltr'>lteta</span> 
     </span>
    </p>
   </div>
   <div class='ocr_carea' id='block_1_65' title="bbox 425 3364 2075 3448">
    <p class='ocr_par' dir='ltr' id='par_1_65' title="bbox 425 3364 2075 3448">
     <span class='ocr_line' id='line_1_66' title="bbox 425 3364 2075 3448; baseline 0.015 -32"><span class='ocrx_word' id='word_1_468' title='bbox 425 3364 516 3417; x_wconf 90' lang='lat' dir='ltr'>tes</span> <span class='ocrx_word' id='word_1_469' title='bbox 547 3367 604 3418; x_wconf 91' lang='lat' dir='ltr'>et</span> <span class='ocrx_word' id='word_1_470' title='bbox 633 3366 946 3441; x_wconf 88' lang='lat' dir='ltr'>psallentes</span> <span class='ocrx_word' id='word_1_471' title='bbox 976 3370 1033 3425; x_wconf 91' lang='lat' dir='ltr'>in</span> <span class='ocrx_word' id='word_1_472' title='bbox 1068 3375 1342 3432; x_wconf 88' lang='lat' dir='ltr'>cordibus</span> <span class='ocrx_word' id='word_1_473' title='bbox 1371 3379 1580 3435; x_wconf 86' lang='lat' dir='ltr'>vestris</span> <span class='ocrx_word' id='word_1_474' title='bbox 1612 3382 1879 3439; x_wconf 91' lang='lat' dir='ltr'>Domino.</span> <span class='ocrx_word' id='word_1_475' title='bbox 1907 3406 1934 3433; x_wconf 86' lang='lat'>»</span> <span class='ocrx_word' id='word_1_476' title='bbox 1968 3384 2075 3448; x_wconf 91' lang='lat' dir='ltr'>Qui</span> 
     </span>
    </p>
   </div>
   <div class='ocr_carea' id='block_1_66' title="bbox 427 3452 2073 3542">
    <p class='ocr_par' dir='ltr' id='par_1_66' title="bbox 427 3452 2073 3542">
     <span class='ocr_line' id='line_1_67' title="bbox 427 3452 2073 3542; baseline 0.016 -37"><span class='ocrx_word' id='word_1_477' title='bbox 427 3466 490 3506; x_wconf 88' lang='lat' dir='ltr'>se</span> <span class='ocrx_word' id='word_1_478' title='bbox 521 3452 874 3512; x_wconf 86' lang='lat' dir='ltr'>abstinuerit</span> <span class='ocrx_word' id='word_1_479' title='bbox 903 3459 974 3514; x_wconf 91' lang='lat' dir='ltr'>ab</span> <span class='ocrx_word' id='word_1_480' title='bbox 1005 3461 1282 3520; x_wconf 88' lang='lat' dir='ltr'>ebrietate</span> <span class='ocrx_word' id='word_1_481' title='bbox 1323 3466 1463 3534; x_wconf 91' lang='lat' dir='ltr'>vini,</span> <span class='ocrx_word' id='word_1_482' title='bbox 1498 3469 1556 3524; x_wconf 90' lang='lat' dir='ltr'>in</span> <span class='ocrx_word' id='word_1_483' title='bbox 1609 3487 1722 3542; x_wconf 90' lang='lat' dir='ltr'>quo</span> <span class='ocrx_word' id='word_1_484' title='bbox 1770 3477 1860 3527; x_wconf 90' lang='lat' dir='ltr'>est</span> <span class='ocrx_word' id='word_1_485' title='bbox 1907 3473 2073 3530; x_wconf 87' lang='lat' dir='ltr'>luxu-</span> 
     </span>
    </p>
   </div>
   <div class='ocr_carea' id='block_1_67' title="bbox 427 3539 2076 3632">
    <p class='ocr_par' dir='ltr' id='par_1_67' title="bbox 427 3539 2076 3632">
     <span class='ocr_line' id='line_1_68' title="bbox 427 3539 2076 3632; baseline 0.015 -38"><span class='ocrx_word' id='word_1_486' title='bbox 427 3539 671 3632; x_wconf 12' lang='lat' dir='ltr'>ria,‘et</span> <span class='ocrx_word' id='word_1_487' title='bbox 736 3561 839 3616; x_wconf 91' lang='lat' dir='ltr'>pro</span> <span class='ocrx_word' id='word_1_488' title='bbox 907 3547 1015 3604; x_wconf 92' lang='lat' dir='ltr'>hoc</span> <span class='ocrx_word' id='word_1_489' title='bbox 1084 3551 1294 3622; x_wconf 88' lang='lat' dir='ltr'>spiritu</span> <span class='ocrx_word' id='word_1_490' title='bbox 1361 3555 1534 3613; x_wconf 90' lang='lat' dir='ltr'>fuerit</span> <span class='ocrx_word' id='word_1_491' title='bbox 1599 3539 1897 3632; x_wconf 81' lang='lat' dir='ltr'>impletus,</span> <span class='ocrx_word' id='word_1_492' title='bbox 1966 3564 2076 3619; x_wconf 88' lang='lat' dir='ltr'>iste</span> 
     </span>
    </p>
   </div>
   <div class='ocr_carea' id='block_1_68' title="bbox 425 3630 2074 3724">
    <p class='ocr_par' dir='ltr' id='par_1_68' title="bbox 425 3630 2074 3724">
     <span class='ocr_line' id='line_1_69' title="bbox 425 3630 2074 3724; baseline 0.016 -41"><span class='ocrx_word' id='word_1_493' title='bbox 425 3630 625 3686; x_wconf 88' lang='lat' dir='ltr'>omnia</span> <span class='ocrx_word' id='word_1_494' title='bbox 654 3637 845 3724; x_wconf 87' lang='lat' dir='ltr'>potest</span> <span class='ocrx_word' id='word_1_495' title='bbox 875 3637 1135 3710; x_wconf 89' lang='lat' dir='ltr'>accipere</span> <span class='ocrx_word' id='word_1_496' title='bbox 1166 3641 1571 3715; x_wconf 88' lang='lat' dir='ltr'>spiritualiter,</span> <span class='ocrx_word' id='word_1_497' title='bbox 1603 3630 1881 3720; x_wconf 82' lang='lat' dir='ltr'>psalmos,</span> <span class='ocrx_word' id='word_1_498' title='bbox 1908 3651 2074 3724; x_wconf 82' lang='lat' dir='ltr'>hym-</span> 
     </span>
    </p>
   </div>
   <div class='ocr_carea' id='block_1_69' title="bbox 425 3721 2073 3813">
    <p class='ocr_par' dir='ltr' id='par_1_69' title="bbox 425 3721 2073 3813">
     <span class='ocr_line' id='line_1_70' title="bbox 425 3721 2073 3813; baseline 0.016 -41"><span class='ocrx_word' id='word_1_499' title='bbox 425 3734 554 3787; x_wconf 87' lang='lat' dir='ltr'>nos,</span> <span class='ocrx_word' id='word_1_500' title='bbox 581 3721 638 3776; x_wconf 88' lang='lat' dir='ltr'>et</span> <span class='ocrx_word' id='word_1_501' title='bbox 669 3723 912 3780; x_wconf 88' lang='lat' dir='ltr'>cantica.</span> <span class='ocrx_word' id='word_1_502' title='bbox 938 3727 1085 3792; x_wconf 92' lang='lat' dir='ltr'>Quid</span> <span class='ocrx_word' id='word_1_503' title='bbox 1111 3735 1306 3787; x_wconf 89' lang='lat' dir='ltr'>autem</span> <span class='ocrx_word' id='word_1_504' title='bbox 1339 3733 1572 3792; x_wconf 87' lang='lat' dir='ltr'>intersit</span> <span class='ocrx_word' id='word_1_505' title='bbox 1596 3739 1748 3794; x_wconf 89' lang='lat' dir='ltr'>inter</span> <span class='ocrx_word' id='word_1_506' title='bbox 1778 3721 2073 3813; x_wconf 76' lang='lat' dir='ltr'>psalmum</span> 
     </span>
    </p>
   </div>
   <div class='ocr_carea' id='block_1_70' title="bbox 425 3808 2074 3901">
    <p class='ocr_par' dir='ltr' id='par_1_70' title="bbox 425 3808 2074 3901">
     <span class='ocr_line' id='line_1_71' title="bbox 425 3808 2074 3901; baseline 0.016 -39"><span class='ocrx_word' id='word_1_507' title='bbox 425 3812 483 3863; x_wconf 91' lang='lat' dir='ltr'>et</span> <span class='ocrx_word' id='word_1_508' title='bbox 529 3808 817 3882; x_wconf 84' lang='lat' dir='ltr'>hymnum</span> <span class='ocrx_word' id='word_1_509' title='bbox 867 3818 924 3869; x_wconf 91' lang='lat' dir='ltr'>et</span> <span class='ocrx_word' id='word_1_510' title='bbox 976 3821 1290 3888; x_wconf 87' lang='lat' dir='ltr'>canticum,</span> <span class='ocrx_word' id='word_1_511' title='bbox 1324 3823 1382 3878; x_wconf 89' lang='lat' dir='ltr'>in</span> <span class='ocrx_word' id='word_1_512' title='bbox 1424 3826 1703 3884; x_wconf 89' lang='lat' dir='ltr'>Psalterio</span> <span class='ocrx_word' id='word_1_513' title='bbox 1734 3808 2074 3901; x_wconf 82' lang='lat' dir='ltr'>plenissime</span> 
     </span>
    </p>
   </div>
   <div class='ocr_carea' id='block_1_71' title="bbox 423 3897 2071 3989">
    <p class='ocr_par' dir='ltr' id='par_1_71' title="bbox 423 3897 2071 3989">
     <span class='ocr_line' id='line_1_72' title="bbox 423 3897 2071 3989; baseline 0.017 -38"><span class='ocrx_word' id='word_1_514' title='bbox 423 3897 729 3956; x_wconf 89' lang='lat' dir='ltr'>discimus.</span> <span class='ocrx_word' id='word_1_515' title='bbox 761 3905 932 3959; x_wconf 89' lang='lat' dir='ltr'>Nunc</span> <span class='ocrx_word' id='word_1_516' title='bbox 976 3911 1172 3964; x_wconf 88' lang='lat' dir='ltr'>autem</span> <span class='ocrx_word' id='word_1_517' title='bbox 1222 3911 1475 3970; x_wconf 87' lang='lat' dir='ltr'>breviter</span> <span class='ocrx_word' id='word_1_518' title='bbox 1519 3897 1768 3989; x_wconf 79' lang='lat' dir='ltr'>hymnos</span> <span class='ocrx_word' id='word_1_519' title='bbox 1815 3937 1942 3976; x_wconf 91' lang='lat' dir='ltr'>esse</span> <span class='ocrx_word' id='word_1_520' title='bbox 1986 3922 2071 3977; x_wconf 89' lang='lat' dir='ltr'>di-</span> 
     </span>
    </p>
   </div>
   <div class='ocr_carea' id='block_1_72' title="bbox 415 3989 2078 4083">
    <p class='ocr_par' dir='ltr' id='par_1_72' title="bbox 415 3989 2078 4083">
     <span class='ocr_line' id='line_1_73' title="bbox 415 3989 2078 4083; baseline 0.017 -42"><span class='ocrx_word' id='word_1_521' title='bbox 415 3989 696 4083; x_wconf 83' lang='lat' dir='ltr'>cendum,</span> <span class='ocrx_word' id='word_1_522' title='bbox 721 3992 1245 4083; x_wconf 78' lang='lat' dir='ltr'>quifortitudinem</span> <span class='ocrx_word' id='word_1_523' title='bbox 1273 4006 1330 4058; x_wconf 89' lang='lat' dir='ltr'>et</span> <span class='ocrx_word' id='word_1_524' title='bbox 1357 4006 1725 4076; x_wconf 87' lang='lat' dir='ltr'>majestatem</span> <span class='ocrx_word' id='word_1_525' title='bbox 1759 4011 2078 4083; x_wconf 65' lang='lat' dir='ltr'>praedicant</span> 
     </span>
    </p>
   </div>
   <div class='ocr_carea' id='block_1_73' title="bbox 411 4076 2142 4163">
    <p class='ocr_par' dir='ltr' id='par_1_73' title="bbox 411 4076 2142 4163">
     <span class='ocr_line' id='line_1_74' title="bbox 411 4076 2142 4163; baseline 0.017 -33"><span class='ocrx_word' id='word_1_526' title='bbox 411 4076 545 4154; x_wconf 29' lang='lat' dir='ltr'>.Dei,</span> <span class='ocrx_word' id='word_1_527' title='bbox 579 4081 636 4134; x_wconf 88' lang='lat' dir='ltr'>et</span> <span class='ocrx_word' id='word_1_528' title='bbox 686 4080 952 4151; x_wconf 89' lang='lat' dir='ltr'>ejusdem</span> <span class='ocrx_word' id='word_1_529' title='bbox 1002 4102 1254 4161; x_wconf 88' lang='lat' dir='ltr'>semper,</span> <span class='ocrx_word' id='word_1_530' title='bbox 1302 4091 1391 4148; x_wconf 86' lang='lat' dir='ltr'>vel</span> <span class='ocrx_word' id='word_1_531' title='bbox 1439 4076 1876 4163; x_wconf 44' lang='lat' dir='ltr'>beneﬁcia-vel</span> <span class='ocrx_word' id='word_1_532' title='bbox 1923 4103 2076 4158; x_wconf 86' lang='lat' dir='ltr'>facta</span> <span class='ocrx_word' id='word_1_533' title='bbox 2132 4094 2142 4103; x_wconf 76' lang='grc'><strong>’</strong></span> 
     </span>
    </p>
   </div>
   <div class='ocr_carea' id='block_1_74' title="bbox 427 4165 2073 4262">
    <p class='ocr_par' dir='ltr' id='par_1_74' title="bbox 427 4165 2073 4262">
     <span class='ocr_line' id='line_1_75' title="bbox 427 4165 2073 4262; baseline 0.019 -45"><span class='ocrx_word' id='word_1_534' title='bbox 427 4165 733 4254; x_wconf 83' lang='lat' dir='ltr'>mirantur.</span> <span class='ocrx_word' id='word_1_535' title='bbox 767 4170 930 4235; x_wconf 85' lang='lat' dir='ltr'>Quod</span> <span class='ocrx_word' id='word_1_536' title='bbox 981 4191 1185 4234; x_wconf 89' lang='lat' dir='ltr'>omnes</span> <span class='ocrx_word' id='word_1_537' title='bbox 1233 4182 1446 4252; x_wconf 87' lang='lat' dir='ltr'>psalmi</span> <span class='ocrx_word' id='word_1_538' title='bbox 1504 4187 1824 4260; x_wconf 89' lang='lat' dir='ltr'>continent,</span> <span class='ocrx_word' id='word_1_539' title='bbox 1858 4191 2073 4262; x_wconf 90' lang='lat' dir='ltr'>quibus</span> 
     </span>
    </p>
   </div>
   <div class='ocr_carea' id='block_1_75' title="bbox 426 4259 2070 4350">
    <p class='ocr_par' dir='ltr' id='par_1_75' title="bbox 426 4259 2070 4350">
     <span class='ocr_line' id='line_1_76' title="bbox 426 4259 2070 4350; baseline 0.019 -44"><span class='ocrx_word' id='word_1_540' title='bbox 426 4269 701 4311; x_wconf 77' lang='lat' dir='ltr'>ALLELUIA</span> <span class='ocrx_word' id='word_1_541' title='bbox 761 4259 850 4316; x_wconf 90' lang='lat' dir='ltr'>vel</span> <span class='ocrx_word' id='word_1_542' title='bbox 913 4267 1326 4337; x_wconf 60' lang='lat' dir='ltr'>prapositum,</span> <span class='ocrx_word' id='word_1_543' title='bbox 1393 4272 1480 4328; x_wconf 88' lang='lat' dir='ltr'>vel</span> <span class='ocrx_word' id='word_1_544' title='bbox 1549 4259 1892 4348; x_wconf 74' lang='lat' dir='ltr'>subjectum</span> <span class='ocrx_word' id='word_1_545' title='bbox 1952 4285 2070 4350; x_wconf 89' lang='lat' dir='ltr'>est,</span> 
     </span>
    </p>
   </div>
   <div class='ocr_carea' id='block_1_76' title="bbox 415 4342 2072 4442">
    <p class='ocr_par' dir='ltr' id='par_1_76' title="bbox 415 4342 2072 4442">
     <span class='ocr_line' id='line_1_77' title="bbox 415 4342 2072 4442; baseline 0.005 -26"><span class='ocrx_word' id='word_1_546' title='bbox 415 4342 637 4418; x_wconf 29' lang='lat' dir='ltr'>.Psalmi</span> <span class='ocrx_word' id='word_1_547' title='bbox 690 4352 883 4406; x_wconf 89' lang='lat' dir='ltr'>autem</span> <span class='ocrx_word' id='word_1_548' title='bbox 932 4355 1166 4426; x_wconf 89' lang='lat' dir='ltr'>proprie</span> <span class='ocrx_word' id='word_1_549' title='bbox 1215 4359 1286 4413; x_wconf 92' lang='lat' dir='ltr'>ad</span> <span class='ocrx_word' id='word_1_550' title='bbox 1339 4361 1598 4420; x_wconf 90' lang='lat' dir='ltr'>ethicum</span> <span class='ocrx_word' id='word_1_551' title='bbox 1648 4342 1841 4423; x_wconf 74' lang='lat' dir='ltr'>locum</span> <span class='ocrx_word' id='word_1_552' title='bbox 1897 4342 2072 4442; x_wconf 53' lang='lat' dir='ltr'>perti;</span> 
     </span>
    </p>
   </div>
   <div class='ocr_carea' id='block_1_77' title="bbox 427 4438 2070 4529">
    <p class='ocr_par' dir='ltr' id='par_1_77' title="bbox 427 4438 2070 4529">
     <span class='ocr_line' id='line_1_78' title="bbox 427 4438 2070 4529; baseline 0.018 -41"><span class='ocrx_word' id='word_1_553' title='bbox 427 4438 587 4505; x_wconf 90' lang='lat' dir='ltr'>nent,</span> <span class='ocrx_word' id='word_1_554' title='bbox 622 4440 688 4492; x_wconf 90' lang='lat' dir='ltr'>ut</span> <span class='ocrx_word' id='word_1_555' title='bbox 732 4455 837 4512; x_wconf 91' lang='lat' dir='ltr'>per</span> <span class='ocrx_word' id='word_1_556' title='bbox 882 4459 1167 4515; x_wconf 87' lang='lat' dir='ltr'>organum</span> <span class='ocrx_word' id='word_1_557' title='bbox 1201 4450 1479 4522; x_wconf 87' lang='lat' dir='ltr'>corporis,</span> <span class='ocrx_word' id='word_1_558' title='bbox 1526 4454 1666 4524; x_wconf 89' lang='lat' dir='ltr'>quid</span> <span class='ocrx_word' id='word_1_559' title='bbox 1717 4438 2070 4529; x_wconf 77' lang='lat' dir='ltr'>iaciendum,</span> 
     </span>
    </p>
   </div>
   <div class='ocr_carea' id='block_1_78' title="bbox 424 4525 2071 4608">
    <p class='ocr_par' dir='ltr' id='par_1_78' title="bbox 424 4525 2071 4608">
     <span class='ocr_line' id='line_1_79' title="bbox 424 4525 2071 4608; baseline 0.016 -29"><span class='ocrx_word' id='word_1_560' title='bbox 424 4525 482 4579; x_wconf 87' lang='lat' dir='ltr'>et</span> <span class='ocrx_word' id='word_1_561' title='bbox 514 4526 654 4598; x_wconf 90' lang='lat' dir='ltr'>quid</span> <span class='ocrx_word' id='word_1_562' title='bbox 686 4527 993 4588; x_wconf 90' lang='lat' dir='ltr'>vitandum</span> <span class='ocrx_word' id='word_1_563' title='bbox 1028 4533 1122 4604; x_wconf 89' lang='lat' dir='ltr'>sit,</span> <span class='ocrx_word' id='word_1_564' title='bbox 1157 4539 1512 4606; x_wconf 85' lang='lat' dir='ltr'>noverimus.</span> <span class='ocrx_word' id='word_1_565' title='bbox 1548 4543 1655 4608; x_wconf 91' lang='lat' dir='ltr'>Qui</span> <span class='ocrx_word' id='word_1_566' title='bbox 1687 4560 1820 4600; x_wconf 89' lang='lat' dir='ltr'>vero</span> <span class='ocrx_word' id='word_1_567' title='bbox 1853 4548 1922 4603; x_wconf 88' lang='lat' dir='ltr'>de</span> <span class='ocrx_word' id='word_1_568' title='bbox 1974 4567 2071 4605; x_wconf 90' lang='lat' dir='ltr'>su-</span> 
     </span>
    </p>
   </div>
   <div class='ocr_carea' id='block_1_79' title="bbox 424 4613 2070 4694">
    <p class='ocr_par' dir='ltr' id='par_1_79' title="bbox 424 4613 2070 4694">
     <span class='ocr_line' id='line_1_80' title="bbox 424 4613 2070 4694; baseline 0.015 -25"><span class='ocrx_word' id='word_1_569' title='bbox 424 4613 752 4685; x_wconf 85' lang='lat' dir='ltr'>perioribus</span> <span class='ocrx_word' id='word_1_570' title='bbox 778 4619 1062 4694; x_wconf 88' lang='lat' dir='ltr'>disputat,</span> <span class='ocrx_word' id='word_1_571' title='bbox 1086 4627 1144 4679; x_wconf 90' lang='lat' dir='ltr'>et</span> <span class='ocrx_word' id='word_1_572' title='bbox 1172 4633 1519 4686; x_wconf 89' lang='lat' dir='ltr'>concentum</span> <span class='ocrx_word' id='word_1_573' title='bbox 1549 4633 1752 4688; x_wconf 89' lang='lat' dir='ltr'>mundi</span> <span class='ocrx_word' id='word_1_574' title='bbox 1783 4637 2070 4694; x_wconf 90' lang='lat' dir='ltr'>omnium-</span> 
     </span>
    </p>
   </div>
   <div class='ocr_carea' id='block_1_80' title="bbox 380 4680 2150 4790">
    <p class='ocr_par' dir='ltr' id='par_1_80' title="bbox 380 4680 2150 4790">
     <span class='ocr_line' id='line_1_81' title="bbox 380 4680 2150 4790; baseline 0.015 -34"><span class='ocrx_word' id='word_1_575' title='bbox 380 4702 386 4718; x_wconf 78' lang='lat'><strong>&quot;</strong></span> <span class='ocrx_word' id='word_1_576' title='bbox 423 4718 537 4774; x_wconf 87' lang='lat' dir='ltr'>que</span> <span class='ocrx_word' id='word_1_577' title='bbox 585 4710 987 4766; x_wconf 88' lang='lat' dir='ltr'>creaturarum</span> <span class='ocrx_word' id='word_1_578' title='bbox 1028 4713 1292 4771; x_wconf 87' lang='lat' dir='ltr'>ordinem</span> <span class='ocrx_word' id='word_1_579' title='bbox 1325 4722 1498 4790; x_wconf 89' lang='lat' dir='ltr'>atque</span> <span class='ocrx_word' id='word_1_580' title='bbox 1529 4724 1896 4779; x_wconf 83' lang='lat' dir='ltr'>concordiam</span> <span class='ocrx_word' id='word_1_581' title='bbox 1932 4727 2070 4782; x_wconf 88' lang='lat' dir='ltr'>sub-</span> <span class='ocrx_word' id='word_1_582' title='bbox 2100 4680 2150 4744; x_wconf 66' lang='grc' dir='ltr'><strong>Β</strong></span> 
     </span>
    </p>
   </div>
   <div class='ocr_carea' id='block_1_81' title="bbox 379 4791 2070 4880">
    <p class='ocr_par' dir='ltr' id='par_1_81' title="bbox 379 4791 2070 4880">
     <span class='ocr_line' id='line_1_82' title="bbox 379 4791 2070 4880; baseline 0.015 -34"><span class='ocrx_word' id='word_1_583' title='bbox 379 4792 394 4804; x_wconf 79' lang='grc'><em>”</em></span> <span class='ocrx_word' id='word_1_584' title='bbox 422 4791 544 4850; x_wconf 88' lang='lat' dir='ltr'>tilis</span> <span class='ocrx_word' id='word_1_585' title='bbox 575 4795 907 4867; x_wconf 86' lang='lat' dir='ltr'>disputator</span> <span class='ocrx_word' id='word_1_586' title='bbox 943 4798 1234 4872; x_wconf 77' lang='lat' dir='ltr'>edisserit,</span> <span class='ocrx_word' id='word_1_587' title='bbox 1267 4805 1377 4863; x_wconf 87' lang='lat' dir='ltr'>iste</span> <span class='ocrx_word' id='word_1_588' title='bbox 1426 4809 1728 4880; x_wconf 90' lang='lat' dir='ltr'>spirituale</span> <span class='ocrx_word' id='word_1_589' title='bbox 1779 4815 2070 4871; x_wconf 87' lang='lat' dir='ltr'>canticum</span> 
     </span>
    </p>
   </div>
   <div class='ocr_carea' id='block_1_82' title="bbox 421 4884 2067 4971">
    <p class='ocr_par' dir='ltr' id='par_1_82' title="bbox 421 4884 2067 4971">
     <span class='ocr_line' id='line_1_83' title="bbox 421 4884 2067 4971; baseline 0.015 -34"><span class='ocrx_word' id='word_1_590' title='bbox 421 4884 597 4940; x_wconf 90' lang='lat' dir='ltr'>canit.</span> <span class='ocrx_word' id='word_1_591' title='bbox 631 4886 735 4942; x_wconf 83' lang='lat' dir='ltr'>Vel</span> <span class='ocrx_word' id='word_1_592' title='bbox 784 4892 937 4945; x_wconf 89' lang='lat' dir='ltr'>certe</span> <span class='ocrx_word' id='word_1_593' title='bbox 983 4892 1071 4962; x_wconf 91' lang='lat' dir='ltr'>(ut</span> <span class='ocrx_word' id='word_1_594' title='bbox 1109 4898 1343 4966; x_wconf 91' lang='lat' dir='ltr'>propter</span> <span class='ocrx_word' id='word_1_595' title='bbox 1389 4898 1775 4971; x_wconf 90' lang='lat' dir='ltr'>simpliciores</span> <span class='ocrx_word' id='word_1_596' title='bbox 1823 4905 2067 4960; x_wconf 86' lang='lat' dir='ltr'>manife-</span> 
     </span>
    </p>
   </div>
   <div class='ocr_carea' id='block_1_83' title="bbox 420 4973 2068 5060">
    <p class='ocr_par' dir='ltr' id='par_1_83' title="bbox 420 4973 2068 5060">
     <span class='ocr_line' id='line_1_84' title="bbox 420 4973 2068 5060; baseline 0.013 -32"><span class='ocrx_word' id='word_1_597' title='bbox 420 4973 572 5031; x_wconf 84' lang='lat' dir='ltr'>stius</span> <span class='ocrx_word' id='word_1_598' title='bbox 620 4977 776 5048; x_wconf 89' lang='lat' dir='ltr'>quod</span> <span class='ocrx_word' id='word_1_599' title='bbox 821 4976 1113 5054; x_wconf 88' lang='lat' dir='ltr'>volumus,</span> <span class='ocrx_word' id='word_1_600' title='bbox 1146 4983 1512 5060; x_wconf 89' lang='lat' dir='ltr'>eloquamur)</span> <span class='ocrx_word' id='word_1_601' title='bbox 1543 4989 1806 5060; x_wconf 91' lang='lat' dir='ltr'>psalmus</span> <span class='ocrx_word' id='word_1_602' title='bbox 1837 4994 1909 5048; x_wconf 86' lang='lat' dir='ltr'>ad</span> <span class='ocrx_word' id='word_1_603' title='bbox 1942 5011 2068 5049; x_wconf 89' lang='lat' dir='ltr'>cor-</span> 
     </span>
    </p>
   </div>
   <div class='ocr_carea' id='block_1_84' title="bbox 413 5067 2069 5157">
    <p class='ocr_par' dir='ltr' id='par_1_84' title="bbox 413 5067 2069 5157">
     <span class='ocr_line' id='line_1_85' title="bbox 413 5067 2069 5157; baseline 0.013 -39"><span class='ocrx_word' id='word_1_604' title='bbox 413 5077 553 5134; x_wconf 87' lang='lat' dir='ltr'>pus,</span> <span class='ocrx_word' id='word_1_605' title='bbox 585 5067 878 5123; x_wconf 88' lang='lat' dir='ltr'>canticum</span> <span class='ocrx_word' id='word_1_606' title='bbox 929 5069 1176 5127; x_wconf 88' lang='lat' dir='ltr'>refertur</span> <span class='ocrx_word' id='word_1_607' title='bbox 1217 5074 1287 5128; x_wconf 89' lang='lat' dir='ltr'>ad</span> <span class='ocrx_word' id='word_1_608' title='bbox 1321 5081 1598 5132; x_wconf 88' lang='lat' dir='ltr'>mentem.</span> <span class='ocrx_word' id='word_1_609' title='bbox 1634 5079 1700 5134; x_wconf 89' lang='lat' dir='ltr'>Et</span> <span class='ocrx_word' id='word_1_610' title='bbox 1729 5097 1934 5138; x_wconf 88' lang='lat' dir='ltr'>canere</span> <span class='ocrx_word' id='word_1_611' title='bbox 1966 5084 2069 5157; x_wconf 88' lang='lat' dir='ltr'>igi-</span> 
     </span>
    </p>
   </div>
   <div class='ocr_carea' id='block_1_85' title="bbox 373 5153 2069 5245">
    <p class='ocr_par' dir='ltr' id='par_1_85' title="bbox 373 5153 2069 5245">
     <span class='ocr_line' id='line_1_86' title="bbox 373 5153 2069 5245; baseline 0.014 -40"><span class='ocrx_word' id='word_1_612' title='bbox 373 5157 382 5242; x_wconf 51' lang='grc' dir='ltr'><em>ς</em></span> <span class='ocrx_word' id='word_1_613' title='bbox 418 5153 513 5245; x_wconf 72' lang='lat' dir='ltr'>tur</span> <span class='ocrx_word' id='word_1_614' title='bbox 562 5157 619 5209; x_wconf 91' lang='lat' dir='ltr'>et</span> <span class='ocrx_word' id='word_1_615' title='bbox 664 5155 931 5228; x_wconf 89' lang='lat' dir='ltr'>psallere,</span> <span class='ocrx_word' id='word_1_616' title='bbox 965 5163 1022 5216; x_wconf 91' lang='lat' dir='ltr'>et</span> <span class='ocrx_word' id='word_1_617' title='bbox 1070 5159 1314 5219; x_wconf 88' lang='lat' dir='ltr'>laudare</span> <span class='ocrx_word' id='word_1_618' title='bbox 1343 5165 1496 5222; x_wconf 73' lang='lat'>652</span> <span class='ocrx_word' id='word_1_619' title='bbox 1529 5167 1845 5225; x_wconf 88' lang='lat' dir='ltr'>Dominum</span> <span class='ocrx_word' id='word_1_620' title='bbox 1880 5153 2069 5245; x_wconf 76' lang='lat' dir='ltr'>magis</span> 
     </span>
    </p>
   </div>
   <div class='ocr_carea' id='block_1_86' title="bbox 373 5237 2066 5332">
    <p class='ocr_par' dir='ltr' id='par_1_86' title="bbox 373 5237 2066 5332">
     <span class='ocr_line' id='line_1_87' title="bbox 373 5237 2066 5332; baseline 0.014 -37"><span class='ocrx_word' id='word_1_621' title='bbox 373 5237 380 5242; x_wconf 79' lang='grc'><em>’</em></span> <span class='ocrx_word' id='word_1_622' title='bbox 419 5239 616 5300; x_wconf 88' lang='lat' dir='ltr'>animo</span> <span class='ocrx_word' id='word_1_623' title='bbox 648 5259 825 5317; x_wconf 86' lang='lat' dir='ltr'>quam</span> <span class='ocrx_word' id='word_1_624' title='bbox 856 5265 994 5306; x_wconf 87' lang='lat' dir='ltr'>voce</span> <span class='ocrx_word' id='word_1_625' title='bbox 1025 5250 1327 5310; x_wconf 88' lang='lat' dir='ltr'>debemus.</span> <span class='ocrx_word' id='word_1_626' title='bbox 1358 5253 1475 5310; x_wconf 89' lang='lat' dir='ltr'>Hoc</span> <span class='ocrx_word' id='word_1_627' title='bbox 1518 5260 1607 5311; x_wconf 90' lang='lat' dir='ltr'>est</span> <span class='ocrx_word' id='word_1_628' title='bbox 1653 5258 1870 5331; x_wconf 88' lang='lat' dir='ltr'>quippe</span> <span class='ocrx_word' id='word_1_629' title='bbox 1913 5237 2066 5332; x_wconf 60' lang='lat' dir='ltr'>quod</span> 
     </span>
    </p>
   </div>
   <div class='ocr_carea' id='block_1_87' title="bbox 491 5388 2068 5479">
    <p class='ocr_par' dir='ltr' id='par_1_87' title="bbox 491 5388 2068 5479">
     <span class='ocr_line' id='line_1_88' title="bbox 491 5388 2068 5479; baseline 0.011 -34"><span class='ocrx_word' id='word_1_630' title='bbox 491 5388 504 5479; x_wconf 63' lang='grc' dir='ltr'><em>ξ</em></span> <span class='ocrx_word' id='word_1_631' title='bbox 541 5388 772 5479; x_wconf 79' lang='lat' dir='ltr'>scilicet</span> <span class='ocrx_word' id='word_1_632' title='bbox 794 5391 878 5479; x_wconf 46' lang='lat' dir='ltr'>‘in</span> <span class='ocrx_word' id='word_1_633' title='bbox 926 5391 1144 5479; x_wconf 61' lang='lat' dir='ltr'>libello,</span> <span class='ocrx_word' id='word_1_634' title='bbox 1179 5395 1298 5479; x_wconf 75' lang='lat' dir='ltr'>sive</span> <span class='ocrx_word' id='word_1_635' title='bbox 1345 5397 1595 5470; x_wconf 89' lang='lat' dir='ltr'>epistola</span> <span class='ocrx_word' id='word_1_636' title='bbox 1610 5403 1694 5479; x_wconf 58' lang='lat' dir='ltr'>g2</span> <span class='ocrx_word' id='word_1_637' title='bbox 1721 5401 2068 5479; x_wconf 81' lang='lat' dir='ltr'>De__virgini-</span> 
     </span>
    </p>
   </div>
   <div class='ocr_carea' id='block_1_88' title="bbox 416 5464 2068 5550">
    <p class='ocr_par' dir='ltr' id='par_1_88' title="bbox 416 5464 2068 5550">
     <span class='ocr_line' id='line_1_89' title="bbox 416 5464 2068 5550; baseline 0.01 -33"><span class='ocrx_word' id='word_1_638' title='bbox 416 5464 537 5536; x_wconf 74' lang='lat' dir='ltr'>tate</span> <span class='ocrx_word' id='word_1_639' title='bbox 567 5464 982 5550; x_wconf 48' lang='lat' dir='ltr'>servanda,‘ad</span> <span class='ocrx_word' id='word_1_640' title='bbox 1010 5464 1572 5550; x_wconf 55' lang='lat' dir='ltr'>Eustocbiumfnum.</span> <span class='ocrx_word' id='word_1_641' title='bbox 1606 5473 1639 5525; x_wconf 92' lang='lat'>8</span> <span class='ocrx_word' id='word_1_642' title='bbox 1672 5489 1684 5527; x_wconf 90' lang='lat'>:</span> <span class='ocrx_word' id='word_1_643' title='bbox 1730 5464 2068 5550; x_wconf 36' lang='grc' dir='ltr'>έΗ-οοέριτί-</span> 
     </span>
    </p>
   </div>
   <div class='ocr_carea' id='block_1_89' title="bbox 379 5533 2067 5615">
    <p class='ocr_par' dir='ltr' id='par_1_89' title="bbox 379 5533 2067 5615">
     <span class='ocr_line' id='line_1_90' title="bbox 379 5533 2067 5615; baseline 0.011 -28"><span class='ocrx_word' id='word_1_644' title='bbox 379 5533 580 5594; x_wconf 55' lang='lat' dir='ltr'>{mum</span> <span class='ocrx_word' id='word_1_645' title='bbox 600 5533 988 5615; x_wconf 39' lang='lat' dir='ltr'>_mo_neo,&#39;hoc</span> <span class='ocrx_word' id='word_1_646' title='bbox 1035 5538 1310 5615; x_wconf 77' lang='lat' dir='ltr'>obtestor,</span> <span class='ocrx_word' id='word_1_647' title='bbox 1345 5533 1411 5598; x_wconf 85' lang='lat' dir='ltr'>ut</span> <span class='ocrx_word' id='word_1_648' title='bbox 1457 5559 1674 5615; x_wconf 87' lang='lat' dir='ltr'>sponsa</span> <span class='ocrx_word' id='word_1_649' title='bbox 1721 5533 2067 5604; x_wconf 44' lang='lat' dir='ltr'>Christi‘vi-</span> 
     </span>
    </p>
   </div>
   <div class='ocr_carea' id='block_1_90' title="bbox 373 5605 2066 5691">
    <p class='ocr_par' dir='ltr' id='par_1_90' title="bbox 373 5605 2066 5691">
     <span class='ocr_line' id='line_1_91' title="bbox 373 5605 2066 5691; baseline 0.011 -32"><span class='ocrx_word' id='word_1_650' title='bbox 373 5620 388 5690; x_wconf 39' lang='lat' dir='ltr'>j</span> <span class='ocrx_word' id='word_1_651' title='bbox 417 5619 576 5691; x_wconf 28' lang='lat' dir='ltr'>num;</span> <span class='ocrx_word' id='word_1_652' title='bbox 595 5605 785 5691; x_wconf 81' lang='lat' dir='ltr'>fugiat</span> <span class='ocrx_word' id='word_1_653' title='bbox 813 5623 917 5679; x_wconf 90' lang='lat' dir='ltr'>pro</span> <span class='ocrx_word' id='word_1_654' title='bbox 947 5624 1170 5691; x_wconf 82' lang='lat' dir='ltr'>veneno</span> <span class='ocrx_word' id='word_1_655' title='bbox 1199 5628 1215 5691; x_wconf 67' lang='grc' dir='ltr'>ξ</span> <span class='ocrx_word' id='word_1_656' title='bbox 1269 5605 1390 5669; x_wconf 71' lang='lat' dir='ltr'>haec</span> <span class='ocrx_word' id='word_1_657' title='bbox 1423 5605 1703 5673; x_wconf 66' lang='lat' dir='ltr'>adversus</span> <span class='ocrx_word' id='word_1_658' title='bbox 1734 5620 2066 5678; x_wconf 86' lang='lat' dir='ltr'>adolescen-</span> 
     </span>
    </p>
   </div>
   <div class='ocr_carea' id='block_1_91' title="bbox 383 5677 1743 5758">
    <p class='ocr_par' dir='ltr' id='par_1_91' title="bbox 383 5677 1743 5758">
     <span class='ocr_line' id='line_1_92' title="bbox 383 5677 1743 5758; baseline 0.01 -25"><span class='ocrx_word' id='word_1_659' title='bbox 383 5683 388 5690; x_wconf 84' lang='lat'><strong>‘</strong></span> <span class='ocrx_word' id='word_1_660' title='bbox 414 5677 789 5758; x_wconf 40' lang='lat' dir='ltr'>tiamlprima</span> <span class='ocrx_word' id='word_1_661' title='bbox 814 5677 984 5758; x_wconf 76' lang='lat' dir='ltr'>arma</span> <span class='ocrx_word' id='word_1_662' title='bbox 1013 5685 1161 5758; x_wconf 87' lang='lat' dir='ltr'>sunt</span> <span class='ocrx_word' id='word_1_663' title='bbox 1183 5683 1534 5758; x_wconf 65' lang='lat' dir='ltr'>dmmonum,</span> <span class='ocrx_word' id='word_1_664' title='bbox 1569 5711 1597 5738; x_wconf 88' lang='lat'>»</span> <span class='ocrx_word' id='word_1_665' title='bbox 1634 5693 1743 5746; x_wconf 88' lang='lat' dir='ltr'>etc.</span> 
     </span>
    </p>
   </div>
   <div class='ocr_carea' id='block_1_92' title="bbox 487 5749 2067 5828">
    <p class='ocr_par' dir='ltr' id='par_1_92' title="bbox 487 5749 2067 5828">
     <span class='ocr_line' id='line_1_93' title="bbox 487 5749 2067 5828; baseline 0.01 -21"><span class='ocrx_word' id='word_1_666' title='bbox 487 5750 511 5792; x_wconf 74' lang='grc'>³</span> <span class='ocrx_word' id='word_1_667' title='bbox 539 5749 723 5811; x_wconf 74' lang='lat' dir='ltr'>vetus</span> <span class='ocrx_word' id='word_1_668' title='bbox 759 5751 883 5811; x_wconf 80' lang='lat' dir='ltr'>haec</span> <span class='ocrx_word' id='word_1_669' title='bbox 929 5753 1324 5828; x_wconf 82' lang='lat' dir='ltr'>damnataque</span> <span class='ocrx_word' id='word_1_670' title='bbox 1368 5749 1586 5819; x_wconf 59' lang='lat' dir='ltr'>licet&#39;a</span> <span class='ocrx_word' id='word_1_671' title='bbox 1631 5762 1898 5823; x_wconf 85' lang='lat' dir='ltr'>Patribus</span> <span class='ocrx_word' id='word_1_672' title='bbox 1931 5782 2067 5823; x_wconf 89' lang='lat' dir='ltr'>con-</span> 
     </span>
    </p>
   </div>
   <div class='ocr_carea' id='block_1_93' title="bbox 2187 3387 3834 3459">
    <p class='ocr_par' dir='ltr' id='par_1_93' title="bbox 2187 3387 3834 3459">
     <span class='ocr_line' id='line_1_94' title="bbox 2187 3387 3834 3459; baseline 0.003 -17"><span class='ocrx_word' id='word_1_673' title='bbox 2187 3392 2552 3459; x_wconf 87' lang='lat' dir='ltr'>prorumpat,</span> <span class='ocrx_word' id='word_1_674' title='bbox 2587 3393 2643 3442; x_wconf 90' lang='lat' dir='ltr'>et</span> <span class='ocrx_word' id='word_1_675' title='bbox 2674 3387 2939 3442; x_wconf 87' lang='lat' dir='ltr'>dicamus</span> <span class='ocrx_word' id='word_1_676' title='bbox 2973 3406 2985 3443; x_wconf 87' lang='lat'><strong>:</strong></span> <span class='ocrx_word' id='word_1_677' title='bbox 3030 3388 3214 3442; x_wconf 81' lang='lat' dir='ltr'>Nudus</span> <span class='ocrx_word' id='word_1_678' title='bbox 3252 3391 3402 3444; x_wconf 74' lang='lat' dir='ltr'>exivi</span> <span class='ocrx_word' id='word_1_679' title='bbox 3439 3389 3503 3444; x_wconf 88' lang='lat' dir='ltr'>de</span> <span class='ocrx_word' id='word_1_680' title='bbox 3531 3394 3685 3446; x_wconf 82' lang='lat' dir='ltr'>utero</span> <span class='ocrx_word' id='word_1_681' title='bbox 3713 3408 3834 3448; x_wconf 86' lang='lat' dir='ltr'>ma-</span> 
     </span>
    </p>
   </div>
   <div class='ocr_carea' id='block_1_94' title="bbox 2182 3476 3829 3549">
    <p class='ocr_par' dir='ltr' id='par_1_94' title="bbox 2182 3476 3829 3549">
     <span class='ocr_line' id='line_1_95' title="bbox 2182 3476 3829 3549; baseline 0.003 -18"><span class='ocrx_word' id='word_1_682' title='bbox 2182 3479 2283 3531; x_wconf 85' lang='lat' dir='ltr'>tris</span> <span class='ocrx_word' id='word_1_683' title='bbox 2321 3491 2482 3543; x_wconf 58' lang='lat' dir='ltr'>mew,</span> <span class='ocrx_word' id='word_1_684' title='bbox 2515 3476 2694 3531; x_wconf 86' lang='lat' dir='ltr'>nudus</span> <span class='ocrx_word' id='word_1_685' title='bbox 2734 3480 2786 3531; x_wconf 85' lang='lat' dir='ltr'>et</span> <span class='ocrx_word' id='word_1_686' title='bbox 2829 3477 3042 3536; x_wconf 73' lang='lat' dir='ltr'>redeam</span> <span class='ocrx_word' id='word_1_687' title='bbox 3077 3495 3096 3532; x_wconf 85' lang='lat'><em>:</em></span> <span class='ocrx_word' id='word_1_688' title='bbox 3142 3479 3286 3532; x_wconf 81' lang='lat' dir='ltr'>sicut</span> <span class='ocrx_word' id='word_1_689' title='bbox 3326 3480 3538 3549; x_wconf 80' lang='lat' dir='ltr'>placuit</span> <span class='ocrx_word' id='word_1_690' title='bbox 3582 3479 3829 3546; x_wconf 84' lang='lat' dir='ltr'>Domino,</span> 
     </span>
    </p>
   </div>
   <div class='ocr_carea' id='block_1_95' title="bbox 2184 3567 3831 3638">
    <p class='ocr_par' dir='ltr' id='par_1_95' title="bbox 2184 3567 3831 3638">
     <span class='ocr_line' id='line_1_96' title="bbox 2184 3567 3831 3638; baseline 0.003 -17"><span class='ocrx_word' id='word_1_691' title='bbox 2184 3567 2265 3621; x_wconf 84' lang='lat' dir='ltr'>ita</span> <span class='ocrx_word' id='word_1_692' title='bbox 2291 3569 2503 3638; x_wconf 85' lang='lat' dir='ltr'>factum</span> <span class='ocrx_word' id='word_1_693' title='bbox 2549 3574 2630 3621; x_wconf 86' lang='lat' dir='ltr'>est</span> <span class='ocrx_word' id='word_1_694' title='bbox 2660 3583 2677 3619; x_wconf 90' lang='lat'><em>:</em></span> <span class='ocrx_word' id='word_1_695' title='bbox 2725 3567 2798 3620; x_wconf 88' lang='lat' dir='ltr'>sit</span> <span class='ocrx_word' id='word_1_696' title='bbox 2845 3582 3044 3621; x_wconf 74' lang='lat' dir='ltr'>nomen.</span> <span class='ocrx_word' id='word_1_697' title='bbox 3085 3567 3307 3622; x_wconf 89' lang='lat' dir='ltr'>Domini</span> <span class='ocrx_word' id='word_1_698' title='bbox 3351 3567 3686 3624; x_wconf 85' lang='lat' dir='ltr'>benedictum</span> <span class='ocrx_word' id='word_1_699' title='bbox 3716 3572 3831 3637; x_wconf 85' lang='lat' dir='ltr'>(Job</span> 
     </span>
    </p>
   </div>
   <div class='ocr_carea' id='block_1_96' title="bbox 2184 3655 3828 3728">
    <p class='ocr_par' dir='ltr' id='par_1_96' title="bbox 2184 3655 3828 3728">
     <span class='ocr_line' id='line_1_97' title="bbox 2184 3655 3828 3728; baseline 0.003 -18"><span class='ocrx_word' id='word_1_700' title='bbox 2184 3673 2222 3723; x_wconf 84' lang='lat' dir='ltr'>I,</span> <span class='ocrx_word' id='word_1_701' title='bbox 2253 3657 2364 3728; x_wconf 80' lang='lat' dir='ltr'>2t).</span> <span class='ocrx_word' id='word_1_702' title='bbox 2401 3655 2529 3710; x_wconf 80' lang='lat' dir='ltr'>Haec</span> <span class='ocrx_word' id='word_1_703' title='bbox 2577 3655 2725 3710; x_wconf 90' lang='lat' dir='ltr'>actio</span> <span class='ocrx_word' id='word_1_704' title='bbox 2768 3655 3088 3727; x_wconf 87' lang='lat' dir='ltr'>gratiarum</span> <span class='ocrx_word' id='word_1_705' title='bbox 3121 3657 3276 3728; x_wconf 89' lang='lat' dir='ltr'>apud</span> <span class='ocrx_word' id='word_1_706' title='bbox 3309 3657 3623 3727; x_wconf 85' lang='lat' dir='ltr'>prudentes</span> <span class='ocrx_word' id='word_1_707' title='bbox 3651 3659 3828 3727; x_wconf 91' lang='lat' dir='ltr'>viros,</span> 
     </span>
    </p>
   </div>
   <div class='ocr_carea' id='block_1_97' title="bbox 2185 3743 3829 3817">
    <p class='ocr_par' dir='ltr' id='par_1_97' title="bbox 2185 3743 3829 3817">
     <span class='ocr_line' id='line_1_98' title="bbox 2185 3743 3829 3817; baseline 0.002 -16"><span class='ocrx_word' id='word_1_708' title='bbox 2185 3750 2241 3801; x_wconf 88' lang='lat' dir='ltr'>et</span> <span class='ocrx_word' id='word_1_709' title='bbox 2283 3745 2631 3817; x_wconf 88' lang='lat' dir='ltr'>generaliter</span> <span class='ocrx_word' id='word_1_710' title='bbox 2678 3749 2734 3799; x_wconf 89' lang='lat' dir='ltr'>et</span> <span class='ocrx_word' id='word_1_711' title='bbox 2773 3743 3104 3816; x_wconf 88' lang='lat' dir='ltr'>specialiter</span> <span class='ocrx_word' id='word_1_712' title='bbox 3140 3746 3500 3802; x_wconf 90' lang='lat' dir='ltr'>observatur.</span> <span class='ocrx_word' id='word_1_713' title='bbox 3535 3747 3829 3804; x_wconf 84' lang='lat' dir='ltr'>Generali-</span> 
     </span>
    </p>
   </div>
   <div class='ocr_carea' id='block_1_98' title="bbox 2183 3832 3828 3909">
    <p class='ocr_par' dir='ltr' id='par_1_98' title="bbox 2183 3832 3828 3909">
     <span class='ocr_line' id='line_1_99' title="bbox 2183 3832 3828 3909; baseline 0.003 -21"><span class='ocrx_word' id='word_1_714' title='bbox 2183 3837 2290 3901; x_wconf 89' lang='lat' dir='ltr'>ter,</span> <span class='ocrx_word' id='word_1_715' title='bbox 2324 3837 2389 3888; x_wconf 90' lang='lat' dir='ltr'>ut</span> <span class='ocrx_word' id='word_1_716' title='bbox 2417 3832 2636 3906; x_wconf 89' lang='lat' dir='ltr'>gratias</span> <span class='ocrx_word' id='word_1_717' title='bbox 2668 3850 2912 3906; x_wconf 88' lang='lat' dir='ltr'>agamus</span> <span class='ocrx_word' id='word_1_718' title='bbox 2943 3833 3078 3906; x_wconf 88' lang='lat' dir='ltr'>Deo,</span> <span class='ocrx_word' id='word_1_719' title='bbox 3113 3835 3268 3906; x_wconf 90' lang='lat' dir='ltr'>quod</span> <span class='ocrx_word' id='word_1_720' title='bbox 3305 3835 3476 3893; x_wconf 88' lang='lat' dir='ltr'>nobis</span> <span class='ocrx_word' id='word_1_721' title='bbox 3507 3835 3593 3892; x_wconf 88' lang='lat' dir='ltr'>sol</span> <span class='ocrx_word' id='word_1_722' title='bbox 3624 3836 3828 3909; x_wconf 89' lang='lat' dir='ltr'>oritur,</span> 
     </span>
    </p>
   </div>
   <div class='ocr_carea' id='block_1_99' title="bbox 2185 3923 3831 3998">
    <p class='ocr_par' dir='ltr' id='par_1_99' title="bbox 2185 3923 3831 3998">
     <span class='ocr_line' id='line_1_100' title="bbox 2185 3923 3831 3998; baseline 0.004 -22"><span class='ocrx_word' id='word_1_723' title='bbox 2185 3923 2310 3978; x_wconf 91' lang='lat' dir='ltr'>dies</span> <span class='ocrx_word' id='word_1_724' title='bbox 2357 3923 2559 3990; x_wconf 89' lang='lat' dir='ltr'>currit,</span> <span class='ocrx_word' id='word_1_725' title='bbox 2610 3940 2723 3978; x_wconf 87' lang='lat' dir='ltr'>nox</span> <span class='ocrx_word' id='word_1_726' title='bbox 2768 3926 3032 3979; x_wconf 89' lang='lat' dir='ltr'>mutatur</span> <span class='ocrx_word' id='word_1_727' title='bbox 3077 3924 3137 3978; x_wconf 93' lang='lat' dir='ltr'>in</span> <span class='ocrx_word' id='word_1_728' title='bbox 3191 3925 3476 3994; x_wconf 89' lang='lat' dir='ltr'>requiem,</span> <span class='ocrx_word' id='word_1_729' title='bbox 3523 3925 3831 3998; x_wconf 88' lang='lat' dir='ltr'>splendore</span> 
     </span>
    </p>
   </div>
   <div class='ocr_carea' id='block_1_100' title="bbox 2182 4011 3833 4087">
    <p class='ocr_par' dir='ltr' id='par_1_100' title="bbox 2182 4011 3833 4087">
     <span class='ocr_line' id='line_1_101' title="bbox 2182 4011 3833 4087; baseline 0.003 -21"><span class='ocrx_word' id='word_1_730' title='bbox 2182 4011 2335 4067; x_wconf 83' lang='lat' dir='ltr'>lunae</span> <span class='ocrx_word' id='word_1_731' title='bbox 2361 4013 2612 4067; x_wconf 70' lang='lat' dir='ltr'>tenebrae</span> <span class='ocrx_word' id='word_1_732' title='bbox 2645 4017 3065 4084; x_wconf 84' lang='lat' dir='ltr'>temperantur,</span> <span class='ocrx_word' id='word_1_733' title='bbox 3100 4017 3157 4069; x_wconf 91' lang='lat' dir='ltr'>et</span> <span class='ocrx_word' id='word_1_734' title='bbox 3186 4018 3317 4068; x_wconf 90' lang='lat' dir='ltr'>ortu</span> <span class='ocrx_word' id='word_1_735' title='bbox 3349 4031 3676 4087; x_wconf 88' lang='lat' dir='ltr'>occasuque</span> <span class='ocrx_word' id='word_1_736' title='bbox 3703 4016 3833 4072; x_wconf 87' lang='lat' dir='ltr'>stel-</span> 
     </span>
    </p>
   </div>
   <div class='ocr_carea' id='block_1_101' title="bbox 2183 4099 3832 4174">
    <p class='ocr_par' dir='ltr' id='par_1_101' title="bbox 2183 4099 3832 4174">
     <span class='ocr_line' id='line_1_102' title="bbox 2183 4099 3832 4174; baseline 0.005 -22"><span class='ocrx_word' id='word_1_737' title='bbox 2183 4099 2372 4156; x_wconf 90' lang='lat' dir='ltr'>larum</span> <span class='ocrx_word' id='word_1_738' title='bbox 2406 4105 2668 4172; x_wconf 87' lang='lat' dir='ltr'>tempora</span> <span class='ocrx_word' id='word_1_739' title='bbox 2699 4105 3018 4171; x_wconf 88' lang='lat' dir='ltr'>mutantur,</span> <span class='ocrx_word' id='word_1_740' title='bbox 3052 4105 3109 4156; x_wconf 91' lang='lat' dir='ltr'>et</span> <span class='ocrx_word' id='word_1_741' title='bbox 3149 4102 3394 4157; x_wconf 90' lang='lat' dir='ltr'>redeunt</span> <span class='ocrx_word' id='word_1_742' title='bbox 3428 4120 3439 4158; x_wconf 95' lang='lat'><strong>:</strong></span> <span class='ocrx_word' id='word_1_743' title='bbox 3475 4104 3630 4174; x_wconf 90' lang='lat' dir='ltr'>quod</span> <span class='ocrx_word' id='word_1_744' title='bbox 3663 4104 3832 4161; x_wconf 88' lang='lat' dir='ltr'>nobis</span> 
     </span>
    </p>
   </div>
   <div class='ocr_carea' id='block_1_102' title="bbox 2183 4189 3831 4261">
    <p class='ocr_par' dir='ltr' id='par_1_102' title="bbox 2183 4189 3831 4261">
     <span class='ocr_line' id='line_1_103' title="bbox 2183 4189 3831 4261; baseline 0.002 -17"><span class='ocrx_word' id='word_1_745' title='bbox 2183 4189 2443 4245; x_wconf 87' lang='lat' dir='ltr'>serviunt</span> <span class='ocrx_word' id='word_1_746' title='bbox 2491 4189 2722 4261; x_wconf 80' lang='lat' dir='ltr'>pluviae,</span> <span class='ocrx_word' id='word_1_747' title='bbox 2773 4193 2928 4243; x_wconf 86' lang='lat' dir='ltr'>terra</span> <span class='ocrx_word' id='word_1_748' title='bbox 2986 4189 3253 4261; x_wconf 85' lang='lat' dir='ltr'>parturit,</span> <span class='ocrx_word' id='word_1_749' title='bbox 3300 4189 3587 4246; x_wconf 91' lang='lat' dir='ltr'>elementa</span> <span class='ocrx_word' id='word_1_750' title='bbox 3644 4193 3831 4248; x_wconf 86' lang='lat' dir='ltr'>famu-</span> 
     </span>
    </p>
   </div>
   <div class='ocr_carea' id='block_1_103' title="bbox 2180 4277 3829 4350">
    <p class='ocr_par' dir='ltr' id='par_1_103' title="bbox 2180 4277 3829 4350">
     <span class='ocr_line' id='line_1_104' title="bbox 2180 4277 3829 4350; baseline 0.002 -17"><span class='ocrx_word' id='word_1_751' title='bbox 2180 4277 2380 4334; x_wconf 91' lang='lat' dir='ltr'>lantur</span> <span class='ocrx_word' id='word_1_752' title='bbox 2413 4295 2424 4332; x_wconf 95' lang='lat'>:</span> <span class='ocrx_word' id='word_1_753' title='bbox 2479 4279 2633 4350; x_wconf 91' lang='lat' dir='ltr'>quod</span> <span class='ocrx_word' id='word_1_754' title='bbox 2684 4281 2857 4334; x_wconf 82' lang='lat' dir='ltr'>tantae</span> <span class='ocrx_word' id='word_1_755' title='bbox 2899 4277 3244 4333; x_wconf 89' lang='lat' dir='ltr'>animalium</span> <span class='ocrx_word' id='word_1_756' title='bbox 3275 4280 3604 4350; x_wconf 89' lang='lat' dir='ltr'>varietates,</span> <span class='ocrx_word' id='word_1_757' title='bbox 3635 4279 3724 4336; x_wconf 88' lang='lat' dir='ltr'>vel</span> <span class='ocrx_word' id='word_1_758' title='bbox 3756 4283 3829 4338; x_wconf 89' lang='lat' dir='ltr'>ad</span> 
     </span>
    </p>
   </div>
   <div class='ocr_carea' id='block_1_104' title="bbox 2179 4368 3825 4440">
    <p class='ocr_par' dir='ltr' id='par_1_104' title="bbox 2179 4368 3825 4440">
     <span class='ocr_line' id='line_1_105' title="bbox 2179 4368 3825 4440; baseline 0.001 -16"><span class='ocrx_word' id='word_1_759' title='bbox 2179 4369 2533 4436; x_wconf 89' lang='lat' dir='ltr'>vehendum,</span> <span class='ocrx_word' id='word_1_760' title='bbox 2565 4369 2655 4424; x_wconf 89' lang='lat' dir='ltr'>vel</span> <span class='ocrx_word' id='word_1_761' title='bbox 2705 4369 2777 4423; x_wconf 91' lang='lat' dir='ltr'>ad</span> <span class='ocrx_word' id='word_1_762' title='bbox 2811 4368 3194 4440; x_wconf 89' lang='lat' dir='ltr'>operandum,</span> <span class='ocrx_word' id='word_1_763' title='bbox 3228 4368 3313 4425; x_wconf 88' lang='lat' dir='ltr'>vel</span> <span class='ocrx_word' id='word_1_764' title='bbox 3345 4369 3418 4425; x_wconf 89' lang='lat' dir='ltr'>ad</span> <span class='ocrx_word' id='word_1_765' title='bbox 3447 4370 3825 4437; x_wconf 89' lang='lat' dir='ltr'>vescendum,</span> 
     </span>
    </p>
   </div>
   <div class='ocr_carea' id='block_1_105' title="bbox 2181 4457 3827 4533">
    <p class='ocr_par' dir='ltr' id='par_1_105' title="bbox 2181 4457 3827 4533">
     <span class='ocr_line' id='line_1_106' title="bbox 2181 4457 3827 4533; baseline 0.002 -20"><span class='ocrx_word' id='word_1_766' title='bbox 2181 4458 2268 4514; x_wconf 91' lang='lat' dir='ltr'>vel</span> <span class='ocrx_word' id='word_1_767' title='bbox 2299 4459 2371 4514; x_wconf 91' lang='lat' dir='ltr'>ad</span> <span class='ocrx_word' id='word_1_768' title='bbox 2401 4463 2656 4530; x_wconf 88' lang='lat' dir='ltr'>tegmen,</span> <span class='ocrx_word' id='word_1_769' title='bbox 2686 4457 2774 4513; x_wconf 91' lang='lat' dir='ltr'>vel</span> <span class='ocrx_word' id='word_1_770' title='bbox 2809 4458 2879 4513; x_wconf 91' lang='lat' dir='ltr'>ad</span> <span class='ocrx_word' id='word_1_771' title='bbox 2910 4459 3064 4514; x_wconf 76' lang='lat'>658</span> <span class='ocrx_word' id='word_1_772' title='bbox 3095 4457 3451 4530; x_wconf 79' lang='lat' dir='ltr'>exemplum,</span> <span class='ocrx_word' id='word_1_773' title='bbox 3480 4458 3568 4515; x_wconf 91' lang='lat' dir='ltr'>vel</span> <span class='ocrx_word' id='word_1_774' title='bbox 3616 4459 3827 4533; x_wconf 20' lang='lat' dir='ltr'>adDmio</span> 
     </span>
    </p>
   </div>
   <div class='ocr_carea' id='block_1_106' title="bbox 2180 4547 3828 4621">
    <p class='ocr_par' dir='ltr' id='par_1_106' title="bbox 2180 4547 3828 4621">
     <span class='ocr_line' id='line_1_107' title="bbox 2180 4547 3828 4621; baseline 0.003 -20"><span class='ocrx_word' id='word_1_775' title='bbox 2180 4547 2449 4604; x_wconf 85' lang='lat' dir='ltr'>raeulum</span> <span class='ocrx_word' id='word_1_776' title='bbox 2500 4549 2645 4603; x_wconf 57' lang='lat' dir='ltr'>data:</span> <span class='ocrx_word' id='word_1_777' title='bbox 2696 4552 2835 4602; x_wconf 88' lang='lat' dir='ltr'>sunt</span> <span class='ocrx_word' id='word_1_778' title='bbox 2868 4547 2888 4602; x_wconf 68' lang='grc' dir='ltr'>ε’</span> <span class='ocrx_word' id='word_1_779' title='bbox 2932 4552 2989 4601; x_wconf 87' lang='lat' dir='ltr'>et</span> <span class='ocrx_word' id='word_1_780' title='bbox 3037 4549 3107 4602; x_wconf 92' lang='lat' dir='ltr'>ad</span> <span class='ocrx_word' id='word_1_781' title='bbox 3138 4553 3486 4615; x_wconf 87' lang='lat' dir='ltr'>extremum,</span> <span class='ocrx_word' id='word_1_782' title='bbox 3518 4551 3673 4621; x_wconf 89' lang='lat' dir='ltr'>quod</span> <span class='ocrx_word' id='word_1_783' title='bbox 3705 4550 3828 4606; x_wconf 87' lang='lat' dir='ltr'>nati</span> 
     </span>
    </p>
   </div>
   <div class='ocr_carea' id='block_1_107' title="bbox 2182 4637 3829 4711">
    <p class='ocr_par' dir='ltr' id='par_1_107' title="bbox 2182 4637 3829 4711">
     <span class='ocr_line' id='line_1_108' title="bbox 2182 4637 3829 4711; baseline 0.002 -19"><span class='ocrx_word' id='word_1_784' title='bbox 2182 4653 2410 4708; x_wconf 88' lang='lat' dir='ltr'>sumus,</span> <span class='ocrx_word' id='word_1_785' title='bbox 2441 4638 2596 4708; x_wconf 90' lang='lat' dir='ltr'>quod</span> <span class='ocrx_word' id='word_1_786' title='bbox 2641 4637 3040 4707; x_wconf 87' lang='lat' dir='ltr'>subsistimus,</span> <span class='ocrx_word' id='word_1_787' title='bbox 3075 4638 3228 4708; x_wconf 91' lang='lat' dir='ltr'>quod</span> <span class='ocrx_word' id='word_1_788' title='bbox 3280 4639 3337 4693; x_wconf 92' lang='lat' dir='ltr'>in</span> <span class='ocrx_word' id='word_1_789' title='bbox 3389 4639 3609 4695; x_wconf 90' lang='lat' dir='ltr'>mundo</span> <span class='ocrx_word' id='word_1_790' title='bbox 3658 4639 3829 4711; x_wconf 88' lang='lat' dir='ltr'>quasi</span> 
     </span>
    </p>
   </div>
   <div class='ocr_carea' id='block_1_108' title="bbox 2178 4724 3828 4801">
    <p class='ocr_par' dir='ltr' id='par_1_108' title="bbox 2178 4724 3828 4801">
     <span class='ocr_line' id='line_1_109' title="bbox 2178 4724 3828 4801; baseline 0.003 -22"><span class='ocrx_word' id='word_1_791' title='bbox 2178 4724 2237 4780; x_wconf 92' lang='lat' dir='ltr'>in</span> <span class='ocrx_word' id='word_1_792' title='bbox 2271 4726 2526 4798; x_wconf 88' lang='lat' dir='ltr'>quadam</span> <span class='ocrx_word' id='word_1_793' title='bbox 2559 4727 2732 4781; x_wconf 89' lang='lat' dir='ltr'>domo</span> <span class='ocrx_word' id='word_1_794' title='bbox 2781 4726 3172 4798; x_wconf 89' lang='lat' dir='ltr'>potentissimi</span> <span class='ocrx_word' id='word_1_795' title='bbox 3223 4727 3666 4799; x_wconf 84' lang='lat' dir='ltr'>patrisfamilias</span> <span class='ocrx_word' id='word_1_796' title='bbox 3697 4744 3828 4801; x_wconf 87' lang='lat' dir='ltr'>pro-</span> 
     </span>
    </p>
   </div>
   <div class='ocr_carea' id='block_1_109' title="bbox 2179 4815 3829 4890">
    <p class='ocr_par' dir='ltr' id='par_1_109' title="bbox 2179 4815 3829 4890">
     <span class='ocr_line' id='line_1_110' title="bbox 2179 4815 3829 4890; baseline 0.002 -20"><span class='ocrx_word' id='word_1_797' title='bbox 2179 4815 2540 4870; x_wconf 88' lang='lat' dir='ltr'>curationem</span> <span class='ocrx_word' id='word_1_798' title='bbox 2572 4815 2855 4886; x_wconf 88' lang='lat' dir='ltr'>gerimus,</span> <span class='ocrx_word' id='word_1_799' title='bbox 2888 4820 2945 4870; x_wconf 89' lang='lat' dir='ltr'>et</span> <span class='ocrx_word' id='word_1_800' title='bbox 2974 4820 3163 4871; x_wconf 89' lang='lat' dir='ltr'>totum</span> <span class='ocrx_word' id='word_1_801' title='bbox 3199 4816 3485 4890; x_wconf 89' lang='lat' dir='ltr'>quidquid</span> <span class='ocrx_word' id='word_1_802' title='bbox 3516 4817 3576 4873; x_wconf 93' lang='lat' dir='ltr'>in</span> <span class='ocrx_word' id='word_1_803' title='bbox 3608 4817 3829 4874; x_wconf 89' lang='lat' dir='ltr'>mundo</span> 
     </span>
    </p>
   </div>
   <div class='ocr_carea' id='block_1_110' title="bbox 2176 4903 3826 4978">
    <p class='ocr_par' dir='ltr' id='par_1_110' title="bbox 2176 4903 3826 4978">
     <span class='ocr_line' id='line_1_111' title="bbox 2176 4903 3826 4978; baseline 0.001 -18"><span class='ocrx_word' id='word_1_804' title='bbox 2176 4908 2286 4971; x_wconf 89' lang='lat' dir='ltr'>est,</span> <span class='ocrx_word' id='word_1_805' title='bbox 2336 4905 2520 4959; x_wconf 84' lang='lat' dir='ltr'>nostri</span> <span class='ocrx_word' id='word_1_806' title='bbox 2573 4921 2753 4960; x_wconf 89' lang='lat' dir='ltr'>causa</span> <span class='ocrx_word' id='word_1_807' title='bbox 2799 4903 3183 4977; x_wconf 88' lang='lat' dir='ltr'>intelligimus</span> <span class='ocrx_word' id='word_1_808' title='bbox 3246 4910 3635 4977; x_wconf 89' lang='lat' dir='ltr'>procreatum.</span> <span class='ocrx_word' id='word_1_809' title='bbox 3686 4907 3826 4978; x_wconf 86' lang='lat' dir='ltr'>Spe-</span> 
     </span>
    </p>
   </div>
   <div class='ocr_carea' id='block_1_111' title="bbox 2177 4991 3826 5067">
    <p class='ocr_par' dir='ltr' id='par_1_111' title="bbox 2177 4991 3826 5067">
     <span class='ocr_line' id='line_1_112' title="bbox 2177 4991 3826 5067; baseline 0.001 -18"><span class='ocrx_word' id='word_1_810' title='bbox 2177 4991 2402 5050; x_wconf 87' lang='lat' dir='ltr'>cialiter</span> <span class='ocrx_word' id='word_1_811' title='bbox 2447 5011 2602 5065; x_wconf 88' lang='lat' dir='ltr'>vero,</span> <span class='ocrx_word' id='word_1_812' title='bbox 2637 4995 2868 5066; x_wconf 90' lang='lat' dir='ltr'>quando</span> <span class='ocrx_word' id='word_1_813' title='bbox 2920 4995 2977 5049; x_wconf 92' lang='lat' dir='ltr'>in</span> <span class='ocrx_word' id='word_1_814' title='bbox 3024 4994 3124 5051; x_wconf 90' lang='lat' dir='ltr'>Dei</span> <span class='ocrx_word' id='word_1_815' title='bbox 3168 4995 3466 5052; x_wconf 85' lang='lat' dir='ltr'>beneficiis</span> <span class='ocrx_word' id='word_1_816' title='bbox 3497 5012 3624 5067; x_wconf 62' lang='lat' dir='ltr'>qua:</span> <span class='ocrx_word' id='word_1_817' title='bbox 3655 4995 3826 5051; x_wconf 88' lang='lat' dir='ltr'>nobis</span> 
     </span>
    </p>
   </div>
   <div class='ocr_carea' id='block_1_112' title="bbox 2177 5082 3820 5157">
    <p class='ocr_par' dir='ltr' id='par_1_112' title="bbox 2177 5082 3820 5157">
     <span class='ocr_line' id='line_1_113' title="bbox 2177 5082 3820 5157; baseline 0 -17"><span class='ocrx_word' id='word_1_818' title='bbox 2177 5084 2480 5154; x_wconf 85' lang='lat' dir='ltr'>accedunt,</span> <span class='ocrx_word' id='word_1_819' title='bbox 2527 5083 2914 5156; x_wconf 88' lang='lat' dir='ltr'>gratulamur.</span> <span class='ocrx_word' id='word_1_820' title='bbox 2955 5085 3065 5140; x_wconf 89' lang='lat' dir='ltr'>Sed</span> <span class='ocrx_word' id='word_1_821' title='bbox 3119 5084 3227 5140; x_wconf 91' lang='lat' dir='ltr'>hoc</span> <span class='ocrx_word' id='word_1_822' title='bbox 3275 5089 3332 5140; x_wconf 85' lang='lat' dir='ltr'>et</span> <span class='ocrx_word' id='word_1_823' title='bbox 3377 5084 3614 5157; x_wconf 89' lang='lat' dir='ltr'>gentilis</span> <span class='ocrx_word' id='word_1_824' title='bbox 3663 5082 3820 5151; x_wconf 86' lang='lat' dir='ltr'>facit,</span> 
     </span>
    </p>
   </div>
   <div class='ocr_carea' id='block_1_113' title="bbox 2176 5171 3823 5244">
    <p class='ocr_par' dir='ltr' id='par_1_113' title="bbox 2176 5171 3823 5244">
     <span class='ocr_line' id='line_1_114' title="bbox 2176 5171 3823 5244; baseline -0.001 -16"><span class='ocrx_word' id='word_1_825' title='bbox 2176 5176 2233 5228; x_wconf 90' lang='lat' dir='ltr'>et</span> <span class='ocrx_word' id='word_1_826' title='bbox 2275 5172 2536 5241; x_wconf 84' lang='lat' dir='ltr'>Judaeus,</span> <span class='ocrx_word' id='word_1_827' title='bbox 2588 5176 2643 5228; x_wconf 88' lang='lat' dir='ltr'>et</span> <span class='ocrx_word' id='word_1_828' title='bbox 2691 5172 3062 5244; x_wconf 90' lang='lat' dir='ltr'>publicanus,</span> <span class='ocrx_word' id='word_1_829' title='bbox 3105 5180 3162 5229; x_wconf 90' lang='lat' dir='ltr'>et</span> <span class='ocrx_word' id='word_1_830' title='bbox 3211 5174 3502 5230; x_wconf 89' lang='lat' dir='ltr'>ethnicus.</span> <span class='ocrx_word' id='word_1_831' title='bbox 3553 5171 3823 5228; x_wconf 88' lang='lat' dir='ltr'>Christia-</span> 
     </span>
    </p>
   </div>
   <div class='ocr_carea' id='block_1_114' title="bbox 2176 5261 3824 5335">
    <p class='ocr_par' dir='ltr' id='par_1_114' title="bbox 2176 5261 3824 5335">
     <span class='ocr_line' id='line_1_115' title="bbox 2176 5261 3824 5335; baseline 0.001 -19"><span class='ocrx_word' id='word_1_832' title='bbox 2176 5279 2386 5318; x_wconf 91' lang='lat' dir='ltr'>norum</span> <span class='ocrx_word' id='word_1_833' title='bbox 2419 5263 2654 5335; x_wconf 87' lang='lat' dir='ltr'>propria</span> <span class='ocrx_word' id='word_1_834' title='bbox 2680 5262 2863 5319; x_wconf 90' lang='lat' dir='ltr'>virtus</span> <span class='ocrx_word' id='word_1_835' title='bbox 2886 5266 2993 5331; x_wconf 86' lang='lat' dir='ltr'>est,</span> <span class='ocrx_word' id='word_1_836' title='bbox 3018 5263 3195 5319; x_wconf 88' lang='lat' dir='ltr'>etiam</span> <span class='ocrx_word' id='word_1_837' title='bbox 3218 5263 3278 5319; x_wconf 90' lang='lat' dir='ltr'>in</span> <span class='ocrx_word' id='word_1_838' title='bbox 3310 5262 3402 5319; x_wconf 90' lang='lat' dir='ltr'>his</span> <span class='ocrx_word' id='word_1_839' title='bbox 3432 5279 3558 5333; x_wconf 68' lang='lat' dir='ltr'>quae</span> <span class='ocrx_word' id='word_1_840' title='bbox 3583 5261 3824 5318; x_wconf 88' lang='lat' dir='ltr'>adversa</span> 
     </span>
    </p>
   </div>
   <div class='ocr_carea' id='block_1_115' title="bbox 2176 5403 3821 5486">
    <p class='ocr_par' dir='ltr' id='par_1_115' title="bbox 2176 5403 3821 5486">
     <span class='ocr_line' id='line_1_116' title="bbox 2176 5403 3821 5486; baseline -0.003 -22"><span class='ocrx_word' id='word_1_841' title='bbox 2176 5406 2426 5464; x_wconf 89' lang='lat' dir='ltr'>suetudo</span> <span class='ocrx_word' id='word_1_842' title='bbox 2490 5407 2644 5486; x_wconf 76' lang='lat' dir='ltr'>viget</span> <span class='ocrx_word' id='word_1_843' title='bbox 2710 5405 2883 5486; x_wconf 82' lang='lat' dir='ltr'>hodie</span> <span class='ocrx_word' id='word_1_844' title='bbox 2946 5406 3005 5461; x_wconf 88' lang='lat' dir='ltr'>in</span> <span class='ocrx_word' id='word_1_845' title='bbox 3046 5406 3352 5486; x_wconf 57' lang='lat' dir='ltr'>ecclesiis</span> <span class='ocrx_word' id='word_1_846' title='bbox 3402 5403 3650 5486; x_wconf 80' lang='lat' dir='ltr'>nostris,</span> <span class='ocrx_word' id='word_1_847' title='bbox 3688 5403 3821 5486; x_wconf 41' lang='lat' dir='ltr'>“ubi</span> 
     </span>
    </p>
   </div>
   <div class='ocr_carea' id='block_1_116' title="bbox 2177 5476 3820 5548">
    <p class='ocr_par' dir='ltr' id='par_1_116' title="bbox 2177 5476 3820 5548">
     <span class='ocr_line' id='line_1_117' title="bbox 2177 5476 3820 5548; baseline -0.001 -13"><span class='ocrx_word' id='word_1_848' title='bbox 2177 5479 2499 5535; x_wconf 89' lang='lat' dir='ltr'>audiuntur</span> <span class='ocrx_word' id='word_1_849' title='bbox 2554 5476 2871 5533; x_wconf 78' lang='lat' dir='ltr'>theatrales</span> <span class='ocrx_word' id='word_1_850' title='bbox 2929 5477 3149 5533; x_wconf 90' lang='lat' dir='ltr'>moduli</span> <span class='ocrx_word' id='word_1_851' title='bbox 3208 5482 3264 5533; x_wconf 93' lang='lat' dir='ltr'>et</span> <span class='ocrx_word' id='word_1_852' title='bbox 3321 5476 3517 5548; x_wconf 88' lang='lat' dir='ltr'>dulcia</span> <span class='ocrx_word' id='word_1_853' title='bbox 3572 5476 3820 5548; x_wconf 87' lang='lat' dir='ltr'>cantica,</span> 
     </span>
    </p>
   </div>
   <div class='ocr_carea' id='block_1_117' title="bbox 2177 5547 3822 5632">
    <p class='ocr_par' dir='ltr' id='par_1_117' title="bbox 2177 5547 3822 5632">
     <span class='ocr_line' id='line_1_118' title="bbox 2177 5547 3822 5632; baseline -0.001 -25"><span class='ocrx_word' id='word_1_854' title='bbox 2177 5569 2302 5632; x_wconf 80' lang='lat' dir='ltr'>quae</span> <span class='ocrx_word' id='word_1_855' title='bbox 2335 5551 2628 5632; x_wconf 40' lang='lat' dir='ltr'>de&#39;domo_</span> <span class='ocrx_word' id='word_1_856' title='bbox 2643 5550 2738 5606; x_wconf 90' lang='lat' dir='ltr'>Dei</span> <span class='ocrx_word' id='word_1_857' title='bbox 2767 5565 3008 5632; x_wconf 72' lang='lat' dir='ltr'>scenam</span> <span class='ocrx_word' id='word_1_858' title='bbox 3051 5550 3272 5604; x_wconf 83' lang='lat' dir='ltr'>faciunt</span> <span class='ocrx_word' id='word_1_859' title='bbox 3301 5547 3652 5632; x_wconf 74' lang='lat' dir='ltr'>populorum</span> <span class='ocrx_word' id='word_1_860' title='bbox 3682 5547 3822 5632; x_wconf 35' lang='lat' dir='ltr'>conn?</span> 
     </span>
    </p>
   </div>
   <div class='ocr_carea' id='block_1_118' title="bbox 2175 5619 3826 5679">
    <p class='ocr_par' dir='ltr' id='par_1_118' title="bbox 2175 5619 3826 5679">
     <span class='ocr_line' id='line_1_119' title="bbox 2175 5619 3826 5679; baseline 0.001 -3"><span class='ocrx_word' id='word_1_861' title='bbox 2175 5619 2534 5679; x_wconf 71' lang='lat' dir='ltr'>venientium</span> <span class='ocrx_word' id='word_1_862' title='bbox 2561 5622 2631 5677; x_wconf 87' lang='lat' dir='ltr'>ad</span> <span class='ocrx_word' id='word_1_863' title='bbox 2661 5619 3000 5676; x_wconf 85' lang='lat' dir='ltr'>mulcendas</span> <span class='ocrx_word' id='word_1_864' title='bbox 3027 5636 3196 5675; x_wconf 87' lang='lat' dir='ltr'>aures</span> <span class='ocrx_word' id='word_1_865' title='bbox 3217 5619 3456 5676; x_wconf 86' lang='lat' dir='ltr'>vocibus</span> <span class='ocrx_word' id='word_1_866' title='bbox 3480 5626 3536 5676; x_wconf 88' lang='lat' dir='ltr'>et</span> <span class='ocrx_word' id='word_1_867' title='bbox 3565 5620 3826 5678; x_wconf 89' lang='lat' dir='ltr'>modulis</span> 
     </span>
    </p>
   </div>
   <div class='ocr_carea' id='block_1_119' title="bbox 2175 5691 3477 5770">
    <p class='ocr_par' dir='ltr' id='par_1_119' title="bbox 2175 5691 3477 5770">
     <span class='ocr_line' id='line_1_120' title="bbox 2175 5691 3477 5770; baseline -0.003 -18"><span class='ocrx_word' id='word_1_868' title='bbox 2175 5695 2594 5770; x_wconf 72' lang='lat' dir='ltr'>tragmdorum,</span> <span class='ocrx_word' id='word_1_869' title='bbox 2627 5709 2774 5764; x_wconf 89' lang='lat' dir='ltr'>quos</span> <span class='ocrx_word' id='word_1_870' title='bbox 2801 5692 2972 5762; x_wconf 89' lang='lat' dir='ltr'>vulgo</span> <span class='ocrx_word' id='word_1_871' title='bbox 3005 5691 3223 5763; x_wconf 82' lang='lat' dir='ltr'>t’Ope‘ra</span> <span class='ocrx_word' id='word_1_872' title='bbox 3249 5697 3477 5749; x_wconf 89' lang='lat' dir='ltr'>vocant.</span> 
     </span>
    </p>
   </div>
  </div>
