4310 6570
495 422 613 491 563

1741 431 1807 494 S.
1853 429 2168 495 EUSEBII
2213 425 2659 493 HlERONYMI

3790 429 3903 491 564

498 566 802 635 putantur,
835 561 1047 622 referre
1092 564 1311 637 gratias
1361 563 1638 621 Creatori.
1675 562 1733 619 Si
1766 563 1977 618 domus
2027 579 2148 617 cor-
2177 568 2230 633 Α
2260 562 2387 630 siis,
2439 566 2503 618 ut
2557 562 2767 619 timore
2819 560 2960 634 quid
3020 560 3253 631 faciant,
3306 563 3366 617 et
3421 576 3541 617 non
3599 558 3907 618 dilectione

500 651 704 719 ruerit,
740 651 791 709 si
825 653 1235 710 amantissima
1264 670 1409 709 uxor
1438 657 1495 710 et
1533 652 1637 708 ﬁlii
1675 652 1763 708 vel
1794 651 2146 723 captivitate,

498 740 592 797 vel
622 758 864 810 veneno,
891 742 977 799 vel
1007 743 1313 816 naufragio
1344 742 1650 814 intercepti
1675 740 1813 807 sint,
1837 739 1885 795 si
1918 738 2152 795 divitias

501 831 933 904 proscriptione
962 832 1349 905 perdidimus,
1381 831 1430 888 si
1469 831 1783 887 sanitatem
1813 828 2151 884 innumera-

502 918 653 975 biles
700 921 908 993 morbi,
943 925 1001 977 et
1029 938 1261 994 semper
1289 919 1679 992 exspectanda
1710 918 1939 974 miseris
1972 917 2154 990 poda-

504 1024 620 1080 gra
647 1009 918 1067 debilitas
948 1011 1202 1083 fregerit.
1231 1010 1338 1075 Qui
1369 1009 1480 1065 sibi
1512 1008 1831 1065 sanctiores
1859 1008 2151 1072 videntur,

507 1095 698 1153 solent
726 1098 843 1154 Deo
889 1099 1105 1155 referre
1150 1098 1369 1171 gratias
1418 1097 1573 1169 quod
1623 1097 1693 1152 de
1737 1094 2032 1168 periculis,
2066 1092 2154 1149 vel

509 1185 582 1241 de
613 1185 865 1243 miseriis
890 1187 1121 1243 liberati
1152 1190 1309 1243 sunt.
1335 1186 1445 1243 Sed
1470 1186 1645 1257 juxta
1664 1183 2013 1257 Apostolum
2035 1183 2158 1239 haec

505 1274 692 1330 virtus
737 1279 827 1331 est
865 1276 1138 1344 maxima,
1171 1279 1235 1331 ut
1264 1275 1323 1330 in
1357 1275 1501 1347 ipsis
1535 1272 1811 1347 periculis
1842 1277 2017 1345 atque
2048 1271 2157 1327 mi-

509 1362 701 1434 seriis,
739 1365 849 1421 Deo
879 1365 1079 1438 gratiae
1111 1364 1458 1435 referantur,
1492 1368 1549 1419 et
1578 1379 1809 1435 semper
1849 1361 2156 1418 dicamus:

508 1452 856 1509 Benedictus
885 1454 1062 1526 Deus,
1098 1453 1327 1509 minora
1357 1470 1452 1509 me
1489 1452 1612 1508 scio
1651 1451 1942 1508 sustinere
1980 1466 2159 1522 quam

508 1556 781 1599 mereor:
824 1543 944 1599 haec
995 1544 1069 1600 ad
1117 1560 1248 1599 mea
1294 1546 1532 1615 peccata
1574 1557 1750 1613 parva
1787 1543 1971 1595 sunt:
2014 1538 2161 1594 nihil

511 1629 658 1685 mihi
705 1631 952 1705 dignum
985 1632 1269 1689 redditur.
1302 1631 1406 1686 Hic
1439 1629 1673 1686 animus
1699 1628 2013 1685 Christiani
2049 1632 2159 1695 est,

509 1718 607 1776 hic
681 1737 915 1777 crucem
991 1737 1163 1777 suam
1244 1719 1484 1783 tollens,
1562 1718 1829 1790 sequitur
1898 1716 2162 1772 Salvato-

513 1824 638 1864 rem
669 1809 819 1880 (Luc.
855 1827 930 1878 ιι,
989 1810 1104 1881 33),
1145 1825 1318 1880 quem
1363 1824 1467 1864 nec
1515 1807 1755 1877 orbitas,
1789 1823 1894 1863 nec
1945 1807 2165 1862 damna

2260 651 2496 707 Christi.

2332 742 2517 814 (Vers.
2563 745 2654 810 22,
2698 742 2813 813 23.)
2869 739 3201 797 «Mulieres
3266 739 3407 797 viris
3474 740 3598 796 suis
3663 740 3910 798 subditas

2262 831 2380 887 sint
2412 831 2563 886 sicut
2594 830 2838 887 Domino
2868 847 2881 883 :
2926 829 3205 902 quoniam
3243 831 3332 885 vir
3369 835 3545 903 caput
3581 834 3670 886 est
3708 829 3913 886 mulie-

2263 922 2366 990 ris,
2398 921 2552 977 sicut
2591 926 2647 976 et
2685 920 2951 977 Christus
2992 925 3167 993 caput
3204 920 3492 978 Ecclesiae.
3526 945 3553 973 »
3594 922 3712 977 Hoc
3752 922 3908 993 quod

2264 1010 2324 1065 in
2356 1009 2575 1065 Latinis
2608 1008 3041 1081 exemplaribus
3070 1010 3335 1065 additum
3366 1016 3475 1077 est,
3506 1011 3738 1069 subditae
3773 1012 3907 1077 sint,

2265 1099 2324 1154 in
2375 1099 2588 1154 GPéBClS
2640 1098 2942 1155 codicibus
2999 1116 3114 1154 non
3166 1099 3459 1155 habetur:
3502 1100 3794 1172 siquidem
3836 1099 3910 1155 ad

2267 1187 2571 1260 superiora
2619 1187 2887 1253 refertur,
2935 1192 2991 1244 et
3038 1188 3435 1244 subauditur:
3480 1188 3716 1255 Subiecti
3756 1190 3911 1249 invi-

2265 1292 2375 1331 cem
2423 1277 2480 1331 in
2527 1278 2722 1332 timore
2769 1277 3006 1348 Christi,
3040 1282 3106 1331 ut
3149 1277 3252 1329 ἀπο
3281 1280 3467 1330 κοινοῦ
3511 1281 3743 1333 resonet
3771 1278 3909 1333 sub-

2259 1367 2450 1437 jectae,
2481 1374 2533 1422 et
2558 1367 2815 1422 mulieres
2862 1368 2996 1421 viris
3042 1367 3155 1422 suis
3198 1369 3344 1423 sicut
3381 1368 3629 1423 Domino.
3661 1366 3771 1422 Sed
3804 1367 3913 1423 hoc

2270 1454 2460 1527 magis
2490 1454 2547 1509 in
2579 1454 2774 1511 Graeco
2805 1455 3174 1529 intelligitur,
3207 1472 3385 1528 quam
3416 1456 3475 1511 in
3506 1456 3728 1512 Latino.
3764 1458 3913 1521 Quo-

2270 1544 2442 1600 modo
2500 1544 2697 1616 itaque
2744 1543 2971 1601 Christo
3032 1546 3297 1617 suhjecta
3347 1550 3436 1601 est
3497 1545 3772 1611 Ecclesia,
3834 1543 3917 1600 sic

2271 1633 2537 1705 subjecta
2567 1632 2642 1689 sit
2672 1650 2817 1689 uxor
2840 1634 2962 1689 viro
2993 1651 3121 1690 suo.
3146 1636 3326 1699 Quem
3358 1634 3513 1690 enim
3545 1634 3721 1691 habet
3751 1634 3917 1706 prin-

2271 1723 2531 1796 cipatum
2562 1728 2619 1778 et
2648 1723 3073 1794 subjectionem
3097 1724 3364 1780 Christus
3394 1729 3450 1780 et
3476 1723 3754 1789 Ecclesia,
3783 1722 3919 1779 huic

2271 1812 2460 1867 eidem
2523 1811 2712 1867 ordini
2776 1812 3023 1868 maritus
3082 1818 3139 1869 et
3194 1830 3339 1869 uxor
3394 1812 3761 1886 astringitur.
3804 1813 3917 1869 Sed

516 1896 845 1954 debilitant.
896 1898 1101 1965 Quem,
1151 1902 1218 1953 ut
1264 1896 1505 1954 Flaccus
1560 1896 1621 1951 in
1676 1895 1855 1968 lyrico
1905 1894 2163 1952 carmine
2194 1950 2241 1973 η
2271 1900 2609 1968 videndum,
2651 1906 2716 1957 ut
2754 1902 3047 1973 quomodo
3086 1901 3146 1958 in
3182 1902 3431 1971 Christo,
3472 1907 3530 1958 et
3565 1903 3626 1958 in
3667 1901 3921 1958 Ecclesia

517 1986 600 2042 ait
631 2002 644 2041 :

781 2093 835 2144 Si
862 2094 1058 2145 fractus
1086 2093 1334 2144 illabatur
1360 2093 1523 2151 orbis,

775 2156 1107 2220 lmpavidum
1139 2156 1333 2207 ferient
1359 2156 1548 2206 ruinas.

526 2272 634 2338 Qui
665 2276 883 2340 autem,
915 2272 1071 2328 sicut
1119 2271 1396 2338 diximus,
1428 2270 1647 2344 gratias
1686 2268 1807 2342 agit
1836 2268 1951 2324 Deo
1983 2273 2040 2325 et
2067 2272 2175 2324 Pa-

523 2361 621 2431 tri,
654 2362 715 2417 in
745 2360 1063 2417 mediatore
1091 2360 1191 2417 Dei
1221 2365 1278 2417 et
1305 2359 1614 2415 hominum
1648 2359 1860 2414 referat
1890 2373 1988 2413 eas
2019 2356 2179 2412 Chri-

525 2454 615 2508 sto
636 2452 773 2507 Jeeu
797 2466 809 2506 :
845 2450 984 2522 quia
1009 2449 1123 2506 nisi
1150 2467 1252 2522 per
1279 2449 1448 2505 illum
1476 2448 1748 2505 accedere
1774 2464 1886 2503 non
1914 2445 2178 2503 valemus

529 2540 602 2596 ad
633 2540 886 2597 Patrem.

593 2631 780 2702 (Vers.
812 2630 927 2701 21.)
980 2650 1009 2680 ‹‹
1040 2629 1298 2701 Suhjecti
1350 2627 1600 2683 invicem
1649 2626 1708 2681 in
1760 2624 1969 2681 timore
2015 2623 2179 2681 Chri-

526 2718 621 2775 sti.
656 2740 685 2769 »
732 2718 989 2775 Audiant
1036 2718 1156 2774 haec
1202 2716 1478 2790 episcopi,
1531 2716 1774 2772 audiant
1831 2713 2177 2787 presbyteri,

524 2808 727 2865 audiat
750 2807 944 2865 omnis
966 2808 1107 2865 ordo
1133 2808 1460 2872 doctorum,
1486 2804 1767 2881 subjectis
1798 2803 1925 2859 suis
1956 2820 2018 2859 se
2049 2819 2179 2859 esse

526 2897 848 2969 subjectos,
874 2902 932 2953 et
962 2896 1269 2952 imitentur
1301 2895 1593 2951 dicentem
1616 2891 1963 2965 Apostolum
1997 2908 2009 2945 :
2048 2890 2180 2947 Cum

526 2988 682 3043 enim
740 3003 910 3043 essem
970 2987 1112 3042 liber
1168 3002 1237 3041 ea:
1298 2985 1567 3052 omnibus,
1609 2984 1862 3039 omnibus
1912 2982 2182 3053 meipsum

527 3091 744 3132 servum
793 3076 924 3144 feci,
955 3083 1017 3130 ut
1061 3090 1244 3130 omnes
1292 3073 1678 3147 lucrifacerem
1726 3073 1774 3142 (I
1803 3071 1923 3127 Cor.
1956 3088 2033 3142 1x,
2070 3070 2180 3142 19).

538 3168 608 3221 Et
658 3164 717 3219 in
777 3163 889 3219 alio
946 3162 1072 3219 loco
1117 3180 1130 3218 :
1186 3165 1293 3219 Per
1338 3162 1652 3218 charitatem
1707 3162 1912 3216 servire
1950 3161 2184 3215 invicem

534 3253 745 3326 (Galat.
772 3270 825 3324 ν,
852 3252 961 3325 13).
986 3252 1150 3309 Unde
1179 3255 1236 3308 et
1265 3252 1390 3324 ipse
1415 3251 1617 3307 eadem
1668 3249 1952 3306 charitate
1998 3248 2184 3305 omni-

2194 1950 2244 2015 B

2279 1995 2484 2047 sancta
2534 1991 2865 2063 conjunctio
2905 1996 3016 2059 est,
3058 1992 3140 2047 ita
3176 1997 3235 2049 et
3284 1992 3344 2047 in
3396 1992 3518 2049 viro
3571 1997 3627 2049 et
3677 1991 3736 2047 in
3790 2008 3919 2048 mu-

2279 2079 2421 2136 liere
2460 2084 2664 2137 sancta
2711 2081 2788 2137 sit
2835 2081 3062 2153 copula.
3104 2081 3267 2138 Sicut
3317 2085 3514 2138 autem
3569 2099 3683 2139 non
3736 2080 3928 2137 omnis

2283 2171 2655 2243 congregatio
2732 2171 3136 2228 haereticorum
3209 2170 3422 2226 Christi
3487 2170 3743 2227 Ecclesia
3816 2170 3932 2227 dici

2284 2261 2496 2328 potest,
2547 2274 2652 2312 nec
2700 2265 2878 2330 caput
2932 2274 3133 2314 eorum
3192 2258 3456 2315 Christus
3502 2265 3637 2314 est:
3693 2258 3776 2315 sic
3816 2275 3931 2314 non

2286 2362 2458 2401 omne
2508 2346 2954 2405 matrimonium
2987 2348 3141 2419 quod
3174 2365 3288 2404 non
3320 2348 3441 2404 viro
3472 2365 3579 2405 suo
3611 2348 3934 2405 secundum

2286 2434 2496 2491 Christi
2546 2440 2835 2508 praecepta
2882 2437 3280 2510 conjungitur,
3317 2439 3425 2493 rite
3462 2437 3802 2509 conjugium
3833 2455 3935 2511 ap-

2287 2524 2491 2597 pellari
2524 2530 2738 2598 potest,
2772 2525 2873 2581 sed
2908 2526 3096 2599 magis
3146 2527 3521 2583 adulterium.
3560 2526 3717 2584 Alias
3748 2532 3943 2583 autem

2287 2614 2603 2687 subjicitur
2654 2631 2801 2671 uxor
2845 2615 2969 2672 viro
3018 2620 3084 2671 ut
3142 2616 3402 2685 domino,
3437 2617 3578 2689 quia
3626 2617 3698 2672 ad
3748 2616 3944 2689 ipsum

2288 2704 2589 2760 conversio
2621 2705 2889 2777 ejus’est,
2922 2710 2979 2760 et
3008 2704 3133 2777 ipse
3164 2704 3326 2761 illius
3356 2706 3754 2763 dominabitur
3785 2707 3938 2779 (Gen.

2288 2811 2363 2865 1v,
2418 2794 2494 2865 7).
2536 2793 2683 2849 Nam
2723 2799 2780 2849 et
2817 2794 2961 2850 Sara
3002 2795 3309 2851 dominum
3363 2794 3611 2851 vocabat
3646 2794 3942 2851 Abraham

2289 2888 2445 2951 (Gen.
2497 2900 2654 2949 xvm,
2712 2884 2815 2955 12).
2858 2884 2991 2947 Quae
3047 2891 3371 2957 spontanee
3418 2884 3689 2957 servitus,
3723 2888 3941 2958 quanto

2293 2972 2480 3045 magis
2512 2972 2685 3028 fuerit
2713 2972 3012 3029 voluntate
3040 2973 3325 3046 subjecta,
3357 2978 3521 3029 tanto
3565 2990 3693 3029 esse
3738 2973 3945 3046 incipit

2291 3060 2604 3133 coaaqualis
2633 3078 2645 3116 :
2681 3061 2824 3134 quin
2856 3062 2995 3131 imo,
3030 3062 3329 3135 obsequiis
3359 3063 3483 3119 suis
3510 3064 3569 3118 in
3602 3064 3941 3119 servitutem

2293 3150 2446 3208 655
2498 3151 2755 3223 redigere
2808 3152 3231 3208 dominantem.
3264 3152 3510 3219 Quidam
3549 3151 3707 3208 hunc
3746 3151 3939 3209 locum

2294 3239 2621 3296 secundum
2670 3256 2973 3313 anagogen
3022 3240 3105 3296 ita
3135 3242 3612 3313 interpretantur,
3647 3245 3713 3296 ut
3744 3241 3943 3297 dicant

528 3318 644 3415 hus
692 3341 955 3415 gentium
1008 3340 1241 3397 servivit
1289 3339 1582 3396 Ecclesiis.
1634 3338 1894 3395 Salvator
1951 3354 2185 3410 quoque
2215 3318 2258 3386 (ἶ
2295 3346 2535 3385 uxorem
2593 3328 2653 3385 in
2712 3345 2975 3402 corpore,
3021 3329 3213 3386 virum
3272 3330 3454 3402 accipi
3512 3330 3572 3385 in
3624 3330 3839 3386 animo.
3874 3331 3945 3387 Et

526 3431 776 3488 formam
832 3429 983 3487 servi
1037 3430 1261 3504 accepit
1312 3430 1576 3502 (Philipp.
1630 3446 1690 3495 ιι,
1735 3428 1812 3500 7),
1846 3432 1912 3483 ut
1942 3427 2183 3483 serviret

526 3519 836 3593 discipulis
885 3519 1030 3589 suis,
1064 3524 1122 3575 et
1168 3520 1346 3591 pedes
1395 3535 1596 3574 eorum
1646 3517 1785 3573 lavit
1834 3519 2013 3589 (Joan.
2056 3531 2180 3583 xm,

524 3610 603 3682 5).
637 3613 753 3666 Ηοο
806 3609 1053 3666 interest
1099 3608 1252 3665 inter
1296 3608 1561 3681 gentium
1602 3606 1897 3680 principes
1927 3613 1985 3662 et
2015 3605 2180 3661 Chri-

530 3698 885 3768 stianorum,
913 3698 1070 3770 quod
1100 3696 1185 3752 illi
1216 3696 1595 3753 dominantur
1621 3694 1894 3763 subditis,
1920 3712 2029 3750 nos
2060 3711 2182 3750 ser-

526 3786 743 3854 vimus,
768 3790 825 3842 et
854 3787 912 3841 in
946 3802 1014 3842 eo
1044 3787 1299 3856 majores
1329 3801 1557 3854 sumus,
1581 3784 1631 3840 si
1664 3782 1893 3868 minimi
1916 3783 2181 3838 omnium

529 3874 839 3932 fuerimus.
874 3875 985 3932 Sed
1013 3880 1071 3931 et
1101 3874 1210 3932 hoc
1243 3874 1397 3947 quod
1440 3874 1521 3929 ait
1555 3890 1567 3928 :
1620 3874 1683 3928 In
1728 3875 1924 3929 timore
1954 3871 2181 3941 Christi,

528 3964 613 4021 sic
665 3964 1096 4037 accipiendum,
1145 3967 1211 4020 ut
1264 3963 1394 4035 ipsa
1445 3961 1730 4033 subjectio
1779 3978 1893 4017 non
1948 3966 2185 4033 propter

527 4052 837 4110 hominum
905 4052 1176 4126 gloriam,
1244 4053 1399 4110 054
1464 4052 1567 4108 sed
1619 4055 1857 4124 propter
1910 4050 2179 4106 timorem

524 4141 741 4198 Christi
781 4143 902 4210 ﬁat,
951 4143 1094 4198 dum
1135 4142 1302 4197 illum
1344 4142 1624 4197 timemus
1664 4140 1977 4196 oﬂ‘endere.
2015 4138 2181 4195 Alius

522 4246 657 4287 vero
688 4231 773 4287 sic
805 4232 1284 4306 interpretabitur
1318 4249 1331 4287 :
1372 4231 1602 4303 subjecti
1638 4230 1872 4285 invicem
1899 4230 1957 4283 in
1986 4231 2183 4284 timore

523 4320 750 4389 Christi,
791 4325 856 4377 ut
895 4321 1046 4377 hanc
1094 4320 1445 4376 sententiam
1489 4318 1821 4392 generalem
1867 4317 1927 4372 in
1977 4334 2179 4374 conse-

521 4409 841 4481 quentibus
872 4409 1053 4465 dividi
1097 4409 1253 4464 dicat
1277 4413 1452 4479 atque
1484 4407 1688 4478 partiri
1718 4423 1731 4461 :
1762 4407 2015 4461 Mulieres
2048 4409 2180 4461 viris

520 4497 639 4551 suis
674 4496 912 4554 subdita
947 4500 1060 4552 sint
1100 4498 1260 4568 (vers.
1302 4498 1437 4567 22);
1479 4500 1537 4551 et
1570 4511 1582 4551 :
1627 4497 1784 4562 Filii,
1825 4495 2033 4551 obedile
2080 4514 2179 4567 pa-

522 4585 776 4640 rentibus
814 4586 1027 4656 (Ephes.
1069 4603 1139 4652 vx,
1186 4587 1238 4652 1)
1273 4603 1285 4652 ;
1328 4590 1430 4641 et:
1470 4587 1647 4652 Servi,
1688 4585 1896 4641 obedile
1933 4588 2179 4641 dominis

524 4672 850 4728 carnalibus
878 4690 1003 4729 cum
1041 4675 1239 4728 timore
1274 4677 1326 4728 et
1355 4677 1592 4729 tremore
1624 4673 1780 4745 (ibid.
1813 4675 1868 4743 5)
1904 4689 1916 4729 :

529 4759 722 4817 solum
777 4778 921 4817 uxor
957 4761 1101 4829 viro,
1142 4767 1198 4817 et
1238 4761 1344 4817 ﬁlii
1383 4762 1746 4834 parentibus,
1789 4768 1845 4819 et
1885 4763 2033 4820 servi
2073 4765 2179 4819 do-

529 4848 710 4905 minis
743 4867 755 4905 :
800 4850 902 4907 sed
943 4850 1120 4906 etiam
1161 4848 1267 4905 viri
1308 4850 1677 4919 mulieribus,
1710 4854 1881 4924 juxta
1918 4852 2179 4908 ofﬁcium

528 4940 685 5012 quod
726 4944 1079 5013 praeceptum
1120 4944 1210 4995 est
1242 4957 1256 5007 ;
1299 4944 1357 4995 et
1395 4944 1587 5010 patres
1627 4940 1784 5008 ﬁliis,
1827 4956 1898 4996 ne
1935 4939 2068 4997 illos
2106 4942 2179 4996 ad

526 5030 895 5087 iracundiam
936 5032 1292 5101 provocent;
1354 5032 1411 5084 et
1448 5027 1670 5084 domini
1728 5029 1930 5095 servis,
1975 5035 2040 5084 ut
2097 5045 2181 5085 re-

527 5121 765 5176 mittant
817 5118 1033 5184 minas,
1075 5121 1133 5174 et
1187 5117 1485 5189 praebeant
1521 5117 1613 5173 his
1653 5134 1783 5190 quae
1821 5117 2041 5174 habent
2080 5135 2178 5174 ne-

525 5209 802 5277 cessaria,
837 5208 1086 5264 invicem
1138 5206 1257 5262 sint
1286 5206 1535 5277 subjecti
1572 5223 1584 5261 :
1642 5211 1698 5262 et
1727 5207 1836 5262 hoc
1869 5224 1937 5262 ex
1964 5207 2179 5263 Christi

522 5299 735 5357 timore
786 5298 1023 5369 faciant,
1069 5300 1135 5353 ut
1182 5297 1475 5369 quomodo
1524 5297 1705 5352 servis
1756 5295 1878 5352 suis
1927 5296 2038 5351 fuit
2082 5294 2180 5351 ille

529 5389 848 5459 subjectus,
883 5388 967 5444 sic
1011 5391 1067 5445 et
1115 5385 1175 5441 hi
1223 5383 1322 5457 qui
1372 5385 1624 5456 majores
1672 5385 1959 5453 videntur,
1992 5384 2174 5455 subji-

528 5476 756 5531 ciuntur
786 5477 1114 5534 minoribus
1168 5474 1291 5531 suis
1345 5475 1638 5530 reddendo
1673 5474 1863 5529 officia
1913 5490 2039 5545 quae
2082 5475 2174 5542 ju-

525 5563 756 5619 bentur.
834 5571 1157 5623 Possumus
1223 5564 1318 5619 hic
1385 5564 1655 5619 timorem
1726 5569 1783 5619 et
1848 5579 1953 5634 pro
2017 5558 2174 5615 ευλά-

527 5642 668 5720 Gaia,
700 5652 758 5707 id
790 5658 879 5715 est
906 5654 1235 5722 reverentia,
1268 5652 1547 5724 accipere,
1582 5669 1711 5724 quae
1754 5651 1941 5725 magis
1986 5650 2176 5708 vicina

529 5744 620 5796 est
676 5740 965 5797 charitati.
1021 5744 1403 5815 Nequaquam
1463 5742 1619 5799 enim
1678 5741 1944 5798 convenit
1996 5739 2177 5812 Ephe-

2293 3418 2445 3474 sicut
2496 3418 2723 3475 Christo
2771 3420 3039 3490 subjecta
3095 3425 3185 3475 est
3230 3418 3508 3489 Ecclesia,
3559 3419 3640 3475 ita
3701 3436 3944 3492 corpora

2292 3508 2502 3579 subjici
2570 3508 2781 3565 debere
2848 3508 3089 3578 sensui,
3157 3511 3213 3563 et
3288 3508 3346 3563 in
3414 3523 3599 3563 unum
3666 3507 3941 3581 spiritum

2292 3596 2497 3670 redigi,
2554 3597 2604 3653 si
2662 3597 2903 3653 domino
2968 3597 3183 3652 fuerint
3238 3596 3511 3669 copulata
3558 3615 3571 3653 :
3634 3598 3739 3665 Qui
3793 3599 3941 3653 enim

2291 3686 2529 3742 adhwret
2594 3688 2848 3755 Domino,
2915 3703 3060 3742 unus
3123 3688 3352 3759 spiritus
3415 3694 3493 3742 est
3557 3687 3622 3757 (Ι
3677 3685 3800 3743 Cor.
3858 3704 3935 3755 vr,

2293 3776 2402 3845 17).

2362 3888 2390 3916 «
2426 3865 2555 3938 Ipse
2584 3868 2673 3921 est
2701 3862 2968 3921 Salvator
2998 3864 3276 3937 corporis.
3313 3886 3342 3915 ››
3383 3864 3669 3929 Quoniam
3698 3863 3937 3938 propin-

2290 3953 2460 4026 quior
2491 3964 2665 4025 atque
2694 3952 2932 4009 inferior
2963 3959 3051 4009 est
3101 3971 3134 4008 a
3175 3954 3507 4010 substantia
3565 3953 3781 4009 Christi
3835 3970 3937 4010 na-

2290 4049 2424 4100 tura
2454 4041 2738 4113 Ecclesiaa,
2772 4047 3076 4115 propterea
3106 4059 3235 4098 eam
3278 4058 3493 4115 corpus
3521 4041 3730 4098 Christi
3780 4041 3938 4097 esti-

2292 4149 2387 4188 mo
2417 4132 2781 4188 nominatam
2817 4147 2830 4185 :
2880 4133 3051 4203 cujus
3081 4131 3340 4203 corporis
3370 4131 3630 4188 Salvator
3659 4135 3749 4187 est
3775 4129 3937 4186 Chri-

2290 4227 2420 4278 stus
2470 4221 2664 4292 Jesus,
2697 4220 2754 4275 iul
2806 4224 2896 4276 est
2940 4219 3221 4289 Verbum,
3266 4220 3572 4294 sapientia,
3606 4223 3941 4293 castamque

2290 4311 2533 4367 virtutes
2576 4310 2636 4365 in
2687 4309 2906 4382 quibus
2952 4309 3299 4383 intelligitur
3348 4310 3529 4367 Filius
3580 4310 3700 4366 Dei.
3742 4312 3941 4374 Quaere

2290 4400 2600 4466 curiosius,
2633 4398 2821 4455 sicubi
2875 4400 2932 4454 in
2981 4399 3195 4455 divinis
3224 4398 3637 4456 Voluminibus
3680 4398 3938 4472 potueris

2289 4490 2567 4557 invenire,
2600 4489 2946 4545 vocabulum
2980 4492 3165 4545 carnis
3217 4506 3321 4562 pro
3371 4488 3625 4545 Ecclesia
3655 4488 3936 4561 positum.

2290 4580 2346 4635 Si
2403 4579 2639 4651 quidem
2701 4595 2855 4635 nunc
2917 4595 3292 4651 nequaquam
3354 4595 3508 4646 caro,
3565 4577 3664 4633 sed
3722 4592 3936 4648 corpus

1961 4678 2026 4730 ut
2063 4669 2503 4754 nonDChristi
2570 4667 2899 4741 appellatur
2964 4666 3239 4724 Ecclesia.
3307 4671 3484 4723 Porro
3558 4665 3935 4722 manifestum

2290 4759 2446 4828 quod
2493 4755 2778 4829 quidquid
2830 4774 2963 4813 caro
3007 4762 3112 4823 est,
3147 4762 3576 4829 consequenter
3617 4760 3675 4811 et
3724 4771 3937 4827 corpus

2291 4849 2403 4904 sit:
2441 4864 2555 4902 non
2584 4851 2777 4901 autem
2809 4846 3095 4919 quidquid
3127 4863 3360 4918 corpus,
3385 4846 3494 4903 hoc
3515 4849 3939 4918 consequenter

2289 4941 2347 4991 et
2373 4952 2528 4992 caro.

2361 5025 2549 5098 (Vers.
2582 5026 2698 5097 24.)
2745 5044 2767 5073 ι
2801 5025 2911 5080 Sed
2948 5029 3010 5081 ut
3040 5026 3145 5097 [Αἰ.
3181 5025 3354 5095 sicut]
3385 5023 3640 5081 Ecclesia
3674 5023 3941 5095 subjecta

2290 5118 2379 5171 est
2426 5114 2654 5170 Christo
2700 5132 2712 5169 :
2769 5114 2850 5169 ita
2888 5119 2946 5170 et
2985 5113 3263 5170 mulieres
3302 5113 3440 5169 viris
3481 5113 3606 5169 suis
3645 5113 3705 5168 in
3745 5111 3941 5168 omni-

2287 5203 2420 5260 bus.
2458 5226 2482 5253 ››
2525 5203 2780 5260 Ecclesia
2818 5202 3031 5259 Christi
3089 5203 3342 5275 gloriosa
3393 5208 3516 5275 est,
3560 5220 3674 5259 non
3717 5202 3941 5258 habens

2288 5295 2581 5350 maculam
2615 5309 2803 5362 neque
2832 5309 3065 5365 rugam,
3095 5297 3197 5349 aut
3228 5293 3370 5365 quid
3405 5291 3743 5349 istiusmodi
3773 5291 3936 5364 (vers.

2286 5384 2400 5453 24'»).
2435 5382 2540 5447 Qui
2573 5400 2709 5455 ergo
2738 5385 3005 5455 peccator
3034 5388 3141 5448 est,
3174 5385 3230 5438 et
3269 5382 3464 5455 aliqua
3515 5382 3685 5439 sorde
3738 5396 3937 5437 macu-

2288 5473 2464 5539 latus,
2507 5472 2577 5526 de
2633 5470 2888 5527 Ecclesia
2939 5470 3149 5525 Christi
3210 5489 3323 5526 non
3388 5476 3577 5543 potest
3633 5468 3936 5543 appellari,

2288 5576 2393 5615 uec
2432 5560 2661 5616 Christo
2721 5559 3021 5630 subjectus
3080 5559 3213 5616 dici.
3256 5559 3538 5617 Possibile
3587 5565 3785 5616 autem
3825 5561 3935 5625 est,

2287 5655 2352 5704 ut
2381 5635 2673 5720 quomodo
2702 5648 2958 5705 Ecclesia
2996 5665 3127 5722 qua:
3176 5651 3341 5724 prius
3389 5666 3597 5723 rugam
3644 5648 3937 5705 habuerat

2283 5744 2340 5797 et
2371 5737 2686 5808 maculam,
2718 5738 2776 5794 in
2817 5738 3193 5809 juventutem
3241 5745 3300 5797 et
3340 5738 3697 5798 munditiam
3727 5740 3930 5811 postea
