  <div class='ocr_page' id='page_1' title='image "/cluster/home/n/w/nwhite01/storage/ocr_20150623/26/umn.31951002477320a/286.png"; bbox 0 0 4310 6570; ppageno 0'>
   <div class='ocr_carea' id='block_1_1' title="bbox 445 405 564 475">
    <p class='ocr_par' dir='ltr' id='par_1_1' title="bbox 445 405 564 475">
     <span class='ocr_line' id='line_1_1' title="bbox 445 405 564 475; baseline 0 0"><span class='ocrx_word' id='word_1_1' title='bbox 445 405 564 475; x_wconf 75' lang='lat'>585</span> 
     </span>
    </p>
   </div>
   <div class='ocr_carea' id='block_1_2' title="bbox 1102 400 3208 481">
    <p class='ocr_par' dir='ltr' id='par_1_2' title="bbox 1102 400 3208 481">
     <span class='ocr_line' id='line_1_2' title="bbox 1102 400 3208 481; baseline -0.002 -11"><span class='ocrx_word' id='word_1_2' title='bbox 1102 405 1620 472; x_wconf 82' lang='lat' dir='ltr'>COMMENTAR.</span> <span class='ocrx_word' id='word_1_3' title='bbox 1665 405 1743 466; x_wconf 90' lang='lat' dir='ltr'>IN</span> <span class='ocrx_word' id='word_1_4' title='bbox 1788 402 2039 466; x_wconf 86' lang='lat' dir='ltr'>EPIST.</span> <span class='ocrx_word' id='word_1_5' title='bbox 2085 400 2191 464; x_wconf 83' lang='lat' dir='ltr'>AD</span> <span class='ocrx_word' id='word_1_6' title='bbox 2235 402 2513 466; x_wconf 86' lang='lat' dir='ltr'>EPHES.</span> <span class='ocrx_word' id='word_1_7' title='bbox 2560 403 2710 466; x_wconf 89' lang='lat' dir='ltr'>LIB.</span> <span class='ocrx_word' id='word_1_8' title='bbox 2757 403 2864 481; x_wconf 85' lang='grc' dir='ltr'>ΙΙΙ,</span> <span class='ocrx_word' id='word_1_9' title='bbox 2912 405 3085 468; x_wconf 84' lang='lat' dir='ltr'>CAP.</span> <span class='ocrx_word' id='word_1_10' title='bbox 3132 402 3208 469; x_wconf 83' lang='lat' dir='ltr'>V.</span> 
     </span>
    </p>
   </div>
   <div class='ocr_carea' id='block_1_3' title="bbox 3742 400 3860 464">
    <p class='ocr_par' dir='ltr' id='par_1_3' title="bbox 3742 400 3860 464">
     <span class='ocr_line' id='line_1_3' title="bbox 3742 400 3860 464; baseline -0.008 0"><span class='ocrx_word' id='word_1_11' title='bbox 3742 400 3860 464; x_wconf 72' lang='lat'>566</span> 
     </span>
    </p>
   </div>
   <div class='ocr_carea' id='block_1_4' title="bbox 450 535 3861 614">
    <p class='ocr_par' dir='ltr' id='par_1_4' title="bbox 450 535 3861 614">
     <span class='ocr_line' id='line_1_4' title="bbox 450 535 3861 614; baseline -0.003 -12"><span class='ocrx_word' id='word_1_12' title='bbox 450 542 727 601; x_wconf 87' lang='lat' dir='ltr'>restituta</span> <span class='ocrx_word' id='word_1_13' title='bbox 754 544 866 611; x_wconf 90' lang='lat' dir='ltr'>est,</span> <span class='ocrx_word' id='word_1_14' title='bbox 899 540 980 598; x_wconf 90' lang='lat' dir='ltr'>ita</span> <span class='ocrx_word' id='word_1_15' title='bbox 1007 547 1061 597; x_wconf 90' lang='lat' dir='ltr'>et</span> <span class='ocrx_word' id='word_1_16' title='bbox 1085 544 1354 614; x_wconf 78' lang='lat' dir='ltr'>peccator</span> <span class='ocrx_word' id='word_1_17' title='bbox 1400 541 1598 595; x_wconf 90' lang='lat' dir='ltr'>currat</span> <span class='ocrx_word' id='word_1_18' title='bbox 1643 539 1715 594; x_wconf 91' lang='lat' dir='ltr'>ad</span> <span class='ocrx_word' id='word_1_19' title='bbox 1774 536 2096 603; x_wconf 88' lang='lat' dir='ltr'>medicum,</span> <span class='ocrx_word' id='word_1_20' title='bbox 2129 536 2183 601; x_wconf 84' lang='grc' dir='ltr'><strong>Α</strong></span> <span class='ocrx_word' id='word_1_21' title='bbox 2213 553 2474 611; x_wconf 84' lang='lat' dir='ltr'>nagogac,</span> <span class='ocrx_word' id='word_1_22' title='bbox 2535 538 2945 610; x_wconf 82' lang='lat' dir='ltr'>conjunctione</span> <span class='ocrx_word' id='word_1_23' title='bbox 3002 538 3268 597; x_wconf 58' lang='lat' dir='ltr'>Ecclesiae</span> <span class='ocrx_word' id='word_1_24' title='bbox 3324 535 3694 613; x_wconf 80' lang='lat' dir='ltr'>temperavit.</span> <span class='ocrx_word' id='word_1_25' title='bbox 3736 536 3861 594; x_wconf 88' lang='lat' dir='ltr'>Ista</span> 
     </span>
    </p>
   </div>
   <div class='ocr_carea' id='block_1_5' title="bbox 452 626 2098 707">
    <p class='ocr_par' dir='ltr' id='par_1_5' title="bbox 452 626 2098 707">
     <span class='ocr_line' id='line_1_5' title="bbox 452 626 2098 707; baseline -0.005 -17"><span class='ocrx_word' id='word_1_26' title='bbox 452 633 592 707; x_wconf 82' lang='lat' dir='ltr'>quia</span> <span class='ocrx_word' id='word_1_27' title='bbox 621 650 736 690; x_wconf 92' lang='lat' dir='ltr'>non</span> <span class='ocrx_word' id='word_1_28' title='bbox 768 632 989 688; x_wconf 83' lang='lat' dir='ltr'>habent</span> <span class='ocrx_word' id='word_1_29' title='bbox 1020 645 1168 702; x_wconf 92' lang='lat' dir='ltr'>opus</span> <span class='ocrx_word' id='word_1_30' title='bbox 1199 628 1326 685; x_wconf 90' lang='lat' dir='ltr'>sani</span> <span class='ocrx_word' id='word_1_31' title='bbox 1380 627 1625 696; x_wconf 91' lang='lat' dir='ltr'>medico,</span> <span class='ocrx_word' id='word_1_32' title='bbox 1679 627 1780 683; x_wconf 91' lang='lat' dir='ltr'>sed</span> <span class='ocrx_word' id='word_1_33' title='bbox 1812 626 1964 683; x_wconf 91' lang='lat' dir='ltr'>male</span> <span class='ocrx_word' id='word_1_34' title='bbox 1994 626 2098 681; x_wconf 90' lang='lat' dir='ltr'>ha-</span> 
     </span>
    </p>
   </div>
   <div class='ocr_carea' id='block_1_6' title="bbox 451 716 2103 795">
    <p class='ocr_par' dir='ltr' id='par_1_6' title="bbox 451 716 2103 795">
     <span class='ocr_line' id='line_1_6' title="bbox 451 716 2103 795; baseline -0.006 -15"><span class='ocrx_word' id='word_1_35' title='bbox 451 724 657 781; x_wconf 87' lang='lat' dir='ltr'>bentes</span> <span class='ocrx_word' id='word_1_36' title='bbox 687 724 838 795; x_wconf 82' lang='lat' dir='ltr'>(Luc.</span> <span class='ocrx_word' id='word_1_37' title='bbox 877 737 932 787; x_wconf 88' lang='lat' dir='ltr'>v,</span> <span class='ocrx_word' id='word_1_38' title='bbox 963 720 1077 789; x_wconf 76' lang='lat'>31),</span> <span class='ocrx_word' id='word_1_39' title='bbox 1108 723 1165 775; x_wconf 90' lang='lat' dir='ltr'>et</span> <span class='ocrx_word' id='word_1_40' title='bbox 1190 722 1470 774; x_wconf 82' lang='lat' dir='ltr'>curentur</span> <span class='ocrx_word' id='word_1_41' title='bbox 1499 717 1744 773; x_wconf 85' lang='lat' dir='ltr'>vulnera</span> <span class='ocrx_word' id='word_1_42' title='bbox 1790 716 2001 788; x_wconf 84' lang='lat' dir='ltr'>ipsius,</span> <span class='ocrx_word' id='word_1_43' title='bbox 2046 720 2103 770; x_wconf 90' lang='lat' dir='ltr'>et</span> 
     </span>
    </p>
   </div>
   <div class='ocr_carea' id='block_1_7' title="bbox 451 804 2103 881">
    <p class='ocr_par' dir='ltr' id='par_1_7' title="bbox 451 804 2103 881">
     <span class='ocr_line' id='line_1_7' title="bbox 451 804 2103 881; baseline -0.005 -13"><span class='ocrx_word' id='word_1_44' title='bbox 451 812 555 868; x_wconf 84' lang='lat' dir='ltr'>ﬁat</span> <span class='ocrx_word' id='word_1_45' title='bbox 582 811 653 868; x_wconf 90' lang='lat' dir='ltr'>de</span> <span class='ocrx_word' id='word_1_46' title='bbox 686 809 942 866; x_wconf 81' lang='lat' dir='ltr'>Ecclesia</span> <span class='ocrx_word' id='word_1_47' title='bbox 970 825 1098 881; x_wconf 64' lang='lat' dir='ltr'>quae</span> <span class='ocrx_word' id='word_1_48' title='bbox 1130 825 1344 881; x_wconf 91' lang='lat' dir='ltr'>corpus</span> <span class='ocrx_word' id='word_1_49' title='bbox 1372 812 1462 864; x_wconf 78' lang='lat' dir='ltr'>est</span> <span class='ocrx_word' id='word_1_50' title='bbox 1490 806 1724 863; x_wconf 83' lang='lat' dir='ltr'>Christi.</span> <span class='ocrx_word' id='word_1_51' title='bbox 1758 804 1915 862; x_wconf 84' lang='lat' dir='ltr'>Satis</span> <span class='ocrx_word' id='word_1_52' title='bbox 1962 820 2103 876; x_wconf 91' lang='lat' dir='ltr'>quo-</span> 
     </span>
    </p>
   </div>
   <div class='ocr_carea' id='block_1_8' title="bbox 452 893 2097 973">
    <p class='ocr_par' dir='ltr' id='par_1_8' title="bbox 452 893 2097 973">
     <span class='ocr_line' id='line_1_8' title="bbox 452 893 2097 973; baseline -0.005 -17"><span class='ocrx_word' id='word_1_53' title='bbox 452 917 566 973; x_wconf 91' lang='lat' dir='ltr'>que</span> <span class='ocrx_word' id='word_1_54' title='bbox 595 899 891 972; x_wconf 81' lang='lat' dir='ltr'>eleganter</span> <span class='ocrx_word' id='word_1_55' title='bbox 921 902 979 953; x_wconf 93' lang='lat' dir='ltr'>et</span> <span class='ocrx_word' id='word_1_56' title='bbox 1016 902 1186 954; x_wconf 87' lang='lat' dir='ltr'>caute</span> <span class='ocrx_word' id='word_1_57' title='bbox 1228 897 1302 953; x_wconf 94' lang='lat' dir='ltr'>ad</span> <span class='ocrx_word' id='word_1_58' title='bbox 1353 895 1634 969; x_wconf 86' lang='lat' dir='ltr'>Ephesios</span> <span class='ocrx_word' id='word_1_59' title='bbox 1690 897 1937 968; x_wconf 89' lang='lat' dir='ltr'>loquens</span> <span class='ocrx_word' id='word_1_60' title='bbox 1978 893 2097 950; x_wconf 88' lang='lat' dir='ltr'>ait:</span> 
     </span>
    </p>
   </div>
   <div class='ocr_carea' id='block_1_9' title="bbox 452 985 2102 1059">
    <p class='ocr_par' dir='ltr' id='par_1_9' title="bbox 452 985 2102 1059">
     <span class='ocr_line' id='line_1_9' title="bbox 452 985 2102 1059; baseline -0.005 -12"><span class='ocrx_word' id='word_1_61' title='bbox 452 991 517 1047; x_wconf 89' lang='lat' dir='ltr'>Ut</span> <span class='ocrx_word' id='word_1_62' title='bbox 547 988 784 1044; x_wconf 79' lang='lat' dir='ltr'>Ecclesia</span> <span class='ocrx_word' id='word_1_63' title='bbox 811 986 1060 1059; x_wconf 83' lang='lat' dir='ltr'>subjecta</span> <span class='ocrx_word' id='word_1_64' title='bbox 1087 995 1165 1045; x_wconf 89' lang='lat' dir='ltr'>est</span> <span class='ocrx_word' id='word_1_65' title='bbox 1195 986 1432 1052; x_wconf 79' lang='lat' dir='ltr'>Christo,</span> <span class='ocrx_word' id='word_1_66' title='bbox 1478 988 1565 1041; x_wconf 81' lang='lat' dir='ltr'>ita.</span> <span class='ocrx_word' id='word_1_67' title='bbox 1614 990 1664 1042; x_wconf 88' lang='lat' dir='ltr'>et</span> <span class='ocrx_word' id='word_1_68' title='bbox 1721 1001 1924 1041; x_wconf 71' lang='lat' dir='ltr'>uxores</span> <span class='ocrx_word' id='word_1_69' title='bbox 1968 985 2102 1039; x_wconf 84' lang='lat' dir='ltr'>viris</span> 
     </span>
    </p>
   </div>
   <div class='ocr_carea' id='block_1_10' title="bbox 447 1075 2105 1148">
    <p class='ocr_par' dir='ltr' id='par_1_10' title="bbox 447 1075 2105 1148">
     <span class='ocr_line' id='line_1_10' title="bbox 447 1075 2105 1148; baseline -0.004 -13"><span class='ocrx_word' id='word_1_70' title='bbox 447 1080 582 1135; x_wconf 80' lang='lat' dir='ltr'>suis.</span> <span class='ocrx_word' id='word_1_71' title='bbox 614 1077 668 1132; x_wconf 92' lang='lat' dir='ltr'>Si</span> <span class='ocrx_word' id='word_1_72' title='bbox 716 1077 874 1134; x_wconf 88' lang='lat' dir='ltr'>enim</span> <span class='ocrx_word' id='word_1_73' title='bbox 933 1076 1015 1134; x_wconf 85' lang='lat' dir='ltr'>ita</span> <span class='ocrx_word' id='word_1_74' title='bbox 1072 1093 1217 1133; x_wconf 88' lang='lat' dir='ltr'>uxor</span> <span class='ocrx_word' id='word_1_75' title='bbox 1275 1075 1643 1148; x_wconf 83' lang='lat' dir='ltr'>subjicienda</span> <span class='ocrx_word' id='word_1_76' title='bbox 1690 1075 1813 1131; x_wconf 89' lang='lat' dir='ltr'>viro</span> <span class='ocrx_word' id='word_1_77' title='bbox 1871 1078 1980 1141; x_wconf 89' lang='lat' dir='ltr'>est,</span> <span class='ocrx_word' id='word_1_78' title='bbox 2042 1077 2105 1129; x_wconf 90' lang='lat' dir='ltr'>ut</span> 
     </span>
    </p>
   </div>
   <div class='ocr_carea' id='block_1_11' title="bbox 447 1164 2101 1238">
    <p class='ocr_par' dir='ltr' id='par_1_11' title="bbox 447 1164 2101 1238">
     <span class='ocr_line' id='line_1_11' title="bbox 447 1164 2101 1238; baseline -0.004 -13"><span class='ocrx_word' id='word_1_79' title='bbox 447 1166 675 1225; x_wconf 89' lang='lat' dir='ltr'>Christo</span> <span class='ocrx_word' id='word_1_80' title='bbox 707 1166 990 1238; x_wconf 83' lang='lat' dir='ltr'>Ecclesia,</span> <span class='ocrx_word' id='word_1_81' title='bbox 1022 1166 1175 1223; x_wconf 89' lang='lat' dir='ltr'>inter</span> <span class='ocrx_word' id='word_1_82' title='bbox 1200 1165 1392 1222; x_wconf 91' lang='lat' dir='ltr'>virum</span> <span class='ocrx_word' id='word_1_83' title='bbox 1427 1171 1485 1221; x_wconf 91' lang='lat' dir='ltr'>et</span> <span class='ocrx_word' id='word_1_84' title='bbox 1515 1182 1754 1221; x_wconf 89' lang='lat' dir='ltr'>uxorem</span> <span class='ocrx_word' id='word_1_85' title='bbox 1785 1164 1895 1221; x_wconf 91' lang='lat' dir='ltr'>erit</span> <span class='ocrx_word' id='word_1_86' title='bbox 1933 1180 2101 1219; x_wconf 89' lang='lat' dir='ltr'>sanc-</span> 
     </span>
    </p>
   </div>
   <div class='ocr_carea' id='block_1_12' title="bbox 448 1254 2101 1328">
    <p class='ocr_par' dir='ltr' id='par_1_12' title="bbox 448 1254 2101 1328">
     <span class='ocr_line' id='line_1_12' title="bbox 448 1254 2101 1328; baseline -0.003 -15"><span class='ocrx_word' id='word_1_87' title='bbox 448 1261 513 1313; x_wconf 89' lang='lat' dir='ltr'>ta</span> <span class='ocrx_word' id='word_1_88' title='bbox 539 1256 902 1328; x_wconf 88' lang='lat' dir='ltr'>conjunctio,</span> <span class='ocrx_word' id='word_1_89' title='bbox 935 1260 992 1312; x_wconf 92' lang='lat' dir='ltr'>et</span> <span class='ocrx_word' id='word_1_90' title='bbox 1020 1271 1328 1327; x_wconf 85' lang='lat' dir='ltr'>nunquam</span> <span class='ocrx_word' id='word_1_91' title='bbox 1360 1254 1620 1327; x_wconf 90' lang='lat' dir='ltr'>corporis</span> <span class='ocrx_word' id='word_1_92' title='bbox 1665 1254 1920 1311; x_wconf 87' lang='lat' dir='ltr'>servient</span> <span class='ocrx_word' id='word_1_93' title='bbox 1967 1270 2101 1325; x_wconf 89' lang='lat' dir='ltr'>pas-</span> 
     </span>
    </p>
   </div>
   <div class='ocr_carea' id='block_1_13' title="bbox 449 1342 2101 1416">
    <p class='ocr_par' dir='ltr' id='par_1_13' title="bbox 449 1342 2101 1416">
     <span class='ocr_line' id='line_1_13' title="bbox 449 1342 2101 1416; baseline -0.002 -14"><span class='ocrx_word' id='word_1_94' title='bbox 449 1345 741 1403; x_wconf 89' lang='lat' dir='ltr'>sionibus.</span> <span class='ocrx_word' id='word_1_95' title='bbox 776 1346 939 1410; x_wconf 89' lang='lat' dir='ltr'>Quod</span> <span class='ocrx_word' id='word_1_96' title='bbox 971 1345 1021 1400; x_wconf 89' lang='lat' dir='ltr'>si</span> <span class='ocrx_word' id='word_1_97' title='bbox 1053 1344 1222 1401; x_wconf 88' lang='lat' dir='ltr'>nobis</span> <span class='ocrx_word' id='word_1_98' title='bbox 1252 1343 1467 1416; x_wconf 83' lang='lat' dir='ltr'>aliquis</span> <span class='ocrx_word' id='word_1_99' title='bbox 1500 1342 1642 1398; x_wconf 92' lang='lat' dir='ltr'>illud</span> <span class='ocrx_word' id='word_1_100' title='bbox 1676 1343 1831 1415; x_wconf 92' lang='lat' dir='ltr'>quod</span> <span class='ocrx_word' id='word_1_101' title='bbox 1882 1343 1953 1398; x_wconf 90' lang='lat' dir='ltr'>ad</span> <span class='ocrx_word' id='word_1_102' title='bbox 1995 1343 2101 1398; x_wconf 92' lang='lat' dir='ltr'>Co-</span> 
     </span>
    </p>
   </div>
   <div class='ocr_carea' id='block_1_14' title="bbox 446 1432 2098 1507">
    <p class='ocr_par' dir='ltr' id='par_1_14' title="bbox 446 1432 2098 1507">
     <span class='ocr_line' id='line_1_14' title="bbox 446 1432 2098 1507; baseline -0.005 -14"><span class='ocrx_word' id='word_1_103' title='bbox 446 1434 707 1493; x_wconf 90' lang='lat' dir='ltr'>rinthios</span> <span class='ocrx_word' id='word_1_104' title='bbox 740 1435 1020 1492; x_wconf 88' lang='lat' dir='ltr'>scribitur</span> <span class='ocrx_word' id='word_1_105' title='bbox 1066 1433 1426 1507; x_wconf 86' lang='lat' dir='ltr'>opposuerit,</span> <span class='ocrx_word' id='word_1_106' title='bbox 1476 1433 1667 1489; x_wconf 92' lang='lat' dir='ltr'>virum</span> <span class='ocrx_word' id='word_1_107' title='bbox 1724 1432 1890 1488; x_wconf 91' lang='lat' dir='ltr'>uxori</span> <span class='ocrx_word' id='word_1_108' title='bbox 1937 1432 2098 1487; x_wconf 91' lang='lat' dir='ltr'>debi-</span> 
     </span>
    </p>
   </div>
   <div class='ocr_carea' id='block_1_15' title="bbox 449 1520 2098 1595">
    <p class='ocr_par' dir='ltr' id='par_1_15' title="bbox 449 1520 2098 1595">
     <span class='ocr_line' id='line_1_15' title="bbox 449 1520 2098 1595; baseline -0.004 -13"><span class='ocrx_word' id='word_1_109' title='bbox 449 1530 576 1582; x_wconf 90' lang='lat' dir='ltr'>tum</span> <span class='ocrx_word' id='word_1_110' title='bbox 612 1525 875 1595; x_wconf 89' lang='lat' dir='ltr'>reddere,</span> <span class='ocrx_word' id='word_1_111' title='bbox 907 1529 966 1580; x_wconf 92' lang='lat' dir='ltr'>et</span> <span class='ocrx_word' id='word_1_112' title='bbox 995 1539 1235 1580; x_wconf 91' lang='lat' dir='ltr'>uxorem</span> <span class='ocrx_word' id='word_1_113' title='bbox 1288 1522 1411 1579; x_wconf 86' lang='lat' dir='ltr'>viro</span> <span class='ocrx_word' id='word_1_114' title='bbox 1470 1522 1522 1594; x_wconf 90' lang='grc' dir='ltr'>(Ι</span> <span class='ocrx_word' id='word_1_115' title='bbox 1567 1522 1686 1578; x_wconf 84' lang='lat' dir='ltr'>Cor.</span> <span class='ocrx_word' id='word_1_116' title='bbox 1729 1539 1829 1587; x_wconf 80' lang='lat' dir='ltr'>vn,</span> <span class='ocrx_word' id='word_1_117' title='bbox 1862 1522 1937 1593; x_wconf 90' lang='lat'>3),</span> <span class='ocrx_word' id='word_1_118' title='bbox 1972 1520 2098 1576; x_wconf 90' lang='lat' dir='ltr'>ani-</span> 
     </span>
    </p>
   </div>
   <div class='ocr_carea' id='block_1_16' title="bbox 449 1609 2100 1687">
    <p class='ocr_par' dir='ltr' id='par_1_16' title="bbox 449 1609 2100 1687">
     <span class='ocr_line' id='line_1_16' title="bbox 449 1609 2100 1687; baseline -0.004 -15"><span class='ocrx_word' id='word_1_119' title='bbox 449 1615 781 1672; x_wconf 90' lang='lat' dir='ltr'>madvertat</span> <span class='ocrx_word' id='word_1_120' title='bbox 809 1630 1089 1687; x_wconf 90' lang='lat' dir='ltr'>magnam</span> <span class='ocrx_word' id='word_1_121' title='bbox 1137 1613 1289 1669; x_wconf 93' lang='lat' dir='ltr'>inter</span> <span class='ocrx_word' id='word_1_122' title='bbox 1336 1612 1668 1670; x_wconf 82' lang='lat' dir='ltr'>Corinthios</span> <span class='ocrx_word' id='word_1_123' title='bbox 1713 1616 1771 1668; x_wconf 93' lang='lat' dir='ltr'>et</span> <span class='ocrx_word' id='word_1_124' title='bbox 1817 1609 2100 1683; x_wconf 86' lang='lat' dir='ltr'>Ephesios</span> 
     </span>
    </p>
   </div>
   <div class='ocr_carea' id='block_1_17' title="bbox 449 1699 2102 1775">
    <p class='ocr_par' dir='ltr' id='par_1_17' title="bbox 449 1699 2102 1775">
     <span class='ocr_line' id='line_1_17' title="bbox 449 1699 2102 1775; baseline -0.003 -15"><span class='ocrx_word' id='word_1_125' title='bbox 449 1720 583 1761; x_wconf 89' lang='lat' dir='ltr'>esse</span> <span class='ocrx_word' id='word_1_126' title='bbox 609 1703 972 1760; x_wconf 85' lang='lat' dir='ltr'>distantiam.</span> <span class='ocrx_word' id='word_1_127' title='bbox 1006 1701 1130 1759; x_wconf 91' lang='lat' dir='ltr'>Illis</span> <span class='ocrx_word' id='word_1_128' title='bbox 1162 1701 1331 1775; x_wconf 91' lang='lat' dir='ltr'>quasi</span> <span class='ocrx_word' id='word_1_129' title='bbox 1363 1700 1622 1775; x_wconf 88' lang='lat' dir='ltr'>parvulis</span> <span class='ocrx_word' id='word_1_130' title='bbox 1681 1705 1857 1773; x_wconf 88' lang='lat' dir='ltr'>atque</span> <span class='ocrx_word' id='word_1_131' title='bbox 1887 1699 2102 1757; x_wconf 78' lang='lat' dir='ltr'>lacten—</span> 
     </span>
    </p>
   </div>
   <div class='ocr_carea' id='block_1_18' title="bbox 380 1784 2101 1865">
    <p class='ocr_par' dir='ltr' id='par_1_18' title="bbox 380 1784 2101 1865">
     <span class='ocr_line' id='line_1_18' title="bbox 380 1784 2101 1865; baseline -0.003 -16"><span class='ocrx_word' id='word_1_132' title='bbox 380 1784 385 1787; x_wconf 69' lang='grc'><em>’</em></span> <span class='ocrx_word' id='word_1_133' title='bbox 449 1793 610 1850; x_wconf 86' lang='lat' dir='ltr'>tibus</span> <span class='ocrx_word' id='word_1_134' title='bbox 640 1792 936 1860; x_wconf 90' lang='lat' dir='ltr'>scribitur,</span> <span class='ocrx_word' id='word_1_135' title='bbox 973 1793 1034 1848; x_wconf 91' lang='lat' dir='ltr'>in</span> <span class='ocrx_word' id='word_1_136' title='bbox 1094 1792 1311 1865; x_wconf 92' lang='lat' dir='ltr'>quibus</span> <span class='ocrx_word' id='word_1_137' title='bbox 1369 1797 1537 1848; x_wconf 90' lang='lat' dir='ltr'>erant</span> <span class='ocrx_word' id='word_1_138' title='bbox 1594 1790 1994 1847; x_wconf 89' lang='lat' dir='ltr'>dissensiones</span> <span class='ocrx_word' id='word_1_139' title='bbox 2043 1793 2101 1845; x_wconf 90' lang='lat' dir='ltr'>et</span> 
     </span>
    </p>
   </div>
   <div class='ocr_carea' id='block_1_19' title="bbox 2212 627 3858 700">
    <p class='ocr_par' dir='ltr' id='par_1_19' title="bbox 2212 627 3858 700">
     <span class='ocr_line' id='line_1_19' title="bbox 2212 627 3858 700; baseline 0.001 -17"><span class='ocrx_word' id='word_1_140' title='bbox 2212 627 2476 683; x_wconf 89' lang='lat' dir='ltr'>dicentes</span> <span class='ocrx_word' id='word_1_141' title='bbox 2505 629 2875 685; x_wconf 87' lang='lat' dir='ltr'>occasionem</span> <span class='ocrx_word' id='word_1_142' title='bbox 2925 628 3210 686; x_wconf 68' lang='lat' dir='ltr'>haereticis</span> <span class='ocrx_word' id='word_1_143' title='bbox 3260 629 3472 686; x_wconf 91' lang='lat' dir='ltr'>damus</span> <span class='ocrx_word' id='word_1_144' title='bbox 3520 628 3618 700; x_wconf 90' lang='lat' dir='ltr'>qui</span> <span class='ocrx_word' id='word_1_145' title='bbox 3651 644 3858 685; x_wconf 89' lang='lat' dir='ltr'>omnes</span> 
     </span>
    </p>
   </div>
   <div class='ocr_carea' id='block_1_20' title="bbox 2211 715 3853 791">
    <p class='ocr_par' dir='ltr' id='par_1_20' title="bbox 2211 715 3853 791">
     <span class='ocr_line' id='line_1_20' title="bbox 2211 715 3853 791; baseline -0.001 -18"><span class='ocrx_word' id='word_1_146' title='bbox 2211 717 2449 774; x_wconf 89' lang='lat' dir='ltr'>omnino</span> <span class='ocrx_word' id='word_1_147' title='bbox 2482 717 2717 790; x_wconf 89' lang='lat' dir='ltr'>nuptias</span> <span class='ocrx_word' id='word_1_148' title='bbox 2774 717 3169 791; x_wconf 89' lang='lat' dir='ltr'>repudiandas</span> <span class='ocrx_word' id='word_1_149' title='bbox 3218 722 3464 791; x_wconf 90' lang='lat' dir='ltr'>putant:</span> <span class='ocrx_word' id='word_1_150' title='bbox 3520 721 3578 773; x_wconf 91' lang='lat' dir='ltr'>et</span> <span class='ocrx_word' id='word_1_151' title='bbox 3624 717 3733 773; x_wconf 93' lang='lat' dir='ltr'>hoc</span> <span class='ocrx_word' id='word_1_152' title='bbox 3763 715 3853 773; x_wconf 89' lang='lat' dir='ltr'>vel</span> 
     </span>
    </p>
   </div>
   <div class='ocr_carea' id='block_1_21' title="bbox 2212 806 3846 876">
    <p class='ocr_par' dir='ltr' id='par_1_21' title="bbox 2212 806 3846 876">
     <span class='ocr_line' id='line_1_21' title="bbox 2212 806 3846 876; baseline 0 -13"><span class='ocrx_word' id='word_1_153' title='bbox 2212 806 2464 864; x_wconf 84' lang='lat' dir='ltr'>maxime</span> <span class='ocrx_word' id='word_1_154' title='bbox 2495 811 2743 863; x_wconf 89' lang='lat' dir='ltr'>utuntur</span> <span class='ocrx_word' id='word_1_155' title='bbox 2798 808 3152 864; x_wconf 90' lang='lat' dir='ltr'>testimonio.</span> <span class='ocrx_word' id='word_1_156' title='bbox 3204 808 3428 873; x_wconf 90' lang='lat' dir='ltr'>Quibus</span> <span class='ocrx_word' id='word_1_157' title='bbox 3475 806 3711 864; x_wconf 90' lang='lat' dir='ltr'>brevius</span> <span class='ocrx_word' id='word_1_158' title='bbox 3740 806 3846 876; x_wconf 84' lang='lat' dir='ltr'>(Al.</span> 
     </span>
    </p>
   </div>
   <div class='ocr_carea' id='block_1_22' title="bbox 2210 896 3855 970">
    <p class='ocr_par' dir='ltr' id='par_1_22' title="bbox 2210 896 3855 970">
     <span class='ocr_line' id='line_1_22' title="bbox 2210 896 3855 970; baseline 0 -19"><span class='ocrx_word' id='word_1_159' title='bbox 2210 897 2481 969; x_wconf 85' lang='lat' dir='ltr'>breviter)</span> <span class='ocrx_word' id='word_1_160' title='bbox 2512 897 3008 970; x_wconf 89' lang='lat' dir='ltr'>respondendum,</span> <span class='ocrx_word' id='word_1_161' title='bbox 3043 896 3346 969; x_wconf 89' lang='lat' dir='ltr'>passiones</span> <span class='ocrx_word' id='word_1_162' title='bbox 3375 896 3472 953; x_wconf 88' lang='lat' dir='ltr'>hic</span> <span class='ocrx_word' id='word_1_163' title='bbox 3502 900 3560 952; x_wconf 89' lang='lat' dir='ltr'>et</span> <span class='ocrx_word' id='word_1_164' title='bbox 3596 896 3855 952; x_wconf 89' lang='lat' dir='ltr'>immun-</span> 
     </span>
    </p>
   </div>
   <div class='ocr_carea' id='block_1_23' title="bbox 2211 984 3849 1059">
    <p class='ocr_par' dir='ltr' id='par_1_23' title="bbox 2211 984 3849 1059">
     <span class='ocr_line' id='line_1_23' title="bbox 2211 984 3849 1059; baseline -0.001 -18"><span class='ocrx_word' id='word_1_165' title='bbox 2211 984 2442 1054; x_wconf 89' lang='lat' dir='ltr'>ditiam,</span> <span class='ocrx_word' id='word_1_166' title='bbox 2473 992 2529 1042; x_wconf 92' lang='lat' dir='ltr'>et</span> <span class='ocrx_word' id='word_1_167' title='bbox 2564 986 2857 1042; x_wconf 84' lang='lat' dir='ltr'>luxuriam</span> <span class='ocrx_word' id='word_1_168' title='bbox 2887 986 2957 1042; x_wconf 87' lang='lat' dir='ltr'>ab</span> <span class='ocrx_word' id='word_1_169' title='bbox 2988 986 3257 1059; x_wconf 89' lang='lat' dir='ltr'>Apostolo</span> <span class='ocrx_word' id='word_1_170' title='bbox 3287 985 3442 1042; x_wconf 90' lang='lat' dir='ltr'>inter</span> <span class='ocrx_word' id='word_1_171' title='bbox 3481 986 3761 1042; x_wconf 91' lang='lat' dir='ltr'>maritum</span> <span class='ocrx_word' id='word_1_172' title='bbox 3791 989 3849 1043; x_wconf 91' lang='lat' dir='ltr'>et</span> 
     </span>
    </p>
   </div>
   <div class='ocr_carea' id='block_1_24' title="bbox 2212 1074 3854 1147">
    <p class='ocr_par' dir='ltr' id='par_1_24' title="bbox 2212 1074 3854 1147">
     <span class='ocr_line' id='line_1_24' title="bbox 2212 1074 3854 1147; baseline 0 -17"><span class='ocrx_word' id='word_1_173' title='bbox 2212 1092 2449 1131; x_wconf 88' lang='lat' dir='ltr'>uxorem</span> <span class='ocrx_word' id='word_1_174' title='bbox 2481 1076 2682 1146; x_wconf 86' lang='lat' dir='ltr'>vetari,</span> <span class='ocrx_word' id='word_1_175' title='bbox 2716 1092 2831 1132; x_wconf 94' lang='lat' dir='ltr'>non</span> <span class='ocrx_word' id='word_1_176' title='bbox 2864 1080 3127 1132; x_wconf 90' lang='lat' dir='ltr'>sanctam</span> <span class='ocrx_word' id='word_1_177' title='bbox 3160 1074 3633 1147; x_wconf 89' lang='lat' dir='ltr'>conjunctionem</span> <span class='ocrx_word' id='word_1_178' title='bbox 3664 1091 3677 1131; x_wconf 75' lang='grc' dir='ltr'>ε</span> <span class='ocrx_word' id='word_1_179' title='bbox 3712 1074 3854 1131; x_wconf 89' lang='lat' dir='ltr'>alio-</span> 
     </span>
    </p>
   </div>
   <div class='ocr_carea' id='block_1_25' title="bbox 2210 1164 3855 1238">
    <p class='ocr_par' dir='ltr' id='par_1_25' title="bbox 2210 1164 3855 1238">
     <span class='ocr_line' id='line_1_25' title="bbox 2210 1164 3855 1238; baseline 0.001 -19"><span class='ocrx_word' id='word_1_180' title='bbox 2210 1164 2353 1236; x_wconf 87' lang='lat' dir='ltr'>quin</span> <span class='ocrx_word' id='word_1_181' title='bbox 2385 1164 2435 1220; x_wconf 88' lang='lat' dir='ltr'>si</span> <span class='ocrx_word' id='word_1_182' title='bbox 2464 1165 2803 1237; x_wconf 89' lang='lat' dir='ltr'>conjugium</span> <span class='ocrx_word' id='word_1_183' title='bbox 2858 1165 3097 1221; x_wconf 88' lang='lat' dir='ltr'>omnino</span> <span class='ocrx_word' id='word_1_184' title='bbox 3146 1165 3514 1238; x_wconf 88' lang='lat' dir='ltr'>prohibebat,</span> <span class='ocrx_word' id='word_1_185' title='bbox 3562 1166 3702 1238; x_wconf 91' lang='lat' dir='ltr'>quid</span> <span class='ocrx_word' id='word_1_186' title='bbox 3751 1182 3855 1221; x_wconf 85' lang='lat' dir='ltr'>ne-</span> 
     </span>
    </p>
   </div>
   <div class='ocr_carea' id='block_1_26' title="bbox 2211 1254 3856 1327">
    <p class='ocr_par' dir='ltr' id='par_1_26' title="bbox 2211 1254 3856 1327">
     <span class='ocr_line' id='line_1_26' title="bbox 2211 1254 3856 1327; baseline 0.001 -18"><span class='ocrx_word' id='word_1_187' title='bbox 2211 1270 2372 1309; x_wconf 90' lang='lat' dir='ltr'>cesse</span> <span class='ocrx_word' id='word_1_188' title='bbox 2402 1254 2514 1309; x_wconf 83' lang='lat' dir='ltr'>fuit</span> <span class='ocrx_word' id='word_1_189' title='bbox 2543 1254 2756 1322; x_wconf 90' lang='lat' dir='ltr'>dicere,</span> <span class='ocrx_word' id='word_1_190' title='bbox 2790 1271 2985 1311; x_wconf 71' lang='lat' dir='ltr'>uxores</span> <span class='ocrx_word' id='word_1_191' title='bbox 3035 1258 3262 1321; x_wconf 82' lang='lat' dir='ltr'>vestras,</span> <span class='ocrx_word' id='word_1_192' title='bbox 3312 1271 3447 1310; x_wconf 91' lang='lat' dir='ltr'>cum</span> <span class='ocrx_word' id='word_1_193' title='bbox 3486 1254 3742 1327; x_wconf 90' lang='lat' dir='ltr'>potuerit</span> <span class='ocrx_word' id='word_1_194' title='bbox 3770 1254 3856 1310; x_wconf 84' lang='lat' dir='ltr'>di-</span> 
     </span>
    </p>
   </div>
   <div class='ocr_carea' id='block_1_27' title="bbox 2209 1342 3855 1417">
    <p class='ocr_par' dir='ltr' id='par_1_27' title="bbox 2209 1342 3855 1417">
     <span class='ocr_line' id='line_1_27' title="bbox 2209 1342 3855 1417; baseline 0.001 -19"><span class='ocrx_word' id='word_1_195' title='bbox 2209 1358 2377 1399; x_wconf 86' lang='lat' dir='ltr'>cere:</span> <span class='ocrx_word' id='word_1_196' title='bbox 2412 1342 2554 1413; x_wconf 89' lang='lat' dir='ltr'>Viri,</span> <span class='ocrx_word' id='word_1_197' title='bbox 2589 1343 2816 1417; x_wconf 87' lang='lat' dir='ltr'>diligite</span> <span class='ocrx_word' id='word_1_198' title='bbox 2875 1342 3170 1410; x_wconf 89' lang='lat' dir='ltr'>mulieres,</span> <span class='ocrx_word' id='word_1_199' title='bbox 3219 1343 3306 1400; x_wconf 87' lang='lat' dir='ltr'>vel</span> <span class='ocrx_word' id='word_1_200' title='bbox 3354 1360 3583 1400; x_wconf 88' lang='lat' dir='ltr'>uxores.</span> <span class='ocrx_word' id='word_1_201' title='bbox 3638 1346 3855 1401; x_wconf 80' lang='lat' dir='ltr'>Vestras</span> 
     </span>
    </p>
   </div>
   <div class='ocr_carea' id='block_1_28' title="bbox 2211 1432 3856 1505">
    <p class='ocr_par' dir='ltr' id='par_1_28' title="bbox 2211 1432 3856 1505">
     <span class='ocr_line' id='line_1_28' title="bbox 2211 1432 3856 1505; baseline 0.001 -17"><span class='ocrx_word' id='word_1_202' title='bbox 2211 1432 2367 1488; x_wconf 91' lang='lat' dir='ltr'>enim</span> <span class='ocrx_word' id='word_1_203' title='bbox 2400 1432 2631 1505; x_wconf 90' lang='lat' dir='ltr'>proprie</span> <span class='ocrx_word' id='word_1_204' title='bbox 2688 1433 3132 1489; x_wconf 88' lang='lat' dir='ltr'>matrimonium</span> <span class='ocrx_word' id='word_1_205' title='bbox 3181 1436 3369 1489; x_wconf 83' lang='lat' dir='ltr'>sonat.</span> <span class='ocrx_word' id='word_1_206' title='bbox 3405 1437 3473 1488; x_wconf 88' lang='lat' dir='ltr'>Et</span> <span class='ocrx_word' id='word_1_207' title='bbox 3518 1450 3752 1489; x_wconf 90' lang='lat' dir='ltr'>rursum</span> <span class='ocrx_word' id='word_1_208' title='bbox 3794 1434 3856 1490; x_wconf 91' lang='lat' dir='ltr'>in</span> 
     </span>
    </p>
   </div>
   <div class='ocr_carea' id='block_1_29' title="bbox 2210 1522 3860 1594">
    <p class='ocr_par' dir='ltr' id='par_1_29' title="bbox 2210 1522 3860 1594">
     <span class='ocr_line' id='line_1_29' title="bbox 2210 1522 3860 1594; baseline 0.001 -17"><span class='ocrx_word' id='word_1_209' title='bbox 2210 1522 2595 1594; x_wconf 84' lang='lat' dir='ltr'>sequentibus</span> <span class='ocrx_word' id='word_1_210' title='bbox 2620 1537 2633 1577; x_wconf 93' lang='lat'>:</span> <span class='ocrx_word' id='word_1_211' title='bbox 2666 1522 2734 1577; x_wconf 89' lang='lat' dir='ltr'>Et</span> <span class='ocrx_word' id='word_1_212' title='bbox 2760 1524 2870 1577; x_wconf 86' lang='lat' dir='ltr'>viri</span> <span class='ocrx_word' id='word_1_213' title='bbox 2898 1522 3095 1578; x_wconf 83' lang='lat' dir='ltr'>debent</span> <span class='ocrx_word' id='word_1_214' title='bbox 3120 1522 3360 1593; x_wconf 84' lang='lat' dir='ltr'>diligere</span> <span class='ocrx_word' id='word_1_215' title='bbox 3389 1538 3585 1579; x_wconf 73' lang='lat' dir='ltr'>uxores</span> <span class='ocrx_word' id='word_1_216' title='bbox 3620 1539 3752 1578; x_wconf 81' lang='lat' dir='ltr'>suas</span> <span class='ocrx_word' id='word_1_217' title='bbox 3788 1524 3860 1579; x_wconf 85' lang='lat' dir='ltr'>si-</span> 
     </span>
    </p>
   </div>
   <div class='ocr_carea' id='block_1_30' title="bbox 2207 1610 3855 1683">
    <p class='ocr_par' dir='ltr' id='par_1_30' title="bbox 2207 1610 3855 1683">
     <span class='ocr_line' id='line_1_30' title="bbox 2207 1610 3855 1683; baseline -0.001 -15"><span class='ocrx_word' id='word_1_218' title='bbox 2207 1620 2299 1668; x_wconf 85' lang='lat' dir='ltr'>cut</span> <span class='ocrx_word' id='word_1_219' title='bbox 2328 1628 2429 1666; x_wconf 84' lang='lat' dir='ltr'>sua</span> <span class='ocrx_word' id='word_1_220' title='bbox 2460 1626 2685 1682; x_wconf 81' lang='lat' dir='ltr'>corpora</span> <span class='ocrx_word' id='word_1_221' title='bbox 2721 1612 2884 1676; x_wconf 90' lang='lat' dir='ltr'>(vers.</span> <span class='ocrx_word' id='word_1_222' title='bbox 2918 1611 3008 1683; x_wconf 86' lang='lat'>28)</span> <span class='ocrx_word' id='word_1_223' title='bbox 3038 1628 3051 1666; x_wconf 87' lang='lat'>:</span> <span class='ocrx_word' id='word_1_224' title='bbox 3100 1616 3157 1667; x_wconf 90' lang='lat' dir='ltr'>et</span> <span class='ocrx_word' id='word_1_225' title='bbox 3208 1612 3400 1667; x_wconf 89' lang='lat' dir='ltr'>adhuc</span> <span class='ocrx_word' id='word_1_226' title='bbox 3439 1610 3855 1669; x_wconf 85' lang='lat' dir='ltr'>manifestius:</span> 
     </span>
    </p>
   </div>
   <div class='ocr_carea' id='block_1_31' title="bbox 2211 1700 3858 1774">
    <p class='ocr_par' dir='ltr' id='par_1_31' title="bbox 2211 1700 3858 1774">
     <span class='ocr_line' id='line_1_31' title="bbox 2211 1700 3858 1774; baseline 0.001 -19"><span class='ocrx_word' id='word_1_227' title='bbox 2211 1702 2328 1773; x_wconf 85' lang='lat' dir='ltr'>Qui</span> <span class='ocrx_word' id='word_1_228' title='bbox 2368 1716 2605 1755; x_wconf 68' lang='lat' dir='ltr'>uxorem</span> <span class='ocrx_word' id='word_1_229' title='bbox 2642 1716 2803 1756; x_wconf 87' lang='lat' dir='ltr'>suam</span> <span class='ocrx_word' id='word_1_230' title='bbox 2847 1700 3050 1769; x_wconf 79' lang='lat' dir='ltr'>diligit,</span> <span class='ocrx_word' id='word_1_231' title='bbox 3110 1702 3351 1773; x_wconf 84' lang='lat' dir='ltr'>seipsum</span> <span class='ocrx_word' id='word_1_232' title='bbox 3414 1701 3645 1774; x_wconf 81' lang='lat' dir='ltr'>diligit:</span> <span class='ocrx_word' id='word_1_233' title='bbox 3692 1702 3858 1757; x_wconf 87' lang='lat' dir='ltr'>Nemo</span> 
     </span>
    </p>
   </div>
   <div class='ocr_carea' id='block_1_32' title="bbox 2209 1790 3861 1862">
    <p class='ocr_par' dir='ltr' id='par_1_32' title="bbox 2209 1790 3861 1862">
     <span class='ocr_line' id='line_1_32' title="bbox 2209 1790 3861 1862; baseline 0 -16"><span class='ocrx_word' id='word_1_234' title='bbox 2209 1792 2359 1846; x_wconf 82' lang='lat' dir='ltr'>enim</span> <span class='ocrx_word' id='word_1_235' title='bbox 2387 1806 2632 1862; x_wconf 83' lang='lat' dir='ltr'>unquam</span> <span class='ocrx_word' id='word_1_236' title='bbox 2658 1806 2818 1845; x_wconf 85' lang='lat' dir='ltr'>suam</span> <span class='ocrx_word' id='word_1_237' title='bbox 2846 1805 3074 1847; x_wconf 75' lang='lat' dir='ltr'>comem</span> <span class='ocrx_word' id='word_1_238' title='bbox 3117 1790 3252 1857; x_wconf 84' lang='lat' dir='ltr'>odit,</span> <span class='ocrx_word' id='word_1_239' title='bbox 3290 1790 3382 1847; x_wconf 87' lang='lat' dir='ltr'>sed</span> <span class='ocrx_word' id='word_1_240' title='bbox 3420 1792 3600 1847; x_wconf 81' lang='lat' dir='ltr'>nutrit</span> <span class='ocrx_word' id='word_1_241' title='bbox 3639 1794 3691 1846; x_wconf 90' lang='lat' dir='ltr'>et</span> <span class='ocrx_word' id='word_1_242' title='bbox 3717 1795 3861 1861; x_wconf 81' lang='lat' dir='ltr'>fovet</span> 
     </span>
    </p>
   </div>
   <div class='ocr_carea' id='block_1_33' title="bbox 449 1876 3864 1975">
    <p class='ocr_par' dir='ltr' id='par_1_33' title="bbox 449 1876 3864 1975">
     <span class='ocr_line' id='line_1_33' title="bbox 449 1876 3864 1975; baseline -0.001 -36"><span class='ocrx_word' id='word_1_243' title='bbox 449 1882 796 1948; x_wconf 88' lang='lat' dir='ltr'>schismata,</span> <span class='ocrx_word' id='word_1_244' title='bbox 826 1886 884 1938; x_wconf 92' lang='lat' dir='ltr'>et</span> <span class='ocrx_word' id='word_1_245' title='bbox 912 1881 1262 1938; x_wconf 88' lang='lat' dir='ltr'>audiebatur</span> <span class='ocrx_word' id='word_1_246' title='bbox 1314 1880 1617 1938; x_wconf 88' lang='lat' dir='ltr'>fornicatio</span> <span class='ocrx_word' id='word_1_247' title='bbox 1667 1878 1860 1952; x_wconf 90' lang='lat' dir='ltr'>qualis</span> <span class='ocrx_word' id='word_1_248' title='bbox 1916 1894 1987 1975; x_wconf 79' lang='lat' dir='ltr'>ne</span> <span class='ocrx_word' id='word_1_249' title='bbox 2017 1876 2102 1932; x_wconf 91' lang='lat' dir='ltr'>in-</span> <span class='ocrx_word' id='word_1_250' title='bbox 2132 1909 2181 1975; x_wconf 83' lang='lat' dir='ltr'><strong>B</strong></span> <span class='ocrx_word' id='word_1_251' title='bbox 2211 1896 2334 1937; x_wconf 85' lang='lat' dir='ltr'>eam</span> <span class='ocrx_word' id='word_1_252' title='bbox 2364 1880 2527 1952; x_wconf 84' lang='lat' dir='ltr'>(vers.</span> <span class='ocrx_word' id='word_1_253' title='bbox 2558 1880 2681 1952; x_wconf 85' lang='lat'>29):</span> <span class='ocrx_word' id='word_1_254' title='bbox 2719 1880 2859 1951; x_wconf 91' lang='lat' dir='ltr'>quia</span> <span class='ocrx_word' id='word_1_255' title='bbox 2905 1879 3235 1936; x_wconf 91' lang='lat' dir='ltr'>secundum</span> <span class='ocrx_word' id='word_1_256' title='bbox 3287 1879 3547 1975; x_wconf 71' lang='lat' dir='ltr'>edictum</span> <span class='ocrx_word' id='word_1_257' title='bbox 3579 1879 3726 1953; x_wconf 83' lang='lat' dir='ltr'>legis</span> <span class='ocrx_word' id='word_1_258' title='bbox 3748 1896 3864 1975; x_wconf 78' lang='lat' dir='ltr'>an-</span> 
     </span>
    </p>
   </div>
   <div class='ocr_carea' id='block_1_34' title="bbox 447 1967 2096 2046">
    <p class='ocr_par' dir='ltr' id='par_1_34' title="bbox 447 1967 2096 2046">
     <span class='ocr_line' id='line_1_34' title="bbox 447 1967 2096 2046; baseline -0.004 -18"><span class='ocrx_word' id='word_1_259' title='bbox 447 1976 537 2029; x_wconf 90' lang='lat' dir='ltr'>ter</span> <span class='ocrx_word' id='word_1_260' title='bbox 569 1976 774 2046; x_wconf 88' lang='lat' dir='ltr'>gentes</span> <span class='ocrx_word' id='word_1_261' title='bbox 804 1972 1087 2044; x_wconf 88' lang='lat' dir='ltr'>quidem;</span> <span class='ocrx_word' id='word_1_262' title='bbox 1146 1977 1204 2028; x_wconf 91' lang='lat' dir='ltr'>et</span> <span class='ocrx_word' id='word_1_263' title='bbox 1260 1974 1565 2045; x_wconf 88' lang='lat' dir='ltr'>propterea</span> <span class='ocrx_word' id='word_1_264' title='bbox 1612 1970 1697 2026; x_wconf 91' lang='lat' dir='ltr'>eis</span> <span class='ocrx_word' id='word_1_265' title='bbox 1737 1967 2096 2033; x_wconf 88' lang='lat' dir='ltr'>conceditur,</span> 
     </span>
    </p>
   </div>
   <div class='ocr_carea' id='block_1_35' title="bbox 448 2059 2097 2134">
    <p class='ocr_par' dir='ltr' id='par_1_35' title="bbox 448 2059 2097 2134">
     <span class='ocr_line' id='line_1_35' title="bbox 448 2059 2097 2134; baseline -0.003 -18"><span class='ocrx_word' id='word_1_266' title='bbox 448 2065 517 2117; x_wconf 92' lang='lat' dir='ltr'>ut</span> <span class='ocrx_word' id='word_1_267' title='bbox 547 2064 684 2134; x_wconf 83' lang='lat' dir='ltr'>post</span> <span class='ocrx_word' id='word_1_268' title='bbox 713 2059 1036 2117; x_wconf 90' lang='lat' dir='ltr'>orationem</span> <span class='ocrx_word' id='word_1_269' title='bbox 1068 2060 1141 2117; x_wconf 94' lang='lat' dir='ltr'>ad</span> <span class='ocrx_word' id='word_1_270' title='bbox 1171 2060 1430 2133; x_wconf 91' lang='lat' dir='ltr'>idipsum</span> <span class='ocrx_word' id='word_1_271' title='bbox 1463 2059 1719 2129; x_wconf 87' lang='lat' dir='ltr'>redeant,</span> <span class='ocrx_word' id='word_1_272' title='bbox 1753 2075 1826 2115; x_wconf 92' lang='lat' dir='ltr'>ne</span> <span class='ocrx_word' id='word_1_273' title='bbox 1872 2060 2097 2113; x_wconf 88' lang='lat' dir='ltr'>tenten-</span> 
     </span>
    </p>
   </div>
   <div class='ocr_carea' id='block_1_36' title="bbox 444 2148 2095 2221">
    <p class='ocr_par' dir='ltr' id='par_1_36' title="bbox 444 2148 2095 2221">
     <span class='ocr_line' id='line_1_36' title="bbox 444 2148 2095 2221; baseline -0.002 -16"><span class='ocrx_word' id='word_1_274' title='bbox 444 2155 544 2206; x_wconf 89' lang='lat' dir='ltr'>tur</span> <span class='ocrx_word' id='word_1_275' title='bbox 571 2168 605 2205; x_wconf 91' lang='lat' dir='ltr'>a</span> <span class='ocrx_word' id='word_1_276' title='bbox 634 2154 853 2206; x_wconf 89' lang='lat' dir='ltr'>Satana</span> <span class='ocrx_word' id='word_1_277' title='bbox 880 2166 893 2206; x_wconf 92' lang='lat'>:</span> <span class='ocrx_word' id='word_1_278' title='bbox 927 2150 1063 2206; x_wconf 89' lang='lat' dir='ltr'>licet</span> <span class='ocrx_word' id='word_1_279' title='bbox 1090 2155 1149 2206; x_wconf 89' lang='lat' dir='ltr'>et</span> <span class='ocrx_word' id='word_1_280' title='bbox 1197 2149 1277 2205; x_wconf 92' lang='lat' dir='ltr'>ibi</span> <span class='ocrx_word' id='word_1_281' title='bbox 1319 2149 1379 2205; x_wconf 93' lang='lat' dir='ltr'>in</span> <span class='ocrx_word' id='word_1_282' title='bbox 1429 2148 1950 2221; x_wconf 87' lang='lat' dir='ltr'>consequentibus,</span> <span class='ocrx_word' id='word_1_283' title='bbox 1982 2164 2095 2203; x_wconf 93' lang='lat' dir='ltr'>non</span> 
     </span>
    </p>
   </div>
   <div class='ocr_carea' id='block_1_37' title="bbox 437 2229 2097 2310">
    <p class='ocr_par' dir='ltr' id='par_1_37' title="bbox 437 2229 2097 2310">
     <span class='ocr_line' id='line_1_37' title="bbox 437 2229 2097 2310; baseline -0.001 -16"><span class='ocrx_word' id='word_1_284' title='bbox 437 2239 609 2310; x_wconf 81' lang='lat' dir='ltr'>juxta</span> <span class='ocrx_word' id='word_1_285' title='bbox 636 2238 1019 2306; x_wconf 88' lang='lat' dir='ltr'>voluntatem,</span> <span class='ocrx_word' id='word_1_286' title='bbox 1052 2239 1156 2296; x_wconf 90' lang='lat' dir='ltr'>sed</span> <span class='ocrx_word' id='word_1_287' title='bbox 1180 2239 1354 2310; x_wconf 82' lang='lat' dir='ltr'>juxta</span> <span class='ocrx_word' id='word_1_288' title='bbox 1391 2239 1545 2297; x_wconf 74' lang='lat'>056</span> <span class='ocrx_word' id='word_1_289' title='bbox 1595 2229 1986 2310; x_wconf 76' lang='grc' dir='ltr'>συγκατάϐασιν</span> <span class='ocrx_word' id='word_1_290' title='bbox 2034 2253 2097 2292; x_wconf 88' lang='lat' dir='ltr'>se</span> 
     </span>
    </p>
   </div>
   <div class='ocr_carea' id='block_1_38' title="bbox 445 2325 2095 2400">
    <p class='ocr_par' dir='ltr' id='par_1_38' title="bbox 445 2325 2095 2400">
     <span class='ocr_line' id='line_1_38' title="bbox 445 2325 2095 2400; baseline -0.002 -18"><span class='ocrx_word' id='word_1_291' title='bbox 445 2327 531 2383; x_wconf 90' lang='lat' dir='ltr'>eis</span> <span class='ocrx_word' id='word_1_292' title='bbox 561 2327 717 2383; x_wconf 90' lang='lat' dir='ltr'>dicat</span> <span class='ocrx_word' id='word_1_293' title='bbox 747 2326 1051 2400; x_wconf 88' lang='lat' dir='ltr'>ignoscere</span> <span class='ocrx_word' id='word_1_294' title='bbox 1084 2329 1130 2399; x_wconf 92' lang='grc'>(1</span> <span class='ocrx_word' id='word_1_295' title='bbox 1159 2328 1280 2383; x_wconf 85' lang='lat' dir='ltr'>Cor.</span> <span class='ocrx_word' id='word_1_296' title='bbox 1307 2344 1390 2395; x_wconf 89' lang='grc' dir='ltr'><strong>ιιι,</strong></span> <span class='ocrx_word' id='word_1_297' title='bbox 1412 2329 1465 2394; x_wconf 90' lang='grc'><strong>1,</strong></span> <span class='ocrx_word' id='word_1_298' title='bbox 1499 2328 1571 2395; x_wconf 90' lang='lat'>3;</span> <span class='ocrx_word' id='word_1_299' title='bbox 1600 2344 1653 2394; x_wconf 88' lang='lat' dir='ltr'>v,</span> <span class='ocrx_word' id='word_1_300' title='bbox 1690 2328 1715 2381; x_wconf 94' lang='grc'>1</span> <span class='ocrx_word' id='word_1_301' title='bbox 1742 2344 1757 2395; x_wconf 87' lang='grc'>;</span> <span class='ocrx_word' id='word_1_302' title='bbox 1789 2344 1893 2393; x_wconf 79' lang='grc' dir='ltr'><strong>νιι,</strong></span> <span class='ocrx_word' id='word_1_303' title='bbox 1927 2327 1982 2394; x_wconf 89' lang='grc'>5,</span> <span class='ocrx_word' id='word_1_304' title='bbox 2015 2325 2095 2396; x_wconf 88' lang='lat'>6.)</span> 
     </span>
    </p>
   </div>
   <div class='ocr_carea' id='block_1_39' title="bbox 442 2414 2093 2489">
    <p class='ocr_par' dir='ltr' id='par_1_39' title="bbox 442 2414 2093 2489">
     <span class='ocr_line' id='line_1_39' title="bbox 442 2414 2093 2489; baseline -0.002 -16"><span class='ocrx_word' id='word_1_305' title='bbox 442 2416 678 2488; x_wconf 88' lang='lat' dir='ltr'>Ephesii</span> <span class='ocrx_word' id='word_1_306' title='bbox 707 2433 862 2485; x_wconf 86' lang='lat' dir='ltr'>vero,</span> <span class='ocrx_word' id='word_1_307' title='bbox 896 2418 1049 2489; x_wconf 91' lang='lat' dir='ltr'>apud</span> <span class='ocrx_word' id='word_1_308' title='bbox 1083 2434 1231 2489; x_wconf 91' lang='lat' dir='ltr'>quos</span> <span class='ocrx_word' id='word_1_309' title='bbox 1274 2416 1409 2473; x_wconf 80' lang='lat' dir='ltr'>fecit</span> <span class='ocrx_word' id='word_1_310' title='bbox 1430 2415 1773 2482; x_wconf 91' lang='lat' dir='ltr'>triennium,</span> <span class='ocrx_word' id='word_1_311' title='bbox 1806 2418 1864 2470; x_wconf 89' lang='lat' dir='ltr'>et</span> <span class='ocrx_word' id='word_1_312' title='bbox 1892 2414 2093 2471; x_wconf 89' lang='lat' dir='ltr'>omnia</span> 
     </span>
    </p>
   </div>
   <div class='ocr_carea' id='block_1_40' title="bbox 443 2503 2091 2578">
    <p class='ocr_par' dir='ltr' id='par_1_40' title="bbox 443 2503 2091 2578">
     <span class='ocr_line' id='line_1_40' title="bbox 443 2503 2091 2578; baseline 0 -18"><span class='ocrx_word' id='word_1_313' title='bbox 443 2504 530 2561; x_wconf 89' lang='lat' dir='ltr'>eis</span> <span class='ocrx_word' id='word_1_314' title='bbox 559 2504 775 2561; x_wconf 86' lang='lat' dir='ltr'>Christi</span> <span class='ocrx_word' id='word_1_315' title='bbox 805 2508 1034 2578; x_wconf 88' lang='lat' dir='ltr'>aperuit</span> <span class='ocrx_word' id='word_1_316' title='bbox 1064 2510 1455 2572; x_wconf 90' lang='lat' dir='ltr'>sacramenta,</span> <span class='ocrx_word' id='word_1_317' title='bbox 1490 2505 1658 2561; x_wconf 87' lang='lat' dir='ltr'>aliter</span> <span class='ocrx_word' id='word_1_318' title='bbox 1704 2503 2091 2560; x_wconf 89' lang='lat' dir='ltr'>erudiuntur:</span> 
     </span>
    </p>
   </div>
   <div class='ocr_carea' id='block_1_41' title="bbox 443 2593 2092 2667">
    <p class='ocr_par' dir='ltr' id='par_1_41' title="bbox 443 2593 2092 2667">
     <span class='ocr_line' id='line_1_41' title="bbox 443 2593 2092 2667; baseline -0.001 -18"><span class='ocrx_word' id='word_1_319' title='bbox 443 2597 501 2649; x_wconf 90' lang='lat' dir='ltr'>et</span> <span class='ocrx_word' id='word_1_320' title='bbox 529 2593 704 2650; x_wconf 90' lang='lat' dir='ltr'>habet</span> <span class='ocrx_word' id='word_1_321' title='bbox 733 2596 1145 2667; x_wconf 90' lang='lat' dir='ltr'>unusquisque</span> <span class='ocrx_word' id='word_1_322' title='bbox 1176 2594 1405 2651; x_wconf 86' lang='lat' dir='ltr'>arbitrii</span> <span class='ocrx_word' id='word_1_323' title='bbox 1434 2594 1681 2652; x_wconf 87' lang='lat' dir='ltr'>liberam</span> <span class='ocrx_word' id='word_1_324' title='bbox 1721 2596 2092 2665; x_wconf 88' lang='lat' dir='ltr'>potestatem,</span> 
     </span>
    </p>
   </div>
   <div class='ocr_carea' id='block_1_42' title="bbox 444 2680 2093 2756">
    <p class='ocr_par' dir='ltr' id='par_1_42' title="bbox 444 2680 2093 2756">
     <span class='ocr_line' id='line_1_42' title="bbox 444 2680 2093 2756; baseline 0 -19"><span class='ocrx_word' id='word_1_325' title='bbox 444 2682 531 2740; x_wconf 91' lang='lat' dir='ltr'>vel</span> <span class='ocrx_word' id='word_1_326' title='bbox 560 2684 889 2740; x_wconf 90' lang='lat' dir='ltr'>Corinthios</span> <span class='ocrx_word' id='word_1_327' title='bbox 917 2684 1107 2756; x_wconf 92' lang='lat' dir='ltr'>sequi,</span> <span class='ocrx_word' id='word_1_328' title='bbox 1139 2683 1228 2740; x_wconf 90' lang='lat' dir='ltr'>vel</span> <span class='ocrx_word' id='word_1_329' title='bbox 1260 2683 1582 2756; x_wconf 89' lang='lat' dir='ltr'>Ephesios:</span> <span class='ocrx_word' id='word_1_330' title='bbox 1636 2686 1691 2737; x_wconf 93' lang='lat' dir='ltr'>et</span> <span class='ocrx_word' id='word_1_331' title='bbox 1740 2680 1952 2737; x_wconf 89' lang='lat' dir='ltr'>salvari</span> <span class='ocrx_word' id='word_1_332' title='bbox 1990 2686 2093 2737; x_wconf 84' lang='lat' dir='ltr'>aut</span> 
     </span>
    </p>
   </div>
   <div class='ocr_carea' id='block_1_43' title="bbox 455 2770 2092 2845">
    <p class='ocr_par' dir='ltr' id='par_1_43' title="bbox 455 2770 2092 2845">
     <span class='ocr_line' id='line_1_43' title="bbox 455 2770 2092 2845; baseline -0.002 -17"><span class='ocrx_word' id='word_1_333' title='bbox 455 2772 733 2829; x_wconf 87' lang='lat' dir='ltr'>servitute</span> <span class='ocrx_word' id='word_1_334' title='bbox 761 2772 1074 2839; x_wconf 89' lang='lat' dir='ltr'>Corinthii,</span> <span class='ocrx_word' id='word_1_335' title='bbox 1108 2776 1209 2829; x_wconf 89' lang='lat' dir='ltr'>aut</span> <span class='ocrx_word' id='word_1_336' title='bbox 1264 2771 1499 2845; x_wconf 90' lang='lat' dir='ltr'>Ephesii</span> <span class='ocrx_word' id='word_1_337' title='bbox 1548 2770 1832 2827; x_wconf 87' lang='lat' dir='ltr'>libertate.</span> <span class='ocrx_word' id='word_1_338' title='bbox 1871 2772 1971 2838; x_wconf 71' lang='lat' dir='ltr'>Vae,</span> <span class='ocrx_word' id='word_1_339' title='bbox 2004 2770 2092 2825; x_wconf 90' lang='lat' dir='ltr'>in-</span> 
     </span>
    </p>
   </div>
   <div class='ocr_carea' id='block_1_44' title="bbox 445 2860 2095 2935">
    <p class='ocr_par' dir='ltr' id='par_1_44' title="bbox 445 2860 2095 2935">
     <span class='ocr_line' id='line_1_44' title="bbox 445 2860 2095 2935; baseline -0.001 -20"><span class='ocrx_word' id='word_1_340' title='bbox 445 2860 574 2933; x_wconf 91' lang='lat' dir='ltr'>quit</span> <span class='ocrx_word' id='word_1_341' title='bbox 649 2861 935 2930; x_wconf 87' lang='lat' dir='ltr'>Salvator,</span> <span class='ocrx_word' id='word_1_342' title='bbox 1013 2862 1457 2935; x_wconf 69' lang='lat' dir='ltr'>praegnantibus,</span> <span class='ocrx_word' id='word_1_343' title='bbox 1533 2868 1583 2917; x_wconf 87' lang='lat' dir='ltr'>et</span> <span class='ocrx_word' id='word_1_344' title='bbox 1638 2860 1966 2915; x_wconf 68' lang='lat' dir='ltr'>ludentibus</span> <span class='ocrx_word' id='word_1_345' title='bbox 2034 2862 2095 2916; x_wconf 85' lang='lat' dir='ltr'>in</span> 
     </span>
    </p>
   </div>
   <div class='ocr_carea' id='block_1_45' title="bbox 444 2947 2093 3023">
    <p class='ocr_par' dir='ltr' id='par_1_45' title="bbox 444 2947 2093 3023">
     <span class='ocr_line' id='line_1_45' title="bbox 444 2947 2093 3023; baseline -0.001 -18"><span class='ocrx_word' id='word_1_346' title='bbox 444 2949 533 3006; x_wconf 85' lang='lat' dir='ltr'>die</span> <span class='ocrx_word' id='word_1_347' title='bbox 560 2952 664 3006; x_wconf 88' lang='lat' dir='ltr'>illa</span> <span class='ocrx_word' id='word_1_348' title='bbox 693 2952 846 3007; x_wconf 79' lang='lat' dir='ltr'>(Luc.</span> <span class='ocrx_word' id='word_1_349' title='bbox 880 2968 996 3017; x_wconf 75' lang='lat' dir='ltr'>xxx,</span> <span class='ocrx_word' id='word_1_350' title='bbox 1045 2952 1159 3023; x_wconf 85' lang='lat'>23),</span> <span class='ocrx_word' id='word_1_351' title='bbox 1210 2950 1320 3007; x_wconf 90' lang='lat' dir='ltr'>hoc</span> <span class='ocrx_word' id='word_1_352' title='bbox 1378 2954 1487 3018; x_wconf 86' lang='lat' dir='ltr'>est,</span> <span class='ocrx_word' id='word_1_353' title='bbox 1540 2948 1771 3021; x_wconf 87' lang='lat' dir='ltr'>judicii,</span> <span class='ocrx_word' id='word_1_354' title='bbox 1805 2966 1932 3019; x_wconf 71' lang='lat' dir='ltr'>quae</span> <span class='ocrx_word' id='word_1_355' title='bbox 1979 2947 2093 3003; x_wconf 90' lang='lat' dir='ltr'>uti-</span> 
     </span>
    </p>
   </div>
   <div class='ocr_carea' id='block_1_46' title="bbox 447 3037 2093 3113">
    <p class='ocr_par' dir='ltr' id='par_1_46' title="bbox 447 3037 2093 3113">
     <span class='ocr_line' id='line_1_46' title="bbox 447 3037 2093 3113; baseline -0.001 -19"><span class='ocrx_word' id='word_1_356' title='bbox 447 3055 561 3111; x_wconf 92' lang='lat' dir='ltr'>que</span> <span class='ocrx_word' id='word_1_357' title='bbox 591 3040 827 3113; x_wconf 90' lang='lat' dir='ltr'>proprie</span> <span class='ocrx_word' id='word_1_358' title='bbox 874 3058 1050 3113; x_wconf 89' lang='lat' dir='ltr'>opera</span> <span class='ocrx_word' id='word_1_359' title='bbox 1108 3040 1451 3113; x_wconf 87' lang='lat' dir='ltr'>nuptiarum</span> <span class='ocrx_word' id='word_1_360' title='bbox 1510 3041 1667 3095; x_wconf 89' lang='lat' dir='ltr'>sunt.</span> <span class='ocrx_word' id='word_1_361' title='bbox 1718 3037 1881 3093; x_wconf 90' lang='lat' dir='ltr'>Unde</span> <span class='ocrx_word' id='word_1_362' title='bbox 1933 3038 2093 3093; x_wconf 92' lang='lat' dir='ltr'>omni</span> 
     </span>
    </p>
   </div>
   <div class='ocr_carea' id='block_1_47' title="bbox 444 3128 2091 3203">
    <p class='ocr_par' dir='ltr' id='par_1_47' title="bbox 444 3128 2091 3203">
     <span class='ocr_line' id='line_1_47' title="bbox 444 3128 2091 3203; baseline 0 -18"><span class='ocrx_word' id='word_1_363' title='bbox 444 3128 643 3185; x_wconf 93' lang='lat' dir='ltr'>labore</span> <span class='ocrx_word' id='word_1_364' title='bbox 672 3129 1002 3196; x_wconf 89' lang='lat' dir='ltr'>nitendum,</span> <span class='ocrx_word' id='word_1_365' title='bbox 1046 3134 1112 3186; x_wconf 95' lang='lat' dir='ltr'>ut</span> <span class='ocrx_word' id='word_1_366' title='bbox 1168 3129 1360 3203; x_wconf 86' lang='lat' dir='ltr'>magis</span> <span class='ocrx_word' id='word_1_367' title='bbox 1415 3128 1697 3201; x_wconf 90' lang='lat' dir='ltr'>Ephesios</span> <span class='ocrx_word' id='word_1_368' title='bbox 1753 3144 1933 3200; x_wconf 90' lang='lat' dir='ltr'>quam</span> <span class='ocrx_word' id='word_1_369' title='bbox 1987 3129 2091 3185; x_wconf 92' lang='lat' dir='ltr'>Co-</span> 
     </span>
    </p>
   </div>
   <div class='ocr_carea' id='block_1_48' title="bbox 444 3218 2091 3291">
    <p class='ocr_par' dir='ltr' id='par_1_48' title="bbox 444 3218 2091 3291">
     <span class='ocr_line' id='line_1_48' title="bbox 444 3218 2091 3291; baseline -0.001 -16"><span class='ocrx_word' id='word_1_370' title='bbox 444 3218 696 3275; x_wconf 88' lang='lat' dir='ltr'>rinthios</span> <span class='ocrx_word' id='word_1_371' title='bbox 747 3219 1134 3276; x_wconf 64' lang='lat' dir='ltr'>aemulemur:</span> <span class='ocrx_word' id='word_1_372' title='bbox 1195 3235 1300 3274; x_wconf 88' lang='lat' dir='ltr'>nec</span> <span class='ocrx_word' id='word_1_373' title='bbox 1356 3218 1866 3291; x_wconf 80' lang='lat' dir='ltr'>deprchendemur</span> <span class='ocrx_word' id='word_1_374' title='bbox 1923 3218 2091 3288; x_wconf 89' lang='lat' dir='ltr'>quasi</span> 
     </span>
    </p>
   </div>
   <div class='ocr_carea' id='block_1_49' title="bbox 2212 1968 3864 2041">
    <p class='ocr_par' dir='ltr' id='par_1_49' title="bbox 2212 1968 3864 2041">
     <span class='ocr_line' id='line_1_49' title="bbox 2212 1968 3864 2041; baseline 0.001 -18"><span class='ocrx_word' id='word_1_375' title='bbox 2212 1969 2412 2041; x_wconf 67' lang='lat' dir='ltr'>tiquaa,</span> <span class='ocrx_word' id='word_1_376' title='bbox 2448 1973 2505 2025; x_wconf 91' lang='lat' dir='ltr'>et</span> <span class='ocrx_word' id='word_1_377' title='bbox 2537 1969 3023 2025; x_wconf 87' lang='lat' dir='ltr'>instaurationem</span> <span class='ocrx_word' id='word_1_378' title='bbox 3055 1968 3371 2041; x_wconf 85' lang='lat' dir='ltr'>Evangelii,</span> <span class='ocrx_word' id='word_1_379' title='bbox 3413 1969 3562 2026; x_wconf 69' lang='lat'>657</span> <span class='ocrx_word' id='word_1_380' title='bbox 3614 1968 3864 2025; x_wconf 87' lang='lat' dir='ltr'>maritus</span> 
     </span>
    </p>
   </div>
   <div class='ocr_carea' id='block_1_50' title="bbox 2213 2058 3862 2131">
    <p class='ocr_par' dir='ltr' id='par_1_50' title="bbox 2213 2058 3862 2131">
     <span class='ocr_line' id='line_1_50' title="bbox 2213 2058 3862 2131; baseline 0.001 -17"><span class='ocrx_word' id='word_1_381' title='bbox 2213 2063 2270 2114; x_wconf 91' lang='lat' dir='ltr'>et</span> <span class='ocrx_word' id='word_1_382' title='bbox 2300 2075 2446 2114; x_wconf 85' lang='lat' dir='ltr'>uxor</span> <span class='ocrx_word' id='word_1_383' title='bbox 2477 2076 2597 2114; x_wconf 90' lang='lat' dir='ltr'>una</span> <span class='ocrx_word' id='word_1_384' title='bbox 2624 2075 2757 2114; x_wconf 92' lang='lat' dir='ltr'>caro</span> <span class='ocrx_word' id='word_1_385' title='bbox 2805 2058 3161 2115; x_wconf 72' lang='lat' dir='ltr'>efﬁciuntur.</span> <span class='ocrx_word' id='word_1_386' title='bbox 3214 2058 3556 2115; x_wconf 89' lang='lat' dir='ltr'>Liberorum</span> <span class='ocrx_word' id='word_1_387' title='bbox 3587 2074 3746 2131; x_wconf 91' lang='lat' dir='ltr'>ergo,</span> <span class='ocrx_word' id='word_1_388' title='bbox 3797 2062 3862 2115; x_wconf 91' lang='lat' dir='ltr'>ut</span> 
     </span>
    </p>
   </div>
   <div class='ocr_carea' id='block_1_51' title="bbox 2209 2147 3859 2219">
    <p class='ocr_par' dir='ltr' id='par_1_51' title="bbox 2209 2147 3859 2219">
     <span class='ocr_line' id='line_1_51' title="bbox 2209 2147 3859 2219; baseline 0.001 -17"><span class='ocrx_word' id='word_1_389' title='bbox 2209 2147 2489 2215; x_wconf 87' lang='lat' dir='ltr'>diximus,</span> <span class='ocrx_word' id='word_1_390' title='bbox 2521 2148 2581 2202; x_wconf 92' lang='lat' dir='ltr'>in</span> <span class='ocrx_word' id='word_1_391' title='bbox 2614 2147 2993 2203; x_wconf 89' lang='lat' dir='ltr'>matrimonia</span> <span class='ocrx_word' id='word_1_392' title='bbox 3021 2164 3196 2219; x_wconf 91' lang='lat' dir='ltr'>opera</span> <span class='ocrx_word' id='word_1_393' title='bbox 3225 2163 3503 2203; x_wconf 89' lang='lat' dir='ltr'>concessa</span> <span class='ocrx_word' id='word_1_394' title='bbox 3543 2151 3703 2203; x_wconf 90' lang='lat' dir='ltr'>sunt.</span> <span class='ocrx_word' id='word_1_395' title='bbox 3740 2151 3859 2204; x_wconf 85' lang='lat' dir='ltr'>Vo-</span> 
     </span>
    </p>
   </div>
   <div class='ocr_carea' id='block_1_52' title="bbox 2206 2236 3857 2309">
    <p class='ocr_par' dir='ltr' id='par_1_52' title="bbox 2206 2236 3857 2309">
     <span class='ocr_line' id='line_1_52' title="bbox 2206 2236 3857 2309; baseline -0.001 -16"><span class='ocrx_word' id='word_1_396' title='bbox 2206 2237 2460 2309; x_wconf 89' lang='lat' dir='ltr'>luptates</span> <span class='ocrx_word' id='word_1_397' title='bbox 2491 2240 2687 2291; x_wconf 91' lang='lat' dir='ltr'>autem</span> <span class='ocrx_word' id='word_1_398' title='bbox 2718 2254 2845 2308; x_wconf 71' lang='lat' dir='ltr'>quae</span> <span class='ocrx_word' id='word_1_399' title='bbox 2880 2236 2951 2292; x_wconf 93' lang='lat' dir='ltr'>de</span> <span class='ocrx_word' id='word_1_400' title='bbox 2982 2236 3343 2292; x_wconf 90' lang='lat' dir='ltr'>meritricum</span> <span class='ocrx_word' id='word_1_401' title='bbox 3384 2236 3697 2309; x_wconf 88' lang='lat' dir='ltr'>capiuntur</span> <span class='ocrx_word' id='word_1_402' title='bbox 3727 2253 3857 2293; x_wconf 89' lang='lat' dir='ltr'>am-</span> 
     </span>
    </p>
   </div>
   <div class='ocr_carea' id='block_1_53' title="bbox 2203 2325 3853 2398">
    <p class='ocr_par' dir='ltr' id='par_1_53' title="bbox 2203 2325 3853 2398">
     <span class='ocr_line' id='line_1_53' title="bbox 2203 2325 3853 2398; baseline 0.001 -17"><span class='ocrx_word' id='word_1_403' title='bbox 2203 2326 2491 2398; x_wconf 87' lang='lat' dir='ltr'>plexibus,</span> <span class='ocrx_word' id='word_1_404' title='bbox 2539 2326 2600 2381; x_wconf 91' lang='lat' dir='ltr'>in</span> <span class='ocrx_word' id='word_1_405' title='bbox 2649 2342 2827 2381; x_wconf 88' lang='lat' dir='ltr'>uxore</span> <span class='ocrx_word' id='word_1_406' title='bbox 2885 2326 3192 2381; x_wconf 61' lang='lat' dir='ltr'>damnatae.</span> <span class='ocrx_word' id='word_1_407' title='bbox 3248 2327 3363 2381; x_wconf 79' lang='lat' dir='ltr'>Hoc</span> <span class='ocrx_word' id='word_1_408' title='bbox 3410 2325 3611 2398; x_wconf 90' lang='lat' dir='ltr'>legens</span> <span class='ocrx_word' id='word_1_409' title='bbox 3659 2325 3853 2382; x_wconf 92' lang='lat' dir='ltr'>omnis</span> 
     </span>
    </p>
   </div>
   <div class='ocr_carea' id='block_1_54' title="bbox 2204 2414 3852 2488">
    <p class='ocr_par' dir='ltr' id='par_1_54' title="bbox 2204 2414 3852 2488">
     <span class='ocr_line' id='line_1_54' title="bbox 2204 2414 3852 2488; baseline -0.001 -16"><span class='ocrx_word' id='word_1_410' title='bbox 2204 2415 2308 2483; x_wconf 88' lang='lat' dir='ltr'>vir,</span> <span class='ocrx_word' id='word_1_411' title='bbox 2339 2419 2396 2470; x_wconf 93' lang='lat' dir='ltr'>et</span> <span class='ocrx_word' id='word_1_412' title='bbox 2424 2432 2571 2471; x_wconf 85' lang='lat' dir='ltr'>uxor</span> <span class='ocrx_word' id='word_1_413' title='bbox 2601 2414 2949 2488; x_wconf 89' lang='lat' dir='ltr'>intelligant,</span> <span class='ocrx_word' id='word_1_414' title='bbox 2984 2414 3096 2470; x_wconf 91' lang='lat' dir='ltr'>sibi</span> <span class='ocrx_word' id='word_1_415' title='bbox 3149 2419 3280 2486; x_wconf 82' lang='lat' dir='ltr'>post</span> <span class='ocrx_word' id='word_1_416' title='bbox 3318 2419 3691 2487; x_wconf 89' lang='lat' dir='ltr'>conceptum,</span> <span class='ocrx_word' id='word_1_417' title='bbox 3734 2432 3852 2471; x_wconf 91' lang='lat' dir='ltr'>ma-</span> 
     </span>
    </p>
   </div>
   <div class='ocr_carea' id='block_1_55' title="bbox 2203 2504 3851 2578">
    <p class='ocr_par' dir='ltr' id='par_1_55' title="bbox 2203 2504 3851 2578">
     <span class='ocr_line' id='line_1_55' title="bbox 2203 2504 3851 2578; baseline 0.001 -19"><span class='ocrx_word' id='word_1_418' title='bbox 2203 2506 2294 2578; x_wconf 90' lang='lat' dir='ltr'>gis</span> <span class='ocrx_word' id='word_1_419' title='bbox 2326 2504 2573 2561; x_wconf 91' lang='lat' dir='ltr'>orationi</span> <span class='ocrx_word' id='word_1_420' title='bbox 2604 2520 2779 2576; x_wconf 91' lang='lat' dir='ltr'>quam</span> <span class='ocrx_word' id='word_1_421' title='bbox 2828 2504 3119 2561; x_wconf 92' lang='lat' dir='ltr'>connubio</span> <span class='ocrx_word' id='word_1_422' title='bbox 3170 2504 3565 2561; x_wconf 83' lang='lat' dir='ltr'>serviendum.</span> <span class='ocrx_word' id='word_1_423' title='bbox 3601 2504 3667 2560; x_wconf 89' lang='lat' dir='ltr'>Et</span> <span class='ocrx_word' id='word_1_424' title='bbox 3696 2504 3851 2576; x_wconf 90' lang='lat' dir='ltr'>quod</span> 
     </span>
    </p>
   </div>
   <div class='ocr_carea' id='block_1_56' title="bbox 2204 2591 3854 2665">
    <p class='ocr_par' dir='ltr' id='par_1_56' title="bbox 2204 2591 3854 2665">
     <span class='ocr_line' id='line_1_56' title="bbox 2204 2591 3854 2665; baseline -0.001 -16"><span class='ocrx_word' id='word_1_425' title='bbox 2204 2594 2264 2649; x_wconf 90' lang='lat' dir='ltr'>in</span> <span class='ocrx_word' id='word_1_426' title='bbox 2296 2592 2653 2650; x_wconf 84' lang='lat' dir='ltr'>animalibus</span> <span class='ocrx_word' id='word_1_427' title='bbox 2683 2596 2740 2648; x_wconf 89' lang='lat' dir='ltr'>et</span> <span class='ocrx_word' id='word_1_428' title='bbox 2771 2592 2975 2648; x_wconf 89' lang='lat' dir='ltr'>bestiis</span> <span class='ocrx_word' id='word_1_429' title='bbox 3005 2593 3132 2665; x_wconf 90' lang='lat' dir='ltr'>ipso</span> <span class='ocrx_word' id='word_1_430' title='bbox 3159 2594 3532 2664; x_wconf 74' lang='lat' dir='ltr'>naturzejure</span> <span class='ocrx_word' id='word_1_431' title='bbox 3552 2591 3854 2665; x_wconf 67' lang='lat' dir='ltr'>praescrip-</span> 
     </span>
    </p>
   </div>
   <div class='ocr_carea' id='block_1_57' title="bbox 2205 2682 3852 2755">
    <p class='ocr_par' dir='ltr' id='par_1_57' title="bbox 2205 2682 3852 2755">
     <span class='ocr_line' id='line_1_57' title="bbox 2205 2682 3852 2755; baseline 0 -17"><span class='ocrx_word' id='word_1_432' title='bbox 2205 2686 2331 2739; x_wconf 91' lang='lat' dir='ltr'>tum</span> <span class='ocrx_word' id='word_1_433' title='bbox 2365 2687 2477 2748; x_wconf 87' lang='lat' dir='ltr'>est,</span> <span class='ocrx_word' id='word_1_434' title='bbox 2518 2687 2585 2738; x_wconf 91' lang='lat' dir='ltr'>ut</span> <span class='ocrx_word' id='word_1_435' title='bbox 2640 2686 3010 2754; x_wconf 64' lang='lat' dir='ltr'>praegnantes</span> <span class='ocrx_word' id='word_1_436' title='bbox 3068 2682 3140 2737; x_wconf 92' lang='lat' dir='ltr'>ad</span> <span class='ocrx_word' id='word_1_437' title='bbox 3198 2685 3433 2754; x_wconf 88' lang='lat' dir='ltr'>partum</span> <span class='ocrx_word' id='word_1_438' title='bbox 3489 2697 3678 2755; x_wconf 91' lang='lat' dir='ltr'>usque</span> <span class='ocrx_word' id='word_1_439' title='bbox 3734 2698 3852 2738; x_wconf 90' lang='lat' dir='ltr'>non</span> 
     </span>
    </p>
   </div>
   <div class='ocr_carea' id='block_1_58' title="bbox 2204 2769 3853 2842">
    <p class='ocr_par' dir='ltr' id='par_1_58' title="bbox 2204 2769 3853 2842">
     <span class='ocr_line' id='line_1_58' title="bbox 2204 2769 3853 2842; baseline -0.001 -14"><span class='ocrx_word' id='word_1_440' title='bbox 2204 2776 2432 2842; x_wconf 86' lang='lat' dir='ltr'>coeant,</span> <span class='ocrx_word' id='word_1_441' title='bbox 2464 2771 2578 2828; x_wconf 90' lang='lat' dir='ltr'>hoc</span> <span class='ocrx_word' id='word_1_442' title='bbox 2605 2771 2664 2826; x_wconf 91' lang='lat' dir='ltr'>in</span> <span class='ocrx_word' id='word_1_443' title='bbox 2696 2770 3039 2827; x_wconf 88' lang='lat' dir='ltr'>hominibus</span> <span class='ocrx_word' id='word_1_444' title='bbox 3087 2770 3276 2826; x_wconf 82' lang='lat' dir='ltr'>sciant</span> <span class='ocrx_word' id='word_1_445' title='bbox 3325 2770 3567 2827; x_wconf 92' lang='lat' dir='ltr'>arbitrio</span> <span class='ocrx_word' id='word_1_446' title='bbox 3608 2769 3853 2827; x_wconf 87' lang='lat' dir='ltr'>derelic-</span> 
     </span>
    </p>
   </div>
   <div class='ocr_carea' id='block_1_59' title="bbox 2204 2858 3851 2933">
    <p class='ocr_par' dir='ltr' id='par_1_59' title="bbox 2204 2858 3851 2933">
     <span class='ocr_line' id='line_1_59' title="bbox 2204 2858 3851 2933; baseline 0 -17"><span class='ocrx_word' id='word_1_447' title='bbox 2204 2866 2356 2929; x_wconf 89' lang='lat' dir='ltr'>tum,</span> <span class='ocrx_word' id='word_1_448' title='bbox 2391 2865 2456 2916; x_wconf 92' lang='lat' dir='ltr'>ut</span> <span class='ocrx_word' id='word_1_449' title='bbox 2483 2876 2709 2916; x_wconf 87' lang='lat' dir='ltr'>merces</span> <span class='ocrx_word' id='word_1_450' title='bbox 2740 2864 2895 2916; x_wconf 91' lang='lat' dir='ltr'>esset</span> <span class='ocrx_word' id='word_1_451' title='bbox 2924 2877 2991 2915; x_wconf 90' lang='lat' dir='ltr'>ex</span> <span class='ocrx_word' id='word_1_452' title='bbox 3021 2861 3127 2932; x_wconf 84' lang='lat' dir='ltr'>(Al.</span> <span class='ocrx_word' id='word_1_453' title='bbox 3161 2864 3249 2930; x_wconf 88' lang='lat' dir='ltr'>ea)</span> <span class='ocrx_word' id='word_1_454' title='bbox 3293 2858 3617 2916; x_wconf 89' lang='lat' dir='ltr'>abtinentia</span> <span class='ocrx_word' id='word_1_455' title='bbox 3643 2858 3851 2933; x_wconf 86' lang='lat' dir='ltr'>volup-</span> 
     </span>
    </p>
   </div>
   <div class='ocr_carea' id='block_1_60' title="bbox 2203 2948 3854 3023">
    <p class='ocr_par' dir='ltr' id='par_1_60' title="bbox 2203 2948 3854 3023">
     <span class='ocr_line' id='line_1_60' title="bbox 2203 2948 3854 3023; baseline 0 -17"><span class='ocrx_word' id='word_1_456' title='bbox 2203 2955 2414 3006; x_wconf 88' lang='lat' dir='ltr'>tatum.</span> <span class='ocrx_word' id='word_1_457' title='bbox 2464 2950 2613 3014; x_wconf 88' lang='lat' dir='ltr'>Quia</span> <span class='ocrx_word' id='word_1_458' title='bbox 2660 2966 2795 3005; x_wconf 85' lang='lat' dir='ltr'>vero</span> <span class='ocrx_word' id='word_1_459' title='bbox 2858 2950 3183 3005; x_wconf 90' lang='lat' dir='ltr'>secundum</span> <span class='ocrx_word' id='word_1_460' title='bbox 3236 2948 3645 3023; x_wconf 87' lang='lat' dir='ltr'>trepologiam,</span> <span class='ocrx_word' id='word_1_461' title='bbox 3697 2948 3854 3006; x_wconf 88' lang='lat' dir='ltr'>viros</span> 
     </span>
    </p>
   </div>
   <div class='ocr_carea' id='block_1_61' title="bbox 2203 3038 3855 3112">
    <p class='ocr_par' dir='ltr' id='par_1_61' title="bbox 2203 3038 3855 3112">
     <span class='ocr_line' id='line_1_61' title="bbox 2203 3038 3855 3112; baseline -0.001 -16"><span class='ocrx_word' id='word_1_462' title='bbox 2203 3040 2454 3107; x_wconf 87' lang='lat' dir='ltr'>animas,</span> <span class='ocrx_word' id='word_1_463' title='bbox 2489 3043 2545 3094; x_wconf 90' lang='lat' dir='ltr'>et</span> <span class='ocrx_word' id='word_1_464' title='bbox 2574 3056 2782 3095; x_wconf 86' lang='lat' dir='ltr'>uxores</span> <span class='ocrx_word' id='word_1_465' title='bbox 2812 3055 3056 3111; x_wconf 89' lang='lat' dir='ltr'>corpora</span> <span class='ocrx_word' id='word_1_466' title='bbox 3095 3039 3451 3107; x_wconf 89' lang='lat' dir='ltr'>dixeramus,</span> <span class='ocrx_word' id='word_1_467' title='bbox 3503 3038 3588 3095; x_wconf 91' lang='lat' dir='ltr'>sic</span> <span class='ocrx_word' id='word_1_468' title='bbox 3646 3038 3855 3112; x_wconf 88' lang='lat' dir='ltr'>diligat</span> 
     </span>
    </p>
   </div>
   <div class='ocr_carea' id='block_1_62' title="bbox 2205 3128 3853 3201">
    <p class='ocr_par' dir='ltr' id='par_1_62' title="bbox 2205 3128 3853 3201">
     <span class='ocr_line' id='line_1_62' title="bbox 2205 3128 3853 3201; baseline 0 -16"><span class='ocrx_word' id='word_1_469' title='bbox 2205 3129 2403 3185; x_wconf 90' lang='lat' dir='ltr'>anima</span> <span class='ocrx_word' id='word_1_470' title='bbox 2435 3145 2669 3185; x_wconf 88' lang='lat' dir='ltr'>carnem</span> <span class='ocrx_word' id='word_1_471' title='bbox 2702 3128 2808 3200; x_wconf 75' lang='lat' dir='ltr'>(Al.</span> <span class='ocrx_word' id='word_1_472' title='bbox 2839 3128 3096 3201; x_wconf 90' lang='lat' dir='ltr'>corpus),</span> <span class='ocrx_word' id='word_1_473' title='bbox 3124 3129 3419 3201; x_wconf 88' lang='lat' dir='ltr'>quomodo</span> <span class='ocrx_word' id='word_1_474' title='bbox 3450 3128 3720 3185; x_wconf 90' lang='lat' dir='ltr'>Christus</span> <span class='ocrx_word' id='word_1_475' title='bbox 3749 3128 3853 3185; x_wconf 90' lang='lat' dir='ltr'>Ec-</span> 
     </span>
    </p>
   </div>
   <div class='ocr_carea' id='block_1_63' title="bbox 2206 3217 3852 3291">
    <p class='ocr_par' dir='ltr' id='par_1_63' title="bbox 2206 3217 3852 3291">
     <span class='ocr_line' id='line_1_63' title="bbox 2206 3217 3852 3291; baseline 0 -16"><span class='ocrx_word' id='word_1_476' title='bbox 2206 3218 2471 3291; x_wconf 89' lang='lat' dir='ltr'>clesiam,</span> <span class='ocrx_word' id='word_1_477' title='bbox 2508 3223 2572 3274; x_wconf 92' lang='lat' dir='ltr'>ut</span> <span class='ocrx_word' id='word_1_478' title='bbox 2604 3219 2982 3290; x_wconf 89' lang='lat' dir='ltr'>semetipsam</span> <span class='ocrx_word' id='word_1_479' title='bbox 3033 3219 3229 3274; x_wconf 91' lang='lat' dir='ltr'>tradat</span> <span class='ocrx_word' id='word_1_480' title='bbox 3274 3234 3378 3290; x_wconf 90' lang='lat' dir='ltr'>pro</span> <span class='ocrx_word' id='word_1_481' title='bbox 3419 3217 3611 3275; x_wconf 90' lang='lat' dir='ltr'>salute</span> <span class='ocrx_word' id='word_1_482' title='bbox 3639 3217 3852 3291; x_wconf 90' lang='lat' dir='ltr'>ipsius,</span> 
     </span>
    </p>
   </div>
   <div class='ocr_carea' id='block_1_64' title="bbox 447 3282 3854 3379">
    <p class='ocr_par' dir='ltr' id='par_1_64' title="bbox 447 3282 3854 3379">
     <span class='ocr_line' id='line_1_64' title="bbox 447 3282 3854 3379; baseline -0 -16"><span class='ocrx_word' id='word_1_483' title='bbox 447 3307 508 3364; x_wconf 90' lang='lat' dir='ltr'>in</span> <span class='ocrx_word' id='word_1_484' title='bbox 543 3306 763 3364; x_wconf 91' lang='lat' dir='ltr'>diluvio</span> <span class='ocrx_word' id='word_1_485' title='bbox 795 3312 1078 3379; x_wconf 85' lang='lat' dir='ltr'>ementes,</span> <span class='ocrx_word' id='word_1_486' title='bbox 1110 3311 1168 3363; x_wconf 93' lang='lat' dir='ltr'>et</span> <span class='ocrx_word' id='word_1_487' title='bbox 1194 3306 1533 3378; x_wconf 91' lang='lat' dir='ltr'>vendentes,</span> <span class='ocrx_word' id='word_1_488' title='bbox 1566 3307 1852 3362; x_wconf 89' lang='lat' dir='ltr'>nubentes</span> <span class='ocrx_word' id='word_1_489' title='bbox 1882 3310 1939 3361; x_wconf 89' lang='lat' dir='ltr'>et</span> <span class='ocrx_word' id='word_1_490' title='bbox 1972 3323 2094 3363; x_wconf 87' lang='lat' dir='ltr'>ma-</span> <span class='ocrx_word' id='word_1_491' title='bbox 2124 3282 2167 3349; x_wconf 62' lang='grc' dir='ltr'>σε</span> <span class='ocrx_word' id='word_1_492' title='bbox 2207 3313 2264 3367; x_wconf 91' lang='lat' dir='ltr'>et</span> <span class='ocrx_word' id='word_1_493' title='bbox 2294 3325 2423 3366; x_wconf 88' lang='lat' dir='ltr'>eam</span> <span class='ocrx_word' id='word_1_494' title='bbox 2456 3308 2780 3365; x_wconf 82' lang='lat' dir='ltr'>sanctiﬁcet</span> <span class='ocrx_word' id='word_1_495' title='bbox 2810 3308 2982 3363; x_wconf 90' lang='lat' dir='ltr'>verbo</span> <span class='ocrx_word' id='word_1_496' title='bbox 3030 3307 3326 3375; x_wconf 77' lang='lat' dir='ltr'>doctrinas,</span> <span class='ocrx_word' id='word_1_497' title='bbox 3360 3311 3425 3363; x_wconf 93' lang='lat' dir='ltr'>ut</span> <span class='ocrx_word' id='word_1_498' title='bbox 3470 3306 3699 3364; x_wconf 85' lang='lat' dir='ltr'>exibeat</span> <span class='ocrx_word' id='word_1_499' title='bbox 3739 3306 3854 3364; x_wconf 91' lang='lat' dir='ltr'>sibi</span> 
     </span>
    </p>
   </div>
   <div class='ocr_carea' id='block_1_65' title="bbox 445 3394 2096 3469">
    <p class='ocr_par' dir='ltr' id='par_1_65' title="bbox 445 3394 2096 3469">
     <span class='ocr_line' id='line_1_65' title="bbox 445 3394 2096 3469; baseline -0.001 -17"><span class='ocrx_word' id='word_1_500' title='bbox 445 3396 726 3452; x_wconf 87' lang='lat' dir='ltr'>trimonio</span> <span class='ocrx_word' id='word_1_501' title='bbox 766 3396 1027 3468; x_wconf 89' lang='lat' dir='ltr'>copulati</span> <span class='ocrx_word' id='word_1_502' title='bbox 1075 3396 1285 3469; x_wconf 82' lang='lat' dir='ltr'>(Matth.</span> <span class='ocrx_word' id='word_1_503' title='bbox 1329 3413 1482 3463; x_wconf 76' lang='lat' dir='ltr'>XXIV,</span> <span class='ocrx_word' id='word_1_504' title='bbox 1532 3396 1643 3467; x_wconf 91' lang='lat'>38),</span> <span class='ocrx_word' id='word_1_505' title='bbox 1684 3396 1785 3451; x_wconf 91' lang='lat' dir='ltr'>sed</span> <span class='ocrx_word' id='word_1_506' title='bbox 1819 3394 2096 3452; x_wconf 89' lang='lat' dir='ltr'>accinctis</span> 
     </span>
    </p>
   </div>
   <div class='ocr_carea' id='block_1_66' title="bbox 454 3483 2092 3555">
    <p class='ocr_par' dir='ltr' id='par_1_66' title="bbox 454 3483 2092 3555">
     <span class='ocr_line' id='line_1_66' title="bbox 454 3483 2092 3555; baseline -0.001 -15"><span class='ocrx_word' id='word_1_507' title='bbox 454 3484 678 3541; x_wconf 88' lang='lat' dir='ltr'>lumbis</span> <span class='ocrx_word' id='word_1_508' title='bbox 704 3483 977 3542; x_wconf 90' lang='lat' dir='ltr'>lucernas</span> <span class='ocrx_word' id='word_1_509' title='bbox 1005 3488 1314 3541; x_wconf 90' lang='lat' dir='ltr'>teneamus</span> <span class='ocrx_word' id='word_1_510' title='bbox 1360 3484 1421 3540; x_wconf 90' lang='lat' dir='ltr'>in</span> <span class='ocrx_word' id='word_1_511' title='bbox 1470 3483 1741 3540; x_wconf 92' lang='lat' dir='ltr'>manibus</span> <span class='ocrx_word' id='word_1_512' title='bbox 1789 3483 1940 3555; x_wconf 87' lang='lat' dir='ltr'>(Luc.</span> <span class='ocrx_word' id='word_1_513' title='bbox 1991 3500 2092 3552; x_wconf 85' lang='lat' dir='ltr'>xu,</span> 
     </span>
    </p>
   </div>
   <div class='ocr_carea' id='block_1_67' title="bbox 514 3662 2091 3737">
    <p class='ocr_par' dir='ltr' id='par_1_67' title="bbox 514 3662 2091 3737">
     <span class='ocr_line' id='line_1_67' title="bbox 514 3662 2091 3737; baseline -0.001 -19"><span class='ocrx_word' id='word_1_514' title='bbox 514 3662 703 3735; x_wconf 89' lang='lat' dir='ltr'>(Vers.</span> <span class='ocrx_word' id='word_1_515' title='bbox 736 3665 809 3720; x_wconf 88' lang='grc'>25</span> <span class='ocrx_word' id='word_1_516' title='bbox 837 3665 1028 3737; x_wconf 90' lang='lat' dir='ltr'>seqq.)</span> <span class='ocrx_word' id='word_1_517' title='bbox 1068 3684 1093 3718; x_wconf 77' lang='grc' dir='ltr'><strong><em>α</em></strong></span> <span class='ocrx_word' id='word_1_518' title='bbox 1134 3662 1280 3731; x_wconf 90' lang='lat' dir='ltr'>Viri,</span> <span class='ocrx_word' id='word_1_519' title='bbox 1325 3662 1548 3736; x_wconf 90' lang='lat' dir='ltr'>diligite</span> <span class='ocrx_word' id='word_1_520' title='bbox 1592 3678 1800 3719; x_wconf 87' lang='lat' dir='ltr'>uxores</span> <span class='ocrx_word' id='word_1_521' title='bbox 1847 3668 2091 3729; x_wconf 90' lang='lat' dir='ltr'>vestras,</span> 
     </span>
    </p>
   </div>
   <div class='ocr_carea' id='block_1_68' title="bbox 443 3752 2092 3824">
    <p class='ocr_par' dir='ltr' id='par_1_68' title="bbox 443 3752 2092 3824">
     <span class='ocr_line' id='line_1_68' title="bbox 443 3752 2092 3824; baseline -0.001 -15"><span class='ocrx_word' id='word_1_522' title='bbox 443 3753 598 3810; x_wconf 92' lang='lat' dir='ltr'>sicut</span> <span class='ocrx_word' id='word_1_523' title='bbox 625 3756 684 3810; x_wconf 91' lang='lat' dir='ltr'>et</span> <span class='ocrx_word' id='word_1_524' title='bbox 713 3752 984 3810; x_wconf 88' lang='lat' dir='ltr'>Christus</span> <span class='ocrx_word' id='word_1_525' title='bbox 1017 3752 1220 3810; x_wconf 88' lang='lat' dir='ltr'>dilexit</span> <span class='ocrx_word' id='word_1_526' title='bbox 1249 3752 1589 3818; x_wconf 89' lang='lat' dir='ltr'>Ecclesiam,</span> <span class='ocrx_word' id='word_1_527' title='bbox 1622 3755 1680 3808; x_wconf 91' lang='lat' dir='ltr'>et</span> <span class='ocrx_word' id='word_1_528' title='bbox 1708 3752 2092 3824; x_wconf 91' lang='lat' dir='ltr'>semetipsum</span> 
     </span>
    </p>
   </div>
   <div class='ocr_carea' id='block_1_69' title="bbox 441 3841 2093 3916">
    <p class='ocr_par' dir='ltr' id='par_1_69' title="bbox 441 3841 2093 3916">
     <span class='ocr_line' id='line_1_69' title="bbox 441 3841 2093 3916; baseline -0.001 -17"><span class='ocrx_word' id='word_1_529' title='bbox 441 3842 688 3899; x_wconf 87' lang='lat' dir='ltr'>tradidit</span> <span class='ocrx_word' id='word_1_530' title='bbox 719 3859 823 3916; x_wconf 90' lang='lat' dir='ltr'>pro</span> <span class='ocrx_word' id='word_1_531' title='bbox 884 3859 972 3911; x_wconf 89' lang='lat' dir='ltr'>ea,</span> <span class='ocrx_word' id='word_1_532' title='bbox 1027 3847 1093 3899; x_wconf 90' lang='lat' dir='ltr'>ut</span> <span class='ocrx_word' id='word_1_533' title='bbox 1140 3859 1271 3900; x_wconf 87' lang='lat' dir='ltr'>eam</span> <span class='ocrx_word' id='word_1_534' title='bbox 1328 3842 1752 3899; x_wconf 81' lang='lat' dir='ltr'>sanctiﬁcaret:</span> <span class='ocrx_word' id='word_1_535' title='bbox 1796 3841 2093 3897; x_wconf 90' lang='lat' dir='ltr'>mundans</span> 
     </span>
    </p>
   </div>
   <div class='ocr_carea' id='block_1_70' title="bbox 445 3930 2093 4005">
    <p class='ocr_par' dir='ltr' id='par_1_70' title="bbox 445 3930 2093 4005">
     <span class='ocr_line' id='line_1_70' title="bbox 445 3930 2093 4005; baseline -0.002 -17"><span class='ocrx_word' id='word_1_536' title='bbox 445 3932 554 4004; x_wconf 80' lang='grc' dir='ltr'>[Αἰ.</span> <span class='ocrx_word' id='word_1_537' title='bbox 586 3931 816 3989; x_wconf 84' lang='lat' dir='ltr'>additur</span> <span class='ocrx_word' id='word_1_538' title='bbox 841 3935 994 4003; x_wconf 89' lang='lat' dir='ltr'>eam]</span> <span class='ocrx_word' id='word_1_539' title='bbox 1028 3930 1255 3989; x_wconf 88' lang='lat' dir='ltr'>lavacro</span> <span class='ocrx_word' id='word_1_540' title='bbox 1285 3948 1449 4005; x_wconf 71' lang='lat' dir='ltr'>aquas</span> <span class='ocrx_word' id='word_1_541' title='bbox 1495 3932 1554 3987; x_wconf 93' lang='lat' dir='ltr'>in</span> <span class='ocrx_word' id='word_1_542' title='bbox 1608 3932 1803 4000; x_wconf 89' lang='lat' dir='ltr'>verbo,</span> <span class='ocrx_word' id='word_1_543' title='bbox 1836 3935 1901 3986; x_wconf 92' lang='lat' dir='ltr'>ut</span> <span class='ocrx_word' id='word_1_544' title='bbox 1938 3930 2093 3986; x_wconf 87' lang='lat' dir='ltr'>exhi-</span> 
     </span>
    </p>
   </div>
   <div class='ocr_carea' id='block_1_71' title="bbox 445 4019 2094 4095">
    <p class='ocr_par' dir='ltr' id='par_1_71' title="bbox 445 4019 2094 4095">
     <span class='ocr_line' id='line_1_71' title="bbox 445 4019 2094 4095; baseline 0 -19"><span class='ocrx_word' id='word_1_545' title='bbox 445 4020 611 4077; x_wconf 90' lang='lat' dir='ltr'>beret</span> <span class='ocrx_word' id='word_1_546' title='bbox 638 4022 765 4094; x_wconf 91' lang='lat' dir='ltr'>ipse</span> <span class='ocrx_word' id='word_1_547' title='bbox 797 4020 912 4077; x_wconf 92' lang='lat' dir='ltr'>sibi</span> <span class='ocrx_word' id='word_1_548' title='bbox 969 4020 1286 4095; x_wconf 90' lang='lat' dir='ltr'>gloriosam</span> <span class='ocrx_word' id='word_1_549' title='bbox 1340 4020 1682 4088; x_wconf 86' lang='lat' dir='ltr'>Ecclesiam,</span> <span class='ocrx_word' id='word_1_550' title='bbox 1714 4036 1830 4076; x_wconf 91' lang='lat' dir='ltr'>non</span> <span class='ocrx_word' id='word_1_551' title='bbox 1879 4019 2094 4076; x_wconf 91' lang='lat' dir='ltr'>haben-</span> 
     </span>
    </p>
   </div>
   <div class='ocr_carea' id='block_1_72' title="bbox 444 4108 2089 4184">
    <p class='ocr_par' dir='ltr' id='par_1_72' title="bbox 444 4108 2089 4184">
     <span class='ocr_line' id='line_1_72' title="bbox 444 4108 2089 4184; baseline -0.002 -17"><span class='ocrx_word' id='word_1_552' title='bbox 444 4114 566 4167; x_wconf 90' lang='lat' dir='ltr'>tem</span> <span class='ocrx_word' id='word_1_553' title='bbox 595 4109 913 4178; x_wconf 89' lang='lat' dir='ltr'>maculam,</span> <span class='ocrx_word' id='word_1_554' title='bbox 946 4114 1049 4166; x_wconf 90' lang='lat' dir='ltr'>aut</span> <span class='ocrx_word' id='word_1_555' title='bbox 1095 4126 1324 4184; x_wconf 88' lang='lat' dir='ltr'>rugam,</span> <span class='ocrx_word' id='word_1_556' title='bbox 1358 4114 1460 4166; x_wconf 88' lang='lat' dir='ltr'>aut</span> <span class='ocrx_word' id='word_1_557' title='bbox 1506 4108 1728 4181; x_wconf 86' lang='lat' dir='ltr'>aliquid</span> <span class='ocrx_word' id='word_1_558' title='bbox 1776 4109 2089 4181; x_wconf 87' lang='lat' dir='ltr'>ejusmodi,</span> 
     </span>
    </p>
   </div>
   <div class='ocr_carea' id='block_1_73' title="bbox 445 4198 2091 4264">
    <p class='ocr_par' dir='ltr' id='par_1_73' title="bbox 445 4198 2091 4264">
     <span class='ocr_line' id='line_1_73' title="bbox 445 4198 2091 4264; baseline 0.001 -11"><span class='ocrx_word' id='word_1_559' title='bbox 445 4198 548 4253; x_wconf 90' lang='lat' dir='ltr'>sed</span> <span class='ocrx_word' id='word_1_560' title='bbox 579 4202 645 4253; x_wconf 89' lang='lat' dir='ltr'>ut</span> <span class='ocrx_word' id='word_1_561' title='bbox 676 4199 754 4254; x_wconf 91' lang='lat' dir='ltr'>sit</span> <span class='ocrx_word' id='word_1_562' title='bbox 802 4202 1006 4255; x_wconf 86' lang='lat' dir='ltr'>sancta</span> <span class='ocrx_word' id='word_1_563' title='bbox 1065 4204 1123 4255; x_wconf 91' lang='lat' dir='ltr'>et</span> <span class='ocrx_word' id='word_1_564' title='bbox 1179 4198 1579 4254; x_wconf 90' lang='lat' dir='ltr'>immaculata.</span> <span class='ocrx_word' id='word_1_565' title='bbox 1624 4220 1652 4247; x_wconf 84' lang='lat'><strong>»</strong></span> <span class='ocrx_word' id='word_1_566' title='bbox 1685 4198 1960 4264; x_wconf 88' lang='lat' dir='ltr'>Quamvis</span> <span class='ocrx_word' id='word_1_567' title='bbox 1999 4198 2091 4254; x_wconf 92' lang='lat' dir='ltr'>sui</span> 
     </span>
    </p>
   </div>
   <div class='ocr_carea' id='block_1_74' title="bbox 445 4284 2093 4360">
    <p class='ocr_par' dir='ltr' id='par_1_74' title="bbox 445 4284 2093 4360">
     <span class='ocr_line' id='line_1_74' title="bbox 445 4284 2093 4360; baseline 0.001 -19"><span class='ocrx_word' id='word_1_568' title='bbox 445 4284 696 4343; x_wconf 90' lang='lat' dir='ltr'>invicem</span> <span class='ocrx_word' id='word_1_569' title='bbox 727 4286 975 4345; x_wconf 91' lang='lat' dir='ltr'>maritus</span> <span class='ocrx_word' id='word_1_570' title='bbox 1004 4292 1061 4345; x_wconf 87' lang='lat' dir='ltr'>et</span> <span class='ocrx_word' id='word_1_571' title='bbox 1090 4288 1301 4359; x_wconf 86' lang='lat' dir='ltr'>conjux</span> <span class='ocrx_word' id='word_1_572' title='bbox 1330 4303 1529 4343; x_wconf 90' lang='lat' dir='ltr'>amore</span> <span class='ocrx_word' id='word_1_573' title='bbox 1556 4291 1866 4343; x_wconf 88' lang='lat' dir='ltr'>teneantur</span> <span class='ocrx_word' id='word_1_574' title='bbox 1921 4290 2093 4360; x_wconf 90' lang='lat' dir='ltr'>(qua-</span> 
     </span>
    </p>
   </div>
   <div class='ocr_carea' id='block_1_75' title="bbox 440 4372 2091 4448">
    <p class='ocr_par' dir='ltr' id='par_1_75' title="bbox 440 4372 2091 4448">
     <span class='ocr_line' id='line_1_75' title="bbox 440 4372 2091 4448; baseline 0.001 -18"><span class='ocrx_word' id='word_1_575' title='bbox 440 4372 518 4433; x_wconf 91' lang='lat' dir='ltr'>lis</span> <span class='ocrx_word' id='word_1_576' title='bbox 544 4374 649 4432; x_wconf 89' lang='lat' dir='ltr'>illa</span> <span class='ocrx_word' id='word_1_577' title='bbox 672 4392 817 4433; x_wconf 87' lang='lat' dir='ltr'>uxor</span> <span class='ocrx_word' id='word_1_578' title='bbox 860 4380 1220 4434; x_wconf 89' lang='lat' dir='ltr'>memoratur</span> <span class='ocrx_word' id='word_1_579' title='bbox 1272 4374 1677 4442; x_wconf 88' lang='lat' dir='ltr'>Hasdrubalis,</span> <span class='ocrx_word' id='word_1_580' title='bbox 1722 4393 1871 4447; x_wconf 80' lang='lat' dir='ltr'>quae,</span> <span class='ocrx_word' id='word_1_581' title='bbox 1922 4380 2091 4448; x_wconf 88' lang='lat' dir='ltr'>capto</span> 
     </span>
    </p>
   </div>
   <div class='ocr_carea' id='block_1_76' title="bbox 439 4464 2090 4538">
    <p class='ocr_par' dir='ltr' id='par_1_76' title="bbox 439 4464 2090 4538">
     <span class='ocr_line' id='line_1_76' title="bbox 439 4464 2090 4538; baseline 0.001 -19"><span class='ocrx_word' id='word_1_582' title='bbox 439 4464 583 4533; x_wconf 90' lang='lat' dir='ltr'>viro,</span> <span class='ocrx_word' id='word_1_583' title='bbox 617 4464 679 4521; x_wconf 92' lang='lat' dir='ltr'>in</span> <span class='ocrx_word' id='word_1_584' title='bbox 709 4464 914 4538; x_wconf 76' lang='lat' dir='ltr'>patriae</span> <span class='ocrx_word' id='word_1_585' title='bbox 946 4482 1009 4522; x_wconf 91' lang='lat' dir='ltr'>se</span> <span class='ocrx_word' id='word_1_586' title='bbox 1031 4465 1175 4537; x_wconf 90' lang='lat' dir='ltr'>jecit</span> <span class='ocrx_word' id='word_1_587' title='bbox 1202 4464 1561 4534; x_wconf 91' lang='lat' dir='ltr'>incendium,</span> <span class='ocrx_word' id='word_1_588' title='bbox 1593 4468 1651 4521; x_wconf 89' lang='lat' dir='ltr'>et</span> <span class='ocrx_word' id='word_1_589' title='bbox 1698 4470 1918 4521; x_wconf 72' lang='lat' dir='ltr'>caeteras</span> <span class='ocrx_word' id='word_1_590' title='bbox 1965 4483 2090 4538; x_wconf 77' lang='lat' dir='ltr'>quae</span> 
     </span>
    </p>
   </div>
   <div class='ocr_carea' id='block_1_77' title="bbox 439 4553 2091 4627">
    <p class='ocr_par' dir='ltr' id='par_1_77' title="bbox 439 4553 2091 4627">
     <span class='ocr_line' id='line_1_77' title="bbox 439 4553 2091 4627; baseline -0.001 -16"><span class='ocrx_word' id='word_1_591' title='bbox 439 4553 581 4611; x_wconf 87' lang='lat' dir='ltr'>viris</span> <span class='ocrx_word' id='word_1_592' title='bbox 610 4554 861 4611; x_wconf 90' lang='lat' dir='ltr'>mortuis</span> <span class='ocrx_word' id='word_1_593' title='bbox 889 4554 1258 4627; x_wconf 88' lang='lat' dir='ltr'>supervivere</span> <span class='ocrx_word' id='word_1_594' title='bbox 1288 4554 1623 4627; x_wconf 90' lang='lat' dir='ltr'>noluerunt)</span> <span class='ocrx_word' id='word_1_595' title='bbox 1655 4570 1958 4625; x_wconf 85' lang='lat' dir='ltr'>nunquam</span> <span class='ocrx_word' id='word_1_596' title='bbox 2005 4560 2091 4610; x_wconf 92' lang='lat' dir='ltr'>ta-</span> 
     </span>
    </p>
   </div>
   <div class='ocr_carea' id='block_1_78' title="bbox 2206 3393 3851 3468">
    <p class='ocr_par' dir='ltr' id='par_1_78' title="bbox 2206 3393 3851 3468">
     <span class='ocr_line' id='line_1_78' title="bbox 2206 3393 3851 3468; baseline -0.001 -15"><span class='ocrx_word' id='word_1_597' title='bbox 2206 3413 2336 3453; x_wconf 92' lang='lat' dir='ltr'>eam</span> <span class='ocrx_word' id='word_1_598' title='bbox 2370 3414 2407 3452; x_wconf 92' lang='lat' dir='ltr'>n</span> <span class='ocrx_word' id='word_1_599' title='bbox 2428 3415 2498 3453; x_wconf 91' lang='lat' dir='ltr'>on</span> <span class='ocrx_word' id='word_1_600' title='bbox 2522 3397 2836 3452; x_wconf 90' lang='lat' dir='ltr'>habentem</span> <span class='ocrx_word' id='word_1_601' title='bbox 2870 3394 3162 3451; x_wconf 88' lang='lat' dir='ltr'>maculam</span> <span class='ocrx_word' id='word_1_602' title='bbox 3193 3399 3296 3451; x_wconf 90' lang='lat' dir='ltr'>aut</span> <span class='ocrx_word' id='word_1_603' title='bbox 3342 3411 3549 3468; x_wconf 90' lang='lat' dir='ltr'>rugam</span> <span class='ocrx_word' id='word_1_604' title='bbox 3589 3393 3851 3468; x_wconf 86' lang='lat' dir='ltr'>aliquam</span> 
     </span>
    </p>
   </div>
   <div class='ocr_carea' id='block_1_79' title="bbox 2203 3482 3850 3543">
    <p class='ocr_par' dir='ltr' id='par_1_79' title="bbox 2203 3482 3850 3543">
     <span class='ocr_line' id='line_1_79' title="bbox 2203 3482 3850 3543; baseline -0.001 -1"><span class='ocrx_word' id='word_1_605' title='bbox 2203 3485 2542 3543; x_wconf 87' lang='lat' dir='ltr'>vetustatis:</span> <span class='ocrx_word' id='word_1_606' title='bbox 2576 3485 2829 3540; x_wconf 89' lang='lat' dir='ltr'>maxime</span> <span class='ocrx_word' id='word_1_607' title='bbox 2877 3501 3010 3540; x_wconf 93' lang='lat' dir='ltr'>cum</span> <span class='ocrx_word' id='word_1_608' title='bbox 3063 3483 3210 3540; x_wconf 89' lang='lat' dir='ltr'>sciat</span> <span class='ocrx_word' id='word_1_609' title='bbox 3255 3482 3418 3540; x_wconf 89' lang='lat' dir='ltr'>illam</span> <span class='ocrx_word' id='word_1_610' title='bbox 3466 3483 3527 3538; x_wconf 90' lang='lat' dir='ltr'>in</span> <span class='ocrx_word' id='word_1_611' title='bbox 3557 3498 3850 3540; x_wconf 88' lang='lat' dir='ltr'>resurrec-</span> 
     </span>
    </p>
   </div>
   <div class='ocr_carea' id='block_1_80' title="bbox 2205 3570 3851 3641">
    <p class='ocr_par' dir='ltr' id='par_1_80' title="bbox 2205 3570 3851 3641">
     <span class='ocr_line' id='line_1_80' title="bbox 2205 3570 3851 3641; baseline -0.004 -8"><span class='ocrx_word' id='word_1_612' title='bbox 2205 3574 2394 3633; x_wconf 90' lang='lat' dir='ltr'>ctione</span> <span class='ocrx_word' id='word_1_613' title='bbox 2424 3574 2791 3641; x_wconf 89' lang='lat' dir='ltr'>salvandam,</span> <span class='ocrx_word' id='word_1_614' title='bbox 2845 3578 2902 3629; x_wconf 91' lang='lat' dir='ltr'>et</span> <span class='ocrx_word' id='word_1_615' title='bbox 2946 3573 3205 3629; x_wconf 88' lang='lat' dir='ltr'>visuram</span> <span class='ocrx_word' id='word_1_616' title='bbox 3252 3588 3383 3629; x_wconf 90' lang='lat' dir='ltr'>esse</span> <span class='ocrx_word' id='word_1_617' title='bbox 3438 3570 3695 3627; x_wconf 89' lang='lat' dir='ltr'>salutare</span> <span class='ocrx_word' id='word_1_618' title='bbox 3748 3570 3851 3629; x_wconf 91' lang='lat' dir='ltr'>Dei</span> 
     </span>
    </p>
   </div>
   <div class='ocr_carea' id='block_1_81' title="bbox 2205 3659 3851 3738">
    <p class='ocr_par' dir='ltr' id='par_1_81' title="bbox 2205 3659 3851 3738">
     <span class='ocr_line' id='line_1_81' title="bbox 2205 3659 3851 3738; baseline -0.003 -16"><span class='ocrx_word' id='word_1_619' title='bbox 2205 3665 2358 3738; x_wconf 83' lang='lat' dir='ltr'>(Luc.</span> <span class='ocrx_word' id='word_1_620' title='bbox 2395 3682 2481 3736; x_wconf 84' lang='grc' dir='ltr'><strong>ιιι,</strong></span> <span class='ocrx_word' id='word_1_621' title='bbox 2512 3663 2591 3727; x_wconf 85' lang='grc'>6.)</span> <span class='ocrx_word' id='word_1_622' title='bbox 2624 3662 2782 3719; x_wconf 89' lang='lat' dir='ltr'>Talis</span> <span class='ocrx_word' id='word_1_623' title='bbox 2839 3662 2929 3718; x_wconf 92' lang='lat' dir='ltr'>vir</span> <span class='ocrx_word' id='word_1_624' title='bbox 2974 3666 3150 3735; x_wconf 89' lang='lat' dir='ltr'>caput</span> <span class='ocrx_word' id='word_1_625' title='bbox 3195 3661 3372 3717; x_wconf 81' lang='lat' dir='ltr'>habet</span> <span class='ocrx_word' id='word_1_626' title='bbox 3416 3659 3747 3729; x_wconf 90' lang='lat' dir='ltr'>Christum;</span> <span class='ocrx_word' id='word_1_627' title='bbox 3791 3664 3851 3717; x_wconf 86' lang='lat' dir='ltr'>et</span> 
     </span>
    </p>
   </div>
   <div class='ocr_carea' id='block_1_82' title="bbox 2203 3748 3851 3827">
    <p class='ocr_par' dir='ltr' id='par_1_82' title="bbox 2203 3748 3851 3827">
     <span class='ocr_line' id='line_1_82' title="bbox 2203 3748 3851 3827; baseline -0.004 -15"><span class='ocrx_word' id='word_1_628' title='bbox 2203 3772 2337 3812; x_wconf 91' lang='lat' dir='ltr'>cum</span> <span class='ocrx_word' id='word_1_629' title='bbox 2369 3756 2607 3827; x_wconf 88' lang='lat' dir='ltr'>propter</span> <span class='ocrx_word' id='word_1_630' title='bbox 2638 3751 2892 3808; x_wconf 90' lang='lat' dir='ltr'>salutem</span> <span class='ocrx_word' id='word_1_631' title='bbox 2924 3751 3119 3807; x_wconf 92' lang='lat' dir='ltr'>carnis</span> <span class='ocrx_word' id='word_1_632' title='bbox 3174 3768 3236 3807; x_wconf 90' lang='lat' dir='ltr'>se</span> <span class='ocrx_word' id='word_1_633' title='bbox 3284 3748 3628 3816; x_wconf 89' lang='lat' dir='ltr'>humilians,</span> <span class='ocrx_word' id='word_1_634' title='bbox 3661 3749 3851 3806; x_wconf 87' lang='lat' dir='ltr'>factus</span> 
     </span>
    </p>
   </div>
   <div class='ocr_carea' id='block_1_83' title="bbox 2201 3837 3849 3908">
    <p class='ocr_par' dir='ltr' id='par_1_83' title="bbox 2201 3837 3849 3908">
     <span class='ocr_line' id='line_1_83' title="bbox 2201 3837 3849 3908; baseline -0.003 -8"><span class='ocrx_word' id='word_1_635' title='bbox 2201 3843 2381 3900; x_wconf 90' lang='lat' dir='ltr'>fuerit</span> <span class='ocrx_word' id='word_1_636' title='bbox 2408 3860 2543 3899; x_wconf 92' lang='lat' dir='ltr'>eum</span> <span class='ocrx_word' id='word_1_637' title='bbox 2575 3858 2754 3898; x_wconf 89' lang='lat' dir='ltr'>uxore</span> <span class='ocrx_word' id='word_1_638' title='bbox 2801 3858 2910 3897; x_wconf 92' lang='lat' dir='ltr'>sua</span> <span class='ocrx_word' id='word_1_639' title='bbox 2958 3857 3077 3896; x_wconf 91' lang='lat' dir='ltr'>una</span> <span class='ocrx_word' id='word_1_640' title='bbox 3120 3856 3273 3908; x_wconf 89' lang='lat' dir='ltr'>caro,</span> <span class='ocrx_word' id='word_1_641' title='bbox 3324 3837 3569 3896; x_wconf 90' lang='lat' dir='ltr'>retrahit</span> <span class='ocrx_word' id='word_1_642' title='bbox 3616 3855 3745 3895; x_wconf 90' lang='lat' dir='ltr'>eam</span> <span class='ocrx_word' id='word_1_643' title='bbox 3776 3838 3849 3895; x_wconf 91' lang='lat' dir='ltr'>ad</span> 
     </span>
    </p>
   </div>
   <div class='ocr_carea' id='block_1_84' title="bbox 2202 3928 3848 4006">
    <p class='ocr_par' dir='ltr' id='par_1_84' title="bbox 2202 3928 3848 4006">
     <span class='ocr_line' id='line_1_84' title="bbox 2202 3928 3848 4006; baseline -0.003 -17"><span class='ocrx_word' id='word_1_644' title='bbox 2202 3933 2502 4006; x_wconf 90' lang='lat' dir='ltr'>spiritum,</span> <span class='ocrx_word' id='word_1_645' title='bbox 2524 3936 2581 3988; x_wconf 90' lang='lat' dir='ltr'>et</span> <span class='ocrx_word' id='word_1_646' title='bbox 2608 3930 2855 3987; x_wconf 91' lang='lat' dir='ltr'>Domino</span> <span class='ocrx_word' id='word_1_647' title='bbox 2885 3929 3215 4003; x_wconf 86' lang='lat' dir='ltr'>copulatus,</span> <span class='ocrx_word' id='word_1_648' title='bbox 3248 3945 3380 3985; x_wconf 91' lang='lat' dir='ltr'>caro</span> <span class='ocrx_word' id='word_1_649' title='bbox 3426 3945 3555 3985; x_wconf 89' lang='lat' dir='ltr'>esse</span> <span class='ocrx_word' id='word_1_650' title='bbox 3596 3928 3848 3984; x_wconf 89' lang='lat' dir='ltr'>desistit.</span> 
     </span>
    </p>
   </div>
   <div class='ocr_carea' id='block_1_85' title="bbox 2205 4016 3850 4091">
    <p class='ocr_par' dir='ltr' id='par_1_85' title="bbox 2205 4016 3850 4091">
     <span class='ocr_line' id='line_1_85' title="bbox 2205 4016 3850 4091; baseline -0.001 -18"><span class='ocrx_word' id='word_1_651' title='bbox 2205 4019 2447 4076; x_wconf 88' lang='lat' dir='ltr'>Pulchre</span> <span class='ocrx_word' id='word_1_652' title='bbox 2478 4035 2711 4091; x_wconf 91' lang='lat' dir='ltr'>quoque</span> <span class='ocrx_word' id='word_1_653' title='bbox 2740 4017 3033 4075; x_wconf 89' lang='lat' dir='ltr'>maculam</span> <span class='ocrx_word' id='word_1_654' title='bbox 3061 4021 3163 4073; x_wconf 90' lang='lat' dir='ltr'>aut</span> <span class='ocrx_word' id='word_1_655' title='bbox 3191 4032 3421 4089; x_wconf 90' lang='lat' dir='ltr'>rugam,</span> <span class='ocrx_word' id='word_1_656' title='bbox 3455 4016 3595 4089; x_wconf 87' lang='lat' dir='ltr'>quia</span> <span class='ocrx_word' id='word_1_657' title='bbox 3623 4016 3694 4073; x_wconf 93' lang='lat' dir='ltr'>de</span> <span class='ocrx_word' id='word_1_658' title='bbox 3719 4033 3850 4072; x_wconf 91' lang='lat' dir='ltr'>con-</span> 
     </span>
    </p>
   </div>
   <div class='ocr_carea' id='block_1_86' title="bbox 2192 4102 3847 4181">
    <p class='ocr_par' dir='ltr' id='par_1_86' title="bbox 2192 4102 3847 4181">
     <span class='ocr_line' id='line_1_86' title="bbox 2192 4102 3847 4181; baseline -0.002 -17"><span class='ocrx_word' id='word_1_659' title='bbox 2192 4108 2362 4181; x_wconf 90' lang='lat' dir='ltr'>jugio</span> <span class='ocrx_word' id='word_1_660' title='bbox 2392 4107 2765 4179; x_wconf 89' lang='lat' dir='ltr'>loquebatur,</span> <span class='ocrx_word' id='word_1_661' title='bbox 2798 4106 2869 4162; x_wconf 91' lang='lat' dir='ltr'>de</span> <span class='ocrx_word' id='word_1_662' title='bbox 2899 4103 3163 4177; x_wconf 87' lang='lat' dir='ltr'>exemplo</span> <span class='ocrx_word' id='word_1_663' title='bbox 3212 4102 3528 4160; x_wconf 90' lang='lat' dir='ltr'>mulierum</span> <span class='ocrx_word' id='word_1_664' title='bbox 3578 4104 3650 4161; x_wconf 89' lang='lat' dir='ltr'>ad</span> <span class='ocrx_word' id='word_1_665' title='bbox 3677 4104 3847 4161; x_wconf 84' lang='lat' dir='ltr'>deco-</span> 
     </span>
    </p>
   </div>
   <div class='ocr_carea' id='block_1_87' title="bbox 2203 4191 3852 4253">
    <p class='ocr_par' dir='ltr' id='par_1_87' title="bbox 2203 4191 3852 4253">
     <span class='ocr_line' id='line_1_87' title="bbox 2203 4191 3852 4253; baseline -0.001 0"><span class='ocrx_word' id='word_1_666' title='bbox 2203 4213 2326 4253; x_wconf 91' lang='lat' dir='ltr'>rem</span> <span class='ocrx_word' id='word_1_667' title='bbox 2357 4197 2533 4252; x_wconf 88' lang='lat' dir='ltr'>traxit</span> <span class='ocrx_word' id='word_1_668' title='bbox 2554 4194 2843 4251; x_wconf 57' lang='lat' dir='ltr'>Ecclesia}.</span> <span class='ocrx_word' id='word_1_669' title='bbox 2899 4193 3062 4249; x_wconf 89' lang='lat' dir='ltr'>Sicut</span> <span class='ocrx_word' id='word_1_670' title='bbox 3109 4193 3266 4249; x_wconf 90' lang='lat' dir='ltr'>enim</span> <span class='ocrx_word' id='word_1_671' title='bbox 3324 4192 3512 4249; x_wconf 89' lang='lat' dir='ltr'>solent</span> <span class='ocrx_word' id='word_1_672' title='bbox 3556 4191 3615 4248; x_wconf 90' lang='lat' dir='ltr'>in</span> <span class='ocrx_word' id='word_1_673' title='bbox 3644 4192 3852 4251; x_wconf 87' lang='lat' dir='ltr'>mulie-</span> 
     </span>
    </p>
   </div>
   <div class='ocr_carea' id='block_1_88' title="bbox 2202 4280 3846 4359">
    <p class='ocr_par' dir='ltr' id='par_1_88' title="bbox 2202 4280 3846 4359">
     <span class='ocr_line' id='line_1_88' title="bbox 2202 4280 3846 4359; baseline -0.002 -17"><span class='ocrx_word' id='word_1_674' title='bbox 2202 4304 2332 4342; x_wconf 91' lang='lat' dir='ltr'>rum</span> <span class='ocrx_word' id='word_1_675' title='bbox 2364 4285 2706 4359; x_wconf 91' lang='lat' dir='ltr'>corporibus</span> <span class='ocrx_word' id='word_1_676' title='bbox 2733 4284 2819 4340; x_wconf 90' lang='lat' dir='ltr'>vel</span> <span class='ocrx_word' id='word_1_677' title='bbox 2851 4283 3084 4340; x_wconf 90' lang='lat' dir='ltr'>sordere</span> <span class='ocrx_word' id='word_1_678' title='bbox 3124 4281 3290 4348; x_wconf 74' lang='lat' dir='ltr'>nzevi,</span> <span class='ocrx_word' id='word_1_679' title='bbox 3320 4280 3408 4337; x_wconf 90' lang='lat' dir='ltr'>vel</span> <span class='ocrx_word' id='word_1_680' title='bbox 3440 4297 3587 4353; x_wconf 89' lang='lat' dir='ltr'>ruga</span> <span class='ocrx_word' id='word_1_681' title='bbox 3614 4285 3846 4338; x_wconf 90' lang='lat' dir='ltr'>contra-</span> 
     </span>
    </p>
   </div>
   <div class='ocr_carea' id='block_1_89' title="bbox 2202 4370 3847 4448">
    <p class='ocr_par' dir='ltr' id='par_1_89' title="bbox 2202 4370 3847 4448">
     <span class='ocr_line' id='line_1_89' title="bbox 2202 4370 3847 4448; baseline -0.002 -17"><span class='ocrx_word' id='word_1_682' title='bbox 2202 4375 2286 4446; x_wconf 90' lang='lat' dir='ltr'>hi,</span> <span class='ocrx_word' id='word_1_683' title='bbox 2318 4375 2404 4431; x_wconf 88' lang='lat' dir='ltr'>vel</span> <span class='ocrx_word' id='word_1_684' title='bbox 2436 4374 2651 4448; x_wconf 90' lang='lat' dir='ltr'>lentigo</span> <span class='ocrx_word' id='word_1_685' title='bbox 2689 4373 2941 4429; x_wconf 86' lang='lat' dir='ltr'>variari:</span> <span class='ocrx_word' id='word_1_686' title='bbox 2975 4377 3031 4428; x_wconf 90' lang='lat' dir='ltr'>et</span> <span class='ocrx_word' id='word_1_687' title='bbox 3077 4371 3187 4427; x_wconf 94' lang='lat' dir='ltr'>hoc</span> <span class='ocrx_word' id='word_1_688' title='bbox 3245 4375 3334 4427; x_wconf 89' lang='lat' dir='ltr'>est</span> <span class='ocrx_word' id='word_1_689' title='bbox 3380 4386 3552 4427; x_wconf 92' lang='lat' dir='ltr'>omne</span> <span class='ocrx_word' id='word_1_690' title='bbox 3581 4370 3847 4427; x_wconf 90' lang='lat' dir='ltr'>studium</span> 
     </span>
    </p>
   </div>
   <div class='ocr_carea' id='block_1_90' title="bbox 2201 4460 3849 4536">
    <p class='ocr_par' dir='ltr' id='par_1_90' title="bbox 2201 4460 3849 4536">
     <span class='ocr_line' id='line_1_90' title="bbox 2201 4460 3849 4536; baseline -0.003 -14"><span class='ocrx_word' id='word_1_691' title='bbox 2201 4464 2579 4532; x_wconf 82' lang='lat' dir='ltr'>feminarum,</span> <span class='ocrx_word' id='word_1_692' title='bbox 2610 4467 2676 4519; x_wconf 90' lang='lat' dir='ltr'>ut</span> <span class='ocrx_word' id='word_1_693' title='bbox 2705 4463 2856 4536; x_wconf 87' lang='lat' dir='ltr'>quod</span> <span class='ocrx_word' id='word_1_694' title='bbox 2889 4462 3105 4518; x_wconf 74' lang='lat' dir='ltr'>foedare</span> <span class='ocrx_word' id='word_1_695' title='bbox 3143 4460 3371 4517; x_wconf 91' lang='lat' dir='ltr'>videtur</span> <span class='ocrx_word' id='word_1_696' title='bbox 3399 4460 3759 4534; x_wconf 88' lang='lat' dir='ltr'>abstergant,</span> <span class='ocrx_word' id='word_1_697' title='bbox 3790 4464 3849 4517; x_wconf 89' lang='lat' dir='ltr'>et</span> 
     </span>
    </p>
   </div>
   <div class='ocr_carea' id='block_1_91' title="bbox 2203 4549 3851 4623">
    <p class='ocr_par' dir='ltr' id='par_1_91' title="bbox 2203 4549 3851 4623">
     <span class='ocr_line' id='line_1_91' title="bbox 2203 4549 3851 4623; baseline -0.002 -13"><span class='ocrx_word' id='word_1_698' title='bbox 2203 4554 2515 4611; x_wconf 89' lang='lat' dir='ltr'>exhibeant</span> <span class='ocrx_word' id='word_1_699' title='bbox 2570 4552 2799 4609; x_wconf 89' lang='lat' dir='ltr'>maritis</span> <span class='ocrx_word' id='word_1_700' title='bbox 2848 4567 3158 4623; x_wconf 90' lang='lat' dir='ltr'>corporum</span> <span class='ocrx_word' id='word_1_701' title='bbox 3204 4553 3612 4607; x_wconf 85' lang='lat' dir='ltr'>venustatem:</span> <span class='ocrx_word' id='word_1_702' title='bbox 3663 4549 3746 4606; x_wconf 90' lang='lat' dir='ltr'>ita</span> <span class='ocrx_word' id='word_1_703' title='bbox 3792 4553 3851 4606; x_wconf 91' lang='lat' dir='ltr'>et</span> 
     </span>
    </p>
   </div>
   <div class='ocr_carea' id='block_1_92' title="bbox 440 4640 3850 4718">
    <p class='ocr_par' dir='ltr' id='par_1_92' title="bbox 440 4640 3850 4718">
     <span class='ocr_line' id='line_1_92' title="bbox 440 4640 3850 4718; baseline -0.002 -17"><span class='ocrx_word' id='word_1_704' title='bbox 440 4661 575 4702; x_wconf 89' lang='lat' dir='ltr'>men</span> <span class='ocrx_word' id='word_1_705' title='bbox 606 4645 981 4703; x_wconf 89' lang='lat' dir='ltr'>dilectionem</span> <span class='ocrx_word' id='word_1_706' title='bbox 1011 4644 1176 4701; x_wconf 87' lang='lat' dir='ltr'>illam</span> <span class='ocrx_word' id='word_1_707' title='bbox 1204 4645 1293 4702; x_wconf 91' lang='lat' dir='ltr'>vir</span> <span class='ocrx_word' id='word_1_708' title='bbox 1322 4645 1559 4717; x_wconf 85' lang='lat' dir='ltr'>sapiens</span> <span class='ocrx_word' id='word_1_709' title='bbox 1608 4643 1901 4700; x_wconf 83' lang='lat' dir='ltr'>dilectioni</span> <span class='ocrx_word' id='word_1_710' title='bbox 1933 4643 2093 4700; x_wconf 84' lang='lat' dir='ltr'>Chri—</span> <span class='ocrx_word' id='word_1_711' title='bbox 2122 4654 2168 4718; x_wconf 86' lang='lat' dir='ltr'><strong>D</strong></span> <span class='ocrx_word' id='word_1_712' title='bbox 2200 4644 2407 4699; x_wconf 66' lang='lat' dir='ltr'>animae</span> <span class='ocrx_word' id='word_1_713' title='bbox 2439 4643 2601 4697; x_wconf 92' lang='lat' dir='ltr'>omni</span> <span class='ocrx_word' id='word_1_714' title='bbox 2632 4645 3004 4713; x_wconf 88' lang='lat' dir='ltr'>peccatorum</span> <span class='ocrx_word' id='word_1_715' title='bbox 3037 4640 3208 4697; x_wconf 90' lang='lat' dir='ltr'>sorde</span> <span class='ocrx_word' id='word_1_716' title='bbox 3240 4640 3554 4713; x_wconf 67' lang='lat' dir='ltr'>purganda:</span> <span class='ocrx_word' id='word_1_717' title='bbox 3587 4644 3750 4709; x_wconf 89' lang='lat' dir='ltr'>sunt,</span> <span class='ocrx_word' id='word_1_718' title='bbox 3783 4643 3850 4696; x_wconf 90' lang='lat' dir='ltr'>ut</span> 
     </span>
    </p>
   </div>
   <div class='ocr_carea' id='block_1_93' title="bbox 440 4733 2089 4808">
    <p class='ocr_par' dir='ltr' id='par_1_93' title="bbox 440 4733 2089 4808">
     <span class='ocr_line' id='line_1_93' title="bbox 440 4733 2089 4808; baseline -0.002 -15"><span class='ocrx_word' id='word_1_719' title='bbox 440 4735 517 4793; x_wconf 87' lang='lat' dir='ltr'>sti</span> <span class='ocrx_word' id='word_1_720' title='bbox 547 4742 605 4791; x_wconf 88' lang='lat' dir='ltr'>et</span> <span class='ocrx_word' id='word_1_721' title='bbox 634 4734 910 4792; x_wconf 70' lang='lat' dir='ltr'>Ecclesiae</span> <span class='ocrx_word' id='word_1_722' title='bbox 939 4735 1323 4808; x_wconf 89' lang='lat' dir='ltr'>comparabit.</span> <span class='ocrx_word' id='word_1_723' title='bbox 1356 4734 1605 4791; x_wconf 90' lang='lat' dir='ltr'>Sanctus</span> <span class='ocrx_word' id='word_1_724' title='bbox 1636 4733 1816 4807; x_wconf 89' lang='lat' dir='ltr'>igitur</span> <span class='ocrx_word' id='word_1_725' title='bbox 1865 4734 1960 4789; x_wconf 89' lang='lat' dir='ltr'>hic</span> <span class='ocrx_word' id='word_1_726' title='bbox 2001 4734 2089 4789; x_wconf 85' lang='lat' dir='ltr'>in-</span> 
     </span>
    </p>
   </div>
   <div class='ocr_carea' id='block_1_94' title="bbox 440 4822 2089 4898">
    <p class='ocr_par' dir='ltr' id='par_1_94' title="bbox 440 4822 2089 4898">
     <span class='ocr_line' id='line_1_94' title="bbox 440 4822 2089 4898; baseline -0.001 -17"><span class='ocrx_word' id='word_1_727' title='bbox 440 4823 801 4898; x_wconf 89' lang='lat' dir='ltr'>telligendus</span> <span class='ocrx_word' id='word_1_728' title='bbox 830 4828 921 4880; x_wconf 89' lang='lat' dir='ltr'>est</span> <span class='ocrx_word' id='word_1_729' title='bbox 950 4840 1135 4896; x_wconf 91' lang='lat' dir='ltr'>amor,</span> <span class='ocrx_word' id='word_1_730' title='bbox 1168 4841 1283 4897; x_wconf 93' lang='lat' dir='ltr'>quo</span> <span class='ocrx_word' id='word_1_731' title='bbox 1313 4827 1371 4881; x_wconf 89' lang='lat' dir='ltr'>et</span> <span class='ocrx_word' id='word_1_732' title='bbox 1416 4828 1580 4880; x_wconf 86' lang='lat' dir='ltr'>Isaac</span> <span class='ocrx_word' id='word_1_733' title='bbox 1621 4822 1823 4879; x_wconf 86' lang='lat' dir='ltr'>dilexit</span> <span class='ocrx_word' id='word_1_734' title='bbox 1851 4839 2089 4880; x_wconf 88' lang='lat' dir='ltr'>uxorem</span> 
     </span>
    </p>
   </div>
   <div class='ocr_carea' id='block_1_95' title="bbox 439 4913 2086 4986">
    <p class='ocr_par' dir='ltr' id='par_1_95' title="bbox 439 4913 2086 4986">
     <span class='ocr_line' id='line_1_95' title="bbox 439 4913 2086 4986; baseline -0.001 -15"><span class='ocrx_word' id='word_1_735' title='bbox 439 4930 610 4971; x_wconf 89' lang='lat' dir='ltr'>suam</span> <span class='ocrx_word' id='word_1_736' title='bbox 645 4914 957 4985; x_wconf 83' lang='lat' dir='ltr'>Rebeceam,</span> <span class='ocrx_word' id='word_1_737' title='bbox 1015 4930 1142 4986; x_wconf 83' lang='lat' dir='ltr'>quae</span> <span class='ocrx_word' id='word_1_738' title='bbox 1196 4913 1610 4985; x_wconf 87' lang='lat' dir='ltr'>interpretatur</span> <span class='ocrx_word' id='word_1_739' title='bbox 1658 4914 1969 4984; x_wconf 83' lang='lat' dir='ltr'>patientia:</span> <span class='ocrx_word' id='word_1_740' title='bbox 2029 4917 2086 4969; x_wconf 90' lang='lat' dir='ltr'>et</span> 
     </span>
    </p>
   </div>
   <div class='ocr_carea' id='block_1_96' title="bbox 439 5001 2086 5076">
    <p class='ocr_par' dir='ltr' id='par_1_96' title="bbox 439 5001 2086 5076">
     <span class='ocr_line' id='line_1_96' title="bbox 439 5001 2086 5076; baseline 0 -17"><span class='ocrx_word' id='word_1_741' title='bbox 439 5003 719 5061; x_wconf 73' lang='lat' dir='ltr'>de°lerra</span> <span class='ocrx_word' id='word_1_742' title='bbox 767 5002 1224 5076; x_wconf 66' lang='lat' dir='ltr'>Mesopotamiae,</span> <span class='ocrx_word' id='word_1_743' title='bbox 1285 5019 1412 5075; x_wconf 48' lang='lat' dir='ltr'>quae</span> <span class='ocrx_word' id='word_1_744' title='bbox 1490 5001 1687 5059; x_wconf 62' lang='lat' dir='ltr'>saculi</span> <span class='ocrx_word' id='word_1_745' title='bbox 1764 5001 1943 5074; x_wconf 89' lang='lat' dir='ltr'>hujus</span> <span class='ocrx_word' id='word_1_746' title='bbox 2018 5020 2086 5059; x_wconf 86' lang='lat' dir='ltr'>ex</span> 
     </span>
    </p>
   </div>
   <div class='ocr_carea' id='block_1_97' title="bbox 438 5091 2085 5165">
    <p class='ocr_par' dir='ltr' id='par_1_97' title="bbox 438 5091 2085 5165">
     <span class='ocr_line' id='line_1_97' title="bbox 438 5091 2085 5165; baseline 0 -17"><span class='ocrx_word' id='word_1_747' title='bbox 438 5091 600 5148; x_wconf 89' lang='lat' dir='ltr'>omni</span> <span class='ocrx_word' id='word_1_748' title='bbox 629 5095 795 5164; x_wconf 89' lang='lat' dir='ltr'>parte</span> <span class='ocrx_word' id='word_1_749' title='bbox 823 5091 1101 5150; x_wconf 87' lang='lat' dir='ltr'>ﬂuctibus</span> <span class='ocrx_word' id='word_1_750' title='bbox 1127 5092 1403 5165; x_wconf 87' lang='lat' dir='ltr'>cingitur,</span> <span class='ocrx_word' id='word_1_751' title='bbox 1435 5091 1495 5147; x_wconf 91' lang='lat' dir='ltr'>in</span> <span class='ocrx_word' id='word_1_752' title='bbox 1539 5096 1752 5147; x_wconf 87' lang='lat' dir='ltr'>terram</span> <span class='ocrx_word' id='word_1_753' title='bbox 1809 5108 1937 5148; x_wconf 92' lang='lat' dir='ltr'>eam</span> <span class='ocrx_word' id='word_1_754' title='bbox 1991 5109 2085 5148; x_wconf 88' lang='lat' dir='ltr'>re-</span> 
     </span>
    </p>
   </div>
   <div class='ocr_carea' id='block_1_98' title="bbox 436 5179 2085 5254">
    <p class='ocr_par' dir='ltr' id='par_1_98' title="bbox 436 5179 2085 5254">
     <span class='ocr_line' id='line_1_98' title="bbox 436 5179 2085 5254; baseline 0.001 -18"><span class='ocrx_word' id='word_1_755' title='bbox 436 5179 850 5253; x_wconf 89' lang='lat' dir='ltr'>promissionis</span> <span class='ocrx_word' id='word_1_756' title='bbox 891 5182 1141 5252; x_wconf 85' lang='lat' dir='ltr'>induxit,</span> <span class='ocrx_word' id='word_1_757' title='bbox 1192 5187 1258 5237; x_wconf 89' lang='lat' dir='ltr'>ut</span> <span class='ocrx_word' id='word_1_758' title='bbox 1306 5179 1706 5239; x_wconf 90' lang='lat' dir='ltr'>consolaretur</span> <span class='ocrx_word' id='word_1_759' title='bbox 1747 5197 1849 5254; x_wconf 89' lang='lat' dir='ltr'>pro</span> <span class='ocrx_word' id='word_1_760' title='bbox 1900 5186 2085 5237; x_wconf 88' lang='lat' dir='ltr'>morte</span> 
     </span>
    </p>
   </div>
   <div class='ocr_carea' id='block_1_99' title="bbox 436 5268 2084 5343">
    <p class='ocr_par' dir='ltr' id='par_1_99' title="bbox 436 5268 2084 5343">
     <span class='ocr_line' id='line_1_99' title="bbox 436 5268 2084 5343; baseline -0.002 -15"><span class='ocrx_word' id='word_1_761' title='bbox 436 5268 645 5328; x_wconf 89' lang='lat' dir='ltr'>matris</span> <span class='ocrx_word' id='word_1_762' title='bbox 675 5286 793 5327; x_wconf 72' lang='lat' dir='ltr'>sum</span> <span class='ocrx_word' id='word_1_763' title='bbox 825 5270 978 5343; x_wconf 80' lang='lat' dir='ltr'>(Gen.</span> <span class='ocrx_word' id='word_1_764' title='bbox 1012 5288 1166 5342; x_wconf 73' lang='lat' dir='ltr'>xxxv,</span> <span class='ocrx_word' id='word_1_765' title='bbox 1196 5271 1311 5339; x_wconf 87' lang='grc'>67.)</span> <span class='ocrx_word' id='word_1_766' title='bbox 1365 5269 1675 5326; x_wconf 85' lang='lat' dir='ltr'>Interitum</span> <span class='ocrx_word' id='word_1_767' title='bbox 1725 5268 1941 5342; x_wconf 90' lang='lat' dir='ltr'>quippe</span> <span class='ocrx_word' id='word_1_768' title='bbox 1980 5271 2084 5343; x_wconf 86' lang='lat' dir='ltr'>Sy-</span> 
     </span>
    </p>
   </div>
   <div class='ocr_carea' id='block_1_100' title="bbox 508 5376 2088 5453">
    <p class='ocr_par' dir='ltr' id='par_1_100' title="bbox 508 5376 2088 5453">
     <span class='ocr_line' id='line_1_100' title="bbox 508 5376 2088 5453; baseline -0.009 -19"><span class='ocrx_word' id='word_1_769' title='bbox 508 5377 645 5453; x_wconf 27' lang='lat' dir='ltr'>‘JIta</span> <span class='ocrx_word' id='word_1_770' title='bbox 676 5376 818 5451; x_wconf 87' lang='lat' dir='ltr'>legit</span> <span class='ocrx_word' id='word_1_771' title='bbox 846 5379 1025 5453; x_wconf 71' lang='lat' dir='ltr'>codex</span> <span class='ocrx_word' id='word_1_772' title='bbox 1057 5378 1499 5453; x_wconf 86' lang='lat' dir='ltr'>manuscriptus</span> <span class='ocrx_word' id='word_1_773' title='bbox 1528 5376 1745 5453; x_wconf 82' lang='lat' dir='ltr'>Regius</span> <span class='ocrx_word' id='word_1_774' title='bbox 1787 5394 2088 5453; x_wconf 87' lang='lat' dir='ltr'>quemse-</span> 
     </span>
    </p>
   </div>
   <div class='ocr_carea' id='block_1_101' title="bbox 435 5449 2088 5522">
    <p class='ocr_par' dir='ltr' id='par_1_101' title="bbox 435 5449 2088 5522">
     <span class='ocr_line' id='line_1_101' title="bbox 435 5449 2088 5522; baseline -0.001 -17"><span class='ocrx_word' id='word_1_775' title='bbox 435 5449 558 5522; x_wconf 73' lang='lat' dir='ltr'>cuti</span> <span class='ocrx_word' id='word_1_776' title='bbox 591 5449 821 5506; x_wconf 80' lang='lat' dir='ltr'>sumus.</span> <span class='ocrx_word' id='word_1_777' title='bbox 856 5450 1263 5507; x_wconf 89' lang='lat' dir='ltr'>Cluniacensis</span> <span class='ocrx_word' id='word_1_778' title='bbox 1293 5449 1663 5522; x_wconf 76' lang='lat' dir='ltr'>pervetustus</span> <span class='ocrx_word' id='word_1_779' title='bbox 1693 5449 1844 5504; x_wconf 91' lang='lat' dir='ltr'>hanc</span> <span class='ocrx_word' id='word_1_780' title='bbox 1877 5452 2088 5505; x_wconf 88' lang='lat' dir='ltr'>retinet</span> 
     </span>
    </p>
   </div>
   <div class='ocr_carea' id='block_1_102' title="bbox 433 5519 2085 5592">
    <p class='ocr_par' dir='ltr' id='par_1_102' title="bbox 433 5519 2085 5592">
     <span class='ocr_line' id='line_1_102' title="bbox 433 5519 2085 5592; baseline -0.001 -15"><span class='ocrx_word' id='word_1_781' title='bbox 433 5519 780 5578; x_wconf 88' lang='lat' dir='ltr'>lectionem:</span> <span class='ocrx_word' id='word_1_782' title='bbox 806 5524 871 5580; x_wconf 87' lang='lat' dir='ltr'>Ut</span> <span class='ocrx_word' id='word_1_783' title='bbox 900 5539 1043 5592; x_wconf 82' lang='lat' dir='ltr'>ruga</span> <span class='ocrx_word' id='word_1_784' title='bbox 1078 5524 1273 5579; x_wconf 82' lang='lat' dir='ltr'>reteris</span> <span class='ocrx_word' id='word_1_785' title='bbox 1294 5519 1541 5579; x_wconf 60' lang='lat' dir='ltr'>hominis</span> <span class='ocrx_word' id='word_1_786' title='bbox 1572 5523 1631 5576; x_wconf 78' lang='lat' dir='ltr'>in</span> <span class='ocrx_word' id='word_1_787' title='bbox 1658 5527 1948 5577; x_wconf 79' lang='lat' dir='ltr'>venustate</span> <span class='ocrx_word' id='word_1_788' title='bbox 1966 5526 2085 5577; x_wconf 85' lang='lat' dir='ltr'>len-</span> 
     </span>
    </p>
   </div>
   <div class='ocr_carea' id='block_1_103' title="bbox 434 5592 2083 5657">
    <p class='ocr_par' dir='ltr' id='par_1_103' title="bbox 434 5592 2083 5657">
     <span class='ocr_line' id='line_1_103' title="bbox 434 5592 2083 5657; baseline -0.001 -8"><span class='ocrx_word' id='word_1_789' title='bbox 434 5592 620 5651; x_wconf 84' lang='lat' dir='ltr'>datur.</span> <span class='ocrx_word' id='word_1_790' title='bbox 646 5593 811 5649; x_wconf 89' lang='lat' dir='ltr'>Unde</span> <span class='ocrx_word' id='word_1_791' title='bbox 843 5594 1075 5650; x_wconf 86' lang='lat' dir='ltr'>ﬂuxerit</span> <span class='ocrx_word' id='word_1_792' title='bbox 1094 5596 1153 5649; x_wconf 92' lang='lat' dir='ltr'>in</span> <span class='ocrx_word' id='word_1_793' title='bbox 1178 5594 1466 5651; x_wconf 90' lang='lat' dir='ltr'>editiones</span> <span class='ocrx_word' id='word_1_794' title='bbox 1488 5593 1711 5650; x_wconf 88' lang='lat' dir='ltr'>Erasmi</span> <span class='ocrx_word' id='word_1_795' title='bbox 1736 5600 1791 5649; x_wconf 90' lang='lat' dir='ltr'>et</span> <span class='ocrx_word' id='word_1_796' title='bbox 1820 5593 2083 5657; x_wconf 84' lang='lat' dir='ltr'>Mariani,</span> 
     </span>
    </p>
   </div>
   <div class='ocr_carea' id='block_1_104' title="bbox 418 5666 2082 5748">
    <p class='ocr_par' dir='ltr' id='par_1_104' title="bbox 418 5666 2082 5748">
     <span class='ocr_line' id='line_1_104' title="bbox 418 5666 2082 5748; baseline -0.001 -25"><span class='ocrx_word' id='word_1_797' title='bbox 418 5666 1085 5748; x_wconf 54' lang='lat' dir='ltr'>‘g&#39;ajuventuteleadatur,</span> <span class='ocrx_word' id='word_1_798' title='bbox 1104 5682 1477 5748; x_wconf 80' lang='lat' dir='ltr'>nequaquam</span> <span class='ocrx_word' id='word_1_799' title='bbox 1500 5682 1741 5748; x_wconf 65' lang='lat' dir='ltr'>possum</span> <span class='ocrx_word' id='word_1_800' title='bbox 1774 5666 2082 5748; x_wconf 75' lang='lat' dir='ltr'>conjicere.</span> 
     </span>
    </p>
   </div>
   <div class='ocr_carea' id='block_1_105' title="bbox 433 5736 2085 5811">
    <p class='ocr_par' dir='ltr' id='par_1_105' title="bbox 433 5736 2085 5811">
     <span class='ocr_line' id='line_1_105' title="bbox 433 5736 2085 5811; baseline -0.002 -15"><span class='ocrx_word' id='word_1_801' title='bbox 433 5736 722 5797; x_wconf 52' lang='lat' dir='ltr'>Mirm--</span> <span class='ocrx_word' id='word_1_802' title='bbox 750 5737 1130 5797; x_wconf 69' lang='lat' dir='ltr'>Martiantsus</span> <span class='ocrx_word' id='word_1_803' title='bbox 1177 5736 1429 5810; x_wconf 61' lang='lat' dir='ltr'>inventa,</span> <span class='ocrx_word' id='word_1_804' title='bbox 1488 5736 1557 5795; x_wconf 81' lang='lat' dir='ltr'>ex</span> <span class='ocrx_word' id='word_1_805' title='bbox 1603 5738 1780 5811; x_wconf 86' lang='lat' dir='ltr'>Regio</span> <span class='ocrx_word' id='word_1_806' title='bbox 1828 5739 2085 5810; x_wconf 88' lang='lat' dir='ltr'>quodam</span> 
     </span>
    </p>
   </div>
   <div class='ocr_carea' id='block_1_106' title="bbox 2203 4729 3851 4805">
    <p class='ocr_par' dir='ltr' id='par_1_106' title="bbox 2203 4729 3851 4805">
     <span class='ocr_line' id='line_1_106' title="bbox 2203 4729 3851 4805; baseline -0.003 -15"><span class='ocrx_word' id='word_1_807' title='bbox 2203 4750 2349 4805; x_wconf 89' lang='lat' dir='ltr'>ruga</span> <span class='ocrx_word' id='word_1_808' title='bbox 2376 4730 2586 4788; x_wconf 90' lang='lat' dir='ltr'>veteris</span> <span class='ocrx_word' id='word_1_809' title='bbox 2617 4729 2908 4787; x_wconf 76' lang='lat' dir='ltr'>hominis1</span> <span class='ocrx_word' id='word_1_810' title='bbox 2934 4731 3181 4802; x_wconf 89' lang='lat' dir='ltr'>juventa</span> <span class='ocrx_word' id='word_1_811' title='bbox 3208 4730 3507 4799; x_wconf 90' lang='lat' dir='ltr'>tendatur,</span> <span class='ocrx_word' id='word_1_812' title='bbox 3529 4734 3587 4786; x_wconf 91' lang='lat' dir='ltr'>et</span> <span class='ocrx_word' id='word_1_813' title='bbox 3616 4744 3851 4787; x_wconf 85' lang='lat' dir='ltr'>renove-</span> 
     </span>
    </p>
   </div>
   <div class='ocr_carea' id='block_1_107' title="bbox 2201 4818 3849 4893">
    <p class='ocr_par' dir='ltr' id='par_1_107' title="bbox 2201 4818 3849 4893">
     <span class='ocr_line' id='line_1_107' title="bbox 2201 4818 3849 4893; baseline -0.002 -15"><span class='ocrx_word' id='word_1_814' title='bbox 2201 4826 2299 4878; x_wconf 89' lang='lat' dir='ltr'>tur</span> <span class='ocrx_word' id='word_1_815' title='bbox 2328 4823 2385 4877; x_wconf 94' lang='lat' dir='ltr'>in</span> <span class='ocrx_word' id='word_1_816' title='bbox 2420 4837 2635 4877; x_wconf 92' lang='lat' dir='ltr'>novum</span> <span class='ocrx_word' id='word_1_817' title='bbox 2668 4820 2969 4876; x_wconf 91' lang='lat' dir='ltr'>hominem</span> <span class='ocrx_word' id='word_1_818' title='bbox 3004 4819 3075 4875; x_wconf 91' lang='lat' dir='ltr'>de</span> <span class='ocrx_word' id='word_1_819' title='bbox 3105 4818 3198 4876; x_wconf 91' lang='lat' dir='ltr'>die</span> <span class='ocrx_word' id='word_1_820' title='bbox 3228 4819 3287 4875; x_wconf 91' lang='lat' dir='ltr'>in</span> <span class='ocrx_word' id='word_1_821' title='bbox 3319 4819 3474 4876; x_wconf 88' lang='lat' dir='ltr'>diem</span> <span class='ocrx_word' id='word_1_822' title='bbox 3500 4819 3578 4893; x_wconf 90' lang='lat' dir='ltr'>(II</span> <span class='ocrx_word' id='word_1_823' title='bbox 3618 4818 3740 4877; x_wconf 86' lang='lat' dir='ltr'>Cor.</span> <span class='ocrx_word' id='word_1_824' title='bbox 3776 4836 3849 4888; x_wconf 77' lang='lat' dir='ltr'>iv,</span> 
     </span>
    </p>
   </div>
   <div class='ocr_carea' id='block_1_108' title="bbox 2197 4913 2275 4984">
    <p class='ocr_par' dir='ltr' id='par_1_108' title="bbox 2197 4913 2275 4984">
     <span class='ocr_line' id='line_1_108' title="bbox 2197 4913 2275 4984; baseline 0 -17"><span class='ocrx_word' id='word_1_825' title='bbox 2197 4913 2275 4984; x_wconf 90' lang='lat'>6.)</span> 
     </span>
    </p>
   </div>
   <div class='ocr_carea' id='block_1_109' title="bbox 2269 4996 3846 5073">
    <p class='ocr_par' dir='ltr' id='par_1_109' title="bbox 2269 4996 3846 5073">
     <span class='ocr_line' id='line_1_109' title="bbox 2269 4996 3846 5073; baseline 0.001 -19"><span class='ocrx_word' id='word_1_826' title='bbox 2269 4999 2456 5073; x_wconf 84' lang='lat' dir='ltr'>(Vers.</span> <span class='ocrx_word' id='word_1_827' title='bbox 2486 5000 2600 5071; x_wconf 73' lang='lat'>~28.)</span> <span class='ocrx_word' id='word_1_828' title='bbox 2632 5022 2661 5050; x_wconf 93' lang='grc'>‹‹</span> <span class='ocrx_word' id='word_1_829' title='bbox 2693 5002 2781 5055; x_wconf 90' lang='lat' dir='ltr'>Ita</span> <span class='ocrx_word' id='word_1_830' title='bbox 2836 5005 2893 5055; x_wconf 88' lang='lat' dir='ltr'>et</span> <span class='ocrx_word' id='word_1_831' title='bbox 2948 4996 3055 5055; x_wconf 90' lang='lat' dir='ltr'>viri</span> <span class='ocrx_word' id='word_1_832' title='bbox 3113 4998 3328 5055; x_wconf 90' lang='lat' dir='ltr'>debent</span> <span class='ocrx_word' id='word_1_833' title='bbox 3368 4997 3608 5072; x_wconf 86' lang='lat' dir='ltr'>diligere</span> <span class='ocrx_word' id='word_1_834' title='bbox 3637 5014 3846 5056; x_wconf 84' lang='lat' dir='ltr'>uxores</span> 
     </span>
    </p>
   </div>
   <div class='ocr_carea' id='block_1_110' title="bbox 2196 5086 3845 5161">
    <p class='ocr_par' dir='ltr' id='par_1_110' title="bbox 2196 5086 3845 5161">
     <span class='ocr_line' id='line_1_110' title="bbox 2196 5086 3845 5161; baseline -0.003 -13"><span class='ocrx_word' id='word_1_835' title='bbox 2196 5107 2337 5148; x_wconf 91' lang='lat' dir='ltr'>suas</span> <span class='ocrx_word' id='word_1_836' title='bbox 2369 5089 2523 5145; x_wconf 92' lang='lat' dir='ltr'>sicut</span> <span class='ocrx_word' id='word_1_837' title='bbox 2555 5105 2663 5146; x_wconf 90' lang='lat' dir='ltr'>sua</span> <span class='ocrx_word' id='word_1_838' title='bbox 2691 5104 2953 5161; x_wconf 89' lang='lat' dir='ltr'>corpora.</span> <span class='ocrx_word' id='word_1_839' title='bbox 2988 5108 3017 5139; x_wconf 86' lang='lat'>»</span> <span class='ocrx_word' id='word_1_840' title='bbox 3050 5088 3120 5143; x_wconf 92' lang='lat' dir='ltr'>Et</span> <span class='ocrx_word' id='word_1_841' title='bbox 3148 5086 3208 5143; x_wconf 94' lang='lat' dir='ltr'>in</span> <span class='ocrx_word' id='word_1_842' title='bbox 3257 5086 3466 5143; x_wconf 90' lang='lat' dir='ltr'>Genesi</span> <span class='ocrx_word' id='word_1_843' title='bbox 3496 5103 3565 5143; x_wconf 85' lang='lat' dir='ltr'>ex</span> <span class='ocrx_word' id='word_1_844' title='bbox 3594 5102 3845 5159; x_wconf 91' lang='lat' dir='ltr'>persona</span> 
     </span>
    </p>
   </div>
   <div class='ocr_carea' id='block_1_111' title="bbox 2198 5175 3845 5253">
    <p class='ocr_par' dir='ltr' id='par_1_111' title="bbox 2198 5175 3845 5253">
     <span class='ocr_line' id='line_1_111' title="bbox 2198 5175 3845 5253; baseline -0.004 -16"><span class='ocrx_word' id='word_1_845' title='bbox 2198 5177 2491 5253; x_wconf 89' lang='lat' dir='ltr'>loquentis</span> <span class='ocrx_word' id='word_1_846' title='bbox 2521 5178 2704 5234; x_wconf 90' lang='lat' dir='ltr'>Adam</span> <span class='ocrx_word' id='word_1_847' title='bbox 2739 5175 3023 5249; x_wconf 91' lang='lat' dir='ltr'>scriptum</span> <span class='ocrx_word' id='word_1_848' title='bbox 3054 5180 3177 5234; x_wconf 89' lang='lat' dir='ltr'>est:</span> <span class='ocrx_word' id='word_1_849' title='bbox 3213 5177 3317 5233; x_wconf 84' lang='lat' dir='ltr'>Hos</span> <span class='ocrx_word' id='word_1_850' title='bbox 3344 5191 3492 5232; x_wconf 78' lang='lat' dir='ltr'>nunc</span> <span class='ocrx_word' id='word_1_851' title='bbox 3520 5191 3576 5233; x_wconf 83' lang='lat' dir='ltr'>os</span> <span class='ocrx_word' id='word_1_852' title='bbox 3604 5192 3678 5232; x_wconf 76' lang='lat' dir='ltr'>ea:</span> <span class='ocrx_word' id='word_1_853' title='bbox 3705 5176 3845 5232; x_wconf 83' lang='lat' dir='ltr'>ossi-</span> 
     </span>
    </p>
   </div>
   <div class='ocr_carea' id='block_1_112' title="bbox 2199 5263 3843 5341">
    <p class='ocr_par' dir='ltr' id='par_1_112' title="bbox 2199 5263 3843 5341">
     <span class='ocr_line' id='line_1_112' title="bbox 2199 5263 3843 5341; baseline -0.002 -15"><span class='ocrx_word' id='word_1_854' title='bbox 2199 5271 2295 5326; x_wconf 88' lang='lat' dir='ltr'>bus</span> <span class='ocrx_word' id='word_1_855' title='bbox 2325 5270 2483 5341; x_wconf 83' lang='lat' dir='ltr'>meis,</span> <span class='ocrx_word' id='word_1_856' title='bbox 2515 5278 2567 5325; x_wconf 85' lang='lat' dir='ltr'>et</span> <span class='ocrx_word' id='word_1_857' title='bbox 2595 5285 2727 5323; x_wconf 87' lang='lat' dir='ltr'>caro</span> <span class='ocrx_word' id='word_1_858' title='bbox 2757 5283 2826 5323; x_wconf 75' lang='lat' dir='ltr'>ex</span> <span class='ocrx_word' id='word_1_859' title='bbox 2858 5283 3022 5323; x_wconf 84' lang='lat' dir='ltr'>carne</span> <span class='ocrx_word' id='word_1_860' title='bbox 3048 5284 3168 5324; x_wconf 87' lang='lat' dir='ltr'>mea</span> <span class='ocrx_word' id='word_1_861' title='bbox 3198 5266 3351 5338; x_wconf 84' lang='lat' dir='ltr'>(Gen.</span> <span class='ocrx_word' id='word_1_862' title='bbox 3396 5282 3455 5337; x_wconf 86' lang='grc' dir='ltr'>ιι,</span> <span class='ocrx_word' id='word_1_863' title='bbox 3484 5266 3598 5334; x_wconf 81' lang='grc'>23.)</span> <span class='ocrx_word' id='word_1_864' title='bbox 3652 5265 3723 5321; x_wconf 91' lang='lat' dir='ltr'>Et</span> <span class='ocrx_word' id='word_1_865' title='bbox 3753 5263 3843 5322; x_wconf 90' lang='lat' dir='ltr'>id-</span> 
     </span>
    </p>
   </div>
   <div class='ocr_carea' id='block_1_113' title="bbox 2197 5371 3849 5449">
    <p class='ocr_par' dir='ltr' id='par_1_113' title="bbox 2197 5371 3849 5449">
     <span class='ocr_line' id='line_1_113' title="bbox 2197 5371 3849 5449; baseline -0.004 -17"><span class='ocrx_word' id='word_1_866' title='bbox 2197 5394 2333 5442; x_wconf 78' lang='lat' dir='ltr'>ms.,</span> <span class='ocrx_word' id='word_1_867' title='bbox 2358 5375 2637 5449; x_wconf 80' lang='lat' dir='ltr'>reposuit,</span> <span class='ocrx_word' id='word_1_868' title='bbox 2662 5375 2861 5449; x_wconf 90' lang='lat' dir='ltr'>sicque</span> <span class='ocrx_word' id='word_1_869' title='bbox 2877 5375 3117 5431; x_wconf 91' lang='lat' dir='ltr'>omnino</span> <span class='ocrx_word' id='word_1_870' title='bbox 3138 5372 3507 5449; x_wconf 81' lang='lat' dir='ltr'>retinendum</span> <span class='ocrx_word' id='word_1_871' title='bbox 3525 5371 3849 5449; x_wconf 84' lang='lat' dir='ltr'>contendit,</span> 
     </span>
    </p>
   </div>
   <div class='ocr_carea' id='block_1_114' title="bbox 2199 5445 3842 5521">
    <p class='ocr_par' dir='ltr' id='par_1_114' title="bbox 2199 5445 3842 5521">
     <span class='ocr_line' id='line_1_114' title="bbox 2199 5445 3842 5521; baseline -0.003 -16"><span class='ocrx_word' id='word_1_872' title='bbox 2199 5445 2866 5521; x_wconf 81' lang='lat' dir='ltr'>antiquiseditionibus,</span> <span class='ocrx_word' id='word_1_873' title='bbox 2892 5464 3019 5520; x_wconf 65' lang='lat' dir='ltr'>qua:</span> <span class='ocrx_word' id='word_1_874' title='bbox 3050 5445 3450 5521; x_wconf 48' lang='lat' dir='ltr'>prasterebant,</span> <span class='ocrx_word' id='word_1_875' title='bbox 3470 5446 3532 5521; x_wconf 85' lang='lat' dir='ltr'>in</span> <span class='ocrx_word' id='word_1_876' title='bbox 3550 5445 3842 5521; x_wconf 77' lang='lat' dir='ltr'>juventute</span> 
     </span>
    </p>
   </div>
   <div class='ocr_carea' id='block_1_115' title="bbox 2198 5516 3841 5644">
    <p class='ocr_par' dir='ltr' id='par_1_115' title="bbox 2198 5516 3841 5644">
     <span class='ocr_line' id='line_1_115' title="bbox 2198 5516 3841 5644; baseline -0.002 -68"><span class='ocrx_word' id='word_1_877' title='bbox 2198 5516 2542 5593; x_wconf 79' lang='lat' dir='ltr'>repudiatis.</span> <span class='ocrx_word' id='word_1_878' title='bbox 2575 5521 2711 5584; x_wconf 92' lang='lat' dir='ltr'>Nas,</span> <span class='ocrx_word' id='word_1_879' title='bbox 2735 5516 2965 5591; x_wconf 75' lang='lat' dir='ltr'>juventa</span> <span class='ocrx_word' id='word_1_880' title='bbox 2992 5516 3421 5588; x_wconf 84' lang='lat' dir='ltr'>rescripsimus,</span> <span class='ocrx_word' id='word_1_881' title='bbox 3446 5516 3531 5573; x_wconf 94' lang='lat' dir='ltr'>sic</span> <span class='ocrx_word' id='word_1_882' title='bbox 3553 5516 3841 5644; x_wconf 65' lang='lat' dir='ltr'>exigente</span> 
     </span>
     <span class='ocr_line' id='line_1_116' title="bbox 2198 5586 3841 5644; baseline 0 0"><span class='ocrx_word' id='word_1_883' title='bbox 2198 5596 2471 5644; x_wconf 84' lang='lat' dir='ltr'>contextu</span> <span class='ocrx_word' id='word_1_884' title='bbox 2501 5608 2512 5644; x_wconf 91' lang='lat'>:</span> <span class='ocrx_word' id='word_1_885' title='bbox 2539 5609 2643 5644; x_wconf 88' lang='lat' dir='ltr'>nec</span> <span class='ocrx_word' id='word_1_886' title='bbox 2664 5592 3031 5644; x_wconf 85' lang='lat' dir='ltr'>erit.oninor.</span> <span class='ocrx_word' id='word_1_887' title='bbox 3056 5589 3291 5644; x_wconf 84' lang='lat' dir='ltr'>cuinon</span> <span class='ocrx_word' id='word_1_888' title='bbox 3314 5586 3511 5643; x_wconf 87' lang='lat' dir='ltr'>statim</span> <span class='ocrx_word' id='word_1_889' title='bbox 3534 5587 3676 5644; x_wconf 89' lang='lat' dir='ltr'>intel</span> <span class='ocrx_word' id='word_1_890' title='bbox 3706 5589 3841 5644; x_wconf 72' lang='lat' dir='ltr'>igat.</span> 
     </span>
    </p>
   </div>
   <div class='ocr_carea' id='block_1_116' title="bbox 2198 5586 3846 5672">
    <p class='ocr_par' dir='ltr' id='par_1_116' title="bbox 2198 5586 3846 5672">
     <span class='ocr_line' id='line_1_117' title="bbox 2198 5586 3846 5672; baseline -0.002 -25"><span class='ocrx_word' id='word_1_891' title='bbox 2198 5586 2471 5672; x_wconf 72' lang='lat' dir='ltr'>contextu</span> <span class='ocrx_word' id='word_1_892' title='bbox 2501 5608 2512 5645; x_wconf 92' lang='lat'>:</span> <span class='ocrx_word' id='word_1_893' title='bbox 2539 5586 3155 5672; x_wconf 45' lang='lat' dir='ltr'>nocerit30pinor,‘qui</span> <span class='ocrx_word' id='word_1_894' title='bbox 3176 5586 3291 5672; x_wconf 72' lang='lat' dir='ltr'>nep</span> <span class='ocrx_word' id='word_1_895' title='bbox 3314 5586 3511 5672; x_wconf 79' lang='lat' dir='ltr'>statim</span> <span class='ocrx_word' id='word_1_896' title='bbox 3534 5586 3846 5672; x_wconf 79' lang='lat' dir='ltr'>intelligat,</span> 
     </span>
    </p>
   </div>
   <div class='ocr_carea' id='block_1_117' title="bbox 2199 5658 3790 5737">
    <p class='ocr_par' dir='ltr' id='par_1_117' title="bbox 2199 5658 3790 5737">
     <span class='ocr_line' id='line_1_118' title="bbox 2199 5658 3790 5737; baseline -0.002 -17"><span class='ocrx_word' id='word_1_897' title='bbox 2199 5665 2353 5737; x_wconf 87' lang='lat' dir='ltr'>quod</span> <span class='ocrx_word' id='word_1_898' title='bbox 2389 5671 2605 5720; x_wconf 89' lang='lat' dir='ltr'>temere</span> <span class='ocrx_word' id='word_1_899' title='bbox 2632 5658 3229 5719; x_wconf 42' lang='lat' dir='ltr'>Martianaeus&#39;locum</span> <span class='ocrx_word' id='word_1_900' title='bbox 3260 5658 3420 5725; x_wconf 86' lang='lat' dir='ltr'>hunc</span> <span class='ocrx_word' id='word_1_901' title='bbox 3440 5658 3790 5735; x_wconf 83' lang='lat' dir='ltr'>depravarit.</span> 
     </span>
    </p>
   </div>
  </div>
