4310 6576
474 444 592 506 367

1723 432 1788 494 S.
1834 429 2148 496 EUSEBII
2192 429 2638 497 HIERONYMI

3771 429 3889 495 568

481 576 682 649 ipsum
715 574 776 629 in
793 570 1126 646 Evangelio,
1148 568 1396 626 Domino
1425 571 1629 642 postea
1659 565 1905 633 dicente,
1932 565 2128 621 ﬁrma-
2161 567 2216 631 Α
2247 581 2379 621 mus
2411 568 2619 637 (Matth.
2653 586 2791 637 xxn,
2842 568 2960 639 30),
2998 567 3126 640 jam
3172 581 3330 622 nunc
3370 563 3725 638 incipiamus
3768 580 3895 622 esse

480 670 613 723 tur:
653 667 761 734 Qui
790 665 995 719 creavit
1027 662 1100 717 ab
1154 662 1342 726 initio,
1401 659 1707 714 masculum
1763 660 1813 711 et
1867 657 2137 726 feminam

481 758 613 829 fecit
642 770 749 826 eos,
777 762 829 809 et
860 753 1045 808 dixit:
1077 754 1309 821 Propter
1363 754 1466 805 hoc
1520 749 1795 817 relinquet
1853 744 2009 799 homo
2036 761 2135 815 pa-

488 855 632 903 trem
660 848 710 900 et
738 845 994 912 matrem,
1018 845 1071 896 et
1100 839 1402 895 adhmrcbz't
1420 838 1589 892 uxori
1615 852 1746 902 suae,
1771 837 1821 890 et
1842 838 2003 889 erant
2032 833 2137 889 duo

486 937 547 993 in
579 949 749 992 carne
773 949 887 987 una
916 930 1123 1002 (Matth.
1154 946 1269 996 xxx,
1331 930 1384 995 4,
1429 929 1508 994 5.)
1565 930 1705 980 Cum
1755 923 1937 996 igitur
1962 924 2051 979 vir
2081 928 2138 978 et

488 1041 634 1081 uxor
663 1039 781 1079 una
811 1037 947 1077 caro
979 1019 1124 1075 sint:
1170 1016 1337 1073 658
1388 1016 1469 1071 ita
1497 1014 1777 1070 uxoribus
1808 1019 1872 1069 ut
1919 1012 2137 1069 nostris

488 1111 829 1185 corporibus
905 1107 1346 1182 providendum.
1422 1105 1602 1161 Nemo
1673 1107 1868 1159 autem
1927 1118 2138 1173 corpus

492 1218 666 1260 suum
698 1200 949 1272 turpiter
977 1202 1155 1261 amat,
1188 1200 1289 1251 aut
1320 1194 1705 1265 semetipsum
1755 1194 1993 1264 propter
2020 1190 2139 1247 coi-

492 1295 619 1347 tum
652 1288 879 1361 diligit;
914 1286 1014 1341 sed
1049 1284 1215 1358 quasi
1245 1282 1551 1339 vasculum
1584 1282 1791 1338 animae
1825 1298 1942 1336 sua:
1986 1279 2141 1336 fovet

490 1396 701 1452 corpus
731 1382 787 1434 et
817 1378 1022 1444 nutrit,
1065 1391 1137 1429 ne
1166 1374 1347 1429 fracto
1376 1390 1534 1438 vase,
1563 1372 1623 1427 id
1675 1371 1829 1443 quod
1880 1370 2140 1426 contine-

472 1470 695 1535 ‘batur,
729 1467 929 1523 efﬂuat
961 1469 1018 1520 et
1046 1467 1333 1536 erumpat.
1369 1463 1485 1517 Nec
1532 1477 1648 1516 non
1702 1465 1758 1515 et
1779 1461 1951 1530 juxta
1980 1458 2139 1513 litte-

492 1573 641 1629 ram,
672 1536 938 1629 {Gaudia
969 1552 1179 1609 mulier
1210 1551 1400 1623 partui
1431 1550 1606 1606 servit
1651 1554 1707 1605 et
1736 1547 1956 1615 liberis,
1990 1546 2141 1602 hanc

492 1633 671 1703 habet
700 1647 771 1700 ad
802 1643 996 1698 virum
1026 1641 1445 1710 differentiam,
1466 1655 1643 1711 quam
1669 1655 1880 1710 corpus
1912 1638 1982 1692 ad
2016 1636 2140 1691 ani-

495 1719 809 1792 mamein
854 1736 1051 1787 autem
1104 1730 1332 1786 Christo
1385 1728 1576 1800 magis
1632 1726 1878 1783 voluerit
1928 1723 2142 1781 servire

389 1888 404 1906 θ
498 1838 677 1901 quam
709 1821 941 1888 saeculo,
973 1819 1187 1876 mulier
1216 1835 1344 1874 esse
1374 1817 1647 1887 cessabit,
1682 1821 1738 1872 et
1777 1815 2005 1871 dicetur
2031 1815 2138 1882 vir,

499 1914 636 1995 quia
665 1927 870 1967 omnes
899 1910 960 1965 in
993 1909 1315 1981 perfectum
1351 1907 1539 1962 virum
1572 1905 1846 1977 cupimus
1875 1919 2139 1960 occurre-
2170 1938 2221 2005 Β

501 2018 564 2057 re
592 1988 816 2073 (Ephes.
850 2015 924 2069 ιν,
955 1997 1062 2069 13).
1095 1996 1257 2062 Quod
1289 1995 1339 2052 si
1389 1995 1459 2050 ad
1520 1992 1904 2066 trepologiam
1936 1997 1993 2048 et
2023 1992 2145 2047 haec

496 2088 830 2157 referimus,
863 2086 1197 2142 amabimus
1226 2088 1495 2140 nostrum
1526 2098 1761 2154 corpus,
1795 2086 1851 2137 et
1881 2082 2142 2152 corporis

504 2190 733 2246 sensus,
760 2175 984 2233 vilioris
1017 2174 1253 2246 quidem
1285 2171 1641 2229 conditionis
1674 2172 1745 2227 ab
1794 2170 2013 2242 animo,
2044 2171 2145 2227 sed

502 2282 605 2343 per
634 2282 781 2340 quos
813 2266 885 2322 ad
918 2268 1176 2320 mentem
1208 2263 1496 2319 bonarum
1533 2262 1749 2317 artium
1781 2264 1837 2316 et
1865 2259 2146 2316 virtutum

498 2359 805 2434 transeant
836 2352 1158 2425 disciplinae

579 2446 763 2515 (Vers.
794 2445 910 2516 29.)
941 2466 969 2493 «
1001 2443 1109 2508 Qui
1140 2458 1377 2497 uxorem
1427 2458 1595 2497 suam
1647 2438 1856 2512 diligit,
1885 2439 2148 2511 seipsum

480 2520 733 2609 diligit:
767 2550 938 2590 nemo
992 2531 1148 2588 enim
1209 2546 1471 2602 unquam
1532 2546 1761 2584 carnem
1820 2545 1988 2583 suam
2019 2528 2151 2583 odio

513 2624 740 2695 habuit,
775 2623 873 2679 sed
906 2621 1093 2678 nutrit
1141 2626 1197 2677 et
1244 2621 1396 2676 fovet
1444 2636 1594 2686 eam,
1619 2619 1769 2673 sicut
1798 2621 1853 2672 et
1886 2617 2152 2673 Christus

478 2700 485 2705 ’
510 2714 847 2773 Ecclesiam.
876 2734 902 2761 ››
935 2714 1229 2778 Quantum
1254 2711 1324 2765 ad
1350 2708 1680 2782 simplicem
1704 2707 2150 2779 intelligentiam

509 2803 780 2878 pertinet,
815 2805 1019 2857 saneta
1047 2801 1199 2855 inter
1251 2800 1441 2855 virum
1487 2803 1543 2853 et
1598 2814 1837 2853 uxorem
1869 2797 2151 2853 charitate

508 2896 815 2967 praecepta,
839 2906 996 2946 nunc
1007 2890 1290 2961 juhemur
1310 2893 1376 2943 ut
1396 2886 1750 2951 nutriamus,
1777 2890 1833 2941 et
1856 2888 2152 2941 foveamus

508 2983 811 3053 conjuges.
841 2984 903 3034 ut
935 2978 1156 3033 scilicet
1185 2978 1269 3032 eis
1296 2975 1515 3031 victum
1561 2980 1736 3047 atque
1766 2974 2066 3040 vestitum,
2099 2977 2155 3029 et

484 3070 581 3127 "ea
609 3085 737 3141 quae
770 3072 910 3123 sunt
934 3064 1263 3122 necessaria
1292 3065 1676 3136 praebeamus.
1730 3064 1837 3117 Sed
1888 3062 2101 3134 opponi
2136 3066 2149 3098 ¹

510 3160 683 3216 nobis
712 3161 922 3230 potest,
956 3156 1110 3227 quod
1142 3170 1258 3210 non
1290 3155 1366 3209 sit
1392 3170 1523 3209 vera
1571 3152 1862 3209 sententia
1908 3152 2155 3208 dicentis

476 3246 810 3323 'Apostoli:
842 3249 1010 3304 Nemo
1038 3244 1186 3300 enim
1245 3258 1485 3314 unquam
1543 3258 1765 3297 carnem
1820 3258 1975 3297 suam
2022 3241 2152 3312 odit,

2246 659 2401 727 quod
2434 658 2603 714 nobis
2636 659 2694 713 in
2727 656 3066 713 ccelestibus
3098 654 3524 728 repromissum
3556 659 3664 710 est.

2317 748 2501 816 (Vers.
2535 747 2650 818 30.)
2682 770 2710 797 ‹‹
2745 745 3029 813 Quoniam
3064 746 3335 800 membra
3383 759 3591 799 sumus
3637 741 3896 814 corporis

2246 835 2393 907 ejus,
2425 851 2493 891 ex
2521 850 2694 892 carne
2753 837 2901 906 ejus,
2960 839 3017 889 et
3072 851 3143 889 ex
3197 832 3432 889 ossibus
3487 832 3636 904 ejus.
3671 853 3700 883 »
3749 831 3896 899 Quia

2248 925 2511 981 membra
2541 941 2749 979 sumus
2781 923 3041 995 corporis
3090 921 3327 989 Christi,
3359 926 3415 977 et
3466 920 3734 979 Christus
3784 937 3894 978 nu-

2246 1011 2347 1067 trit
2375 1017 2432 1068 et
2462 1013 2611 1068 fovet
2641 1011 2959 1068 Ecclesiam
2985 1028 2996 1067 :
3056 1011 3185 1067 ideo
3243 1015 3302 1067 et
3348 1027 3454 1068 nos
3485 1011 3806 1077 nutrimus,
3838 1014 3896 1066 et

2247 1100 2510 1158 fovemus
2542 1116 2776 1157 carnem
2834 1104 3119 1168 nostram,
3171 1116 3349 1172 quam
3402 1115 3572 1155 nemo
3619 1114 3887 1172 unquam

2247 1190 2378 1245 odio
2410 1190 2617 1246 habuit
2646 1191 2808 1261 (vers.
2840 1190 2955 1260 29.)
2986 1189 3249 1246 Membra
3277 1192 3475 1245 autem
3519 1205 3727 1245 sumus
3773 1205 3896 1245 eor-

2249 1278 2407 1350 poris
2438 1278 2676 1348 Christi,
2706 1297 2822 1335 non
2873 1279 3198 1334 secundum
3248 1283 3525 1334 naturam
3574 1278 3897 1334 divinitatis

2248 1372 2494 1437 interna,
2531 1370 2632 1425 sed
2657 1370 2828 1441 juxta
2857 1368 2916 1424 id
2947 1369 3103 1439 quod
3134 1369 3435 1424 hominem
3482 1374 3568 1423 est
3615 1367 3895 1440 dignatus

2249 1473 2571 1514 assumere.
2602 1458 2950 1530 Quanquam
2980 1462 3036 1513 et
3066 1458 3240 1513 homo
3267 1458 3391 1530 ipse
3416 1456 3516 1529 qui
3549 1461 3895 1529 assumptus

2250 1550 2360 1616 est,
2413 1546 2627 1604 habent
2683 1552 2954 1602 naturam
3011 1552 3348 1603 nostrorum
3407 1562 3739 1618 corporum,
3792 1546 3894 1602 sed

2252 1651 2367 1690 non
2398 1634 2610 1691 habeat
2637 1635 2944 1708 originem.
2976 1635 3095 1691 Nos
3125 1635 3284 1691 enim
3314 1651 3382 1690 ex
3411 1635 3674 1690 humano
3722 1634 3903 1690 semi-

2252 1737 2326 1779 ne
2355 1722 2737 1797 coagulamur
2766 1723 2920 1795 (Sep.
2955 1741 3057 1791 v11,
3088 1724 3182 1794 2);
3210 1722 3308 1778 ille
3339 1722 3409 1778 de
3439 1721 3661 1794 Spiritu
3695 1726 3898 1778 sancto

2251 1817 2426 1867 natus
2457 1818 2546 1868 est
2575 1813 2781 1883 (Matth.
2817 1831 2856 1882 1,
2886 1813 2996 1883 20).
3034 1815 3231 1868 Potest
3261 1815 3456 1867 autem
3508 1815 3565 1867 et
3596 1810 3761 1867 aliter
3806 1810 3897 1865 di-

2251 1900 2339 1955 ci:
2374 1901 2659 1967 Quoniam
2691 1918 2900 1973 corpus
2931 1899 3144 1957 Christi
3176 1900 3441 1957 Ecclesiae
3471 1905 3582 1969 est,
3614 1905 3671 1956 et
3717 1900 3906 1956 Eccle-

2258 1990 2345 2046 sia
2375 1992 2445 2046 de
2476 1992 2701 2047 cunctis
2731 1991 3104 2047 credentibus
3152 1996 3565 2065 congregatur,
3599 1990 3816 2047 Paulus
3845 1995 3903 2047 et

2257 2078 2491 2152 Ephesii
2542 2082 2809 2137 membra
2862 2085 3003 2136 sunt
3061 2079 3341 2153 corporis,
3403 2080 3461 2135 id
3492 2083 3599 2150 est,
3645 2079 3903 2138 Ecclesia

2257 2167 2491 2224 Christi.

2328 2258 2514 2327 (Vere.
2538 2259 2653 2329 31.)
2686 2282 2705 2308 ι
2732 2262 2974 2331 Propter
2992 2258 3102 2315 hoc
3125 2257 3415 2331 relinquet
3454 2258 3629 2316 homo
3673 2262 3900 2331 patrem

2259 2351 2317 2402 et
2345 2353 2615 2415 matrem,
2650 2353 2706 2403 et
2730 2352 2903 2404 erunt
2932 2348 3048 2404 duo
3079 2347 3140 2403 in
3174 2365 3347 2404 carne
3379 2366 3513 2405 una.
3544 2370 3564 2398 υ
3592 2349 3753 2414 Quod
3793 2352 3908 2406 tre-

2261 2442 2506 2509 quenter
2527 2436 2957 2505 adnotavimus,
2983 2436 3278 2510 apostolos
3298 2443 3355 2493 et
3379 2436 3764 2511 evangelistas
3787 2454 3901 2494 non

2264 2526 2483 2582 eisdem
2502 2527 2695 2582 verbis
2720 2544 2858 2583 usos
2888 2543 3036 2598 esse,
3056 2528 3417 2583 Testamenti
3456 2527 3681 2583 Veteris
3712 2543 3907 2584 exem-

2261 2614 2394 2687 plis,
2425 2616 2643 2687 quibus
2682 2615 2740 2670 in
2774 2614 3027 2688 propriis
3075 2616 3473 2671 voluminibus
3514 2616 3906 2682 continentur,

2260 2703 2370 2760 hoc
2392 2709 2449 2759 et
2470 2704 2563 2759 hic
2590 2705 2911 2776 probamus
2938 2721 2951 2760 :
2985 2704 3279 2777 siquidem
3310 2705 3716 2762 testimonium
3746 2706 3907 2762 istud

2261 2791 2343 2848 ita
2372 2794 2430 2847 in
2460 2794 2669 2849 Genesi
2702 2795 2988 2866 scriptum
3039 2800 3163 2850 est:
3214 2797 3444 2866 Propter
3490 2796 3589 2850 hoc
3633 2796 3907 2868 relinquet

2261 2884 2417 2938 homo
2443 2888 2656 2955 patrem
2702 2899 2865 2939 suum
2917 2888 2969 2939 et
3015 2888 3253 2940 matrem
3302 2901 3489 2956 suam,
3520 2888 3572 2940 et
3611 2884 3909 2941 adhaerebit

2263 2972 2428 3028 uxori
2455 2988 2596 3038 sua},
2629 2981 2680 3029 et
2704 2981 2865 3029 erunt
2893 2974 2997 3029 duo
3048 2977 3110 3029 in
3155 2989 3321 3029 carne
3367 2989 3484 3029 una
3514 2973 3665 3045 (Gen.
3697 2991 3760 3043 II,
3790 2974 3904 3046 24).

2264 3061 2430 3117 Nunc
2462 3068 2658 3118 autem
2692 3061 3007 3135 Apostolus
3037 3080 3141 3136 pro
3184 3079 3251 3119 eo
3301 3064 3455 3136 quod
3508 3063 3591 3118 ibi
3638 3062 3905 3134 habetur,

2266 3146 2437 3204 ἕνεκεν
2465 3149 2681 3219 τούτου,
2717 3153 2777 3207 id
2808 3157 2918 3221 est,
2944 3162 3173 3226 propter
3212 3154 3327 3220 hoc,
3375 3152 3575 3225 posuit
3620 3151 3734 3205 ἀντὶ
3784 3149 3910 3206 τού-

2262 3259 2381 3308 του,
2415 3241 2571 3313 quod
2631 3242 2833 3298 Latine
2890 3241 3022 3298 aliis
3080 3242 3269 3299 verbis
3326 3242 3440 3298 dici
3501 3259 3617 3298 non
3675 3245 3907 3314 potest;

513 3310 649 3394 cum
684 3334 886 3391 morbo
917 3332 1075 3405 regio
1106 3310 1460 3401 laborantes,
1493 3334 1549 3386 et
1596 3331 1767 3403 ptysi,
1796 3335 1852 3386 et
1895 3310 2153 3401 cancere,
2185 3310 2228 3377 (ἶ
2267 3310 2475 3387 deinde
2508 3348 2609 3404 pro
2635 3339 2794 3403 patre
2821 3316 2929 3388 suo’
2949 3340 3001 3389 et
3029 3340 3205 3388 matre
3232 3348 3360 3399 sua,
3391 3310 3739 3405 pronomina
3781 3331 3913 3387 abs-

500 3429 572 3483 ‘et
601 3423 1104 3489 distillationibus,
1139 3425 1387 3477 mortem
1444 3420 1574 3476 vitm
1606 3421 1931 3492 praeferant,
1964 3424 2021 3475 et
2050 3437 2158 3475 sua

504 3506 741 3572 'oderint
770 3527 1031 3585 corpora.
1065 3510 1249 3583 Magis
1278 3510 1476 3581 itaque
1506 3510 1576 3565 ad
1609 3509 1893 3580 tropicam
1943 3507 2157 3565 intelli-

476 3590 771 3678 iigentiam
794 3616 988 3658 sermo
1020 3601 1305 3655 referatur
1328 3600 1369 3666 ³,
1404 3603 1459 3654 et
1489 3599 1776 3666 dicamus,
1810 3599 1964 3669 quod
1997 3597 2156 3653 illam

472 3695 477 3703 '
515 3678 753 3747 carnem
786 3705 913 3762 qua
958 3689 1157 3743 visura
1204 3688 1281 3742 sit
1329 3686 1583 3743 salutare
1635 3687 1729 3741 Dei
1780 3688 1930 3759 (Luc.
1964 3702 2049 3752 ιιι,
2080 3687 2159 3756 6),

474 3780 489 3787 ’⁷
516 3780 715 3835 anima
739 3768 963 3851 diligat,
996 3781 1054 3832 et
1083 3775 1305 3831 nutriat
1336 3779 1391 3829 et
1423 3775 1629 3841 foveat,
1663 3792 1790 3831 eam
1836 3774 2164 3847 disciplinis

476 3884 481 3885 ί
514 3868 807 3933 erudiens,
836 3871 894 3922 et
923 3864 1143 3922 caelesti
1175 3864 1454 3937 saginans
1481 3881 1650 3936 pane,
1684 3868 1741 3919 et
1785 3863 1997 3919 Christi
2029 3881 2162 3919 san-

477 3957 693 4033 ‘guine
721 3956 994 4028 irrigans,
1028 3959 1094 4010 ut
1150 3954 1369 4010 refecta
1421 3957 1477 4009 et
1529 3951 1714 4008 nitida
1764 3952 1953 4025 possit
1982 3951 2164 4008 libero

476 4046 485 4049 ”
514 4062 689 4102 cursu
721 4045 910 4100 virum
942 4043 1131 4115 sequi,
1163 4047 1219 4099 et
1249 4041 1410 4098 nulla
1455 4042 1777 4109 debilitate,
1808 4047 1865 4097 et
1912 4043 2165 4113 pondere

506 4136 626 4210 (At.
661 4133 817 4190 nullo
850 4132 1169 4190 debilitatis
1201 4122 1471 4204 pondere)
1502 4131 1871 4204 prmgravari.
1918 4129 2164 4187 Pulchre

472 4223 483 4229 ’
518 4225 696 4281 etiam
722 4222 783 4279 in
815 4222 1265 4279 similitudinem
1291 4220 1503 4275 Christi
1532 4219 1866 4286 nutrientis,
1892 4224 1948 4275 et
1979 4220 2166 4275 foven-

476 4314 483 4317 ⁷
517 4314 595 4370 tis
623 4310 961 4381 Ecclesiam,
996 4316 1053 4368 et
1082 4310 1329 4366 dicentis
1392 4311 1464 4365 ad
1516 4308 1843 4365 Jerusalem
1879 4326 1892 4363 :
1949 4311 2166 4377 Quoties

515 4404 673 4477 votui
701 4418 1032 4473 congregare
1087 4401 1231 4469 filios
1288 4402 1406 4454 tuos
1454 4399 1600 4454 sicut
1624 4397 1836 4467 gallina
1867 4401 2167 4468 congregat

514 4490 698 4563 pullos
727 4504 851 4545 suos
883 4490 982 4544 sub
1014 4489 1153 4557 alas,
1207 4490 1258 4543 et
1300 4487 1535 4542 noluisti
1591 4486 1809 4557 (Matth.
1840 4503 1998 4553 XXIII,
2031 4488 2119 4557 37)
2152 4487 2162 4541 !

520 4564 728 4634 animae
761 4592 994 4650 quoque
1024 4577 1219 4632 fovent
1249 4592 1491 4647 corpora
1522 4593 1648 4640 sua,
1673 4580 1737 4630 ut
1767 4574 2163 4649 corruptivum

2264 3420 2422 3487 tulit,
2451 3425 2507 3475 et
2532 3424 2747 3493 patrem
2776 3425 3008 3476 tantum
3040 3422 3240 3493 posuit
3267 3426 3325 3477 et
3353 3425 3621 3477 matrem:
3657 3425 3715 3477 et
3755 3420 3909 3494 quod

2266 3507 2324 3563 in
2358 3508 2549 3565 medio
2582 3508 2814 3578 dicitur,
2847 3517 2905 3565 et
2930 3509 3234 3567 adhaerebit
3262 3511 3427 3566 uxori
3453 3525 3589 3577 suae,
3620 3508 3714 3565 hic
3745 3508 3914 3581 peni-

2267 3602 2363 3653 tus
2394 3598 2785 3670 preetermisit,
2818 3603 2873 3654 et
2921 3604 3150 3654 tantum
3202 3600 3357 3671 quod
3415 3600 3777 3672 sequebatur
3806 3598 3915 3654 hoc

2270 3686 2513 3751 dictum,
2547 3688 2949 3760 superioribus
2980 3688 3292 3761 copulavit,
3326 3694 3382 3745 et
3410 3688 3627 3762 posuit,
3658 3694 3715 3744 et
3758 3695 3920 3744 erunt

2269 3775 2374 3831 duo
2406 3777 2465 3830 in
2494 3792 2660 3832 carne
2689 3793 2822 3831 una.
2854 3777 2971 3833 Hoc
3017 3782 3209 3833 autem
3260 3780 3448 3834 totum
3495 3794 3653 3833 nunc
3702 3777 3915 3835 idcirco

2273 3862 2730 3933 observavimus,
2764 3870 2830 3920 ut
2875 3867 3048 3921 etiam
3109 3867 3169 3921 in
3226 3867 3449 3923 cateris
3504 3865 3671 3938 locis,
3729 3866 3917 3923 sicubi

2273 3952 2612 4008 testimonia
2644 3954 2810 4025 quasi
2845 3955 2915 4010 de
2947 3956 3268 4027 prophetis,
3296 3960 3353 4011 et
3404 3955 3474 4011 de
3520 3955 3711 4011 Veteri
3742 3956 3921 4011 Testi-

2276 4046 2471 4098 mento
2503 4042 2574 4097 ab
2606 4030 2884 4115 apostolis
2913 4050 3195 4115 usurpata
3227 4049 3385 4116 sunt,
3407 4047 3464 4101 et
3491 4045 3548 4100 in
3582 4044 3798 4101 nostris
3827 4061 3919 4101 co-

2275 4131 2505 4188 dicibus
2535 4148 2649 4187 non
2683 4133 2992 4201 habentur,
3028 4151 3413 4207 nequaquam
3445 4133 3641 4190 statim
3674 4134 3747 4190 ad
3780 4150 3918 4207 apo-

2275 4221 2628 4293 cryphorum
2660 4222 2933 4294 ineptias,
2990 4229 3046 4279 et
3094 4222 3249 4280 060
3304 4222 3689 4279 deliramenta
3717 4239 3920 4280 curra—

2276 4326 2432 4377 mus,
2465 4311 2564 4366 sed
2597 4311 2855 4368 sciamus
2895 4313 3115 4385 scripta
3173 4312 3412 4384 quidem
3460 4329 3527 4368 ea
3565 4326 3693 4369 esse
3723 4312 3782 4367 in
3812 4311 3922 4367 Ve-

2276 4398 2381 4453 teri
2411 4405 2804 4467 Testamento,
2859 4403 2959 4457 sed
3019 4419 3134 4458 non
3187 4401 3269 4457 ita
3326 4402 3399 4457 ab
3430 4400 3713 4472 apostolis
3742 4400 3919 4472 edita,

2275 4492 2332 4541 et
2360 4504 2600 4544 sensum
2632 4490 2820 4561 magis
2849 4492 3201 4563 usurpatum
3230 4506 3244 4545 :
3276 4505 3380 4546 nec
3411 4488 3576 4545 facile
3606 4488 3715 4543 nisi
3743 4504 3757 4545 :
3790 4492 3921 4543 stu-

2275 4577 2455 4634 diosis
2487 4596 2657 4650 posse
2709 4580 2807 4635 ubi
2865 4580 3083 4651 scripta
3139 4579 3277 4649 sint,
3337 4576 3600 4635 inveniri.
3633 4576 3820 4650 Igitur
3848 4577 3922 4633 ad

521 4656 633 4723 hoc
665 4666 867 4721 induat
895 4664 1412 4743 incorruptionem,
1441 4669 1498 4720 et
1518 4663 1741 4720 alarum
1774 4665 2002 4721 levitate
2035 4683 2163 4722 sus-
2193 4676 2243 4743 D
2283 4666 2739 4723 exhortationem
2772 4668 2962 4723 mutui
2994 4667 3236 4725 affectus
3282 4669 3434 4725 inter
3482 4682 3721 4723 uxorem
3751 4669 3808 4722 et
3833 4666 3924 4721 vi-

523 4744 799 4830 pensum',
833 4742 984 4812 659
1017 4754 1077 4809 in
1128 4770 1319 4810 acrem
1369 4754 1597 4811 facilius
1648 4754 1920 4811 elevetur.
1955 4756 2164 4811 Fovea-

480 4858 485 4865 '
526 4856 661 4901 mus
690 4843 871 4918 igitur
901 4849 958 4899 et
986 4843 1093 4898 viri
1126 4858 1357 4912 uxores,
1390 4847 1445 4899 et
1473 4843 1679 4900 animae
1735 4849 1935 4900 nostra
1961 4861 2169 4918 corpo-

526 4951 609 5003 ra,
642 4938 709 4989 ut
741 4938 795 4989 et
827 4948 1037 4989 uxores
1094 4932 1151 4987 in
1212 4931 1385 5000 viros,
1445 4937 1501 4987 et
1544 4949 1785 5005 corpora
1834 4934 2171 5004 redigantur

521 5024 583 5080 in
617 5023 867 5080 animas.
901 5023 970 5078 Et
998 5038 1373 5093 nequaquam
1403 5022 1481 5078 sit
1512 5038 1757 5077 sexuum
1789 5021 1909 5077 ulla
1930 5022 2168 5078 diversi-

520 5118 633 5181 tas,
669 5114 771 5170 sed
805 5112 1103 5185 quomodo
1136 5111 1291 5182 apud
1324 5109 1559 5182 angelos
1586 5127 1700 5166 non
1729 5115 1817 5166 est
1847 5112 1936 5167 vir
1964 5117 2021 5167 et
2049 5129 2171 5167 mu-

518 5203 648 5273 lier,
678 5202 876 5259 itaet
933 5217 1058 5272 nos,
1121 5198 1219 5272 qui
1276 5199 1499 5256 similes
1548 5198 1771 5271 angelis
1830 5200 2011 5256 futuri
2067 5219 2171 5257 su-

482 5462 489 5471 ,
594 5390 619 5438 ¹’
647 5402 807 5459 Hanc
842 5401 913 5458 ab
945 5398 1193 5471 Origene
1225 5397 1470 5471 proponi
1520 5395 1922 5471 quaestionem,
1956 5398 2171 5454 fatetur

526 5472 912 5547 Hieronymus
942 5468 1243 5547 Apologize‘
1263 5468 1361 5547 lib.
1392 5487 1429 5536 ι,
1450 5485 1611 5547 num.
1646 5469 1734 5533 30,
1769 5486 1835 5524 ac
1867 5486 1927 5524 se
1955 5486 2024 5524 ex
2054 5471 2169 5541 ejus

525 5541 768 5615 persona
796 5545 970 5601 tacito
993 5541 1258 5605 nomine,
1294 5541 1413 5595 haec
1444 5541 1652 5615 dicere.

598 5616 777 5687 {Haec
807 5632 940 5671 vero
994 5618 1238 5687 probare
1290 5612 1549 5687 mavult:
1604 5634 1629 5687 (ς
1687 5611 1921 5687 Statim,
1954 5610 2168 5687 inquit,

528 5684 669 5757 quia
697 5685 822 5757 ipse
853 5682 1129 5757 sentirem
1162 5686 1400 5757 adjunxi
1432 5701 1444 5739 :
1482 5682 1666 5755 Magis
1720 5684 1916 5757 itaque
1949 5684 2018 5738 ad
2040 5682 2167 5740 ‘tro-

526 5753 1193 5828 picam‘intelligentiam
1226 5753 1525 5814 referatur.
1558 5753 1800 5822 Quando
1829 5753 1991 5825 dico,
2025 5760 2167 5813 Tro-

2282 4774 2435 4823 rum,
2474 4758 2651 4813 Adam
2685 4762 2742 4813 et
2772 4758 2896 4812 Eva:
2931 4759 3185 4831 sumpsit
3204 4757 3559 4829 exemplum.
3582 4756 3657 4813 Ut
3679 4770 3924 4829 quomo-

2280 4848 2353 4901 do
2386 4851 2545 4902 costa
2573 4845 2799 4902 tollitur
2829 4850 2899 4902 de
2930 4847 3138 4915 Adam,
3188 4852 3243 4903 et
3269 4847 3591 4902 aedificatur
3619 4845 3680 4901 in
3721 4846 3924 4917 conju-

2280 4951 2432 5007 gem,
2467 4939 2524 4990 et
2550 4938 2679 5007 ipsa
2709 4952 2944 4991 rursum
2980 4935 3282 5006 conjuxjn
3341 4950 3519 4991 unam
3550 4933 3657 4990 viri
3691 4948 3924 4990 carnem

2280 5024 2584 5095 redigitur,
2618 5024 2757 5097 quia
2788 5025 2887 5097 qui
2920 5041 3159 5081 uxorem
3189 5023 3399 5098 diligit,
3426 5024 3689 5098 seipsum
3715 5020 3924 5096 diligit,

2281 5113 2365 5169 sic
2394 5120 2449 5170 et
2475 5132 2578 5169 nos
2612 5117 2840 5170 nostras
2872 5130 3142 5171 amemus
3172 5129 3403 5171 uxores.
3440 5113 3703 5187 Idipsum
3726 5117 3925 5169 autem

2280 5220 2382 5275 per
2407 5203 2744 5276 allegoriam
2776 5204 2835 5259 in
2866 5203 3094 5261 Christo
3126 5203 3563 5276 interpretatur,
3610 5208 3667 5260 et
3714 5204 3774 5260 in
3822 5204 3927 5260 Ec-

2273 5400 2950 5472 picam,doceoverum
2997 5414 3113 5455 non
3159 5414 3288 5457 esse
3336 5400 3493 5472 quod
3534 5399 3750 5455 dicitur
3779 5399 3926 5472 :sed

2279 5470 2566 5543 allegoriae
2596 5471 3163 5545 nubilogtiguratum.
3216 5470 3511 5545 Ponamns
3558 5476 3755 5545 tamen
3800 5470 3929 5543 ipsa

2279 5542 2471 5616 verba,
2505 5560 2631 5613 quae
2664 5544 2722 5598 in
2781 5542 3046 5616 Qri‘genis
3080 5542 3229 5600 libro
3287 5544 3458 5616 tertio
3517 5542 3923 5600 continentur:

2277 5612 2557 5688 Dicamus
2586 5615 2742 5686 quod
2776 5612 2940 5688 illam
2969 5629 3227 5684 carnem,
3254 5632 3381 5688 quae
3398 5615 3597 5672 visura
3614 5615 3711 5672 sit.
3737 5639 3761 5670 ι
3790 5618 3925 5680 etc.,

2277 5685 2347 5740 ad
2380 5686 2558 5740 ﬁnem
2588 5685 2778 5756 usque
2808 5687 3100 5743 sectionis.
