4310 6570
364 441 483 505 569

1021 439 1535 504 COMMENTAR.
1582 437 1662 502 IN
1708 437 1956 500 EPIST.
2002 436 2031 498 Α

2142 434 2425 500 eruas.
2470 422 2620 501 LIB.
2665 438 2774 513 ιιι,
2818 433 2994 501 cap.
3040 437 3120 503 ν.

3660 433 3783 498 5ῗο

367 573 586 633 clesia:
619 577 687 630 ut
717 573 900 630 Adam
951 571 1272 641 Christum,
1328 576 1385 629 et
1443 572 1558 628 Eva
1616 572 2014 645 praﬁguraret
2042 569 2096 636 Α
2128 570 2293 637 toris,
2325 570 2517 626 omnis
2564 571 2741 628 homo
2796 574 2885 626 est
2942 568 3169 627 homini
3227 569 3377 643 (Luc.
3409 587 3464 636 χ,
3525 570 3615 640 36,
3647 569 3778 640 37):

366 663 707 722 Ecclesiam.
743 664 949 718 Factus
984 666 1072 718 est
1111 662 1266 717 enim
1317 661 1675 719 novissimus
1725 663 1911 717 Adam
1959 660 2019 716 in

372 753 647 827 spiritum
671 751 1059 807 viviﬁcantem
1090 753 1134 824 (Ι
1167 751 1287 809 Cor.
1322 769 1414 819 xv,
1450 753 1557 825 45).
1609 753 1680 807 Et
1728 751 2021 824 quomodo

373 846 446 901 de
474 844 658 899 Adam
691 844 748 897 et
776 856 953 896 uxore
998 842 1128 913 ejus
1176 858 1351 897 omne
1399 841 1706 897 hominum
1760 840 2024 897 nascitur

373 948 596 1007 genus:
631 931 715 987 sic
747 931 817 987 de
859 930 1090 987 Christo
1120 936 1177 987 et
1234 930 1493 987 Ecclesia
1548 930 1740 986 omnis
1792 931 2024 986 creden-

371 1024 520 1080 tium
554 1019 872 1077 multitudo
905 1025 1182 1095 generata
1212 1025 1320 1077 est.
1355 1022 1489 1087 QUEB
1522 1037 1707 1077 unum
1757 1018 2021 1076 Ecclesiae

374 1126 587 1183 corpus
644 1110 867 1178 ell‘ecta,
924 1126 1161 1166 rursum
1221 1110 1282 1165 in
1340 1109 1517 1165 latere
1574 1108 1782 1165 Christi
1857 1106 2019 1180 poni-

368 1204 465 1256 tur
503 1200 692 1272 (Joan.
727 1216 847 1267 XIX,
884 1201 996 1272 34),
1029 1204 1086 1255 et
1114 1204 1286 1256 costa:
1312 1198 1505 1255 locum
1538 1198 1723 1272 replet
1769 1197 1923 1267 (Gen.
1960 1215 2020 1268 ιι,

366 1289 480 1361 21),
512 1292 571 1344 et
599 1305 788 1344 unum
817 1288 926 1344 viri
957 1304 1169 1361 corpus
1201 1287 1473 1358 efﬁcitur,
1501 1288 1631 1361 ipso
1689 1287 1935 1344 Domino
1965 1286 2023 1342 id

364 1378 424 1434 in
458 1376 771 1450 Evangelio
820 1376 1191 1450 postulante:
1245 1380 1431 1445 Pater,
1484 1377 1574 1447 da,
1632 1382 1696 1431 ut
1755 1376 2023 1449 quomodo

366 1482 462 1539 ego
502 1470 554 1522 et
583 1473 643 1523 tu
672 1482 843 1521 unum
876 1482 1105 1522 sumus:
1154 1468 1233 1521 sic
1280 1475 1331 1522 et
1382 1467 1492 1538 ipsi
1520 1467 1581 1521 in
1636 1466 1794 1522 nobis
1848 1481 2023 1521 unum

366 1557 481 1612 sint
510 1556 689 1624 (Joan.
721 1572 859 1621 xvn,
891 1556 1002 1628 21).
1046 1557 1479 1628 Interrogemus
1525 1555 1876 1611 Marcionem
1908 1571 2025 1626 qua

368 1645 789 1717 consequentia
819 1644 1014 1700 locum
1043 1642 1227 1700 istum
1251 1645 1352 1717 qui
1378 1645 1448 1700 de
1478 1643 1670 1700 Veteri
1703 1647 2023 1716 usurpatus

367 1739 459 1791 est
486 1734 904 1802 Instrumento,
941 1735 1001 1789 in
1034 1734 1332 1790 Christum
1364 1739 1422 1790 et
1468 1734 1528 1789 in
1581 1732 1901 1790 Ecclesium
1933 1733 2023 1789 in-

366 1823 673 1897 terpretari
701 1828 898 1897 queat,
932 1840 1066 1880 cum
1090 1825 1262 1896 juxta
1304 1822 1472 1879 illum
1520 1825 1814 1896 Scriptura
1859 1827 2025 1881 vetus

370 1913 609 1970 omnino
641 1930 758 1970 non
791 1914 1078 1987 pertineat
1108 1914 1180 1969 ad
1211 1913 1531 1969 Christum.

2130 659 2294 715 nulla
2322 675 2459 733 ergo
2489 661 2602 716 erit
2630 661 2783 716 inter
2810 676 3051 717 uxorem
3082 664 3140 716 et
3168 658 3564 731 quorumlibet
3592 657 3781 715 homi-

2130 767 2273 805 num
2306 748 2675 806 dilectionem
2707 749 3035 805 dili'erentia
3056 749 3382 820 charitatis,
3414 749 3568 820 quod
3595 747 3784 805 dicere

2128 840 2297 896 valde
2325 840 2650 896 absurdum
2682 843 2793 895 est.
2828 840 2890 894 In
2942 838 3205 911 proximo
3253 837 3411 895 enim
3460 836 3785 893 similitudo

2131 930 2389 1004 ponitur,
2423 934 2490 985 ut
2518 928 2601 986 sic
2632 946 2765 986 eum
2795 928 3007 1002 diligas
3038 929 3193 985 sicut
3221 933 3299 996 te,
3332 933 3390 984 et
3418 927 3621 1000 cupias
3656 943 3786 983 esse

2135 1021 2446 1076 salvatum.
2480 1021 2543 1076 In
2589 1035 2767 1075 uxore
2817 1023 3009 1074 autem
3071 1017 3527 1090 comparationis
3581 1017 3781 1073 adver-

2131 1109 2316 1177 bium,
2348 1112 2508 1176 sicut,
2541 1126 2658 1165 non
2676 1108 3145 1173 similitudinem,
3170 1107 3271 1164 sed
3303 1106 3781 1180 approbationem

2131 1203 2189 1254 et
2219 1197 2750 1264 conﬁrmationem,
2806 1214 2941 1253 cum
2981 1197 3236 1269 quodam
3283 1196 3538 1270 pondere
3585 1197 3780 1251 sonat.

2132 1288 2434 1354 Quomodo
2466 1286 2717 1343 dicimus
2748 1286 2819 1342 de
2847 1285 3003 1342 viro:
3060 1285 3227 1357 quasi
3290 1284 3379 1341 vir
3424 1285 3578 1356 fecit,
3624 1284 3782 1340 etde

2129 1376 2423 1434 Salvntore
2500 1377 2786 1448 scriptum
2854 1378 2979 1431 est:
3041 1374 3291 1431 Vidimus
3346 1375 3582 1443 gloriam
3638 1375 3779 1447 ejus.

2129 1468 2293 1540 quasi
2320 1467 2557 1536 gloriam
2587 1467 2863 1538 unigeniti
2891 1466 3067 1537 (Joan.
3102 1482 3142 1528 ι,
3176 1463 3287 1536 14).
3338 1464 3463 1519 Non
3512 1478 3627 1534 quo
3655 1461 3783 1534 ipse

2130 1555 2391 1611 Salvator
2418 1554 2665 1627 gloriam
2699 1554 2973 1611 habuerit
3002 1554 3074 1610 ad
3105 1552 3602 1625 comparationem
3635 1550 3781 1607 alte-

2131 1646 2256 1702 rius
2285 1644 2571 1717 unigeniti
2598 1661 2611 1700 :
2644 1644 2771 1716 ipse
2801 1648 2891 1701 est
2916 1644 3070 1700 enim
3095 1641 3452 1715 unigenitus.
3484 1642 3554 1697 Et
3583 1640 3783 1713 unige-

2130 1736 2293 1791 nitus
2324 1734 2373 1790 si
2403 1737 2462 1790 et
2491 1733 2641 1790 alter
2666 1733 2860 1805 fuerit,
2905 1733 3246 1806 unigenitus
3295 1748 3410 1787 non
3469 1732 3658 1804 potest
3688 1746 3785 1802 ap-

2132 1824 2356 1899 pellari.
2416 1824 2579 1880 Unde
2636 1823 2877 1880 alterius
2948 1821 3235 1896 unigeniti
3290 1838 3407 1878 non
3483 1820 3785 1892 indigebat

2053 1948 2103 2015 Β
2134 1912 2433 1987 exemplo:
2490 1914 2591 1970 sed
2641 1912 2811 1986 quasi
2858 1912 3249 1985 unigenitum,
3299 1910 3409 1967 hoc
3455 1913 3562 2009 est,
3596 1913 3784 2015 ut'se-

442 2021 631 2094 (Vers.
662 2021 776 2093 32.)
812 2039 833 2069 ι
866 2020 1310 2077 Sacramentum
1333 2020 1443 2077 hoc
1474 2037 1756 2094 magnum
1778 2025 1884 2089 est,
1919 2037 2025 2095 ego
2053 1998 2103 2015 υ
2135 2005 2458 2078 ωθῐίΡειΠΠ
2489 2003 2738 2095 (18081)θῆ
2760 2002 3008 2095 gloriam
3037 2001 3272 2095 1}fibel"_3.
3315 1998 3610 2095 ΔΡφεεςδάίξ·
3666 1998 3785 2055 Ηοο

370 2115 567 2168 autem
601 2111 752 2177 dico,
797 2109 859 2167 in
918 2109 1148 2167 Christo
1178 2115 1235 2167 et
1264 2110 1324 2166 in
1381 2109 1657 2167 Ecclesia.
1692 2132 1722 2187 ι»
1781 2110 1930 2182 Non,
1962 2114 2028 2165 ut

370 2199 636 2273 plerique
665 2197 1024 2266 existimant,
1055 2199 1247 2255 omnis
1278 2199 1523 2255 historia
1563 2216 1691 2271 qua
1722 2200 1793 2256 de
1839 2200 2026 2255 Adam

369 2294 430 2347 et
459 2290 530 2346 de
560 2290 677 2345 Eva
722 2288 780 2344 in
811 2288 1016 2345 Genesi
1050 2288 1268 2360 scripta
1296 2292 1406 2355 est,
1435 2289 1507 2344 ad
1535 2288 1834 2345 Christum
1864 2293 1922 2344 et
1953 2289 2026 2344 ad

367 2377 690 2435 Ecclesiam
722 2377 894 2434 facile
925 2378 1127 2435 referri
1188 2381 1398 2449 potest,
1459 2378 1561 2434 sed
1622 2378 2028 2435 tantummodo

369 2469 527 2543 quod
560 2468 622 2523 in
654 2466 926 2541 praesenti
953 2467 1078 2524 loco
1110 2468 1371 2540 ponitur,
1403 2467 1461 2523 id
1494 2472 1621 2524 est:
1652 2469 1885 2540 PrOpter
1931 2469 2030 2525 hoc

370 2546 649 2630 relinquet
678 2557 844 2615 homo
867 2561 1098 2629 patrem
1127 2573 1291 2613 suum
1348 2562 1398 2613 et
1455 2567 1695 2614 matrem
1745 2574 1920 2624 suam,
1979 2566 2031 2614 et

375 2647 678 2705 adhaerebit
708 2648 875 2703 uxori
901 2662 1040 2716 sua,
1083 2651 1135 2702 et
1190 2655 1352 2703 erant
1390 2647 1499 2704 duo
1556 2649 1618 2702 in
1673 2664 1841 2703 carne
1895 2665 2027 2703 una.

372 2736 609 2792 Primus
638 2735 796 2792 enim
828 2735 1025 2800 homo,
1052 2738 1110 2790 et
1137 2735 1366 2807 primus
1393 2740 1557 2792 vates
1588 2736 1795 2803 Adam,
1825 2737 1935 2793 hoc
1961 2738 2032 2794 de

380 2825 610 2882 Christo
636 2828 693 2880 et
736 2823 998 2880 Ecclesia
1052 2824 1453 2896 prophetavit:
1516 2826 1671 2897 quod
1733 2825 2034 2898 reliquerit

379 2913 660 2971 Dominus
739 2918 939 2970 noster
1007 2917 1183 2987 atque
1242 2913 1509 2970 Salvator
1565 2917 1795 2970 Patrem
1855 2932 2030 2971 suum

354 2996 589 3075 ’Deum,
621 3007 679 3059 et
710 3006 958 3059 matrem
1015 3019 1185 3060 suam
1241 3001 1534 3060 ccelestem
1589 3003 1935 3069 Jerusalem,
1979 3009 2035 3060 et

382 3093 605 3149 venerit
634 3093 707 3149 ad
738 3097 923 3149 terras
955 3096 1191 3165 propter
1217 3109 1393 3149 suum
1434 3109 1646 3165 corpus
1697 3093 2033 3161 Ecclesium,

385 3187 442 3238 et
471 3182 542 3239 de
571 3199 679 3239 suo
708 3198 838 3238 eam
870 3179 1063 3237 latere
1091 3180 1410 3238 fabricatus
1442 3181 1518 3238 sit
1563 3184 1738 3254 (Joan.
1771 3200 1887 3251 x1x,
1918 3183 2031 3255 34),

383 3276 440 3329 et
468 3274 707 3345 propter
732 3269 896 3327 illam
924 3269 1182 3328 Verbum
1231 3287 1366 3327 caro
1408 3271 1627 3328 factum
1674 3273 1751 3328 sit
1780 3272 1955 3345 (Joan.
1992 3292 2029 3342 ι,

2133 2095 2291 2151 idem
2322 2098 2382 2150 et
2409 2092 2825 2167 septuagesimi
2851 2091 3094 2148 secundi
3117 2089 3351 2164 psalmi,
3366 2090 3537 2160 juxta
3557 2090 3786 2145 Graecos

2132 2188 2353 2252 tamen,
2413 2182 2717 2239 exordium
2774 2185 2985 2238 sonat:
3043 2180 3132 2242 Ὠς
3194 2178 3393 2254 ἀγαθὸς
3454 2178 3481 2232 ὁ
3538 2176 3668 2239 Θεὸς
3706 2180 3787 2231 τῶ

2138 2267 2357 2349 Ἰσραήλ
2389 2276 2505 2332 τοῖς
2539 2269 2708 2325 εὐθὲσι
2740 2274 2807 2344 τῇ
2839 2267 3053 2344 καρδίᾳ,
3087 2270 3241 2343 quod
3274 2287 3307 2326 8.
3342 2267 3559 2326 nostris
3587 2271 3787 2324 trans-

2136 2363 2323 2418 latum
2382 2365 2503 2418 est:
2565 2363 2740 2430 Quam
2793 2363 2966 2418 bonus
3020 2363 3159 2416 Deus
3214 2360 3392 2417 Israel
3446 2359 3613 2414 rectis
3668 2372 3787 2414 cor-

2136 2452 2201 2508 de
2231 2452 2405 2521 (Psal.
2440 2468 2612 2517 Lxxu,
2658 2451 2737 2514 Ἥ
2788 2450 3064 2523 Alioquin
3105 2451 3273 2522 juxta
3318 2452 3546 2504 Graecos
3576 2445 3673 2514 ὡς,
3725 2445 3786 2501 id

2139 2545 2248 2609 est,
2279 2543 2442 2607 sicut,
2474 2539 2921 2597 similitudinem
2955 2540 3145 2614 magis
3190 2539 3441 2605 videtur,
3475 2553 3653 2610 quam
3685 2536 3784 2592 ﬁr-

2140 2630 2403 2687 mitatem
2437 2629 2768 2703 signiﬁcare
2801 2631 2954 2687 (ιω
2980 2629 3291 2693 dictorum,
3324 2627 3375 2683 si
3397 2643 3513 2682 non
3544 2628 3610 2682 ut
3648 2642 3786 2681 con-

2139 2721 2529 2777 firmationem
2562 2719 2841 2790 audieris,
2875 2720 2976 2775 sed
3027 2718 3197 2791 quasi
3256 2718 3363 2790 [Αἰ.
3397 2724 3559 2773 tacet.
3593 2714 3786 2788 quasi]

2140 2808 2494 2881 exemplum.
2528 2807 2715 2865 Simul
2746 2813 2804 2865 et
2858 2808 2966 2865 hoc
3014 2807 3456 2877 attendendum,
3516 2804 3669 2879 quod
3699 2801 3791 2859 vir

2141 2898 2383 2971 diligere
2405 2899 2649 2969 jubetur
2668 2914 2929 2969 uxorem,
2954 2896 3167 2954 mulier
3184 2912 3317 2953 vero
3346 2896 3552 2952 timere
3571 2893 3785 2950 virum.

2141 2988 2422 3061 Congruit
2449 2988 2604 3043 enim
2633 2988 2757 3043 viro
2787 2986 3041 3052 dilectio,
3078 2985 3311 3042 mulieri
3356 2986 3571 3042 timor:
3625 2999 3789 3039 servo

2140 3093 2274 3134 vero
2304 3094 2421 3134 non
2453 3077 2645 3133 solum
2684 3080 2897 3148 metus,
2960 3077 3061 3133 sed
3117 3080 3174 3133 et
3229 3080 3449 3132 tremor
3494 3072 3788 3146 jungitur.

2143 3166 2307 3223 Unde
2339 3171 2392 3223 et
2422 3168 2482 3222 in
2513 3166 3007 3239 consequentibus
3035 3166 3154 3224 ait:
3198 3165 3373 3232 Servi,
3433 3163 3642 3221 obedite
3695 3161 3790 3218 do-

2142 3259 2312 3314 minis
2339 3257 2656 3314 carnalibus
2679 3273 2805 3313 cum
2841 3257 3036 3314 timore
3080 3264 3132 3313 et
3175 3264 3416 3313 tremore
3461 3254 3680 3327 (Ephes.
3710 3269 3791 3318 VI,

384 3325 608 3431 nisi
625 3325 767 3431 ᾇιᾷία
796 3325 914 3415 .1...
940 3325 1140 3415 omnia
1183 3325 2029 3432 animisanimiita;
2061 3325 2117 3443 Cp
2140 3347 2219 3417 5).

382 3451 485 3508 sed
516 3452 606 3506 est
634 3448 795 3505 aliud
823 3452 1259 3505 sacramentum
1290 3450 1504 3521 majus,
1535 3453 1594 3505 et
1619 3449 1777 3506 aliud
1809 3452 2028 3509 minus:
2114 3446 2119 3455 ’

380 3543 692 3614 propterea
720 3554 879 3593 nunc
909 3536 1092 3594 dicit:
1153 3539 1567 3597 Sacramentum
1620 3538 1719 3596 hoc
1769 3558 2034 3611 magnum

336 3632 351 3643 ‘
376 3633 499 3692 est;
521 3626 817 3699 simulque
837 3626 1190 3683 humilitatis
1211 3628 1340 3699 ejus
1360 3626 1641 3686 indicium
1670 3634 1760 3686 est
1779 3630 2032 3688 inferen-

378 3718 495 3775 tis:
525 3722 639 3791 Ego
661 3720 848 3773 autem
875 3716 1172 3774 dico-66]
1211 3718 1271 3773 in
1316 3717 1531 3774 Christo
1576 3727 1628 3775 et
1656 3720 1715 3775 in
1769 3720 2030 3777 Ecclesia.

381 3807 696 3881 Gregorius
726 3805 1147 3877 Nazianzenus,
1187 3806 1275 3864 vir
1322 3808 1490 3864 valde
1538 3807 1839 3882 eloquens,
1891 3810 2031 3866 etin

350 3884 701 3970 ‘Scripturis
731 3893 994 3969 apprime
1023 3895 1309 3966 eruditus,
1342 3913 1475 3953 cum
1516 3898 1589 3953 de
1645 3898 1754 3955 hoc
1802 3916 2033 3956 mecum

348 4022 353 4027 -
382 3989 658 4043 tractaret
685 3984 834 4055 loco,
868 3982 1095 4041 solebat
1123 3983 1313 4043 dicere
1341 4004 1353 4042 :
1387 3985 1533 4043 Vide
1554 3991 1841 4059 quantum
1864 3988 2034 4045 istius

384 4075 624 4148 capituli
654 4078 1089 4132 sacramentum
1123 4076 1219 4143 sit,
1261 4080 1328 4130 ut
1356 4075 1672 4148 Apostolus
1700 4076 1759 4133 in
1808 4077 2034 4134 Christo

352 4200 365 4213 η.
384 4161 551 4229 illud,
582 4168 640 4220 et
667 4163 731 4219 in
761 4163 1016 4221 Ecclesia
1061 4162 1473 4237 interpretans,
1517 4182 1630 4222 non
1663 4183 1727 4224 se
1758 4165 1841 4223 ita
1871 4184 2036 4224 asse-

386 4254 498 4323 rat,
530 4254 595 4307 ut
620 4251 939 4311 testimonii
970 4251 1307 4325 postulabat
1343 4253 1623 4326 dignitas,
1654 4256 2033 4328 expressisse,

385 4341 486 4397 sed
519 4340 949 4413 quodammodo
980 4342 1189 4401 dixerit
1214 4359 1227 4397 :
1252 4341 1383 4399 Scio
1406 4343 1544 4414 quia
1563 4342 1727 4402 locus
1748 4345 1859 4403 iste
1889 4345 2034 4401 inef-

382 4427 658 4487 fabilibus
686 4430 897 4503 plenus
935 4431 1029 4488 sit»
1069 4431 1475 4501 sacramentis,
1530 4437 1588 4487 et
1641 4433 1904 4491 divinum
1937 4451 2036 4491 cor

381 4524 609 4594 quaerat
631 4520 989 4593 interpretis.
1021 4521 1140 4594 Ego
1171 4524 1366 4578 autem
1403 4537 1506 4594 pro
1553 4521 1875 4594 pusillitate
1899 4540 2031 4579 sen-

350 4626 483 4667 sus
515 4608 651 4683 mei,
692 4609 754 4667 in
785 4609 1017 4668 Christo
1065 4610 1298 4667 interim
1352 4609 1520 4677 illud,
1570 4614 1628 4667 et
1672 4611 1732 4666 in
1777 4612 2035 4670 Ecclesia

2221 3494 2247 3527 α
2277 3470 2487 3529 Mulier
2515 3475 2709 3528 autem
2741 3474 2808 3528 ut
2831 3471 3040 3528 timeat
3065 3468 3280 3527 virum.
3317 3491 3338 3518 ι
3394 3468 3453 3524 Si
3502 3467 3564 3522 in
3610 3466 3791 3524 Deum

2143 3566 2338 3619 metus
2366 3564 2604 3635 propter
2641 3561 2916 3618 timorem
2968 3558 3263 3632 supplicii,
3314 3574 3443 3614 non
3469 3554 3611 3613 sinit
3654 3571 3790 3612 eum

2118 3653 2245 3725 qui
2274 3650 2485 3709 metuit
2511 3667 2641 3708 esse
2670 3650 2990 3723 perfectum
3016 3667 3031 3718 ;
3055 3652 3278 3721 quanto
3299 3647 3490 3720 magis
3514 3643 3794 3717 imperfe-

2143 3746 2239 3800 cta
2266 3740 2377 3799 erit
2403 3739 2637 3807 mulier,
2661 3757 2781 3797 non
2803 3740 2994 3799 solum
3024 3738 3236 3806 Deum,
3258 3737 3359 3794 sed
3393 3734 3566 3793 etiam
3598 3734 3789 3791 virum

2144 3836 2415 3888 metuens
2435 3830 2463 3887 ?
2484 3830 2723 3903 Propter
2741 3830 2896 3904 quod
2920 3827 3359 3903 requirendum,
3386 3842 3460 3882 an
3482 3822 3793 3882 carnaliter

2145 3938 2291 3977 uxor
2345 3919 2724 3994 intelligenda
2770 3919 2869 3984 sit,
2902 3922 2961 3975 et
3014 3917 3212 3974 uxoris
3239 3916 3453 3973 timor:
3481 3967 3484 3970 .
3513 3930 3648 3975 cum
3680 3914 3790 3969 fre-

2114 4014 2393 4083 ,quenter
2422 4008 2607 4065 multo
2636 4006 2908 4065 meliores
2955 4006 3185 4064 maritis
3231 4003 3606 4062 inveniantur
3650 4016 3791 4057 uxo-

2142 4114 2237 4155 res
2265 4101 2324 4153 et
2348 4097 2432 4153 eis
2461 4097 2772 4167 imperent,
2805 4099 2862 4151 et
2894 4096 3137 4151 domum
3181 4097 3410 4167 regant,
3458 4096 3516 4147 et
3543 4091 3794 4147 educent

2143 4186 2381 4254 liberos,
2406 4190 2465 4241 et
2487 4184 2718 4241 familia:
2738 4186 2974 4240 teneant
3021 4180 3428 4254 disciplinam:
3478 4178 3599 4236 illis
3627 4176 3793 4235 luxu-

2144 4276 2432 4333 riantibus
2464 4278 2521 4330 et
2552 4291 2654 4348 per
2680 4275 2873 4331 scorta
2902 4270 3294 4344 currentibus.
3328 4274 3424 4325 Has
3467 4268 3791 4325 virossuos

2143 4370 2340 4443 utrum
2377 4380 2616 4438 regnare
2661 4363 2933 4429 debeant,
2962 4378 3035 4417 an
3082 4360 3311 4427 timere,
3360 4357 3593 4416 lectoris
3641 4356 3789 4414 arbi-

2141 4456 2252 4512 trio
2283 4453 2640 4527 derelinquo.
2666 4453 2827 4520 Quod
2860 4450 3095 4523 sijuxta
3123 4448 3485 4522 allegoriam,
3517 4450 3582 4503 ut
3609 4463 3791 4520 supra

2142 4545 2419 4613 diximus,
2454 4561 2599 4600 uxor
2630 4544 2688 4599 in
2720 4558 2960 4614 corpore
2988 4538 3292 4612 accipitur,
3324 4538 3413 4595 vir
3458 4537 3518 4594 in
3569 4536 3787 4606 animo,

2143 4634 2290 4690 nihil
2318 4634 2835 4707 incongruumest
2862 4630 3068 4687 timere
3114 4646 3243 4687 eam
3294 4631 3359 4685 ut
3388 4626 3665 4685 ancillam
3714 4625 3795 4683 vi-

379 4697 1038 4794 intelligendumputo:
1073 4716 1188 4758 non
1248 4716 1362 4772 quo
1419 4698 1639 4772 aliquid
1700 4699 1929 4757 Christo
1977 4706 2031 4758 et

2141 4740 2296 4792 rum,
2329 4724 2389 4779 in
2445 4722 2702 4781 secundo
2760 4722 2946 4794 gradu
2988 4724 3047 4778 et
3095 4720 3154 4776 in
3212 4718 3404 4776 viliori
3463 4716 3797 4775 substantia

381 4787 637 4847 Ecclesia
662 4790 857 4861 majus
886 4788 982 4859 sit,
1016 4789 1305 4862 sedquod
1338 4793 1526 4846 totum
1560 4789 1713 4862 quod
1747 4790 1818 4847 de
1846 4791 2031 4848 Adam

380 4881 438 4934 ct
466 4878 537 4936 de
566 4877 685 4935 Eva
712 4877 945 4950 dicitur,
994 4879 1055 4935 in
1096 4878 1325 4936 Christo
1356 4884 1413 4937 et
1443 4879 1509 4943 in,
1552 4878 1809 4938 Ecclesia
1858 4881 2034 4938 inter-

380 4966 596 5040 pretari
626 4982 821 5040 posse,
852 4966 1090 5025 difﬁcile
1122 4967 1218 5025 sit.

348 5148 353 5151 ν
453 5073 635 5147 (Vers.
670 5075 782 5148 33).
820 5096 849 5126 «
877 5077 1297 5132 Verumtamen
1327 5079 1387 5132 et
1430 5092 1531 5131 vos
1579 5075 1797 5150 singuli
1848 5095 2030 5135 unus-

348 5162 632 5236 quisque
656 5180 835 5222 suam
862 5181 1103 5223 uxorem
1135 5165 1291 5222 sicut
1317 5181 1379 5221 se
1418 5164 1643 5239 diligat.
1679 5188 1706 5215 ››
1762 5168 2034 5223 Λῖεῐίωθι

377 5250 596 5326 aliquis
623 5254 891 5311 eamdem
920 5254 1074 5312 inter
1091 5254 1369 5311 maritum
1394 5258 1451 5310 et
1481 5270 1719 5312 uxorem
1740 5255 1937 5328 juberi
1961 5257 2032 5314 ab

340 5340 657 5415 ‘Apostolo
687 5342 1059 5413 obaritatem,
1096 5360 1228 5417 quae
1274 5344 1332 5400 in
1366 5345 1696 5417 proximum
1747 5351 2036 5419 praecepta

372 5436 505 5490 est:
566 5433 651 5490 sic
716 5434 874 5492 enim
930 5434 1222 5508 scriptum
1279 5437 1408 5493 est:
1458 5434 1664 5507 Diliges
1715 5437 2035 5508 proximum

354 5530 543 5580 tuum
564 5524 714 5581 sicut»
740 5526 983 5596 teipsum
1029 5524 1370 5597 (Levitixrx,
1406 5525 1515 5597 18),
1571 5528 1627 5581 et
1678 5542 1834 5581 nunc
1890 5525 2033 5583 dici-

347 5614 513 5671 =.tur:
546 5614 935 5686 Unusquisque
948 5629 1125 5670 suam
1143 5629 1374 5672 umorem
1396 5617 1545 5671 sicut
1560 5630 1616 5671 se
1644 5614 1859 5688 diligat.
1885 5616 2034 5689 Ergo

383 5702 680 5760 eademin
711 5701 1044 5777 proximum
1075 5706 1132 5759 et
1177 5703 1237 5759 in
1291 5719 1531 5761 uxorem
1586 5704 1846 5763 charitas
1901 5706 2032 5763 erit.

382 5789 547 5857 Quod
578 5792 629 5851 si
663 5793 991 5867 proximus,
1032 5794 1205 5865 juxta
1250 5793 1789 5867 interpretationem
1839 5794 2035 5855 Salva-

2142 4813 2544 4871 constitutam.
2566 4810 2766 4868 Animi
2788 4811 3026 4884 quippe,
3046 4813 3111 4866 ut
3131 4809 3215 4867 ait
3239 4809 3501 4881 Crispus,
3525 4806 3791 4881 imperio,

2145 4902 2409 4976 corporis
2441 4900 2672 4959 servitio
2705 4900 2896 4974 magis
2943 4900 3187 4957 utimur.
3238 4899 3347 4967 Qui
3395 4914 3529 4955 vero
3573 4895 3797 4967 simpli-

2146 5009 2271 5051 cem
2320 4990 2771 5063 intelligentiam
2820 4988 3087 5047 mulieris
3142 4987 3409 5062 sequitur
3463 4991 3521 5043 et
3577 4984 3789 5053 mariti,

2144 5083 2293 5139 duas
2324 5079 2751 5155 signiﬁcantius
2780 5079 2839 5135 in
2870 5079 3044 5135 verbo
3076 5078 3302 5135 timoris
3333 5092 3461 5133 esse
3500 5076 3790 5130 monstra-

2144 5171 2248 5229 bit.
2278 5172 2353 5227 Et
2380 5170 2533 5227 dicet
2563 5186 2682 5227 una
2733 5170 2805 5225 de
2837 5186 2953 5240 qua
3010 5168 3266 5225 Joannes
3304 5166 3418 5223 ait:
3482 5164 3588 5234 Qui
3642 5163 3793 5219 timet

2140 5278 2358 5336 poenam
2388 5261 2566 5327 habet,
2597 5263 2650 5317 et
2677 5260 2774 5332 qui
2812 5260 2981 5327 timet,
3014 5274 3124 5315 non
3158 5264 3237 5314 est
3254 5256 3526 5329 perfectus
3554 5254 3602 5323 (ι
3630 5252 3787 5308 Joan.

2146 5369 2222 5418 ιν,
2258 5353 2367 5422 18).
2421 5351 2599 5409 Juxta
2645 5365 2825 5421 quam
2877 5352 2934 5406 et
2980 5347 3130 5405 servi
3190 5344 3463 5418 spiritum
3496 5340 3795 5397 servitutis

2143 5441 2364 5500 habent
2390 5441 2452 5497 in
2480 5439 2716 5507 timore,
2748 5454 2921 5512 quem
2956 5437 3317 5510 exiguutura
3336 5431 3584 5489 Domino
3604 5430 3798 5488 dicen-

2144 5536 2200 5589 te
2231 5531 2303 5588 ad
2334 5546 2472 5588 eos:
2505 5530 2571 5587 Et
2595 5530 2646 5586 si
2667 5533 2830 5602 pater
2854 5544 2976 5586 sum
3008 5542 3121 5595 ego,
3171 5524 3271 5593 ubi~
3305 5527 3384 5580 est
3413 5521 3592 5594 gloria
3621 5536 3795 5584 mea;

2143 5628 2197 5678 et
2220 5624 2275 5678 si
2326 5619 2578 5680 dominus
2631 5635 2760 5676 sum
2810 5632 2924 5689 ego,
2982 5616 3082 5671 ubi
3137 5622 3217 5670 est
3247 5613 3410 5670 timor
3455 5627 3610 5669 meus
3656 5610 3792 5683 (Ma-

2146 5711 2289 5767 lach.
2323 5727 2365 5781 ι,
2393 5708 2494 5783 6)?
2537 5706 2795 5764 Alteram
2823 5719 2957 5762 vero
2998 5719 3142 5775 quae
3198 5701 3353 5775 apud
3410 5700 3792 5776 philosophos

2146 5799 2483 5859 nominatur
2510 5789 2784 5869 εὐλάϐεια,
2816 5797 2875 5852 et
2903 5792 3059 5868 apud
3096 5809 3227 5867 nos,
3277 5790 3414 5851 licet
3460 5808 3578 5852 non
3622 5790 3792 5866 plene
