4310 6572
540 394 652 454 571

1787 400 1852 461 S.
1897 399 2210 464 EUSEBII
2255 399 2700 464 BIERONYMI

3830 401 3947 463 572

540 535 727 596 sonet,
752 534 1061 589 reverentia
1091 532 1205 590 dici
1226 537 1436 607 potest.
1460 535 1579 593 Scit
1600 553 1832 611 quoque
1861 543 1918 595 et
1945 534 2190 607 prophe-
2218 534 2275 601 Α
2304 539 2412 606 est,
2449 535 2909 607 unumquodque
2954 533 3298 591 mandatum
3349 530 3638 607 Decalogi,
3686 533 3945 606 primum

539 621 628 674 tes
662 619 1050 690 perfectorum
1083 622 1376 687 timorem,
1409 640 1583 695 quem
1615 626 1717 697 qui
1750 626 2030 693 timuerit,
2064 646 2186 701 per-

534 706 722 763 fectus
782 713 888 777 est,
948 709 1006 765 in
1065 711 1361 768 tricesimo
1418 714 1587 769 tertio
1657 714 1885 786 psalmo
1942 717 2183 773 dicens:

528 796 649 853 Non
677 801 755 853 est
803 800 986 871 inopia
1047 802 1369 858 timentibus
1416 820 1544 858 eum
1586 806 1764 871 (Psal.
1824 822 2023 875 xxxui,
2075 807 2182 878 10).

531 886 726 943 Potest
756 888 937 961 igitur
967 891 1134 945 uxori
1165 892 1507 964 simpliciter
1536 892 1843 949 intellectas
1875 894 1970 950 hic
2003 896 2185 967 impe-

532 977 648 1033 rari
681 983 893 1045 metus,
929 984 993 1034 ut
1025 979 1251 1048 timeat,
1300 981 1409 1037 hoc
1458 987 1564 1050 est,
1625 989 1961 1040 revereatur
1996 985 2186 1041 virum

538 1082 736 1123 suum.

609 1156 769 1228 (Cap.
802 1156 894 1212 VI.
928 1188 996 1197 —-
1044 1161 1206 1214 Vers.
1262 1160 1334 1225 1.)
1386 1160 1599 1231 «Filii,
1652 1162 1880 1217 obedite
1932 1162 2186 1235 parenti-

539 1245 652 1301 bus
682 1247 890 1301 vestris
920 1246 977 1301 in
1012 1247 1295 1303 Domino:
1330 1248 1439 1304 hoc
1476 1249 1628 1304 enim
1660 1256 1749 1305 est
1784 1253 2038 1323 justum.
2074 1254 2185 1309 Ilo-

535 1350 678 1390 nora
710 1339 933 1406 patrem
965 1340 1131 1391 tuum
1164 1341 1219 1392 et
1251 1342 1495 1393 matrem
1522 1343 1687 1395 tuam
1713 1341 1890 1412 (quod
1915 1346 2005 1397 est
2028 1359 2188 1397 man-

534 1423 737 1478 datum
774 1423 1027 1495 primum
1059 1424 1119 1479 in
1170 1426 1577 1497 promissione)
1630 1432 1696 1482 ut
1739 1430 1885 1485 bene
1934 1430 2009 1485 sit
2056 1431 2185 1499 tibi,

535 1516 592 1567 et
620 1510 917 1584 longaevus
948 1514 1033 1569 sis
1065 1531 1244 1586 super
1272 1519 1510 1571 terram.
1546 1538 1575 1565 ››
1622 1517 1911 1590 Ambigua
1941 1519 2185 1588 dictum,

537 1605 733 1657 utrum
766 1602 826 1657 in
857 1603 1104 1659 Domino
1128 1604 1468 1676 parentibus
1492 1606 1645 1661 668
1670 1605 1794 1662 suis
1817 1606 1919 1661 iilii
1941 1608 2191 1663 debeant

537 1690 794 1759 obedire,
823 1709 896 1747 an
928 1698 1079 1748 certe
1113 1692 1453 1764 parentibus
1485 1695 1609 1751 suis
1659 1694 1763 1751 filii
1816 1696 2090 1753 obediant
2128 1698 2189 1753 in

536 1779 805 1835 Domino.
839 1782 1002 1845 Quod
1033 1786 1353 1854 utrumque
1387 1784 1738 1853 faciendum,
1774 1790 1836 1840 ut
1865 1790 1921 1841 et
1952 1786 2045 1842 his
2086 1804 2185 1859 pa-

2297 626 2453 681 064
2483 625 2830 681 mandatum
2879 628 2968 680 est
3023 621 3461 697 appellandum,
3524 624 3598 679 ad
3651 639 3951 696 compara-

2297 713 2516 769 tionem
2551 730 2754 769 eorum
2798 718 3241 785 praeceptorum,
3294 729 3419 783 quis
3468 715 3673 783 postea
3716 713 3776 768 in
3823 712 3949 785 lege

2296 803 2627 875 conscripta
2657 806 2815 857 sunt.
2847 801 2955 866 Qui
3012 819 3145 857 vero
3205 799 3627 873 expositionem
3686 802 3950 875 superio-

2297 907 2419 946 rem
2451 895 2645 946 tenere
2676 890 3001 958 conabitur,
3030 891 3091 946 in
3121 907 3187 946 eo
3216 890 3371 963 quod
3403 888 3767 955 distinxerat,
3810 892 3953 963 quod

2295 987 2371 1035 est
2400 979 2726 1034 mandatum
2760 980 3007 1049 primum
3053 981 3112 1035 in
3160 981 3608 1048 repromissione,
3659 980 3813 1035 dicet
3856 998 3951 1038 se-

2296 1067 2547 1140 paratim
2580 1084 2709 1123 esse
2758 1069 3143 1123 mandatum:
3198 1071 3411 1123 Honora
3458 1072 3668 1140 patrem
3714 1077 3869 1125 tuum
3898 1078 3952 1127 et

2294 1163 2529 1213 matrem
2560 1163 2721 1212 tuam
2741 1176 2761 1212 :
2790 1163 2847 1213 et
2875 1162 3075 1230 postea
3122 1155 3638 1229 repromissionem
3684 1175 3790 1214 suo
3822 1157 3949 1216 loco

2296 1246 2570 1319 positam,
2604 1250 2663 1302 ut
2689 1249 2767 1303 sis
2801 1246 3084 1318 longaevus
3108 1263 3275 1318 super
3299 1255 3525 1313 terram,
3557 1263 3721 1319 quam
3746 1249 3947 1304 Domi-

2295 1353 2397 1392 nus
2429 1338 2567 1392 Deus
2598 1340 2724 1391 tuus
2770 1337 2923 1392 dabit
2958 1339 3081 1391 tibi.
3117 1337 3180 1391 In
3235 1336 3347 1391 hoc
3375 1352 3508 1392 vero
3557 1322 3854 1402 mandato,
3887 1337 3947 1393 id

2296 1431 2424 1482 est:
2455 1428 2573 1483 Non
2600 1428 2772 1498 facies
2799 1426 2901 1482 tibi
2940 1426 3167 1493 idolum,
3218 1441 3392 1498 neque
3437 1441 3655 1481 omnem
3684 1428 3950 1483 similitu-

2298 1516 2506 1583 dinem,
2538 1532 2654 1571 non
2685 1532 2973 1584 seorsum,
3008 1516 3109 1571 sed
3143 1516 3253 1571 sub
3281 1531 3398 1571 uno
3429 1518 3590 1571 textu
3621 1517 3794 1587 atque
3832 1531 3950 1571 ser-

2300 1622 2494 1671 mone,
2527 1622 2642 1660 non
2676 1608 2795 1661 tam
2828 1603 3280 1677 promissionem
3326 1604 3543 1675 datam,
3595 1619 3772 1676 quam
3821 1620 3954 1660 sen-

2300 1694 2545 1749 tentiam
2575 1693 2636 1749 in
2667 1693 2870 1749 laudes
2902 1693 2999 1749 Dei
3031 1710 3159 1749 esse
3189 1692 3438 1760 finitam,
3478 1692 3743 1748 facientis
3776 1693 3954 1749 mise-

2299 1782 2610 1838 ricordiam
2640 1781 2700 1837 in
2733 1781 2919 1837 millia
2948 1782 3042 1837 his
3073 1782 3173 1853 qui
3226 1798 3362 1837 eum
3410 1781 3687 1853 diligunt,
3747 1788 3803 1837 et
3846 1799 3950 1837 cu-

538 1868 806 1924 rantibus
836 1870 936 1942 qui
971 1886 1077 1926 nos
1110 1870 1168 1926 in
1226 1872 1472 1929 Domino
1501 1890 1774 1947 genuere,
1837 1874 2031 1948 qualis
2080 1875 2189 1931 fuit
2216 1906 2264 1971 B
2297 1873 2561 1928 stodiunt
2587 1872 2861 1926 mandata
2888 1873 3036 1943 ejus.
3071 1871 3327 1927 Rursum
3357 1869 3409 1925 is
3452 1870 3554 1943 qui
3600 1874 3723 1926 tota
3770 1875 3953 1926 Deca-

540 1956 755 2013 Paulus
787 1962 843 2013 et
872 1959 1143 2032 apostoli,
1178 1961 1522 2019 obediamus
1543 1968 1598 2019 et
1628 1981 1696 2020 ea
1712 1964 1997 2021 faciamus
2028 1982 2183 2037 qua:-

534 2063 767 2118 cunque
797 2048 1196 2121 praeceperint,
1230 2057 1287 2105 et
1316 2052 1657 2122 parentibus
1690 2053 1926 2120 nostris,
1961 2054 2031 2110 de
2062 2055 2187 2126 qui—

534 2135 646 2191 bus
686 2138 1011 2193 secundum
1040 2155 1276 2195 carnem
1310 2141 1430 2195 nati
1452 2158 1680 2212 sumus,
1713 2144 2186 2215 oblemperemus

534 2225 593 2280 in
625 2224 893 2297 Domino,
938 2227 1249 2299 implentes
1305 2245 1373 2285 ea
1420 2247 1547 2301 qua
1598 2248 1712 2286 non
1763 2235 1901 2287 sunt
1954 2232 2185 2288 Domini

537 2314 830 2370 contraria
864 2314 1167 2372 voluntati.
1219 2318 1526 2391 Simulque
1571 2325 1628 2375 et
1673 2321 1975 2378 haereticos
2023 2338 2185 2377 coar-

536 2402 850 2470 ctabimus,
882 2405 1145 2462 nolentes
1197 2406 1377 2463 Vetus
1424 2410 1866 2466 Testamentum
1922 2427 2050 2467 esse
2083 2412 2185 2466 Dei

536 2490 695 2562 boni,
729 2495 899 2563 cujus
931 2494 1089 2552 ﬁlius
1132 2495 1399 2553 Christus
1432 2499 1526 2553 sit.
1578 2501 1702 2563 Qua
1759 2500 1982 2556 ratione
2034 2507 2184 2572 Apo-

534 2581 723 2639 stolus
753 2582 988 2655 Christi,
1035 2585 1172 2641 boni
1219 2587 1320 2643 Dei
1374 2588 1496 2655 lilii,
1551 2589 1851 2661 Scriptura
1897 2590 2186 2646 Creatoris

533 2674 752 2737 utatur,
778 2683 835 2728 et
853 2673 1242 2731 obedientiam
1269 2676 1524 2733 ﬁliorum
1547 2679 1617 2734 de
1634 2679 1808 2734 veteri
1826 2679 1946 2751 lege
1967 2696 2184 2752 pressu-

535 2765 678 2817 mat.
712 2763 873 2828 Quod
905 2763 1309 2821 testimonium
1333 2767 1403 2821 de
1424 2767 1619 2823 Exodo
1643 2772 1969 2840 sumptum,
1992 2768 2073 2824 ita
2104 2769 2183 2825 ibi

534 2851 898 2907 contexitur:
924 2853 1143 2909 Honora
1161 2859 1373 2924 patrem
1402 2866 1557 2911 tuum
1585 2859 1634 2911 et
1653 2866 1891 2912 matrem
1921 2867 2091 2926 tuam,
2122 2869 2186 2914 ut

537 2939 669 2993 bene
696 2941 770 2993 sit
799 2939 919 3007 tibi,
951 2949 1003 2996 et
1029 2944 1104 2996 sis
1133 2943 1417 3014 [θηραθῆναι
1431 2961 1599 3016 super
1624 2948 1850 3011 terram,
1886 2962 2058 3018 quam
2077 2951 2184 3002 Do-

534 3028 722 3083 minus
752 3029 889 3083 Deus
918 3038 1043 3085 tuus
1082 3030 1233 3086 dabit
1279 3034 1382 3087 tibi
1429 3034 1619 3100 (Emod.
1655 3051 1747 3100 xx,
1792 3035 1917 3106 1‘2):
1968 3035 2039 3091 de
2069 3052 2184 3107 quo

535 3132 693 3171 nunc
728 3116 939 3172 ultima
967 3119 1143 3174 verba
1172 3120 1479 3189 subtraxit,
1529 3123 1682 3193 quod
1735 3124 2081 3179 mandatum
2123 3125 2181 3179 in

534 3204 815 3278 Decalogo
845 3206 1117 3279 quintum
1176 3213 1284 3264 est.
1345 3210 1509 3266 Unde
1563 3213 1945 3284 quaerendum
2001 3230 2182 3293 quare

533 3310 691 3349 nunc
748 3277 977 3363 dixerit,
1036 3297 1177 3369 quod
1205 3303 1287 3355 est
1343 3277 1667 3356 mandatum
1716 3277 2179 3373 primum:-cum
2212 3277 2256 3344 δ

536 3382 792 3454 primum
814 3386 1155 3442 mandatum
1179 3388 1257 3443 sit
1280 3406 1292 3443 :
1324 3389 1447 3445 Non
1465 3394 1627 3445 erunt
1646 3391 1751 3446 tibi
1768 3391 1851 3447 dii
1866 3392 1969 3447 alii
1982 3395 2189 3464 praeter

530 3488 619 3527 me
638 3472 799 3543 (Ibid.
833 3475 909 3543 3).
943 3477 1333 3541 Quamobrem
1365 3478 1633 3534 nonnulli
1667 3479 1748 3536 ita
1790 3479 2011 3553 legunt,
2044 3482 2186 3553 quod

531 3566 612 3617 est
640 3563 960 3619 mandatum
986 3567 1241 3637 primum
1272 3566 1334 3622 in
1374 3569 1760 3639 promissione.
1814 3570 1988 3635 Quasi
2040 3587 2182 3642 qua-

532 3653 670 3706 tuor
697 3650 812 3706 alia
841 3654 1138 3723 mandata,
1172 3672 1299 3726 quas
1330 3660 1463 3712 ante
1492 3656 1645 3713 dicta
1667 3661 1824 3726 sunt,
1861 3675 1976 3714 non
2008 3658 2185 3716 babe-

533 3738 678 3794 bant
709 3739 1145 3809 promissiones,
1178 3747 1236 3799 et
1266 3744 1322 3799 in
1355 3744 1465 3800 hoc
1514 3744 1637 3801 solo
1678 3744 2018 3817 pollicitatio
2045 3748 2187 3804 fera-

534 3830 634 3881 tur
662 3827 957 3898 adjuncta,
987 3832 1046 3885 ut
1076 3831 1209 3887 bene
1236 3834 1310 3888 sit
1337 3833 1459 3901 tibi,
1491 3836 1540 3888 et
1580 3836 1658 3890 sis
1703 3835 1974 3906 longaevus
2025 3852 2189 3907 super

535 3918 745 3971 terram
768 3933 931 3989 quam
967 3922 1235 3976 Dominus
1268 3926 1411 3978 Deus
1441 3931 1567 3978 tuus
1595 3922 1746 3979 dabit
1789 3925 1911 3979 tibi.
1963 3924 2073 3981 Sed
2102 3926 2185 3981 vi-

539 4005 755 4060 dentur
776 4006 920 4062 mihi
945 4025 1059 4064 non
1083 4010 1423 4068 observasse
1444 4012 1742 4084 subtilius,
1772 4020 1829 4069 et
1848 4013 1907 4070 in
1930 4015 2187 4072 secundo

539 4095 816 4152 mandato
846 4098 1360 4169 repromissionem
1392 4118 1521 4158 esse
1550 4103 1854 4158 sociatam.
1888 4104 1986 4159 Ait
2005 4104 2183 4160 enim:

534 4184 652 4239 Non
678 4183 855 4259 facies
879 4188 981 4243 tibi
1012 4189 1243 4257 idolum,
1274 4206 1451 4264 neque
1498 4207 1714 4247 omnem
1763 4192 2188 4248 similitudinem

534 4289 722 4330 eorum
751 4291 877 4348 quasD
904 4279 965 4333 in
993 4279 1121 4335 cazlo
1149 4296 1391 4349 sursum,
1422 4285 1471 4337 et
1492 4298 1610 4353 quae
1636 4283 1694 4336 in
1722 4284 1872 4337 terra
1902 4283 2184 4351 deorsum,

535 4371 588 4418 et
612 4379 739 4436 qua:
768 4366 831 4421 in
861 4369 1022 4438 aquis
1047 4370 1236 4425 subtus
1264 4378 1470 4425 terram
1496 4389 1514 4424 :
1556 4386 1664 4425 non
1696 4370 1953 4425 adorabis
2004 4388 2087 4441 ea,
2135 4380 2187 4427 et

536 4467 647 4507 non
675 4454 991 4511 immolabis
1023 4457 1174 4513 illis:
1214 4459 1325 4527 Ego
1369 4460 1518 4514 enim
1563 4475 1688 4514 sum
1732 4459 1991 4515 Dominus
2037 4466 2188 4517 Deus

539 4548 685 4608 tuus,
717 4542 857 4597 Deus
885 4544 1099 4611 zelotes,
1133 4546 1229 4617 qui
1275 4545 1444 4604 reddo
1482 4552 1706 4619 peccata
1748 4552 1976 4620 patrum
2026 4551 2086 4605 in
2114 4550 2187 4619 ﬁ-

2296 1959 2413 2033 logi
2454 1962 2753 2028 mandata,
2786 1960 3043 2033 primum
3076 1960 3421 2016 mandatum
3451 1975 3581 2016 esse
3625 1960 3945 2031 contendit,

2295 2050 2812 2122 repromissionem
2844 2051 2903 2105 in
2931 2066 3047 2121 qua
3077 2049 3363 2121 scriptum
3388 2054 3505 2105 est:
3539 2056 3603 2105 ut
3635 2051 3715 2105 sis
3744 2050 3947 2121 longa:-

2292 2155 2391 2193 vus
2411 2155 2574 2210 super
2603 2143 2830 2207 terram,
2866 2155 3030 2210 quam
3059 2140 3321 2195 Dominus
3341 2143 3485 2194 Deus
3504 2141 3632 2195 tuus
3655 2138 3805 2194 dabit
3826 2139 3946 2209 tibi,

2295 2245 2411 2283 non
2443 2227 2632 2284 solum
2665 2229 2736 2283 ad
2770 2245 2869 2284 eos
2900 2228 3188 2300 pertinere
3217 2227 3591 2294 monstrabit,
3618 2227 3719 2299 qui
3750 2244 3953 2301 paren-

2293 2316 2453 2371 tibus
2484 2316 2921 2387 obsequantur:
2954 2317 3056 2372 sed
3090 2315 3266 2372 etiam
3299 2317 3370 2372 ad
3403 2315 3518 2372 alia
3546 2315 3950 2372 innumerabi-

2293 2404 2372 2461 lia
2402 2409 2727 2477 przecepta;
2761 2410 2818 2461 et
2856 2422 3092 2462 necesse
3141 2404 3381 2460 habebit
3411 2410 3623 2461 cuncta
3671 2405 3954 2477 replicare

2295 2496 2589 2566 mandala,
2621 2494 2680 2549 in
2708 2496 2923 2567 quibus
2956 2512 3178 2551 merces
3211 2495 3329 2550 haec
3361 2498 3419 2551 et
3457 2494 3764 2567 praemium
3815 2512 3954 2568 pro-

2294 2584 2624 2652 mittantur,
2657 2588 2724 2640 ut
2753 2584 2873 2639 sint
2902 2583 3147 2657 longmvi
3171 2600 3353 2657 super
3373 2588 3619 2653 terram,
3650 2601 3826 2656 quem
3850 2590 3953 2641 Do-

2295 2673 2494 2729 minus
2526 2676 2679 2729 Deus
2711 2690 2855 2729 suus
2887 2673 3113 2729 dederit
3156 2674 3262 2729 eis.
3312 2675 3358 2728 A
3388 2689 3503 2746 quo
3555 2672 3819 2730 diversus
3849 2673 3949 2729 ille

2292 2762 2519 2834 exigere
2551 2762 2784 2818 debebit
2812 2762 3122 2835 interpres,
3156 2766 3222 2818 ut
3250 2762 3451 2818 doceat
3483 2767 3620 2818 ante
3650 2762 3758 2820 hoc
3789 2780 3950 2819 man-

2294 2852 2522 2911 datum.
2558 2850 2658 2907 illa
2688 2869 2813 2924 quae
2845 2852 2916 2907 ab
2958 2868 3023 2907 eo
3074 2851 3296 2923 prolata
3348 2856 3508 2919 sunt,
3558 2851 3775 2925 scripta
3820 2870 3950 2909 esse

2294 2940 2592 2996 mandata.
2626 2941 2789 3006 Quod
2823 2940 2871 2995 si
2904 2957 3020 2997 non
3052 2941 3307 3013 potuerit
3334 2940 3680 3013 approbare,
3731 2941 3950 2999 frustra

2294 3033 2352 3085 et
2380 3030 2440 3085 in
2473 3028 2603 3085 aliis
2633 3029 2939 3102 praeceptis
2978 3029 3129 3085 hanc
3170 3030 3685 3102 repromissionem
3736 3030 3947 3101 adjun-

2292 3123 2445 3174 ctam
2479 3135 2605 3174 esse
2637 3119 3007 3174 memorabit.
3042 3119 3180 3175 Post
3208 3118 3331 3174 haec
3360 3119 3819 3187 retractandum,
3841 3136 3946 3191 pro

2292 3207 2512 3263 honore
2543 3208 2727 3279 patris
2758 3211 2815 3263 et
2842 3208 3073 3276 matris,
3104 3224 3220 3264 non
3258 3207 3573 3264 Judaicum
3628 3212 3685 3264 et
3715 3208 3948 3264 carnale

2293 3313 2421 3354 esse
2452 3297 2834 3370 promissum,
2866 3300 2933 3353 ut
2963 3295 3204 3369 lonngi
3222 3297 3359 3365 sint,
3384 3296 3488 3352 ﬁlii
3511 3312 3688 3369 super
3708 3300 3943 3365 terram,

2295 3403 2473 3459 quam
2509 3385 2789 3442 Dominus
2812 3386 2967 3442 Deus
2997 3402 3144 3442 suus
3164 3385 3391 3465 dederit
3415 3385 3519 3441 eis.
3554 3384 3769 3442 Multos
3789 3386 3945 3442 enim

2294 3477 2479 3533 fuisse
2509 3475 2887 3542 credendum,
2921 3474 3023 3547 qui
3061 3479 3119 3531 et
3168 3474 3511 3547 parentibus
3559 3474 3946 3547 obsequentes

2295 3565 2408 3621 cito
2442 3563 2658 3620 mortui
2690 3565 2809 3619 sint
2837 3567 2895 3619 et
2925 3563 2985 3618 in
3016 3567 3285 3636 parentes
3314 3563 3480 3635 impii
3512 3579 3701 3636 usque
3747 3564 3817 3620 ad
3849 3580 3947 3621 ex-

2294 3659 2542 3711 tremam
2585 3652 2853 3709 venerint
2896 3656 3277 3708 senectutem.
3338 3652 3751 3725 Respondeant
3789 3654 3945 3709 enim

2293 3743 2482 3801 Judaei
2513 3746 2571 3798 et
2600 3740 2825 3799 similes
2853 3740 3216 3809 Judaaorum,
3247 3740 3298 3797 si
3326 3740 3455 3797 vitae
3486 3740 3659 3798 istius
3689 3741 3944 3816 longitu-

2296 3834 2369 3890 do
2410 3837 2499 3889 est
2528 3832 2587 3888 in
2617 3832 3011 3905 repromissis,
3044 3835 3101 3889 et
3129 3832 3230 3889 diu
3252 3832 3313 3890 in
3334 3849 3574 3906 corpore
3603 3848 3946 3907 permanere

2296 3921 2543 3979 felicitas
2572 3925 2681 3990 est,
2722 3921 2862 3993 quid
2894 3921 3007 3977 sibi
3037 3920 3161 3977 vult
3206 3920 3353 3978 illud
3403 3922 3462 3977 in
3509 3920 3800 3980 Psalmis:
3832 3924 3947 3979 Heu

2295 4012 2457 4079 mihi,
2490 4013 2619 4083 quia
2650 4012 2917 4068 incolatus
2943 4027 3094 4067 meus
3130 4012 3491 4083 prolongatus
3537 4016 3656 4069 est!
3701 4011 3947 4067 habitavi

2295 4118 2420 4157 cum
2467 4100 2845 4156 habitantibus
2894 4099 3073 4156 Cedar
3114 4101 3285 4170 (Psal.
3335 4117 3486 4166 om,
3515 4101 3570 4170 5,
3604 4102 3681 4169 6).
3734 4100 3806 4157 Et
3833 4100 3945 4157 hoc

2296 4188 2626 4247 Salomonis
2679 4190 2741 4245 in
2800 4188 3180 4246 Ecclesiaste:
3242 4190 3490 4247 Laudavi
3540 4205 3633 4262 ego
3711 4191 3948 4247 omnes“

2298 4286 2535 4335 mortuos
2565 4281 2662 4350 qui
2703 4280 2839 4335 olim
2882 4280 3087 4335 mortui
3141 4289 3289 4351 sunt,
3345 4295 3512 4352 super
3560 4281 3797 4337 viventes
3851 4281 3952 4353 qui

2296 4370 2487 4424 vivunt
2512 4384 2682 4439 usque
2713 4370 2770 4423 in
2794 4383 3042 4440 praesens
3079 4367 3267 4425 (ωδε
3321 4375 3375 4424 et
3417 4368 3614 4425 melior
3657 4377 3737 4426 est
3788 4385 3949 4441 super

2296 4458 2392 4515 hos
2420 4457 2573 4529 duos,
2601 4459 2699 4531 qui
2724 4458 2954 4514 necdum
2999 4466 3163 4514 natus
3191 4462 3289 4529 est,
3338 4461 3392 4515 et
3435 4473 3547 4515 non
3592 4458 3742 4515 vidit
3779 4474 3947 4515 omne

2296 4563 2429 4620 opus
2457 4547 2667 4604 malum
2726 4547 2871 4618 quod
2924 4548 3135 4618 factum
3198 4552 3275 4604 est
3331 4548 3433 4604 sub
3487 4548 3598 4605 sole
3638 4547 3830 4620 (Eecle.
3862 4564 3939 4616 ιν,

541 4628 647 4682 lios
676 4645 847 4700 usque
874 4631 947 4687 ad
993 4636 1217 4689 tertiam
1250 4644 1299 4690 et
1346 4639 1599 4709 quartam
1643 4641 2069 4708 generationem,
2102 4639 2188 4694 his
2219 4651 2265 4716 D
2294 4639 2352 4707 2,
2382 4638 2458 4709 3);
2493 4642 2548 4693 et
2578 4641 2711 4709 post
2743 4635 3091 4708 paululum:
3124 4637 3190 4694 Si
3206 4638 3464 4707 genuerit
3486 4639 3571 4694 vir
3596 4643 3814 4694 centum
3831 4638 3874 4709 ³,
3891 4640 3943 4695 et

538 4718 636 4787 qui
662 4734 748 4773 me
777 4719 1027 4787 oderunt,
1054 4725 1101 4777 et
1140 4725 1285 4793 facio
1317 4727 1754 4783 misericordiam
1784 4729 1839 4782 in
1888 4729 2074 4784 millia
2103 4729 2189 4783 his

537 4807 637 4876 qui
658 4804 905 4878 diligunt
932 4826 1038 4875 me,
1070 4815 1122 4865 et
1159 4812 1470 4869 custodiunt
1523 4815 1793 4871 mandata
1847 4833 1967 4872 mea
2027 4817 2184 4889 (Ibid.

539 4895 570 4950 4
599 4896 674 4967 6).
710 4895 962 4953 Observa
992 4898 1144 4955 enim
1205 4902 1359 4973 quod
1406 4904 1578 4959 verba
1634 4905 1753 4961 sint
1809 4906 2183 4979 sponsionis:

535 4986 763 5042 Faciens
795 4988 1227 5046 misericordiam
1259 4993 1319 5046 in
1346 4992 1529 5048 millia
1557 4994 1648 5050 his
1676 4994 1772 5067 qui
1809 4995 2052 5067 diligunt
2078 5011 2184 5062 me,

536 5080 585 5132 et
614 5075 924 5133 custodiunt
945 5078 1210 5135 mandata
1238 5097 1379 5137 mea.
1415 5081 1681 5138 Forsitan
1722 5098 1858 5154 ergo
1908 5084 2047 5157 quia
2076 5084 2184 5140 De-

536 5165 775 5241 oalogus
805 5167 1039 5224 exeunti
1068 5169 1139 5224 de
1169 5171 1409 5242 zEgypto
1438 5171 1673 5244 populo,
1698 5172 1889 5244 prima
1919 5174 2028 5230 Lex
2048 5174 2186 5230 data

608 5312 623 5346 ί
650 5311 959 5387 Voculam,
989 5313 1475 5387 omnes,_gipsemet
1505 5312 1890 5387 Hieronymus
1928 5315 2182 5387 minime

532 5383 691 5438 novit
721 5385 780 5439 in
812 5383 1263 5440 Commentariis
1286 5383 1345 5439 in
1377 5385 1534 5441 hunc
1566 5383 1804 5449 librum,
1838 5386 1937 5441 ubi
1990 5403 2049 5443 se
2089 5392 2181 5442 ta-

533 5469 664 5509 men
696 5456 1079 5526 Septuaginta
1111 5457 1499 5530 Interpretum
1531 5457 1939 5530 consuetudini
1990 5459 2180 5530 magis

532 5530 847 5601 ooaptavit.
872 5530 1111 5601 Factum
1145 5546 1378 5601 quoque
1398 5529 1633 5584 videtur
1661 5529 1989 5601 scribarum
2021 5529 2181 5586 erro-

534 5610 616 5673 re,
651 5600 804 5673 quod
835 5599 894 5653 in
924 5599 1203 5656 Vaticano
1233 5599 1375 5673 ejus
1411 5600 1694 5657 versionis
1736 5599 2051 5673 exemplari
2081 5602 2176 5658 sit.

535 5664 971 5745 Fraudi_autem
1004 5664 1430 5745 fueritrAquilaa
1459 5673 1672 5742 versio,
1703 5672 1804 5745 qui
1852 5664 1986 5729 cum
2017 5692 2179 5745 κακο-

537 5738 598 5807 ξή
610 5735 721 5799 λως
753 5741 1059 5801 Hebraeum
1088 5735 1401 5804 articulum
1430 5756 1537 5817 nn,
1562 5735 1755 5804 Graece
1785 5745 2051 5804 redderet
2086 5744 2181 5801 σὺν

2296 4742 2470 4783 annos
2495 4727 2682 4799 plures
2710 4727 2939 4797 vixerit,
2972 4734 3023 4782 et
3048 4727 3216 4782 mulli
3248 4729 3463 4798 fuerint
3506 4725 3622 4783 dies
3662 4742 3945 4784 annormu

2296 4817 2434 4888 ejus,
2465 4820 2517 4871 et
2545 4817 2738 4871 anima
2778 4816 2934 4871 illius
2988 4817 3269 4889 repleatur
3322 4818 3497 4889 bonis,
3556 4820 3607 4874 et
3661 4817 3947 4890 sepultura

2293 4922 2411 4960 non
2438 4906 2512 4960 sit
2540 4905 2628 4961 ei:
2686 4904 2809 4959 dixi
2855 4904 3059 4961 melius
3110 4913 3192 4961 est
3232 4921 3398 4978 super
3442 4921 3568 4962 eum
3614 4906 3940 4979 abortivum,

2294 4996 2430 5069 quia
2458 4996 2522 5050 in
2553 4995 2795 5050 vanitate
2812 4995 2976 5062 venit,
3005 4998 3058 5051 et
3085 4996 3147 5051 in
3176 4995 3411 5051 tenebris
3438 5010 3637 5053 nomen
3684 4996 3800 5069 ejus
3825 5011 3947 5069 ope-

2294 5086 2585 5141 rietur:et
2627 5082 2847 5157 quidem
2892 5083 3062 5139 solem
3106 5099 3215 5140 non
3246 5083 3388 5141 vidit
3433 5084 3626 5157 (Eecle.
3667 5102 3744 5154 v1,
3775 5085 3830 5155 3,
3866 5085 3942 5156 4),

2294 5178 2351 5230 et
2380 5177 2602 5231 caetera.
2633 5173 2692 5228 Si
2722 5172 2881 5229 enim
2910 5172 3226 5230 laudantur
3279 5190 3458 5249 super
3511 5175 3672 5234 vivos
3728 5173 3946 5232 mortui

2294 5317 2574 5389 adeoque,
2606 5312 2698 5367 σὺν
2732 5311 3235 5389 τοὺςᾼτεθνῃξιότας,
3268 5316 3571 5389 refuderit,
3622 5320 3687 5373 ut
3714 5316 3775 5373 in
3821 5315 3949 5389 Ale-

2291 5385 2577 5463 xandrino
2608 5390 2698 5443 est
2743 5385 3643 5463 codiqthaticaniexscriptor
3687 5405 3791 5463 pro
3849 5385 3944 5463 chy

2290 5457 2439 5531 tota,
2476 5476 2621 5531 quas
2649 5474 2820 5531 voces
2849 5457 2995 5515 nihil
3045 5475 3173 5531 esse
3216 5457 3535 5518 arbitratus
3585 5457 3708 5527 est,—
3745 5458 3946 5531 fecerit

2290 5529 2621 5603 σύμπαῦτας,
2653 5529 2905 5607 indeque
2934 5530 3202 5607 derivata;
3241 5532 3759 5607 interpretationes,
3780 5530 3943 5589 Lati-

2290 5601 2400 5678 nas,
2434 5617 2641 5678 omnes.
2675 5601 2958 5678 Caeterum
2997 5619 3104 5661 nec
3155 5601 3452 5674 Hebraeus,
3499 5621 3605 5662 nec
3651 5603 3941 5678 Vulgatus

2287 5676 2586 5747 interpres
2604 5673 2843 5747 habent.

2357 5748 2380 5783 ²
2408 5743 2652 5820 supplet
2676 5743 2990 5820 Victorius,
3020 5746 3185 5823 ﬁlios.
