4310 6570
336 404 457 471 5'13

978 406 1494 472 COMMENTAR.
1541 408 1621 471 IN
1664 407 1913 471 EPIST.
1961 406 2067 467 AD
2109 404 2391 469 EPHES.
2436 408 2589 471 LIB.
2633 405 2742 483 Ill,
2787 404 2960 469 CAP.
3003 405 3108 470 VI.

3630 406 3751 468 574

338 539 421 613 (et
442 541 616 614 juxta
642 542 927 614 quosdam
969 542 1090 614 qui,
1142 548 1456 615 antequam
1500 546 1560 598 in
1608 559 1851 615 corpora
1878 542 1990 597 ista
2016 540 2072 608 Α
2102 545 2344 615 reptione
2372 544 2612 599 Domini.
2646 545 2831 610 Quam
2862 541 3286 614 correptionem
3337 557 3443 598 nos
3471 539 3747 614 legimus,

339 629 717 696 descendant,
750 629 978 685 animas
1008 630 1216 701 degere
1249 630 1307 685 in
1339 632 1675 687 caelestibus
1707 631 1989 686 arbitran-

339 721 457 789 tur,
492 718 695 774 melior
723 735 851 773 esse
898 718 1113 775 dicitur
1158 720 1413 788 duobus,
1456 720 1556 792 qui
1605 722 1855 776 necdum
1887 736 1989 776 na-

340 810 440 864 tus
471 812 577 873 est,
609 812 666 862 et
692 807 885 863 omnis
916 807 1030 863 ista
1058 809 1179 865 vita
1210 809 1454 865 tentatio
1485 815 1573 864 est
1600 828 1612 876 ;
1647 814 1704 865 et
1734 809 1991 865 secundo

339 897 488 953 Job:
522 901 676 952 Mors
705 898 820 952 viri
859 897 967 966 [ΑΙ.
1020 899 1157 970 viro]
1214 901 1427 971 requies
1489 900 1625 971 (Job.
1660 917 1744 970 ιιι,
1776 900 1900 969 13);
1936 902 1993 953 et

335 985 804 1057 juxtaeumdem
839 987 993 1057 (Ibid.
1034 989 1087 1059 3)
1121 992 1177 1043 et
1207 988 1542 1055 Jeremiam,
1577 987 1883 1043 Maledicta
1904 991 1994 1042 est

341 1075 465 1130 dies
519 1074 577 1130 in
639 1092 755 1147 qua
812 1077 1115 1132 nascimur
1165 1077 1383 1144 (Jerem.
1430 1094 1523 1145 xx,
1558 1078 1664 1144 14),
1698 1077 1991 1149 quomodo

337 1178 491 1220 nunc
536 1165 968 1236 repromittitur
1014 1166 1440 1222 honorantibus
1489 1171 1714 1238 patrem
1765 1170 1821 1221 et
1866 1182 1990 1221 ma-

335 1256 485 1309 trem
519 1254 674 1325 quod
708 1253 950 1325 longaevi
1001 1254 1121 1310 sint
1174 1272 1352 1327 super
1398 1260 1639 1323 terram,
1670 1272 1849 1327 quam
1882 1255 1991 1310 Do-

336 1342 539 1398 minus
572 1342 728 1398 Deus
760 1360 905 1398 suus
932 1343 1155 1399 dederit
1181 1344 1264 1399 eis
1290 1344 1318 1399 ?
1368 1345 1689 1409 Quaerenda
1739 1349 1827 1399 est
1856 1360 1993 1416 ergo

335 1434 514 1498 terra,
548 1447 728 1502 quam
760 1432 1044 1489 Dominus
1074 1433 1425 1504 repromittit
1456 1440 1511 1488 et
1532 1434 1741 1489 tribuit
1780 1434 1871 1488 his
1893 1432 1994 1504 qui

340 1519 711 1592 spiritualem
742 1522 1053 1594 Egyptum
1085 1522 1447 1595 reliquerint,
1482 1527 1692 1579 etcum
1718 1522 1874 1578 omni
1900 1540 1996 1595 pa-

336 1609 565 1676 tientia,
627 1626 841 1683 magna
898 1615 957 1665 et
1018 1611 1303 1667 terribilia
1357 1612 1487 1667 vitae
1546 1612 1719 1669 istius
1766 1613 1996 1668 deserta

338 1698 701 1765 transierint,
736 1703 793 1754 et
820 1700 1062 1755 vicerint
1094 1717 1259 1774 reges
1306 1718 1572 1774 magnos,
1606 1718 1752 1774 quos
1784 1719 1994 1774 percu-

336 1785 410 1843 tit
426 1786 712 1843 Dominus
740 1806 752 1843 :
778 1793 834 1845 et
855 1789 1193 1845 transierint
1213 1791 1272 1845 in
1301 1792 1566 1847 Judaeam
1608 1808 1735 1864 quae
1761 1791 1909 1847 lacte
1938 1795 1995 1847 et

341 1874 513 1933 melle
543 1875 692 1943 ﬂuit,
726 1880 784 1933 et
832 1878 943 1934 sub
999 1878 1139 1935 Jesu
1199 1880 1369 1946 duce,
1422 1880 1657 1936 Jericbo
1688 1884 1996 1937 corruente

336 1967 519 2035 (Iosue
547 1982 623 2037 v1,
667 1968 701 2021 8
756 1968 925 2039 seqq).
959 1970 1134 2040 atque
1189 1973 1415 2025 vastata
1472 1968 1599 2036 Hai,
1661 1987 1787 2042 quae
1818 1971 1995 2025 inter-

340 2059 629 2127 pretatur,
674 2056 988 2126 abruptum,
1041 2057 1366 2113 Jerusalem
1418 2059 1702 2126 venerint,
1734 2064 1790 2114 et
1819 2060 1999 2115 aediﬁ-

350 2146 518 2199 cetur
547 2143 631 2199 eis
658 2145 947 2217 templum
988 2146 1097 2202 sub
1129 2146 1436 2203 Salomone
1467 2165 1602 2220 rege
1651 2148 1912 2220 paciﬁco,
1943 2153 2002 2205 et

347 2231 694 2305 possideant
721 2238 960 2306 terram,
994 2252 1120 2307 quae
1167 2238 1491 2293 mansuetis
1520 2242 1608 2293 est
1637 2242 1995 2310 praeparata:

342 2322 502 2377 Beati
562 2322 781 2394 quippe
827 2326 1007 2394 mites,
1066 2328 1328 2396 quoniam
1384 2327 1491 2398 ipsi
1513 2328 1861 2398 possidebunt
1889 2333 1997 2383 ter-

335 2427 459 2466 ram
491 2410 726 2482 (Matth.,
760 2429 815 2481 v,
858 2413 932 2484 4),
984 2430 1111 2486 qua;
1142 2431 1273 2470 vere
1329 2420 1419 2470 est
1474 2420 1630 2472 terra
1657 2416 1996 2487 viventium,

343 2499 663 2556 Psalmista
711 2517 946 2573 quoque
976 2503 1241 2559 dicente:
1280 2505 1444 2561 Credo
1492 2506 1675 2561 videre
1731 2506 1870 2561 bona
1897 2507 1999 2562 Do-

348 2590 492 2644 mini
512 2591 572 2644 in
592 2591 815 2660 regione
846 2593 1148 2647 viventium
1178 2594 1349 2664 (Psal.
1381 2612 1533 2663 xxvr,
1568 2596 1674 2667 13).
1711 2595 1900 2666 Hujus
1918 2595 2000 2650 vi-

344 2680 417 2732 ta:
446 2676 873 2751 longitudinem
914 2685 971 2734 et
1010 2681 1297 2752 sapientia
1342 2682 1516 2738 habet
1562 2684 1622 2738 in
1656 2701 1835 2740 manu
1862 2685 1999 2740 dex-

346 2768 491 2834 tera,
524 2767 584 2823 in
616 2768 860 2824 sinistra
888 2773 1095 2825 tenens
1138 2771 1371 2827 divitias
1400 2777 1459 2827 et
1487 2772 1755 2845 gloriam.
1858 2816 1861 2819 γ

411 2856 596 2927 (Vere.
629 2858 707 2929 4.)
739 2880 768 2908 ‹‹
801 2858 871 2913 Et
903 2863 1097 2927 patres
1131 2859 1308 2916 nolite
1337 2862 1409 2915 ad
1466 2861 1833 2918 iracundiam
1867 2881 1997 2935 pro-

344 2960 548 3002 vocare
590 2945 741 3000 ﬁlios
792 2950 1059 3003 vestros:
1113 2948 1213 3003 sed
1272 2949 1514 3004 educate
1570 2948 1702 3005 illos
1732 2950 1791 3004 in
1824 2950 1998 3005 disci-

342 3033 506 3106 plina
534 3039 591 3090 et
620 3036 1059 3092 conversatione
1081 3036 1335 3093 Domini.
1359 3061 1385 3088 ‹‹
1412 3038 1716 3093 Peccatum
1742 3038 1997 3094 ﬁliorum

345 3126 435 3180 est
466 3139 582 3179 non
613 3124 851 3181 obedire
883 3125 1247 3197 parentibus,
1300 3131 1357 3182 et
1416 3128 1556 3199 quia
1599 3131 1868 3198 poterant
1899 3145 1997 3201 pa-

344 3217 543 3269 rentes
591 3212 817 3284 aliquid
849 3214 1137 3286 imperare
1199 3232 1555 3287 perversum,
1618 3217 1905 3289 adjunxit,
1939 3218 2001 3273 in

343 3302 593 3358 Domino.
628 3305 936 3358 Peccatum
974 3319 1109 3359 vero
1159 3308 1492 3375 parentum,
1543 3307 1697 3361 666
1729 3307 2000 3378 parvulos

341 3389 495 3446 ﬁlios
527 3395 701 3462 atque
735 3389 1015 3447 lactentes
1047 3393 1119 3447 ad
1152 3393 1519 3449 iracundiam
1543 3411 1873 3466 provocare,
1897 3401 2000 3452 aut

340 3482 499 3535 certe
519 3479 647 3550 jam
680 3477 1153 3535 adolescentibus
1195 3484 1253 3536 et
1302 3482 1642 3538 maturioris
1691 3484 1900 3551 aetatis,
1931 3502 1999 3541 ea

343 3568 636 3640 imperare
667 3584 797 3639 qua:
827 3568 1026 3640 gravia
1051 3574 1209 3625 sunt.
1242 3569 1405 3625 Sicut
1434 3570 1614 3643 igitur
1650 3571 1708 3627 in
1738 3572 1875 3630 ﬁliis
1896 3575 1996 3631 ob-

342 3657 640 3729 sequium,
674 3661 733 3714 et
764 3657 1146 3729 subjectionis
1178 3675 1403 3715 merces
1431 3665 1520 3716 est
1553 3661 1955 3719 demonstrata
1984 3682 1997 3720 :

338 3746 421 3804 ita
451 3745 797 3818 parentibus
844 3748 1213 3804 moderatum
1264 3749 1510 3820 jubetur
1562 3750 1899 3822 imperium,
1934 3758 2001 3809 ut

340 3852 458 3893 non
487 3836 658 3908 quasi
692 3836 898 3907 servis,
932 3837 1034 3893 sed
1067 3837 1237 3909 quasi
1283 3837 1419 3893 ﬁliis
1459 3855 1708 3911 praeesse
1738 3858 1799 3896 se
1824 3858 1995 3899 nove-

342 3925 478 3983 rint.
510 3924 625 3981 Nec
654 3925 764 3981 hoc
808 3927 1080 3998 praecepti
1124 3927 1237 3983 ﬁne
1296 3933 1609 3985 contentus
1665 3935 1774 4001 est,
1810 3932 1912 3987 sed
1943 3936 1999 3988 et

342 4012 487 4070 illud
519 4014 825 4086 adjunxit:
861 4014 1097 4072 Educate
1135 4015 1265 4071 illos
1317 4018 1378 4071 in
1432 4017 1738 4089 disciplina
1794 4030 1845 4075 et
1873 4037 1998 4077 cor-

412 4121 429 4156 ¹
461 4119 643 4197 Aliter
671 4121 815 4197 legit
841 4120 983 4178 olim
1016 4122 1355 4179 Abaalardus
1381 4124 1439 4179 in
1472 4125 1798 4197 Tbeologiaz
1828 4128 1996 4182 Chri-

339 4189 543 4273 stianas
572 4189 765 4273 libris',
796 4197 850 4248 et
876 4210 1127 4250 amorum
1156 4198 1339 4266 turpia
1374 4198 1612 4268 scripta,
1646 4189 1779 4265 etc,
1813 4216 1917 4270 pro
1946 4204 1997 4254 et

338 4268 657 4331 mimorum,
692 4268 801 4318 etc.

408 4333 431 4367 ²
460 4337 631 4389 Hunc
663 4333 856 4390 locum
887 4352 1002 4392 non
1035 4336 1181 4391 satis
1214 4335 1609 4397 intelligentes
1636 4339 1912 4396 Erasmus
1941 4345 1998 4397 et

338 4403 638 4479 Marianus
694 4406 921 4463 diverse
971 4408 1326 4479 depravant;
1388 4403 1670 4465 Erasmus
1728 4413 1995 4468 addendo

2027 1914 2075 1979 B

2029 3287 2071 3354 C

264 4528 267 4529 ν
337 4477 814 4605 Κῖωροεὶιίοῃθω
868 4480 934 4534 in
991 4477 1126 4535 ante
1182 4479 1580 4535 Kalendarium
1633 4486 1899 4547 strenam,
1940 4490 1998 4540 et
2033 4517 2042 4526 ~

400 4565 638 4605 ananus
672 4552 977 4605 mutando.
1011 4554 1107 4605 aut
1136 4552 1196 4605 in
1226 4552 1415 4605 templi
1443 4554 1604 4605 stipes
1626 4571 1645 4605 ,ι
1674 4553 1813 4605 lenit
1836 4556 1991 4605 enim

400 4552 638 4624 arianus
672 4552 977 4624 mutando,
1011 4554 1107 4605 aut
1136 4552 1196 4605 in
1226 4552 1415 4623 templi
1443 4554 1604 4623 stipes
1626 4571 1645 4607 :
1674 4553 1813 4624 legit
1836 4556 1993 4611 enim

338 4624 446 4678 aut
479 4622 543 4697 in
559 4630 814 4697 sumptus
843 4622 1177 4697 domesticos,
1212 4622 1402 4695 templi
1444 4622 1634 4697 stipes.
1667 4622 1993 4697 lils‘s.rcodi-

340 4706 435 4767 c-es
465 4691 721 4767 retinent
752 4710 961 4767 puram
994 4691 1652 4767 lectionem'quam'nos
1675 4696 1990 4766 edidimus,

339 4765 509 4852 cujus
542 4762 637 4846 hic
667 4762 997 4852 estlsensus
1028 4783 1041 4821 :
1076 4765 1312 4852 Ireganti
1344 4762 1458 4849 ista
1482 4767 1744 4852 episcopi
1778 4775 1844 4852 et.
1863 4762 1992 4852 pre;

342 4834 559 4913 sbyteri
588 4836 686 4907 qui
719 4836 872 4913 ﬁlios
904 4854 1043 4913 suos
1072 4834 1610 4913 de'ecclesiasticis
1652 4834 1992 4913 sumptibus

339 4907 584 4993 forsitan
603 4908 865 4993 eruditos
881 4910 1120 4993 tradunt
1141 4911 1543 4993 grammaticis
1558 4907 1879 4993 gentilibus
1898 4919 1994 4993 ;__et

337 4977 574 5056 videant
602 4996 674 5035 ne
702 4981 856 5056 quod
888 4979 1048 5054 virgo
1106 4977 1301 5047 vidua,
1354 4981 1449 5056 vel
1508 4977 1729 5056 pauper
1757 4977 1989 5054 obtulit,

338 5046 449 5128 hoc
479 5046 901 5128 grammaticus
933 5046 1218 5128 eforator
1247 5046 1539 5128 accipiens
1572 5046 1674 5128 pro
1707 5046 1990 5113 Kalenda;

338 5120 428 5175 ria
457 5124 675 5197 strena,
708 5123 1091 5197 Saturnalitia
1120 5120 1407 5197 sportula,
1439 5120 1901 5195 etc.,'convertat
1935 5130 1992 5183 in

338 5196 614 5263 sumptus
646 5195 999 5253 domesticos
1031 5195 1230 5252 autin
1280 5198 1524 5253 deorum
1573 5215 1815 5255 suorum
1847 5207 1992 5255 tem-

335 5262 420 5341 pli
451 5262 654 5335 stipes,
688 5270 746 5321 et
773 5268 1028 5341 denique
1067 5267 1127 5341 in
1180 5267 1416 5341 sordida
1463 5275 1673 5327 scorta.
1708 5271 1993 5328 Kalenda-

334 5334 626 5414 i‘i_a_p_orro
656 5341 874 5414 strena,
921 5334 1026 5397 aut
1081 5339 1467 5414 Saturnalitia
1523 5347 1809 5414 sportuta,
1842 5344 1996 5399 sicut

335 5410 395 5463 et
425 5407 738 5495 Minervale
770 5407 1010 5495 munus,
1045 5411 1372 5495 antiquitus
1403 5407 1648 5495 munera
1673 5407 1994 5495 erantndata

335 5482 903 5561 prmceptqribus,_in
935 5482 1233 5561 Kalendis
1281 5485 1567 5561 Jaguarii,
1618 5493 1690 5561 et
1722 5487 1778 5540 in
1828 5488 1993 5543 festis

335 5551 545 5635 diebus
595 5554 833 5635 Saturni
894 5559 952 5635 et
1006 5555 1294 5614 Minervas.
1351 5558 1620 5635 Tiberius
1678 5558 1995 5635 imperator

337 5623 640 5749 Rrehibuit
666 5626 856 5682 edicto
887 5632 1219 5683 strenarum
1269 5630 1711 5695 commercium,
1744 5623 1814 5686 ne
1841 5632 1994 5687 ultra

386 5693 626 5749 alendas
655 5697 971 5749 Januarias
1009 5704 1435 5749 exercerentur-
1488 5702 1631 5749 Vidn
1660 5703 1896 5749 Summ-
1931 5702 1988 5749 in

386 5693 626 5753 alendas
655 5697 971 5756 Januarias
1009 5704 1435 5759 exercerentur.
1488 5702 1631 5759 Vide
1660 5693 1897 5761 Sueton.
1931 5702 1991 5759 in

339 5765 597 5827 Tiberio.
621 5771 807 5828 MART.

2025 4660 2073 4725 D

2101 632 2312 689 melius
2342 634 2400 688 in
2433 633 2629 689 Graeco
2660 632 2874 687 dicitur
2910 629 3174 701 νουθεσία,
3233 647 3360 703 quas
3418 630 3751 688 admonitio-

2100 740 2225 778 nem
2257 722 2442 795 magis
2474 727 2530 777 et
2557 722 2920 778 eruditionem
2951 737 3127 794 quam
3160 722 3536 777 austeritatem
3558 724 3747 777 sonat.

2100 811 2322 883 Legant
2350 811 2605 883 episcopi
2652 816 2826 883 atque
2886 810 3230 883 presbyteri,
3296 809 3396 883 qui
3430 808 3582 865 ﬁlios
3614 825 3753 867 suos

2101 899 2481 955 saecularibus
2512 899 2725 955 litteris
2754 900 3049 968 erudiunt,
3084 904 3139 956 et
3184 898 3409 954 faciunt
3438 898 3754 955 commdias

2099 988 2309 1060 legere,
2343 993 2396 1044 et
2443 990 2759 1045 mimorum
2820 989 3017 1060 turpia
3047 989 3269 1061 scripta
3300 992 3316 1025 ¹
3379 991 3633 1057 cantare,
3684 989 3755 1044 de

2100 1078 2510 1134 ecclesiasticis
2542 1078 2785 1134 forsitan
2818 1079 3155 1150 sumptibus
3185 1077 3446 1134 eruditos
3472 1094 3485 1132 :
3509 1081 3566 1133 et
3596 1078 3749 1149 quod

2102 1167 2161 1221 in
2194 1168 2505 1222 corbonam
2538 1183 2644 1238 pro
2692 1172 2925 1239 peccato
2974 1166 3135 1238 virgo
3180 1166 3269 1222 vel
3316 1166 3514 1237 vidua,
3545 1164 3636 1221 vel
3666 1170 3753 1223 to-

2101 1260 2223 1311 tam
2255 1256 2646 1311 substantiam
2682 1272 2856 1311 suam
2890 1256 3199 1311 effundens
3250 1255 3499 1327 quilibet
3530 1269 3755 1327 pauper

2103 1344 2416 1416 obtulerat,
2444 1345 2552 1400 hoc
2577 1345 2985 1401 Kalendariam
3026 1349 3282 1401 strenam
3306 1346 3347 1412 ²,
3385 1348 3443 1399 et
3470 1344 3751 1399 Saturna-

2103 1432 2291 1488 litiam
2310 1433 2634 1505 sportulam
2660 1438 2715 1489 et
2738 1434 3051 1490 Minervale
3069 1449 3286 1489 munus
3307 1432 3750 1505 grammaticus,
3855 1450 3861 1453 '

2102 1528 2160 1579 et
2188 1527 2402 1593 orator,
2435 1528 2538 1578 aut
2566 1524 2624 1578 in
2656 1528 2930 1595 sumptus
2969 1521 3340 1591 domesticos,
3382 1526 3483 1577 aut
3512 1521 3573 1576 in
3603 1525 3753 1576 tem-

2104 1612 2184 1684 pli
2225 1612 2426 1684 stipes,
2458 1612 2645 1668 autin
2692 1612 2929 1669 sordida
2971 1616 3162 1668 scorta
3209 1609 3512 1667 convertit.
3545 1609 3627 1664 Eli
3659 1625 3751 1665 sa-

2103 1701 2306 1757 cerdos
2335 1701 2461 1773 ipse
2494 1706 2730 1757 sanctus
2764 1701 2895 1771 fuit,
2942 1702 3040 1757 sed
3093 1700 3231 1772 quia
3278 1700 3427 1773 ﬁlios
3466 1716 3605 1755 suos
3635 1716 3752 1755 non

2105 1790 2355 1847 erudivit
2386 1792 2442 1845 in
2477 1792 2639 1847 omni
2670 1790 2981 1863 disciplina
3013 1795 3069 1847 et
3098 1790 3480 1863 correptione,
3503 1787 3753 1860 supinus

2105 1877 2333 1951 cecidit,
2365 1885 2423 1936 et
2453 1885 2722 1937 mortuus
2753 1885 2842 1937 est
2870 1880 2919 1949 (Ι
2946 1883 3069 1952 Reg.
3129 1897 3203 1950 iv,
3266 1880 3374 1951 18),
3431 1882 3554 1934 Non
3596 1876 3753 1933 enim

2108 1973 2336 2041 poterat
2364 1971 2435 2025 ad
2469 1970 2663 2042 priora
2692 1970 2921 2026 extendi
2952 1970 3218 2041 (Philipp.
3270 1985 3355 2033 III,
3390 1968 3497 2037 13),
3530 1967 3631 2023 'sed
3663 1981 3753 2023 re-

2107 2062 2363 2114 trorsum
2398 2059 2533 2124 ruit,
2568 2064 2624 2115 et
2653 2058 3026 2132 opistbotono
3055 2060 3077 2094 ³
3105 2055 3426 2113 insanabili
3464 2056 3666 2129 lapsus
3695 2055 3755 2111 in

2108 2152 2360 2220 tergum,
2394 2146 2463 2203 ad
2495 2149 2808 2204 Sodomam
2840 2165 2971 2203 cum
3007 2148 3115 2203 Lot
3157 2162 3333 2202 uxore
3382 2144 3655 2218 respexit.
3687 2146 3758 2200 Et

2109 2242 2262 2293 certe
2300 2237 2661 2309 corripuerat
2699 2237 2851 2293 ﬁlios
2883 2254 3043 2307 suos,
3095 2236 3331 2292 dicens:
3367 2237 3546 2305 Quare
3572 2235 3757 2306 facitis

2106 2327 2271 2382 verba
2296 2328 2413 2383 haec
2440 2342 2560 2398 quae
2590 2342 2684 2397 ego
2714 2327 2879 2381 audio
2908 2328 2974 2381 de
3002 2326 3148 2382 vobis
3191 2326 3342 2381 mala
3384 2326 3451 2380 ab
3482 2325 3635 2380 omni
3659 2339 3754 2394 po-

2101 2417 2236 2487 pqu
2258 2417 2285 2470 ?
2309 2417 2507 2481 Nolite,
2532 2416 2652 2487 filii
2678 2420 2823 2471 mei:
2858 2418 3118 2488 quoniam
3159 2431 3267 2471 non
3305 2422 3384 2470 est
3415 2414 3553 2470 bona
3580 2414 3755 2483 fama,

2109 2521 2273 2577 quam
2304 2521 2401 2574 ego
2432 2504 2596 2560 audio
2625 2504 2691 2560 de
2718 2505 2867 2561 vobis
2901 2506 2949 2576 (I
2975 2508 3101 2576 Reg.
3152 2522 3213 2574 ιι,
3266 2504 3356 2570 23,
3417 2504 3535 2571 24).
3567 2502 3649 2558 De
3676 2502 3756 2557 is-

2106 2593 2387 2649 tiusmodi
2418 2594 2681 2666 patribus
2712 2598 2769 2649 et
2800 2593 2979 2649 Isaias
3000 2592 3361 2666 lacrymabili
3385 2608 3521 2648 voce
3551 2607 3758 2647 causa-

2106 2688 2225 2749 tur,
2257 2683 2495 2739 dicens:
2555 2685 2620 2738 Et
2676 2685 2785 2754 ﬁlii
2843 2685 3292 2753 alienigenarum
3346 2683 3473 2737 nati
3516 2684 3647 2736 sunt
3674 2681 3757 2735 eis

2110 2774 2234 2845 (lsa.
2269 2790 2308 2839 ι,
2340 2774 2419 2840 2).
2452 2774 2610 2837 Quod
2648 2772 2696 2828 si
2754 2772 2865 2828 hoc
2921 2772 3188 2845 Ephesiis
3244 2771 3431 2839 laicis,
3464 2774 3520 2826 et
3549 2767 3756 2842 pleris-

2109 2876 2242 2933 que,
2274 2866 2341 2915 ut
2368 2860 2427 2915 in
2459 2861 2673 2934 populo
2705 2860 2870 2929 solet,
2903 2861 3033 2916 vitae
3078 2861 3257 2933 hujus
3305 2858 3554 2931 negotiis
3584 2874 3757 2914 occu-

2107 2950 2280 3022 patis,
2312 2950 2603 3022 praecepit,
2638 2954 2702 3005 ut
2732 2950 2881 3006 ﬁlios
2911 2967 3050 3007 suos
3095 2950 3365 3006 erudiant
3394 2948 3454 3003 in
3485 2946 3644 3005 omni
3676 2946 3759 3001 di-

2107 3039 2377 3110 sciplina,
2410 3044 2468 3094 et
2515 3039 2910 3095 admonitione
2960 3040 3231 3096 Domini:
3280 3038 3419 3110 quid
3469 3038 3540 3093 de
3570 3053 3757 3093 sacer-

2109 3128 2345 3184 dotibus
2367 3128 2780 3184 testimandum
2812 3132 2920 3194 est,
2953 3129 3024 3184 de
3056 3144 3309 3201 quorum
3339 3127 3542 3184 ordine
3572 3126 3645 3181 ad
3667 3110 3761 3182 Ti:-

2111 3217 2410 3273 motheum
2445 3217 2668 3281 scribit,
2703 3218 2940 3282 dicens:
2976 3218 3125 3273 667
3169 3216 3344 3273 Filios
3387 3215 3669 3272 habentem
3700 3217 3761 3270 in

2111 3307 2386 3378 obsequio,
2416 3324 2541 3362 cum
2578 3309 2734 3363 omni
2780 3306 3052 3363 honestate
3101 3307 3154 3378 (1
3180 3307 3311 3362 Tim.
3345 3323 3429 3373 Ili,
3462 3305 3538 3377 4).
3571 3303 3638 3359 Et
3667 3303 3760 3358 id-

2107 3396 2302 3469 ipsum
2333 3397 2404 3451 ad
2438 3397 2632 3451 Titum
2667 3395 2923 3452 inculcat
2956 3400 3014 3451 et
3059 3395 3306 3467 repetit:
3357 3394 3525 3465 Filios
3554 3392 3758 3448 haben-

2107 3493 2217 3541 tem
2266 3485 2490 3556 ﬁdeles:
2554 3500 2664 3541 non
2706 3487 2766 3538 in
2809 3486 3154 3540 accusatione
3218 3481 3479 3552 luxurie,
3521 3485 3618 3537 aut
3647 3495 3761 3536 non

2106 3574 2348 3630 subditos
2373 3575 2496 3644 (Tit.
2540 3574 2583 3642 Ι,
2616 3575 2673 3642 6)
2704 3590 2717 3629 :
2752 3577 2808 3629 et
2835 3572 3003 3645 quasi
3033 3572 3174 3629 vitia
3215 3571 3471 3627 ﬁliorum
3502 3570 3758 3643 parenti-

2107 3664 2219 3720 bus
2250 3664 2637 3736 imputentur,
2669 3663 3138 3734 conjunctionem
3188 3660 3483 3718 causalem
3514 3660 3758 3716 interse-

2108 3769 2262 3821 rens,
2295 3752 2412 3808 ait:
2449 3751 2666 3824 Oportet
2692 3755 2841 3808 enim
2871 3754 3181 3824 episcopum
3208 3754 3330 3807 sine
3368 3751 3600 3806 crimine
3624 3765 3758 3817 esse,

2106 3847 2371 3915 tanquam
2399 3842 2501 3898 Dei
2540 3842 2973 3914 dispensatorem
3023 3842 3179 3913 (Ibid.
3220 3844 3297 3910 7).
3348 3841 3473 3896 Non
3504 3843 3593 3896 est
3621 3855 3759 3912 ergo

2107 3932 2232 3987 sine
2262 3932 2506 3986 crimine
2537 3932 2869 4003 episcopus,
2902 3931 3072 4003 cujus
3095 3929 3252 3987 ﬁlius
3274 3946 3390 3986 non
3415 3929 3591 3986 fuerit
3616 3929 3757 3985 sub-

2106 4012 2289 4087 ditus,
2319 4024 2377 4075 et
2408 4021 2464 4075 in
2500 4020 2871 4076 accusatione
2902 4019 3165 4076 luxuriae.

2177 4126 2418 4190 Notum,
2450 4125 2864 4180 Kalendarium
2899 4131 3153 4181 strenam
3178 4124 3322 4179 illud
3355 4140 3484 4180 esse
3515 4139 3756 4191 munus,

2106 4200 2262 4268 quod
2293 4197 2430 4252 boni
2453 4195 2677 4268 ominis
2708 4196 2897 4268 gratia
2938 4196 3120 4268 initio
3151 4196 3403 4268 dabatur
3432 4195 3589 4268 anni.
3622 4198 3758 4250 Sue-

2107 4266 2304 4324 tonius
2337 4269 2394 4324 in
2435 4267 2592 4332 Caio,
2627 4266 2752 4339 cap.
2804 4269 2871 4321 42
2895 4284 2908 4333 ;
2932 4338 2935 4339 ν
2961 4290 2988 4317 ‹‹
3021 4266 3214 4323 Edixit
3262 4272 3489 4339 strenas
3519 4266 3757 4339 ineunte

2107 4357 2260 4396 anno
2293 4357 2353 4396 se
2383 4337 2775 4411 recepturum,
2810 4338 3085 4411 stetitque
3115 4338 3175 4393 in
3227 4337 3513 4393 vestibulo
3542 4337 3756 4411 aedium

2106 4412 2381 4469 Kalendis
2411 4409 2699 4483 Januarii,
2738 4412 2806 4467 ad
2855 4409 3177 4483 captandas
3227 4410 3430 4481 stipes.
3479 4432 3499 4457 ι
3534 4409 3756 4483 Hujus-

2107 4485 2263 4540 modi
2295 4489 2353 4539 et
2382 4482 2765 4539 Saturnalitia
2798 4482 3237 4555 erat’sportula,
3264 4499 3413 4555 quea
3455 4486 3650 4555 tamen
3680 4482 3755 4537 ad

2105 4556 2483 4611 Decembrem
2517 4571 2776 4610 mensem
2810 4552 3174 4626 pertinebat:
3222 4552 3534 4626 Minervale
3559 4558 3755 4626 autem

2106 4627 2335 4700 proprie
2366 4626 2508 4681 illud
2541 4631 2666 4681 erat
2692 4624 2931 4693 munus,
2964 4627 3117 4752 quod
3153 4624 3451 4699 magistris
3483 4625 3757 4698 discipuli

2106 4697 2532 4752 nersolvebant.
2568 4702 2677 4752 Pro
2719 4714 2787 4752 co
2843 4715 2981 4752 uuor
3059 4714 3193 4752 mox
3250 4698 3536 4752 seuuitur.
3569 4705 3667 4752 aut
3696 4700 3757 4752 in

2104 4697 2532 4770 persolvebant.
2568 4702 2689 4771 Pro
2719 4714 2801 4771 co,
2843 4697 2998 4771 quod
3059 4714 3209 4771 mox,
3250 4697 3536 4771 sequitur,
3569 4697 3667 4754 aut
3696 4700 3757 4771 in

2104 4769 2291 4843 templi
2317 4771 2503 4843 stipes.
2538 4769 3011 4843 et_Martiana3us
3068 4771 3139 4825 de
3198 4769 3497 4843 idolorum,
3520 4770 3756 4843 templis

2101 4841 2368 4912 explicat.
2404 4840 2699 4914 Victorius
2730 4847 2896 4897 ratus
2922 4843 2993 4897 de
3014 4842 3279 4914 templis
3326 4842 3441 4897 dici
3473 4840 3753 4898 Christia-

2102 4911 2332 4982 norum,
2368 4913 2589 4968 Voculis
2628 4921 2724 4969 aut
2766 4915 2847 4982 in,
2896 4911 3182 4979 sublatis,
3216 4914 3562 4970 commodus
3590 4930 3751 4981 sane,

2101 4986 2149 5042 si
2184 5001 2325 5041 mss.
2359 4985 2841 5056 suﬂ'ragarentur,
2887 4984 3081 5041 locum
3133 4986 3409 5053 restituit,
3446 4988 3509 5041 ut
3542 5002 3752 5056 sensus

2100 5061 2276 5137 esset,
2300 5055 2663 5137 presbyteris
2702 5056 2904 5137 templi
2952 5056 3131 5137 stipes
3172 5058 3318 5137 dare
3349 5055 3753 5137 grammaticis

2099 5128 2369 5199 ethnicis,
2402 5128 2503 5200 qui
2546 5134 2645 5184 aut
2705 5129 2771 5184 in'
2824 5128 3098 5200 sumptus
3156 5128 3527 5193 domesticos,
3562 5131 3662 5182 aut
3691 5128 3750 5181 in

2102 5201 2340 5258 sordida
2370 5205 2564 5256 scorta
2604 5206 3021 5258 converterent.

2170 5271 2191 5306 ³
2224 5273 2287 5328 In
2322 5273 2493 5344 epist.
2530 5272 2629 5329 147
2658 5273 2729 5329 ad
2772 5274 3171 5344 .Subinianum,
3214 5270 3320 5344 ubi
3372 5270 3521 5344 hanc
3549 5284 3747 5325 vocem

2102 5360 2208 5415 nos
2236 5339 2493 5415 primum
2525 5344 2926 5402 restituimus:
2961 5366 2988 5395 «
3022 5339 3165 5399 Heli
3195 5343 3336 5397 dum
3381 5339 3629 5415 nimium
3661 5345 3752 5396 est

2099 5412 2253 5471 lenis
2281 5416 2341 5471 in
2375 5415 2546 5484 ﬁlios,
2581 5416 2821 5474 offendit
2851 5416 3071 5479 Deum;
3111 5419 3458 5484 tantumque
3474 5412 3661 5484 abest,
3688 5418 3754 5468 ut

2101 5490 2157 5559 te
2188 5487 2375 5542 valeat
2403 5488 2659 5559 episcopi
2686 5488 2769 5543 tui
2790 5486 3020 5558 justitia
3051 5486 3314 5550 liberare,
3340 5483 3749 5559 uttimendum

2102 5558 2200 5623 sit,
2222 5576 2294 5616 ne
2325 5552 2648 5641 profitente
2661 5552 2899 5641 _de_st3lio
2933 5576 3038 5615 suo
3062 5552 3751 5641 COFPllen§,.6ﬁtq00‘t-6‘Itts,

2103 5627 2694 5700 pereat—insanabili.
2734 5631 2891 5686 Vidua
2951 5647 3077 5701 qua:
3140 5645 3245 5682 nos
3305 5627 3384 5682 ibi
3443 5627 3750 5688 adnotavi-

2103 5718 2257 5759 mus.
