4310 6600
567 435 576 443 ι.
590 390 708 451 5'15

1843 392 1910 454 S.
1955 390 2263 454 EUSEBII
2307 388 2721 453 HIERONYM
2730 390 2754 451 Ι

3881 393 4000 456 576

661 529 846 598 (Vers.
871 531 925 585 5.
956 531 1036 601 8.)
1079 553 1101 580 «
1127 530 1306 602 Servi,
1335 531 1563 588 obedite
1604 531 1856 589 dominis
1881 531 2234 588 carnalibus.
2266 525 2320 591 Α
2350 523 2505 580 enim
2539 523 2710 580 dicit:
2755 525 2976 582 Obedite
3029 524 3350 598 parentibus
3407 525 3600 582 vestris
3654 525 3715 580 in
3769 525 3997 583 Domino

591 637 725 676 cum
749 620 957 677 timore
977 626 1033 677 et
1055 627 1324 685 tremore,
1355 626 1410 677 et
1432 622 1805 694 simplicitate
1827 623 2016 679 cordis
2038 623 2234 680 vestri.

591 709 746 766 sicut
763 710 1009 780 Christo,
1031 728 1147 766 non
1167 712 1235 766 ad
1261 711 1493 767 oculum
1515 714 1852 778 servientes,
1869 713 2035 784 quasi
2056 713 2238 768 omni-

592 798 704 854 bus
723 798 1037 870 placentes,
1052 803 1151 856 sed
1167 806 1230 856 ut
1243 803 1388 858 servi
1417 801 1652 864 Christi.
1677 803 1952 859 facientes
1971 805 2234 861 volunta-

591 891 708 943 tem
742 889 842 944 Dei
872 905 939 944 ex
970 891 1165 946 animo
1192 909 1204 946 :
1237 908 1368 947 cum
1419 891 1698 946 ﬁdelitate
1731 893 2045 948 servientes
2084 894 2237 949 sicut

593 977 861 1044 Domino,
885 987 1075 1034 etnon
1095 980 1429 1036 hominibus
1451 998 1463 1036 :
1483 981 1730 1036 scientes
1749 983 1901 1052 quod
1921 984 2237 1055 unusquis-

595 1083 707 1137 que
729 1069 882 1134 quod
913 1069 1108 1124 fecerit
1130 1069 1286 1136 boni,
1338 1069 1443 1125 hoc
1487 1070 1722 1142 recipiet
1743 1089 1775 1125 a
1818 1072 2085 1138 Domino,
2117 1073 2236 1128 sive

592 1173 815 1223 servus,
835 1158 954 1212 sive
972 1157 1134 1213 liber.
1159 1180 1184 1207 ››
1204 1159 1489 1228 Propheta
1503 1159 1772 1230 loquente
1791 1162 1860 1216 ad
1879 1161 2233 1218 Jerusalem:

592 1247 786 1314 Qualis
816 1251 874 1301 tu
914 1249 1153 1302 timuisti
1180 1250 1247 1302 ab
1276 1251 1495 1304 homine
1521 1252 1764 1315 mortali,
1798 1260 1851 1305 et
1881 1269 1912 1305 a
1933 1253 2048 1320 ﬁlio
2069 1253 2234 1306 homi-

587 1337 674 1390 nis
693 1338 821 1401 (Isa.
859 1354 932 1399 LI,
964 1337 1050 1406 12)
1073 1337 1100 1390 ‘?
1130 1342 1186 1391 et
1214 1338 1382 1392 Petro
1415 1338 1470 1392 in
1503 1339 1764 1409 Epistola
1795 1357 1938 1395 sua:
1966 1343 2235 1396 Timorem

586 1441 777 1480 eorum
804 1441 872 1480 ne
927 1429 1204 1481 timentis:
1253 1429 1343 1482 sed
1399 1430 1691 1483 Dominum
1747 1433 1932 1485 Iesum
1962 1431 2235 1486 Christum

586 1513 926 1581 sanctiﬁcatc
959 1517 1017 1568 in
1047 1515 1295 1571 cordibus
1350 1521 1546 1573 vestris
1604 1519 1650 1588 (1
1676 1521 1824 1574 Petr.
1888 1537 1970 1582 III,
2005 1521 2192 1590 14-15)
2219 1536 2230 1573 :

591 1608 650 1656 et
676 1602 965 1659 Salvatore
987 1605 1190 1658 eadem
1209 1606 1586 1663 concinente:
1623 1631 1649 1656 ‹‹
1684 1607 1871 1663 Nolite
1901 1609 2106 1664 timere
2136 1625 2234 1664 eos

585 1691 684 1764 qui
721 1698 967 1762 possunt
996 1694 1256 1750 occidere
1285 1711 1518 1767 corpus,
1577 1700 1633 1752 et
1690 1697 1822 1768 plus
1873 1715 1987 1753 non
2019 1699 2237 1754 habent

592 1781 746 1852 quod
778 1781 944 1837 vobis
974 1782 1210 1852 faciant,
1243 1785 1342 1839 sed
1375 1785 1575 1841 timete
1626 1803 1758 1842 eum
1804 1787 1902 1858 qui
1962 1791 2151 1858 potest
2179 1793 2235 1843 et

591 1869 848 1925 animam
883 1874 940 1926 et
971 1888 1181 1944 corpus
1213 1873 1472 1930 occidere
1501 1874 1558 1930 in
1581 1876 1906 1946 gehennam
1931 1877 2151 1946 (Matth.
2176 1895 2231 1943 x,
2265 1897 2313 1961 Β

587 1960 719 2028 28):
774 1959 1081 2016 Salomone
1139 1978 1371 2034 quoque
1425 1963 1587 2035 paria
1640 1970 1930 2021 testante:
1991 1968 2097 2021 Fili
2139 1967 2234 2022 ho-

591 2064 729 2105 nora
756 2051 1068 2120 Dominum,
1100 2057 1152 2106 et
1192 2053 1590 2124 confortaberis
1609 2073 1627 2108 :
1685 2060 1884 2126 praeter
1940 2058 2102 2111 illum
2131 2074 2231 2111 au-

589 2144 701 2193 tem
757 2155 827 2193 ne
878 2141 1076 2194 timeas
1133 2142 1311 2196 alium
1365 2143 1549 2213 (Prov.
1613 2161 1696 2212 In,
1751 2146 1887 2212 7-9).
1925 2168 1952 2193 »
1994 2145 2236 2201 Videtur

589 2227 903 2298 Apostolus
934 2228 1164 2284 diversa
1193 2231 1502 2302 praecipere
1538 2236 1604 2287 ut
1662 2233 1809 2288 servi
1867 2251 1998 2289 cum
2027 2235 2235 2290 timore

586 2320 643 2371 et
669 2319 922 2372 tremore
977 2319 1250 2373 obediant
1307 2321 1563 2376 dominis
1619 2323 1974 2390 carnalibus,
2008 2329 2065 2379 et
2091 2342 2235 2380 uxor

587 2405 694 2478 [Αἱ.
728 2406 917 2476 uxori]
945 2410 1009 2462 ut
1056 2408 1260 2464 timeat
1304 2409 1514 2465 virum.
1547 2416 1737 2482 Atque
1767 2412 1867 2484 qui
1901 2413 2233 2485 simplicius

583 2495 978 2565 respondebit.
1009 2496 1131 2552 hmo
1162 2499 1350 2554 dicet:
1386 2516 1500 2555 non
1541 2501 1811 2569 perlectis
1855 2503 2036 2558 servis
2068 2507 2124 2558 et
2149 2504 2233 2559 eis

583 2583 682 2656 qui
717 2584 1014 2656 sapientiae
1075 2591 1294 2643 secreta
1351 2591 1724 2660 cognoverint
1790 2592 1909 2646 haec
1950 2597 2235 2664 prmcepta

587 2674 916 2739 constituit,
948 2676 1048 2730 sed
1082 2676 1173 2731 his
1205 2677 1304 2748 qui
1338 2679 1624 2751 principia
1667 2680 1961 2736 habebant
1991 2682 2145 2752 ﬁdei,
2180 2687 2236 2737 et

591 2763 873 2819 doctrinis
905 2764 1319 2822 humilioribus
1351 2767 1708 2839 indigebant.
1741 2771 1903 2825 Alius
1924 2788 2058 2826 vero
2082 2789 2237 2827 asse-

589 2857 679 2908 rat
709 2868 842 2908 eum
876 2854 975 2925 qui
1008 2871 1123 2909 non
1156 2855 1370 2911 habeat
1401 2857 1675 2929 spiritum
1710 2859 2233 2915 servitutisiterum

588 2940 648 2995 in
679 2941 908 3008 timore,
952 2931 1326 3015 nequaquam
1385 2945 1521 3000 huic
1579 2948 1880 3017 subjaccrc
1912 2950 2232 3015 sententiae,

587 3033 653 3084 ut
683 3046 816 3083 cum
849 3031 1057 3086 timore
1085 3036 1144 3085 et
1171 3036 1423 3089 tremore
1461 3034 1697 3088 obediat
1745 3036 2002 3092 dominis
2032 3055 2233 3093 carna-

591 3117 768 3184 libus,
801 3118 912 3174 hoc
940 3118 1093 3175 idem
1126 3124 1183 3176 et
1212 3121 1283 3175 de
1315 3138 1490 3177 uxore
1520 3123 1806 3190 dicturus,
1841 3141 1967 3196 quas
1998 3126 2236 3196 jubetur

593 3211 659 3263 ut
687 3208 892 3264 timeat
920 3209 1132 3264 virum.
1166 3209 1342 3265 Porro
1373 3211 1582 3267 tertius
1611 3211 1670 3267 in
1702 3212 1810 3267 hoc
1831 3230 2064 3286 quoque
2086 3213 2232 3285 loco,

2347 616 2516 684 (Vers.
2553 616 2642 685 1):
2677 615 2745 670 ad
2781 633 2976 671 servos
3032 633 3187 682 vero,
3250 614 3475 671 Obedite
3528 615 3764 670 dominis
3794 632 3992 672 carna-

2348 702 2492 758 libus
2516 719 2641 757 cum
2672 706 2864 759 timore
2893 709 2947 760 et
2983 707 3242 760 tremore.
3278 703 3348 758 Ut
3394 703 3550 759 sicut
3581 704 3735 759 inter
3764 721 3996 760 servum

2348 796 2405 844 ct
2438 809 2674 847 uxorem
2706 792 2880 847 habet
2925 796 3117 848 metus
3166 792 3598 848 diversitatem:
3650 792 3734 849 ita
3763 798 3820 849 et
3850 794 4000 850 inter

2349 878 2498 935 ﬁlios
2529 886 2584 935 et
2615 896 2814 936 servos
2859 881 3187 937 obedientia
3234 882 3608 952 discreparet.
3661 883 3729 937 Et
3756 882 3999 955 pulchre

2347 967 2646 1039 imperans
2679 970 2859 1025 servis
2892 974 2955 1024 ut
2985 969 3556 1042 obediantdominis,
3582 972 3816 1043 adjecit,
3841 975 4001 1044 quasi

2348 1057 2595 1113 Christo:
2655 1063 2713 1114 et
2770 1059 3004 1126 iterum,
3073 1064 3134 1114 ut
3188 1062 3334 1116 servi
3363 1059 3582 1131 Christi,
3622 1064 3885 1132 facientes
3914 1078 4000 1118 vo-

2347 1146 2612 1202 luntatem
2643 1149 2782 1204 Dei:
2815 1153 2879 1203 ut
2908 1149 3129 1205 scilicet
3159 1166 3274 1205 non
3309 1149 3511 1205 audiat
3552 1167 3758 1207 servus
3787 1168 3998 1207 carna-

2345 1235 2458 1291 lem
2492 1236 2821 1308 dominum,
2854 1237 2903 1294 si
2935 1238 3227 1294 contraria
3256 1239 3373 1295 Deo
3414 1241 3720 1312 pra-ceptis
3748 1240 4000 1296 voluerit

2347 1325 2652 1398 imperare.
2687 1329 2988 1392 Quomodo
3005 1334 3200 1384 autem
3226 1329 3297 1384 ad
3318 1328 3646 1385 Corinthios
3668 1330 3996 1386 secundum

2344 1419 2578 1486 tempus
2608 1417 2987 1488 rescripserat
3010 1419 3063 1489 (Ι
3118 1419 3248 1474 Cor.
3310 1435 3410 1486 vu,
3474 1419 3541 1473 12
3567 1419 3761 1490 seqq.),
3795 1434 3866 1474 ne
3897 1436 3999 1490 per

2344 1507 2708 1561 occasionem
2770 1506 2905 1561 ﬁdei
2962 1507 3020 1560 in
3080 1506 3379 1563 Christum
3438 1506 3593 1563 inter
3642 1508 3908 1573 maritos,
3940 1512 3998 1563 et

2345 1611 2552 1649 uxores
2583 1595 2831 1650 divortia
2861 1597 3086 1665 ﬁerent,
3121 1595 3171 1652 si
3211 1613 3242 1652 e
3298 1597 3530 1652 duobus
3578 1613 3734 1652 unus
3766 1597 3996 1652 credere

2343 1682 2624 1739 voluisset
2653 1700 2664 1738 :
2699 1684 2780 1739 ita
2811 1684 2882 1739 ad
2917 1684 3198 1756 Ephesios
3226 1689 3281 1741 et
3330 1686 3401 1740 ad
3434 1685 3829 1755 Colossenses,
3862 1685 3998 1756 quia

2345 1770 2582 1842 plurimi
2615 1771 2765 1828 inter
2790 1772 2962 1828 initia
2983 1773 3115 1828 ﬁdei
3144 1773 3431 1845 putabant
3460 1772 3706 1846 gentiles
3728 1767 3996 1828 dominos

2345 1863 2823 1929 contemnendos,
2865 1879 3022 1918 nunc
3067 1862 3470 1918 conditionum
3521 1861 3818 1917 moderate
3848 1879 3994 1933 pra:-

2345 1955 2511 2021 cepta
2541 1951 2883 2007 constituit:
2918 1955 2982 2006 ut
3013 1955 3070 2007 et
3100 1951 3333 2008 servitia
3365 1968 3480 2007 non
3511 1950 3776 2006 videatur
3796 1955 3996 2006 contra

2344 2040 2614 2095 dominos
2644 2041 2954 2108 concitare,
3005 2046 3061 2095 et
3108 2057 3344 2096 rursum
3399 2056 3771 2111 nequaquam
3805 2040 3990 2095 domi-

2344 2145 2452 2184 nos
2479 2129 2682 2184 doceat
2710 2130 3051 2200 audiendos,
3087 2130 3137 2185 si
3165 2131 3374 2186 vitiosa
3422 2134 3480 2185 et
3511 2129 3762 2185 nefanda
3795 2129 3992 2201 praeci-

2344 2217 2526 2290 piant.

2414 2309 2600 2377 (Vers.
2632 2307 2711 2378 9.)
2747 2330 2773 2358 ‹‹
2808 2309 2877 2363 Et
2906 2307 3150 2377 domini,
3183 2308 3385 2364 eadem
3419 2307 3589 2363 facite
3619 2308 3691 2366 ad
3725 2307 3879 2372 illos,
3905 2323 3990 2363 re-

2344 2397 2642 2452 mittentes
2676 2397 2888 2463 minas,
2917 2397 3166 2453 scientes
3189 2397 3327 2469 quia
3349 2403 3403 2452 et
3427 2396 3711 2468 ipsorum,
3733 2401 3788 2452 et
3809 2403 3995 2452 vester

2343 2485 2624 2542 Dominus
2655 2490 2744 2541 est
2775 2486 2834 2541 in
2874 2485 3056 2550 oculis,
3091 2492 3146 2541 et
3202 2502 3586 2558 personarum
3631 2503 3745 2541 non
3780 2490 3864 2542 est
3897 2502 3989 2540 ac-

2343 2573 2526 2645 ceptio
2557 2575 2710 2645 apud
2743 2591 2899 2629 eum.
2935 2596 2962 2623 ››
2995 2574 3269 2637 Quaenam
3303 2577 3444 2628 sunt
3484 2572 3606 2628 haec
3653 2589 3780 2644 qua:
3813 2572 3992 2628 servis

2344 2663 2614 2736 superius
2644 2663 2970 2735 imperavit,
3005 2667 3070 2718 ut
3111 2663 3326 2718 diceret
3369 2662 3626 2718 dominis
3673 2663 3874 2718 eadem
3909 2663 3989 2717 la-

2344 2751 2550 2807 cienda
2579 2769 2705 2824 quae
2734 2752 2915 2808 servis
2935 2753 2961 2807 ?
3005 2757 3151 2808 Puto
3201 2751 3303 2807 illa
3332 2769 3462 2824 quae
3492 2752 3738 2815 dixerat,
3770 2754 3830 2806 in
3858 2755 3991 2806 sim-

2339 2843 2586 2914 plicitate
2633 2842 2831 2908 cordis,
2882 2848 2958 2906 et,
2988 2843 3250 2912 facientes
3289 2843 3617 2898 voluntatem
3647 2842 3785 2896 Dei:
3815 2845 3894 2908 et,
3925 2857 3995 2896 ex

2343 2932 2530 2986 animo
2557 2949 2568 2998 ;
2601 2937 2676 2998 et,
2707 2947 2838 2988 cum
2869 2932 3133 3001 ﬁdelitate
3151 2931 3270 2988 sive
3292 2930 3694 2987 benevolentia
3717 2930 3775 2985 in
3798 2946 3992 2987 servos

2345 3022 2518 3087 (Vers.
2552 3021 2688 3088 5-8),
2732 3020 2872 3091 quia
2929 3018 3110 3073 a-Svou
3168 3023 3485 3091 utrumque
3545 3036 3754 3076 sonare
3786 3023 3991 3091 potest.

2345 3110 2496 3164 669
2527 3109 2940 3181 Unusquisque
2967 3109 3122 3166 enim
3154 3110 3308 3181 quod
3349 3109 3547 3166 fecerit
3577 3109 3734 3175 boni,
3767 3108 3876 3164 hoc
3906 3124 3993 3164 re-

2342 3197 2517 3269 cipiet
2547 3217 2580 3253 a
2611 3199 2874 3269 Domino,
2910 3199 3031 3254 sive
3091 3197 3348 3254 famulus
3408 3197 3690 3266 servierit,
3725 3197 3878 3254 sicut
3906 3195 3994 3251 di-

593 3296 746 3352 sicut
776 3298 833 3352 in
866 3297 1129 3366 muliere,
1172 3299 1443 3356 timorem
1501 3318 1603 3372 pro
1664 3267 1983 3359 reverentia
2012 3267 2237 3360 dictum
2269 3267 2313 3334 δ
2351 3291 2510 3342 Otum
2541 3294 2651 3356 θεῖν
2685 3288 2804 3344 Sive
2836 3287 2984 3344 liber
3015 3287 3354 3343 dominatus
3403 3287 3596 3358 fuerit:
3632 3291 3698 3342 Ut
3727 3289 3993 3358 ορονίθίε

598 3387 858 3456 putabit:
895 3389 993 3444 sed
1030 3389 1351 3444 arctabitur
1380 3407 1448 3445 ex
1492 3407 1557 3446 eo
1606 3393 1760 3462 quod
1795 3393 2028 3448 additus
2053 3393 2241 3449 est'ti-

594 3477 742 3532 mori
773 3480 1011 3533 tremor.
1046 3478 1239 3534 Potest
1267 3479 1422 3534 enim
1473 3480 1637 3536 uxori
1688 3483 2008 3538 reverentia
2035 3499 2241 3540 conve-

593 3565 738 3634 nire,
782 3570 848 3622 ut
878 3583 1143 3623 reverens
1174 3569 1377 3624 timeat
1404 3569 1614 3624 virum.
1660 3569 1765 3626 Ubi
1799 3577 1993 3628 autem
2023 3575 2244 3628 tremor

597 3659 707 3720 est,
741 3659 934 3710 metus
962 3673 1075 3710 non
1110 3657 1343 3712 sonabit
1372 3659 1776 3725 reverentiam,
1810 3662 1908 3715 sed
1944 3662 2238 3717 timorem.

554 3779 558 3784 -
592 3744 932 3799 Necessario
963 3745 1158 3816 itaque
1199 3745 1260 3800 in
1314 3748 1495 3802 servis
1551 3749 1815 3804 additum
1875 3754 1981 3816 est,
2017 3756 2082 3805 ut
2111 3755 2244 3822 post

594 3832 865 3888 timorem
925 3833 1152 3888 Domini
1221 3834 1476 3890 habeant
1541 3841 1598 3890 et
1668 3844 1995 3903 tremorem,
2059 3843 2115 3894 et
2169 3839 2240 3894 ad

594 3920 1032 3978 distinctionem
1090 3923 1321 3978 Domini
1380 3923 1725 3996 spiritualis,
1786 3944 1940 3982 nunc
1991 3928 2241 3990 carnalis

596 4010 749 4068 568
783 4009 1056 4068 dominus
1088 4011 1451 4083 appellatur:
1485 4013 1566 4068 ita
1608 4019 1674 4068 ut
1711 4030 1874 4070 servo
1906 4017 2243 4088 quicunque

554 4147 560 4158 .
595 4099 904 4155 crediderit
933 4100 992 4156 in
1023 4105 1227 4171 Deum,
1260 4105 1316 4157 et
1373 4103 1623 4158 necdum
1683 4105 1754 4159 ad
1796 4105 2049 4161 scientiae
2079 4122 2242 4162 sum-

598 4206 754 4245 mam
789 4190 1132 4261 pervenerit,
1168 4208 1282 4247 non
1313 4192 1588 4248 indecens
1636 4193 1711 4248 sit
1760 4194 1998 4250 domino
2029 4195 2243 4252 servire

597 4278 815 4334 carnali
849 4296 981 4334 cum
1013 4281 1222 4336 timore
1253 4287 1307 4336 et
1335 4285 1609 4352 tremore,
1636 4281 1695 4335 in
1719 4283 2097 4354 simplicitate
2117 4302 2242 4341 cor-

559 4425 562 4428 _
594 4367 686 4423 dis
711 4368 827 4433 sui,
857 4355 916 4423 et
944 4367 1026 4424 sic
1057 4371 1105 4424 ei
1137 4370 1356 4426 servire
1404 4369 1653 4426 ﬁdeliter
1708 4375 1773 4426 ut
1830 4371 2081 4428 Cb‘risto.
2115 4373 2240 4429 Non

598 4457 670 4511 ad
706 4454 941 4512 oculum
973 4459 1252 4523 serviens,
1304 4463 1369 4513 ut
1397 4459 1457 4513 hi
1500 4459 1723 4514 faciunt
1769 4461 1869 4531 qui
1901 4461 2242 4517 hominibus

557 4607 562 4610 _
596 4544 824 4615 placere
856 4546 1211 4614 desiderant,
1245 4548 1346 4602 sed
1381 4553 1446 4602 ut
1493 4548 1901 4605 necessitatem
1951 4550 2006 4605 in
2037 4550 2242 4606 volun-

2352 3381 2415 3432 ut
2447 3395 2562 3434 non
2593 3378 2671 3434 sit
2698 3377 2996 3445 terribilis,
3034 3394 3149 3433 non
3201 3381 3510 3449 promptus
3561 3377 3634 3432 ad
3663 3376 3905 3432 verbera
3936 3376 3951 3410 ί
3980 3390 3992 3430 :

2352 3466 2539 3522 sciens
2571 3464 2711 3539 quia
2737 3471 2794 3522 et
2823 3467 2946 3539 ipse
2977 3466 3191 3522 habeat
3220 3467 3532 3521 Dominum
3555 3465 3614 3521 in
3636 3465 3816 3532 cmlis,
3840 3464 3993 3535 apud

2351 3571 2525 3628 quem
2559 3574 2675 3613 non
2713 3562 2803 3612 est
2842 3556 3094 3628 acceptio
3151 3572 3556 3628 personarum,
3616 3559 3674 3610 et
3703 3554 3803 3627 qui
3834 3555 3994 3610 solus

2350 3651 2577 3702 tantum
2601 3647 2828 3718 judicet
2863 3645 3214 3713 voluntates,
3273 3649 3332 3700 et
3380 3646 3550 3716 juxta
3595 3661 3694 3701 eas
3725 3643 3994 3700 deteriori

2351 3736 2620 3806 praeferat
2649 3734 2969 3805 meliorem,
3002 3734 3223 3807 eligens
3255 3735 3424 3802 facta,
3457 3750 3576 3789 non
3607 3732 3895 3790 homines.

2423 3825 2610 3894 (Vers.
2644 3825 2758 3893 10.)
2791 3847 2818 3873 ››
2850 3825 2931 3880 De
2961 3829 3163 3880 caetero
3194 3823 3605 3880 confartamini
3636 3822 3695 3878 in
3726 3823 3994 3891 Domino,

2351 3923 2408 3970 et
2437 3913 2495 3968 in
2528 3914 2790 3987 potentia
2818 3914 3053 3970 virtutis
3083 3914 3232 3985 ejus.
3259 3936 3288 3962 »
3311 3912 3441 3970 Scio
3462 3912 3521 3968 in
3540 3912 3734 3968 Greco
3759 3929 3863 3985 pro
3887 3912 3998 3967 vir-

2350 4005 2493 4069 tute,
2528 4003 2926 4059 fortitudinem
2959 4003 3233 4075 positam,
3268 4002 3325 4058 id
3357 4005 3465 4071 est,
3503 3999 3697 4075 ἰσχύνε
3731 4001 3871 4073 quia
3889 3999 3996 4056 vir-

2350 4095 2446 4148 tus
2476 4093 2632 4148 auud
2660 4109 2759 4148 eos
2791 4092 2950 4166 ἀρετή
2986 4090 3332 4164 appellatur.
3371 4091 3478 4148 Sed
3527 4090 3647 4147 haec
3694 4089 3847 4162 apud
3887 4105 3996 4145 nos

2351 4183 2712 4237 consuetudo
2743 4186 2831 4238 est
2859 4183 3314 4254 Scripturarum,
3338 4185 3403 4237 ut
3421 4179 3818 4236 indifferenter
3837 4175 3995 4252 ἱσχύν

2351 4275 2408 4326 et
2439 4270 2654 4342 ἀρετήν,
2683 4273 2948 4327 virtutem
2982 4270 3322 4327 nominent:
3376 4269 3628 4344 maxime
3658 4268 3796 4342 quia
3827 4268 3991 4330 forti-

2351 4361 2492 4416 tudo
2519 4361 2778 4432 corporis
2807 4361 2993 4417 virtus
3023 4359 3205 4416 animi
3236 4358 3621 4416 existimatur.
3648 4357 3992 4435 Quanquam

2351 4454 2407 4505 et
2431 4449 2586 4522 apud
2607 4449 2990 4522 philosophos
3013 4448 3165 4505 inter
3181 4453 3433 4521 quatuor
3453 4448 3694 4509 virtutes
3715 4442 3994 4502 fortitudo

2353 4538 2430 4594 sit
2463 4540 2652 4612 posita
2675 4564 2690 4607 ς
2712 4556 2890 4611 quam
2915 4539 3119 4610 utique
3141 4538 3344 4609 animi,
3367 4541 3424 4594 et
3443 4553 3556 4593 non
3577 4531 3834 4606 corporis
3855 4549 3993 4612 esse

596 4637 778 4690 tatem
831 4638 1032 4702 vertat,
1093 4639 1149 4690 et
1205 4636 1380 4692 faciat
1433 4638 1503 4693 de
1560 4638 1838 4694 servitute
1891 4641 2237 4712 mercedem,
2268 4643 2316 4710 D
2352 4629 2725 4686 manifestum
2756 4633 2861 4685 esto
2898 4628 3060 4692 QUOd
3105 4627 3286 4702 ἱεὶίιιτ
3332 4628 3450 4687 ait;
3498 4622 3904 4712 confortaminf’:
3932 4624 3996 4678 ίη

599 4721 852 4778 maxime
883 4739 1018 4778 cum
1058 4723 1333 4779 dominus
1388 4726 1580 4783 carnis
1638 4745 1671 4782 a
1730 4728 1972 4786 Domino
2001 4729 2246 4801 spiritus

563 4852 568 4854 -
601 4809 830 4866 diversa
859 4827 974 4866 non
1005 4811 1269 4882 imperet.
1303 4813 1420 4869 Hoc
1452 4819 1540 4870 est
1587 4815 1742 4870 enim
1793 4818 1945 4888 quod
1979 4818 2094 4872 ait:
2129 4819 2245 4874 Non

597 4899 669 4954 ad
698 4900 914 4954 oculum
943 4902 1257 4970 servientes,
1287 4906 1347 4955 ut
1375 4903 1687 4959 hominibus
1737 4907 2028 4975 placentes,
2061 4909 2157 4962 sed
2187 4917 2246 4963 ut

595 4991 742 5045 servi
773 4988 998 5060 Christi,
1027 4990 1293 5061 facientes
1319 4993 1650 5048 voluntatem
1687 4996 1801 5050 Dei.
1837 4996 1948 5050 Sed
1981 4999 2037 5050 et
2055 4995 2243 5068 ipsam

598 5077 938 5135 ﬁdelitatem
965 5095 1077 5134 non
1103 5084 1362 5136 coactam
1388 5098 1590 5136 servus
1620 5082 1852 5149 habeat,
1893 5084 1993 5139 sed
2013 5090 2246 5157 sponta-

598 5184 765 5223 neam
797 5171 853 5222 et
882 5183 950 5223 ex
980 5168 1211 5222 animo:
1257 5168 1337 5223 sic
1389 5170 1646 5225 serviens
1687 5171 1924 5227 domino
1955 5190 2061 5229 suo
2093 5173 2246 5230 sicut

597 5257 848 5324 Christo,
884 5273 916 5310 a
949 5273 1062 5329 quo
1107 5262 1447 5330 recepturus
1478 5264 1566 5314 est
1586 5259 1775 5316 ﬁdelis
1797 5261 2098 5333 praemium
2124 5279 2243 5318 ser-

599 5346 820 5416 vitutis,
854 5363 967 5402 non
1003 5345 1197 5402 minus
1232 5363 1406 5418 quam
1441 5347 1489 5402 si
1521 5347 1666 5404 liber
1706 5349 2003 5406 voluntate
2034 5352 2244 5407 servis-

600 5441 706 5491 set.
741 5435 927 5492 Simul
959 5440 1016 5491 et
1045 5436 1153 5492 hoc
1184 5437 1528 5501 notandum,
1562 5438 1716 5508 quod
1741 5436 2078 5496 obedientiae
2102 5439 2245 5496 tilio-

602 5539 730 5578 rum
761 5529 935 5595 atque
965 5541 1260 5580 servorum
1292 5522 1522 5581 diversa
1559 5523 1946 5596 subjunxerit.
1980 5526 2060 5582 Ad
2091 5525 2241 5583 ﬁlios

673 5736 688 5770 ¹
721 5734 934 5793 Vitiose
965 5754 1141 5809 penes
1189 5739 1580 5808 Martianzeus,
1633 5743 1915 5813 promptus
1953 5739 2024 5796 ad
2051 5741 2238 5799 verba.

2362 4722 2619 4789 Domino,
2645 4727 2696 4775 et
2717 4721 2775 4774 in
2804 4720 3045 4792 potentia
3076 4720 3300 4776 virtutis
3339 4719 3478 4792 ejus,
3519 4717 3707 4795 totum
3747 4711 4002 4770 sentitur

2353 4810 2412 4864 in
2444 4808 2698 4876 Christo,
2730 4811 2794 4863 ut
2821 4808 2880 4864 in
2913 4807 3189 4864 omnibus
3224 4807 3539 4866 virtutibus
3567 4821 3695 4877 quae
3725 4819 3902 4876 super
3929 4817 3998 4858 eo

2352 4897 2780 4971 intelliguntur,
2813 4895 2913 4970 qui
2944 4896 3296 4952 crediderint
3323 4896 3742 4960 confortentur,
3779 4895 3836 4948 et
3865 4908 3999 4965 pru-

2355 4987 2560 5043 denter
2583 4991 2716 5059 post
2745 4985 3021 5060 specialia
3052 4987 3349 5055 mandata,
3375 4984 3515 5058 quid
3547 4981 3686 5064 viris
3713 4987 3771 5038 et
3801 4979 3996 5037 uxori-

2353 5076 2485 5143 bus,
2515 5077 2780 5150 patribus
2811 5082 2865 5133 et
2895 5076 3054 5148 ﬁliis,
3087 5073 3341 5134 dominis
3372 5079 3430 5132 et
3477 5073 3659 5154 servis
3685 5071 4000 5153 observan-

2353 5167 2495 5223 dum
2527 5166 2625 5236 sit,
2658 5184 2815 5223 nunc
2867 5164 3216 5240 generaliter
3270 5165 3546 5223 omnibus
3596 5163 3657 5221 in
3688 5176 4002 5226 commune

2355 5256 2632 5328 praecipit,
2666 5262 2733 5312 ut
2759 5256 2820 5312 in
2851 5255 3100 5312 Domino
3138 5258 3196 5310 et
3223 5253 3282 5311 in
3331 5255 3460 5327 ejus
3485 5251 3744 5327 potentia
3771 5248 3999 5309 confer-

2352 5345 2479 5416 tati,
2511 5349 2837 5419 praeparent
2865 5362 2927 5401 se
2968 5345 3280 5404 adversum
3329 5343 3654 5424 diabolum,
3675 5341 3761 5422 lude
3791 5355 3904 5414 quo
3936 5338 4000 5394 in

2353 5436 2846 5514 consequentibus
2878 5435 3104 5502 scribit.
3645 5431 3648 5435 ’
3831 5429 3836 5434 ’

2423 5525 2608 5594 (Vers.
2641 5525 2732 5596 41)
2766 5547 2794 5575 ‹‹
2827 5525 3060 5583 Induite
3091 5523 3302 5584 omnia
3350 5540 3518 5584 arma
3563 5522 3686 5594 Dei,
3719 5525 3785 5578 ut
3811 5517 4004 5596 possi-
