4310 6594
290 529 407 590 577
932 519 1448 584 COMMENTAR.
1495 522 1575 582 IN
1620 521 1872 581 EPIST.
1917 519 2020 580 AD
2067 519 2341 582 EPHES.
2392 523 2536 582 LIB.
2584 525 2688 596 III,
2736 523 2906 585 CAP.
2955 527 3057 588 Vl.
3579 530 3718 591 578'

297 661 376 716 tis
405 663 562 716 stare
591 659 790 714 contra
819 654 1105 710 versutias
1137 653 1422 710 diaboli.»
1454 654 1536 708 Ex
1565 653 1658 709 his
1688 669 1816 725 quae
1848 652 1936 708 in-
1968 653 2024 719 Α
2055 651 2476 724 interpretatur
2520 658 2903 713 criminator”.
2935 658 3108 715 Juxta
3138 660 3357 716 Hebraei
3392 678 3524 716 vero
3573 679 3698 718 ser-

303 752 392 805 fra
424 748 694 820 legimus,
727 750 783 800 et
816 743 907 799 his
938 761 1064 814 quae
1111 743 1170 798 in
1222 743 1542 816 Scripturis
1573 743 1847 799 omnibus
1877 743 1947 798 de
2061 742 2250 797 monis
2282 744 2716 814 proprietatem,
2746 747 2885 817 quia
2912 752 2969 802 et
2997 749 3185 803 tribus
3214 749 3469 806 Zabulon
3503 768 3710 823 quam-

302 837 546 894 Domino
595 834 886 892 Salvatore
935 832 1229 901 dicuntur,
1264 833 1742 890 manifestissime
1791 849 1948 888 com-
2060 831 2194 885 dam
2219 830 2665 890 similitudinem
2689 835 2868 906 hujus
2887 837 3152 892 vocabuli
3181 838 3375 905 habet,
3401 839 3704 914 καταρύων,

308 928 609 1000 probatur,
631 922 829 980 omnia
859 939 1023 978 arma
1048 922 1150 978 Dei
1172 922 1389 994 quibus
1420 940 1573 978 nunc
1599 923 1762 978 indui
1794 924 1953 992 iube-
2061 919 2118 973 id
2151 924 2240 974 est
2266 920 2528 978 deorsum
2559 925 2733 992 ﬂuens
2755 925 2867 979 dici
2902 930 3111 998 potest,
3135 928 3289 997 quod
3315 927 3538 983 scilicet
3568 946 3712 1000 pau-

308 1033 442 1072 mur
471 1014 575 1086 [Αι.
615 1013 902 1083 jubetur],
933 1010 1182 1083 intelligi
1230 1011 1617 1080 Salvatorem;
1653 1017 1716 1067 ut
1767 1027 1952 1066 unum
2064 1008 2226 1063 latim
2259 1010 2330 1064 de
2363 1011 2576 1066 virtute
2627 1014 2699 1067 ad
2746 1013 2954 1070 vitium
2989 1014 3240 1082 fluxerit,
3273 1021 3329 1072 et
3361 1018 3430 1072 de
3461 1017 3706 1074 crelesti-

310 1109 483 1176 atque
525 1103 683 1157 idem
734 1102 811 1157 sit
858 1099 1093 1168 dixisse,
1130 1101 1354 1156 lnduite
1400 1117 1502 1156 vos
1548 1101 1744 1156 omnia
1793 1117 1957 1156 arma
2064 1097 2176 1152 bus
2208 1099 2279 1152 ad
2311 1105 2538 1155 terrena
2567 1102 2869 1156 corruerit.

310 1193 440 1262 Dei;
474 1191 646 1264 quasi
693 1189 903 1246 dixerit
935 1207 948 1246 ε
981 1189 1201 1245 Induite
1246 1192 1544 1246 Dominum
1571 1191 1755 1247 Iesum
1802 1189 1956 1245 Chri-

311 1290 460 1339 stum
489 1283 664 1352 (Rom.
697 1296 820 1350 xm,
854 1280 962 1350 14).
997 1279 1056 1334 Si
1087 1279 1242 1334 enim
1276 1279 1578 1351 cingulum
1606 1280 1817 1335 veritas
1849 1285 1956 1349 est,

311 1377 368 1428 et
415 1370 596 1426 lorica
635 1368 870 1440 justitia
913 1372 1048 1424 est:
1092 1367 1353 1424 Salvator
1399 1375 1592 1425 autem
1646 1374 1703 1424 et
1749 1369 1960 1424 veritas

313 1463 492 1532 (Joan.
525 1476 639 1530 xxv,
669 1459 746 1530 6),
789 1463 846 1514 et
885 1457 1117 1528 justitia
1159 1457 1497 1513 nominatur
1539 1459 1586 1528 (ι
1628 1459 1747 1514 Cor.
1782 1477 1818 1529 ι,
1847 1459 1958 1529 30),

314 1549 462 1605 nulli
492 1548 738 1604 dubium
771 1546 914 1618 quin
961 1547 1086 1618 ipse
1116 1551 1172 1602 et
1201 1547 1504 1618 cingulum
1535 1547 1612 1602 sit
1659 1552 1715 1603 et
1761 1548 1960 1603 lorica.

318 1640 519 1710 Itaque
539 1638 712 1710 juxta
739 1636 881 1707 haec,
915 1636 1040 1707 ipse
1071 1635 1179 1691 erit
1207 1640 1264 1692 et
1293 1637 1637 1708 praeparatio
1668 1636 1963 1709 Evangelii

317 1729 500 1800 pacis,
515 1731 572 1783 et
602 1730 840 1782 scutum
869 1724 1024 1797 ﬁdei,
1059 1730 1115 1780 et
1146 1726 1311 1798 galea
1339 1726 1637 1798 salutaris,
1657 1731 1713 1782 et
1733 1725 1965 1799 gladius

319 1817 585 1890 spiritus,
618 1815 774 1887 quod
807 1819 898 1871 est
934 1816 1177 1872 verbum
1213 1815 1314 1872 Dei
1346 1817 1514 1887 (Vers.
1551 1817 1761 1886 14-17),
1796 1821 1851 1871 et
1880 1817 1967 1872 vi-

317 1923 459 1963 vens
490 1922 682 1962 sermo
714 1908 771 1960 et
802 1904 1026 1976 efﬁcax,
1058 1909 1114 1960 et
1144 1911 1352 1960 acutus
1381 1923 1559 1978 super
1585 1922 1818 1962 omnem
1850 1905 1969 1978 gla-

322 1996 486 2052 dium
510 2013 576 2052 ex
607 1999 858 2067 utraque
890 1999 1055 2066 parte
1095 1999 1332 2050 acutum
1367 1995 1548 2058 (Hebr.
1582 2013 1656 2066 1v,
1694 1996 1799 2067 13).
1834 1996 1968 2059 Quae

322 2089 518 2141 autem
549 2083 664 2139 alia
692 2100 857 2139 arma
882 2083 982 2139 Dei
1017 2100 1333 2155 possumus
1364 2084 1717 2151 existimare,
1754 2085 1969 2157 quibus

321 2175 657 2230 induendus
688 2176 777 2228 est
796 2172 897 2244 qui
923 2172 1100 2228 habet
1119 2173 1429 2230 adversum
1453 2173 1668 2229 diaboli
1693 2175 1972 2230 dimicare

325 2262 614 2318 versutias
666 2264 904 2333 excepta
948 2262 1182 2328 virtute,
1216 2279 1342 2334 quae
1371 2263 1638 2319 Christus
1682 2268 1790 2320 est.
1819 2265 1974 2319 670

327 2353 493 2407 Hunc
520 2351 678 2406 enim
705 2354 721 2386 ¹
755 2350 854 2421 qui
893 2351 1065 2422 juxta
1093 2352 1292 2407 omnia
1330 2368 1457 2423 quae
1503 2369 1680 2424 super
1708 2369 1774 2408 eo
1806 2352 1975 2408 intel-

325 2441 610 2513 liguntur,
645 2439 818 2495 fuerit
866 2439 1133 2507 indutus,
1185 2444 1390 2512 potens
1443 2441 1552 2496 erit
1603 2446 1805 2498 contra
1847 2441 1976 2496 uni-

326 2546 524 2586 versas
556 2527 800 2584 insidias
831 2527 1048 2582 diaboli
1093 2544 1441 2601 repugnare,
1472 2534 1529 2585 et
1560 2532 1887 2586 secundum
1919 2530 1989 2586 id’

332 2620 570 2692 quidem
603 2617 755 2689 quod
788 2616 1032 2673 veritate
1064 2616 1410 2688 praecinctus
1439 2623 1546 2691 est,
1573 2637 1686 2675 non
1722 2619 1886 2675 facile
1908 2621 1978 2675 ad

332 2706 606 2765 falsitatis
633 2707 912 2778 dogmata
941 2707 1285 2763 deducetur.
1317 2707 1495 2763 Juxta
1523 2707 1632 2764 hoc
1662 2725 1795 2764 vero
1827 2710 1981 2780 quod

332 2797 573 2853 loricam
603 2796 847 2851 indutus
870 2795 1243 2867 estjustitiae,
1268 2796 1596 2868 iniquitatis
1619 2798 1835 2868 jaculis
1869 2815 1982 2854 non

340 2885 550 2960 poterit
578 2885 878 2958 perforari.
903 2884 1017 2940 Nec
1050 2901 1165 2940 non
1198 2902 1330 2940 cum
1363 2886 1639 2942 calciatus
1674 2888 1847 2942 fuerit
1873 2887 1984 2943 cal-

337 2974 640 3032 ciamentis
688 2973 1100 3047 pulcherrimis
1130 2973 1189 3029 in
1221 2976 1641 3047 praeparatione
1692 2976 1983 3049 Evangelii

339 3065 518 3138 pacis,
551 3063 717 3137 quasi
748 3063 799 3120 is
829 3063 929 3136 qui
961 3065 1303 3137 praeparavit
1331 3066 1390 3120 in
1422 3066 1537 3121 ﬁne
1567 3083 1900 3146 Operasua,
1929 3071 1986 3122 et

338 3154 550 3210 idcirco
582 3154 743 3226 pacis
773 3153 947 3209 homo
969 3154 1158 3209 factus
1189 3159 1298 3225 est,
1320 3171 1424 3210 nec
1453 3154 1730 3212 bellicum
1763 3155 1984 3228 aliquid

339 3247 395 3298 et
424 3241 858 3298 tumultuosum
892 3241 1029 3314 agit,
1055 3259 1160 3298 nec
1191 3259 1323 3298 cum
1353 3243 1445 3299 his
1467 3244 1567 3316 qui
1592 3245 1985 3318 impraeparati

340 3335 406 3388 s'u
417 3336 499 3401 nt,
515 3330 1023 3388 condemnabitur.
1039 3331 1356 3388 Inﬁdelitas
1379 3349 1632 3406 quoque,
1648 3352 1774 3406 quae
1796 3334 1988 3391 inimi-

2139 1186 2322 1257 (Vers.
2361 1189 2466 1255 12).
2497 1212 2523 1238 ‹‹
2557 1189 2842 1252 Quoniam
2895 1209 3009 1246 non
3041 1197 3129 1247 est
3171 1194 3342 1250 nobis
3389 1194 3719 1251 colluctatio

2069 1275 2348 1332 adversus
2379 1278 2526 1331 671
2567 1279 2914 1350 sanguinem
2945 1285 3002 1335 et
3023 1297 3288 1350 carnem;
3319 1284 3419 1339 sed
3441 1285 3723 1341 adversus

2070 1364 2456 1436 principatus,
2489 1367 2768 1423 adversus
2817 1375 3133 1439 potestates
3183 1371 3461 1428 adversus
3511 1374 3718 1429 mundi

2073 1459 2324 1509 rectores
2377 1456 2750 1511 tenebrarum
2804 1459 3033 1526 harum,
3064 1460 3343 1516 adversus
3393 1461 3724 1533 spiritualia

2075 1542 2347 1614 nequitiae
2376 1543 2435 1598 in
2458 1545 2812 1601 coelestibus.
2833 1569 2853 1597 ι
2884 1547 3008 1601 Non
3033 1553 3173 1618 puto
3203 1548 3448 1604 Paulum
3472 1551 3731 1606 scriben-

2076 1637 2192 1687 tem
2225 1633 2296 1687 ad
2329 1633 2660 1689 Corinthios
2709 1635 2900 1691 dicere
2932 1639 3191 1707 potuisse
3226 1655 3238 1692 :
3273 1639 3397 1693 Non
3449 1644 3538 1695 est
3565 1640 3731 1696 vobis

2077 1720 2406 1776 colluctatio
2437 1723 2716 1780 adversus
2755 1741 2990 1779 carnem
3021 1730 3078 1779 et
3109 1728 3480 1799 sanguinem,
3516 1728 3732 1800 quibus

2077 1809 2159 1864 ait
2191 1827 2203 1865 :
2242 1811 2486 1868 Tentatio
2517 1828 2605 1868 vos
2644 1829 2752 1869 non
2796 1815 3169 1885 apprehendat
3195 1817 3312 1870 nisi
3338 1818 3601 1873 humana.
3634 1820 3726 1872 Fi-

2076 1898 2213 1954 delis
2248 1904 2432 1955 autem
2477 1902 2636 1970 Deus,
2671 1904 2768 1972 qui
2815 1919 2925 1957 non
2965 1906 3244 1974 permittet
3275 1905 3388 1976 [AL
3429 1908 3724 1977 permittit]

2079 2005 2169 2044 vos
2225 1991 2432 2044 tentari
2475 2006 2647 2062 supra
2704 1992 2760 2046 id
2815 1992 2957 2063 quod
3006 1995 3232 2064 potestis
3278 1996 3320 2067 (I
3369 1995 3720 2068 Cor.x,13).

2083 2078 2362 2134 Existimo
2394 2079 2610 2152 quippe
2658 2082 2936 2137 adversus
2987 2100 3220 2139 carnem
3269 2088 3327 2140 et
3373 2086 3724 2158 sanguinem

2081 2183 2210 2222 esse
2257 2168 2600 2236 certamina,
2651 2185 2778 2239 quae
2836 2169 2916 2224 ibi
2966 2171 3317 2228 tentationes
3363 2174 3734 2245 appellantur

2085 2255 2377 2326 humanae,
2411 2258 2645 2329 quando
2692 2275 2823 2314 caro
2855 2260 3215 2332 concupiscit
3245 2263 3527 2319 adversus
3559 2263 3748 2335 spiri-'

2086 2350 2236 2415 tum,
2264 2351 2320 2401 et
2349 2352 2621 2418 provocat
2652 2364 2758 2404 nos
2804 2349 2990 2404 facere
3020 2367 3196 2422 opera
3239 2368 3368 2419 sua,
3401 2352 3734 2409 fornicatio-

2088 2452 2246 2506 nem,
2278 2435 2740 2504 immunditiam,
2764 2437 3080 2509 luxuriam,
3103 2439 3514 2509 idololatriam,
3546 2442 3742 2498 inimi-

2090 2525 2278 2592 citias,
2313 2527 2734 2596 contentiones,
2767 2528 3187 2600 aemulationes,
3234 2531 3374 2596 iras,
3408 2532 3580 2601 rixas,
3616 2532 3736 2587 dis-

2091 2615 2417 2678 sensiones,
2451 2615 2720 2682 haereses,
2754 2615 3019 2688 insidias,
3066 2619 3394 2683 ebrietates,
3441 2637 3736 2677 comessa-

2090 2704 2278 2758 tiones
2337 2703 2539 2775 (Gatat.
2589 2721 2641 2770 v,
2702 2707 2896 2776 17-21)
2955 2711 3012 2761 et
3067 2707 3292 2778 reliqua
3348 2709 3439 2764 his
3499 2708 3736 2765 similia.

2093 2793 2268 2848 Porro
2301 2810 2414 2848 non
2445 2798 2534 2848 est
2564 2794 2823 2850 humana
2855 2795 3116 2863 tentatio,
3149 2813 3254 2852 nec
3293 2798 3572 2854 adversus
3612 2813 3740 2853 car-

2096 2899 2227 2936 nem
2261 2885 2317 2936 et
2337 2882 2686 2953 sanguinem
2716 2900 2932 2956 pugna,
2961 2887 3192 2955 quando
3220 2890 3321 2941 aut
3352 2888 3476 2959 ipse
3495 2888 3742 2943 Satanas

2094 2972 2548 3042 transﬁguratus
2597 2972 2656 3026 in
2705 2973 2979 3045 angelum
3028 2974 3177 3030 lucis
3229 2976 3300 3047 (II
3346 2975 3464 3031 Cor.
3507 2994 3584 3045 x1,
3633 2977 3740 3048 14).

2097 3061 2443 3131 persuadere
2474 3061 2701 3127 nititur,
2735 3069 2799 3116 ut
2837 3079 2972 3118 eum
3017 3064 3288 3136 angelum
3319 3065 3468 3122 lucis
3499 3067 3742 3122 arbitre-

2097 3166 2252 3214 mur,
2285 3154 2386 3205 aut
2414 3150 2634 3222 aliquid
2663 3151 2872 3207 horum
2917 3153 3112 3209 simile
3155 3155 3313 3223 facit,
3345 3157 3402 3210 in
3435 3156 3594 3212 omni
3624 3156 3740 3211 vir-

2095 3244 2237 3306 tute,
2271 3239 2455 3313 signis
2486 3246 2544 3296 et
2585 3241 2870 3312 portentis
2904 3243 3307 3311 mendacibus,
3340 3246 3397 3299 in
3447 3245 3608 3301 omni
3640 3247 3739 3301 de-

2097 3330 2360 3401 ceptione
2407 3329 2738 3400 iniquitatis
2785 3331 2857 3399 (II
2898 3333 3071 3388 Thess.
3107 3350 3167 3403 II,
3197 3335 3374 3401 9-10).
3408 3335 3554 3390 Nam
3605 3352 3741 3391 cum

341 3439 407 3479 ea
431 3394 522 3478 est
548 3420 704 3485 ﬁdei,
719 3420 818 3475 ubi
840 3423 1075 3476 scutum
1097 3425 1185 3476 est
1207 3422 1362 3489 fidei,
1383 3394 1533 3477 nihil
1550 3394 1783 3479 valebit.
1803 3426 1989 3498 Caput
2016 3394 2059 3462 Ο
2097 3394 2354 3489 aliquem
2378 3394 2709 3490 illaq-uearit
2726 3394 3003 3476 inimicus
3023 3426 3086 3476 ut
3106 3394 3348 3493 recipiat
3367 3439 3448 3492 se,
3464 3429 3521 3479 et
3541 3423 3743 3495 loqua-

338 3511 517 3567 etiam
538 3512 594 3566 et
615 3508 933 3581 principale
972 3509 1184 3574 cordis,
1207 3515 1262 3565 et
1292 3511 1501 3566 animae
1531 3512 1590 3566 in
1633 3529 1746 3584 quo
1779 3530 1990 3570 sensus

340 3615 548 3656 omnes
589 3598 762 3655 locati
796 3602 955 3667 sunt,
981 3597 1188 3654 salutis
1218 3599 1383 3672 galea
1412 3601 1841 3658 circumdatum
1875 3621 1989 3659 non

341 3688 738 3766 quassabitur.
762 3687 847 3743 Ad
881 3691 1204 3770 extremum
1227 3692 1394 3760 quasi
1418 3691 1504 3744 vir
1529 3690 1775 3748 bellator
1802 3698 1859 3748 et
1879 3693 1988 3748 for-

342 3779 436 3848 tis,
453 3795 656 3834 omnes
681 3781 868 3832 sectas
890 3777 1211 3833 contrarias
1229 3779 1454 3833 veritati
1474 3781 1759 3849 concidet,
1778 3781 1993 3838 interﬁ-

341 3868 472 3935 ciet,
485 3864 801 3940 jugulabit,
827 3857 1092 3938 gladium
1113 3866 1381 3938 spiritus,
1401 3868 1459 3923 id
1482 3872 1846 3934 est,verbum
1867 3872 1988 3944 Dei,

340 3973 519 4012 manu
537 3961 762 4011 tenens.
778 3953 993 4010 Volens
1015 3971 1149 4027 ergo
1171 3956 1484 4027 Apostolus
1508 3957 1856 4016 multimoda
1873 3961 1994 4017 dia-

341 4044 457 4102 boli
491 4045 725 4117 ingenia
763 4045 1090 4113 ostendere,
1119 4046 1336 4116 quibus
1380 4063 1485 4102 nos
1531 4065 1734 4121 capere
1775 4050 1995 4106 nitatur

344 4136 449 4204 [AL
485 4135 736 4203 nititur],
763 4150 864 4206 per
888 4151 956 4189 ea
987 4132 1192 4189 locain
1215 4136 1432 4206 quibus
1465 4153 1578 4193 non
1609 4139 1768 4194 omni
1800 4145 1993 4196 custo-

346 4222 444 4280 dia
475 4239 773 4278 servemus
819 4238 918 4279 cor
949 4219 1560 4295 nostrum,_pefloaaia¢
1603 4227 1752 4299 ejus,
1787 4228 1843 4282 id
1884 4233 1993 4297 est,

345 4311 783 4367 adinventiones
803 4311 889 4368 vel
919 4313 1207 4368 versutias
1235 4315 1646 4371 nominavit.Si
1679 4317 1834 4372 enim
1861 4318 1995 4373 abs-

345 4401 697 4457 tinuerimus
729 4419 834 4459 nos
867 4420 900 4458 a
929 4419 1240 4474 corporum
1271 4403 1587 4476 voluptate,
1613 4423 1822 4478 parum
1857 4424 1992 4463 cau-

341 4482 432 4547 t'os
459 4491 518 4546 in
549 4491 792 4547 avaritia
822 4492 997 4564 capit.
1034 4492 1197 4556 Quod
1228 4492 1278 4548 si
1307 4498 1365 4548 et
1397 4494 1702 4550 avaritiam
1735 4512 1870 4552 cum
1901 4514 1997 4552 vo-

338 4581 560 4653 luptate
590 4581 1045 4649 contemnimus,
1071 4599 1172 4654 per
1197 4581 1492 4638 luxuriam
1522 4583 1747 4656 irrepit,
1771 4590 1826 4640 et
1858 4586 1996 4642 facit

341 4671 509 4726 nobis
538 4675 802 4727 ventrem
847 4687 975 4726 esse
1023 4670 1220 4743 deum,
1254 4676 1311 4727 et
1343 4689 1444 4744 per
1492 4672 1642 4728 hanc
1691 4674 1866 4730 etiam
1898 4675 1996 4731 illa

2101 3515 2196 3563 tur
2225 3508 2283 3561 in
2318 3525 2404 3577 eo,
2428 3510 2548 3564 haec
2569 3510 2703 3564 dicit
2723 3511 3006 3581 Dominus,
3029 3527 3144 3566 non
3173 3511 3340 3582 quasi
3370 3529 3503 3567 caro
3533 3518 3591 3568 et
3611 3529 3744 3568 san-

2101 3598 2231 3672 guis
2261 3615 2394 3652 eum
2428 3597 2664 3669 decipit,
2688 3605 2789 3653 aut
2836 3600 3004 3670 quasi
3061 3600 3322 3656 humana
3348 3602 3613 3670 tentatio,
3646 3604 3748 3658 sed

2103 3687 2270 3760 quasi
2303 3687 2666 3760 principatus
2688 3695 2743 3744 et
2774 3693 3052 3760 potestas,
3078 3695 3265 3746 rector
3295 3692 3670 3747 tenebrarum
3693 3697 3750 3748 et

2103 3777 2367 3848 nequitia
2397 3778 2739 3849 spiritualis.
2765 3781 3156 3843 Quamobrem
3179 3798 3294 3836 non
3317 3782 3525 3837 demus
3554 3781 3748 3838 locum

2102 3865 2332 3921 diabolo
2361 3866 2576 3938 (Ephes.
2604 3883 2674 3936 iv,
2697 3869 2810 3938 27),
2834 3870 2935 3924 sed
2962 3875 3018 3925 et
3048 3870 3097 3926 si
3128 3871 3370 3942 spiritus
3401 3877 3748 3943 potestatem

2103 3955 2375 4011 habentis
2398 3958 2724 4012 ascenderit
2746 3974 2922 4029 super
2942 3975 3068 4030 nos,
3084 3961 3254 4030 juxta
3274 3962 3430 4033 quod
3463 3962 3748 4034 scriptum

2105 4049 2214 4111 est,
2237 4048 2425 4099 locum
2451 4063 2566 4100 non
2589 4048 2797 4102 demus
2819 4047 2869 4102 ei
2891 4049 3085 4118 (Eccle.
3105 4066 3159 4117 x,
3176 4051 3250 4120 4).
3266 4050 3430 4105 Dicat
3453 4051 3748 4123 quispiam

2106 4134 2214 4188 hoc
2237 4135 2391 4204 quod
2415 4134 2494 4189 ait
2518 4152 2530 4188 ε
2556 4137 2672 4190 Non
2702 4141 2779 4190 est
2807 4139 2962 4191 nobis
2991 4139 3313 4193 colluctatio
3339 4139 3598 4194 adversus
3628 4156 3756 4195 san-

2105 4225 2330 4291 guinem
2360 4233 2408 4279 et
2436 4241 2678 4290 carnem,
2701 4225 2791 4279 sed
2821 4225 3106 4280 adversum
3128 4229 3479 4298 principatus
3507 4238 3560 4283 et
3583 4238 3754 4300 potes-

2107 4317 2261 4382 tates,
2287 4319 2343 4369 et
2373 4319 2575 4369 caetera
2605 4331 2736 4387 quae
2765 4321 3116 4388 sequuntur,
3147 4317 3274 4372 ideo
3297 4319 3431 4386 dici,
3457 4323 3523 4373 ut
3545 4319 3751 4374 docea-

2110 4419 2260 4474 mur,
2287 4421 2357 4458 ne
2388 4421 2455 4460 ea
2478 4405 2714 4476 quidem
2749 4422 2874 4476 quae
2898 4405 3066 4461 nobis
3087 4406 3404 4462 ministrari
3426 4407 3565 4463 vitia
3590 4412 3755 4481 puta-

2109 4509 2243 4548 mus
2274 4510 2342 4548 ex
2373 4510 2563 4561 carne,
2590 4495 2783 4550 carnis
2815 4511 2942 4549 esse
2973 4495 3057 4550 vel
3090 4495 3416 4567 sanguinis,
3441 4497 3543 4552 sed
3566 4515 3600 4552 a
3620 4496 3750 4569 qui-

2106 4583 2359 4637 busdam
2379 4583 2789 4655 Spiritualibus
2821 4585 3097 4656 nequitiis
3128 4587 3382 4658 suggeri.
3412 4588 3562 4642 Sunt
3591 4588 3752 4644 enim

2109 4672 2349 4744 quidam
2382 4673 2674 4728 daemones
2706 4675 3008 4730 amoribus
3055 4682 3112 4730 et
3157 4677 3458 4732 amatoriis
3507 4677 3754 4733 canticis

339 4776 466 4832 quae
499 4760 671 4816 fortia
700 4777 830 4816 esse
860 4760 1233 4828 videbantur,
1263 4768 1578 4835 expugnat.
1601 4764 1672 4819 Et
1701 4765 1994 4836 quomodo
2023 4764 2075 4832 D
2106 4760 2442 4832 servienteS,
2488 4768 2551 4816 ut
2600 4763 2884 4833 propheta
2927 4781 3161 4836 quoque
3209 4772 3636 4824 commemorat
3663 4768 3753 4822 di-

340 4841 530 4906 solent
560 4848 858 4921 sapientes
882 4851 1244 4908 exercituum
1268 4852 1584 4925 principes,
1608 4871 1676 4910 ea
1694 4853 1783 4910 vel
1818 4855 1996 4911 maxi-

342 4955 434 4995 me
466 4955 806 5013 oppugnare
855 4939 1092 4996 urbium
1142 4940 1269 4997 loca
1319 4958 1445 5014 quae
1491 4951 1711 5014 ‘parum
1772 4945 1999 5001 munita

342 5033 502 5098 sunt,
535 5032 591 5088 et
622 5045 758 5085 cum
793 5045 896 5103 per
932 5029 1033 5086 illa
1070 5031 1407 5104 irruperint,
1442 5032 1610 5089 facile
1640 5035 1868 5090 munita
1899 5052 1997 5090 ca-

342 5115 609 5189 piantur;
645 5119 726 5174 ita
759 5123 817 5175 et
863 5120 1133 5177 diabolus
1167 5137 1269 5193 per
1298 5138 1365 5177 ea
1394 5138 1521 5193 quae
1571 5128 1771 5196 patere
1820 5125 1996 5196 videt,

299 5245 306 5247 μ
341 5210 445 5262 aut
475 5211 630 5262 certe
660 5224 775 5264 non
809 5209 1058 5266 ﬁrmiter
1087 5210 1306 5278 clausa,
1333 5210 1542 5282 quaerit
1571 5214 1916 5286 irrumpere,
1940 5219 1999 5269 et

341 5297 412 5352 ad
446 5297 637 5369 ipsam
664 5313 858 5354 arcem
887 5300 1079 5356 cordis
1101 5304 1159 5355 et
1179 5301 1388 5356 animae
1419 5301 1738 5372 pervenire.
1764 5302 1832 5356 Et
1855 5303 1996 5374 quid

340 5393 433 5440 me
463 5402 701 5442 necesse
723 5389 903 5445 estde
934 5389 1204 5462 pluribus
1226 5391 1353 5461 ejus
1376 5389 1607 5445 insidiis
1635 5391 1844 5458 dicere,
1862 5408 1996 5447 eum

336 5489 404 5529 ex
435 5473 527 5531 his
559 5480 616 5532 et
646 5471 864 5533 eceterae
887 5479 1281 5535 versutiarum
1313 5481 1442 5550 ejus
1475 5481 1701 5552 species
1749 5497 1995 5553 cognos-

336 5565 584 5619 cantur?
614 5564 897 5623 Diabolus
926 5571 1145 5632 autem,
1171 5585 1384 5624 nomen
1417 5569 1680 5626 Graecum
1712 5574 1819 5639 est,
1840 5571 1994 5643 quod

416 5761 431 5795 ¹
466 5759 683 5846 Iterum
733 5765 1006 5846 corrupte
1047 5765 1203 5846 apud
1237 5765 1665 5846 Martianaeum,
1698 5770 1796 5825 Hic
1824 5772 1992 5840 enim,

341 5832 674 5908 pr9,__l_1unc,
704 5837 874 5908 enim,
908 5832 966 5892 id
998 5832 1106 5908 est,
1143 5836 1432 5908 Christum.

413 5904 436 5940 ²
461 5902 607 5962 Vide
638 5902 768 5980 quae
798 5902 906 5966 hec
936 5909 1004 5967 de
1049 5902 1285 5968 nomine
1333 5910 1711 5973 observamus
1752 5912 1859 5973 col.
1891 5915 1997 5973 629

2109 4867 2245 4906 cens
2270 4867 2282 4905 :
2308 4851 2524 4922 Spiritu
2551 4853 2934 4921 fornicationis
2954 4854 3046 4909 87
3062 4856 3108 4911 ‘2
3130 4855 3338 4911 seducti
3355 4860 3482 4912 sunt
3503 4857 3657 4929 (Osee
3680 4874 3756 4926 IV,

2110 4941 2218 5008 12).
2238 4937 2384 4994 Nam
2406 4943 2462 4993 et
2484 4939 2730 4994 barbara
2752 4941 3016 5011 quaedam
3043 4942 3284 4998 nomina
3302 4959 3504 4998 eorum
3529 4960 3656 4999 esse
3677 4944 3760 4998 di-

2110 5032 2342 5098 cuntur,
2376 5033 2440 5083 ut
2469 5044 2620 5100 saepe
2651 5030 2902 5085 confessi
2940 5038 3082 5087 sunt
3117 5032 3176 5086 hi
3209 5049 3357 5103 quos
3388 5049 3518 5088 vere
3547 5031 3757 5103 vulgus

2110 5118 2405 5174 maleficos
2434 5124 2620 5188 vocat,
2655 5125 2713 5174 et
2753 5119 3200 5189 incantationes,
3235 5127 3292 5176 et
3322 5138 3542 5192 preces,
3575 5125 3631 5175 et
3661 5136 3754 5175 co-

2108 5208 2258 5264 lores
2306 5209 2470 5278 varii,
2503 5214 2559 5264 et
2604 5209 2836 5264 diversa
2864 5210 2952 5265 vel
3001 5210 3371 5266 metallorum
3402 5227 3634 5281 genera,
3666 5208 3753 5264 vel

2107 5299 2395 5366 ciborum,
2429 5299 2500 5353 ad
2551 5315 2678 5369 quae
2729 5299 2975 5354 invocati
3024 5301 3302 5356 assistere
3350 5301 3666 5366 daemones,
3698 5304 3756 5354 et

2107 5387 2368 5442 infelices
2428 5388 2657 5444 animas
2713 5406 2918 5461 capere
2981 5394 3399 5445 memorantur.
3451 5388 3563 5441 Alii
3623 5403 3756 5443 vero

2107 5476 2462 5546 iracundias,
2506 5484 2564 5534 et
2613 5481 2858 5544 furores,
2909 5484 2964 5534 et
3013 5479 3164 5534 bella
3210 5477 3620 5532 committere:
3657 5477 3756 5532 alii

2108 5583 2357 5639 praeesse
2382 5567 2730 5639 inimicitiis,
2754 5575 2812 5624 et
2835 5569 2986 5622 inter
3007 5568 3275 5623 homines
3291 5567 3423 5621 odia
3445 5567 3753 5624 concitare.

2106 5768 2227 5839 not.
2262 5767 2312 5822 ἱ).
2347 5766 2609 5822 Diximus
2659 5770 2716 5821 et
2763 5763 2921 5829 alibi,
2947 5762 3442 5839 juxta‘Aiolicam
3493 5783 3757 5839 pronun-

2104 5838 2405 5900 tiationem
2433 5839 2706 5895 Zabulum
2736 5853 2769 5892 a
2799 5837 3089 5894 veteribus
3120 5835 3236 5893 dici
3269 5854 3372 5911 pro
3405 5835 3658 5902 diabolo.
