4310 6580
592 502 663 563 57
671 507 708 566 9

1831 502 1896 561 S.
1941 500 2251 562 EUSEBII
2296 501 2590 563 HlERON
2605 501 2742 561 YMI

3878 503 3996 565 580

591 637 738 703 Quia
766 635 892 692 vult
919 651 1077 709 ergo,
1114 634 1301 703 aiunt,
1332 634 1647 706 Apostolus
1692 648 1796 689 nos
1841 633 2043 689 docere
2072 651 2083 688 :
2122 651 2233 689 non
2268 638 2321 705 Α
2352 635 2568 705 scripta
2599 638 2739 690 sunt
2784 634 2841 688 in
2870 631 3015 704 lege,
3049 637 3105 689 et
3134 633 3297 697 Jesu,
3324 638 3384 691 et
3419 633 3569 690 libro
3610 633 3908 704 Judicum,
3938 638 3998 692 et

591 743 660 783 ex
689 732 901 783 natura
930 724 1208 797 corporis,
1232 730 1289 779 et
1319 725 1390 780 de
1424 722 1666 780 materia
1697 721 1889 778 carnis
1922 726 1978 777 et
2008 724 2241 794 sangui-

592 816 707 883 nis,
740 815 860 870 hasc
890 814 1166 871 vitiorum
1215 830 1426 887 genera
1466 812 1777 885 procreari,
1811 812 1911 866 sed
1955 811 2237 867 instinctu

593 905 958 972 daemonum;
1008 907 1313 976 propterea
1363 903 1444 957 ait
1488 917 1501 956 :
1550 905 1668 956 Non
1720 908 1797 955 est
1850 902 2006 955 nobis
2062 903 2236 956 collu-

582 996 744 1049 ctatio
787 994 1044 1049 adversus
1087 994 1415 1063 sanguinem
1455 999 1506 1045 et
1551 1006 1790 1055 carnem,
1838 990 1933 1043 sed
1981 990 2236 1045 adversus

579 1085 923 1155 principatus
970 1086 1022 1138 et
1066 1085 1383 1155 potestates,
1434 1084 1490 1134 et
1548 1078 1792 1151 reliqua.
1844 1079 1976 1134 Ideo
2035 1084 2232 1133 autem

583 1188 739 1227 nunc
768 1188 969 1228 eorum
994 1171 1092 1243 qui
1126 1168 1370 1241 magicis
1402 1167 1665 1223 infelices
1690 1166 1915 1222 artibus
1946 1167 2229 1235 serviunt,

579 1266 637 1317 et
666 1262 852 1318 facere
878 1261 988 1316 ista
1017 1258 1416 1330 perhibentur,
1441 1256 1501 1311 in
1526 1256 1785 1311 medium
1807 1254 2074 1326 exempla
2098 1272 2230 1326 pro-

577 1351 843 1416 tulimus,
873 1354 937 1403 ut
969 1348 1355 1404 retundamus
1385 1362 1586 1402 eorum
1611 1344 1970 1417 opinionem,
1996 1344 2097 1415 qui
2128 1361 2230 1416 pu-

572 1443 699 1494 tant
718 1438 916 1493 omnia
935 1436 1073 1492 vitia
1104 1451 1232 1491 esse
1261 1433 1456 1490 carnis
1483 1439 1540 1489 et
1563 1434 1891 1505 sanguinis,
1917 1439 1974 1488 et
2005 1432 2226 1487 nullam

570 1528 783 1583 habere
810 1527 1103 1582 daemones
1127 1528 1493 1596 potestatem,
1514 1526 1579 1577 ut
1600 1539 1706 1577 nos
1729 1522 1977 1577 incitent
2008 1522 2077 1576 ad
2104 1538 2229 1593 pec-

570 1614 995 1671 catum.Talem
1012 1613 1389 1669 luctationem
1410 1617 1467 1667 et
1484 1610 1692 1667 Jacob‘
1720 1615 1998 1683 putamus
2023 1609 2223 1679 fuisse,

570 1705 727 1777 quod
761 1703 985 1759 scilicet
1006 1717 1121 1757 non
1154 1702 1468 1756 adversum
1500 1716 1737 1755 carnem
1778 1705 1833 1754 et
1877 1698 2224 1771 sanguinem

571 1792 936 1849 contenderit
956 1791 1109 1859 (Gen.
1132 1807 1307 1857 xxxn,
1330 1790 1399 1843 24
1416 1824 1421 1825 ν
1437 1790 1549 1860 25),
1571 1789 1805 1860 quando
1827 1787 2112 1844 remansit
2140 1804 2227 1843 so-

570 1882 686 1947 lus,
714 1886 772 1937 et
800 1881 1137 1936 luctabatur
1167 1895 1300 1934 cum
1333 1894 1398 1934 eo
1430 1878 1627 1944 homo,
1662 1877 1947 1947 adjuvans
1980 1893 2137 1946 eum,
2169 1880 2224 1931 et

572 1972 954 2027 corroborans
984 1969 1296 2024 adversum
1328 1966 1533 2032 alium,
1567 1967 1781 2022 sudore
1831 1966 2013 2021 nimio
2044 1966 2221 2020 dimi-

571 2065 823 2115 cantem.
856 2060 927 2114 Et
973 2056 1151 2113 simul
1181 2058 1346 2124 vide;
1380 2072 1452 2111 ne
1494 2057 1642 2111 forte
1673 2055 1904 2110 ridiculi
1954 2054 2073 2110 sint
2120 2054 2219 2127 qui

570 2149 934 2207 arbitrantur
960 2147 1021 2201 in
1054 2147 1231 2201 ritum
1280 2144 1654 2215 luctantium,
1689 2149 1813 2199 tota
1841 2144 2018 2199 Jacob
2052 2150 2220 2199 nocte

569 2237 877 2294 lactatum.
910 2236 1059 2302 Quid
1112 2235 1269 2290 enim
1303 2234 1544 2307 grande,
1577 2233 1627 2289 si
1657 2238 1724 2288 ut
1770 2232 1854 2287 illi
1904 2234 2089 2300 aiunt,
2124 2232 2217 2288 lu-

571 2333 737 2384 ctans
766 2330 868 2383 aut
897 2326 1207 2397 superarit,
1231 2328 1332 2379 aut
1354 2323 1540 2379 victus
1568 2323 1680 2378 sit?
1712 2326 1820 2378 Sed
1850 2323 2021 2393 juxta
2052 2322 2220 2378 ratio-

568 2415 825 2473 nabilem
857 2419 915 2470 et
943 2414 1382 2469 convenientem
1410 2412 1749 2485 patriarcha:
1780 2411 2215 2482 luctam,ta|em

567 2506 651 2561 illi
683 2504 1152 2561 colluctationem
1203 2502 1386 2557 fuisse
1435 2502 1789 2557 credendum
1839 2506 1947 2569 est,
1980 2501 2211 2571 qualem

566 2594 623 2649 hi
658 2594 874 2650 habent
903 2593 999 2664 qui
1034 2595 1271 2664 possent
1303 2591 1491 2646 dicere
1525 2607 1536 2644 :
1571 2595 1687 2645 Non
1717 2598 1794 2645 est
1824 2592 1981 2645 nobis
2012 2591 2214 2645 cottae-

564 2686 699 2740 tatio
741 2683 999 2739 adversus
1044 2696 1269 2737 carnem
1313 2688 1363 2735 et
1412 2682 1761 2748 sanguinem.
1798 2680 1923 2734 Non
1978 2695 2215 2734 necesse

563 2778 652 2829 est
680 2777 868 2829 totum
902 2788 1057 2827 nunc
1106 2770 1215 2828 loci
1245 2769 1405 2825 illius
1436 2775 1702 2824 excutere
1751 2773 2211 2837 sacramentum,

565 2880 698 2919 cum
730 2863 788 2917 in
840 2878 945 2918 suo
997 2861 1141 2918 loco.
1174 2859 1223 2914 si
1270 2858 1487 2923 vixero,
1521 2857 1753 2929 plenius
1802 2857 2212 2912 disserendum

566 2951 661 3006 sit.
696 2950 1021 3014 Quaerimus
1053 2952 1245 3004 autem
1279 2947 1536 3017 (Consule
1567 2948 1884 3018 quaestiones
1915 2946 2214 3001 ltebraicas

565 3042 628 3094 in.
658 3039 922 3105 Genesim)
956 3037 1055 3091 ubi
1103 3035 1163 3090 in
1196 3036 1382 3090 Veteri
1421 3034 1794 3089 Testamento
1845 3033 2061 3088 Paulus
2093 3034 2212 3089 tunc

567 3127 791 3199 legerit,
833 3130 936 3181 aut
981 3141 1098 3197 qua
1138 3122 1481 3179 auctoritate
1528 3139 1653 3193 qua:
1704 3122 1942 3177 minimc
1995 3123 2213 3194 scripta

567 3221 726 3285 sunt,
777 3214 1108 3287 publicarit.
1157 3214 1226 3268 Et
1281 3211 1628 3282 conjicimus
1683 3228 1750 3266 ex
1812 3212 1898 3267 his
1958 3227 2083 3283 quae
2140 3213 2211 3268 de

567 3304 783 3379 praeliis
812 3310 869 3360 et
908 3302 1191 3376 singulari
1238 3301 1577 3368 certamine,
1612 3301 1768 3356 verbi
1821 3302 1974 3355 673
2007 3317 2206 3369 causa,

2347 727 2701 795 Regnorum,
2757 727 2813 777 et
2858 721 3364 794 Paralipomenon,
3415 722 3590 779 altius
3640 723 3996 781 intellexisse

2346 812 2710 884 Apostolum,
2743 816 2801 866 et
2833 811 3137 883 spirituale
3181 810 3398 867 bellum
3445 813 3701 869 sensisse
3751 813 3821 868 de
3867 829 3992 869 car-

2346 918 2473 969 neo,
2507 918 2621 972 quo
2664 904 2992 972 pugnantes
3035 900 3169 954 victi
3211 901 3350 968 sint,
3384 901 3504 957 sive
3551 900 3906 973 superarint,
3937 906 3995 958 et

2346 995 2609 1060 satrapas
2641 990 2878 1060 quidem
2926 988 3393 1062 uniuscujusque
3437 989 3569 1057 loci,
3600 1007 3990 1062 supernarum

2343 1078 2526 1133 fuisse
2575 1078 2790 1133 indicia
2820 1079 2926 1145 [Αἰ.
2954 1078 3200 1147 judicia]
3234 1083 3587 1150 potestatum
3623 1095 3635 1134 :
3669 1095 3836 1150 reges
3884 1096 3990 1135 au-

2341 1170 2459 1222 tem
2477 1167 2741 1239 gentium
2766 1166 3158 1238 singularum,
3183 1167 3471 1239 imagines
3491 1183 3693 1223 eorum
3712 1168 3809 1239 qui
3833 1184 3989 1225 nunc

2342 1259 2593 1311 rectores
2641 1255 2867 1325 mundi,
2915 1255 3409 1326 tenebrarumque
3446 1255 3723 1311 dicuntur
3754 1273 3766 1310 :
3801 1257 3987 1313 malos

2337 1360 2471 1400 vero
2502 1344 2771 1400 homines
2821 1343 3157 1415 spirituales
3201 1343 3495 1415 nequitias
3543 1343 3602 1399 in
3652 1343 3986 1402 coelestibus

2339 1435 2793 1490 demonstrasse.
2818 1434 2885 1487 Et
2913 1433 3143 1489 videtur
3162 1434 3331 1489 nobis
3361 1433 3673 1505 Apostolus
3704 1433 3834 1490 aliis
3859 1451 3984 1490 ver-

2336 1522 2428 1578 bis
2457 1523 2579 1578 Ι]ωο
2609 1523 2801 1577 dicere
2832 1539 2844 1577 :
2873 1522 2915 1576 Ο
2947 1523 3203 1593 Ephesii,
3227 1539 3354 1593 qua:
3394 1523 3465 1577 de
3509 1521 3722 1594 prasliis
3754 1523 3984 1580 lsraelis

2336 1612 2645 1667 adversum
2670 1612 2938 1666 nationes
2964 1610 3469 1683 legitis,videntur
3488 1610 3726 1682 quidem
3747 1627 3981 1667 carnem

2336 1717 2542 1756 sonare
2575 1700 2658 1755 vel
2692 1700 3061 1771 sanguinem,
3095 1700 3255 1755 verbi
3304 1701 3515 1772 gratia,
3559 1699 3981 1773 Egyptiorum,

2334 1790 2748 1857 Idumaaorum,
2780 1789 3271 1856 Ammonitarum,
3302 1788 3707 1844 Moabitarum.
3743 1793 3800 1844 et
3835 1805 3983 1862 gen-

2333 1878 2480 1932 tium
2512 1883 2851 1933 caaterarum
2887 1894 2899 1932 :
2938 1878 3038 1933 sed
3072 1877 3120 1933 si
3151 1894 3282 1933 vere
3311 1876 3489 1933 vultis
3530 1878 3697 1944 scire,
3736 1894 3979 1950 cognos-

2331 1965 2443 2021 cite
2473 1966 2611 2038 quia
2632 1966 2732 2021 illa
2752 1966 3026 2021 universa
3051 1965 3376 2037 ﬁguraliter
3398 1966 3815 2040 contingebant
3836 1966 3974 2023 illis.

2330 2054 2557 2126 Scripta
2584 2060 2724 2110 sunt
2745 2059 2940 2111 autem
2973 2060 3208 2127 propter
3228 2072 3354 2123 nos,
3376 2054 3435 2109 in
3460 2073 3606 2127 quos
3628 2056 3776 2111 ﬁnes
3795 2072 3975 2112 seacu-

2328 2142 2519 2199 lorum
2575 2145 2958 2200 decurrerunt
3000 2145 3044 2215 (I
3078 2144 3197 2198 Cor.
3230 2161 3286 2209 x,
3328 2144 3410 2215 ιι),
3464 2149 3529 2199 ut
3578 2144 3976 2218 intelligamus

2329 2248 2397 2287 ex
2422 2232 2559 2303 illis,
2594 2250 2707 2289 non
2753 2249 2881 2288 esse
2913 2233 3081 2287 nobis
3112 2250 3369 2305 pugnam
3402 2234 3710 2290 adversum
3741 2251 3976 2291 carnem

2328 2327 2381 2375 et
2433 2321 2801 2393 sanguinem,
2836 2322 2936 2377 sed
2979 2322 3257 2377 adversus
3304 2321 3638 2393 spirituales
3685 2324 3973 2395 quasdam

2329 2416 2384 2465 et
2416 2410 2737 2466 invisibiles
2785 2415 3125 2483 potestates,
3160 2413 3441 2467 adversus
3489 2417 3740 2469 rectores
3770 2429 3970 2469 earum

2325 2500 2725 2566 tenebrarum,
2748 2516 2875 2570 quae
2897 2498 3033 2554 huic
3063 2500 3283 2555 mundo
3312 2500 3615 2569 incubant,
3633 2506 3690 2557 et
3718 2517 3972 2559 errorem

2325 2587 2665 2643 hominibus
2713 2589 3141 2644 incredulitatis
3190 2589 3513 2657 ott‘endunt,
3560 2596 3617 2646 et
3661 2591 3970 2647 adversum

2325 2676 2654 2748 spiritualia
2685 2676 2975 2748 nequitia,
3008 2694 3137 2748 qum
3180 2676 3448 2734 habitant
3478 2678 3536 2733 in
3586 2678 3921 2737 ccelestibus
3953 2697 3967 2737 :

2325 2784 2440 2821 non
2472 2784 2587 2837 quo
2611 2767 2901 2821 daemones
2933 2767 2991 2820 in
3022 2766 3356 2823 coelestibus
3388 2772 3842 2836 commorentur,
3866 2769 3969 2826 sed

2324 2871 2438 2926 quo
2470 2872 2650 2927 supra
2680 2872 2787 2910 nos
2830 2872 2945 2924 aer,
2980 2855 3087 2911 hoc
3132 2873 3346 2912 nomen
3377 2857 3681 2928 acceperit.
3721 2856 3883 2914 Unde
3913 2863 3971 2915 et

2323 2960 2455 2999 aves
2495 2961 2620 3015 quae
2664 2944 2908 2999 volitant
2956 2962 3058 3016 per
3104 2962 3319 3017 aerem,
3353 2945 3614 3001 volucres
3666 2946 3793 3002 cceli
3840 2963 3968 3003 esse

2322 3034 2618 3089 dicuntur.
2653 3033 2798 3089 Nam
2833 3039 2888 3088 et
2917 3033 2975 3087 in
3010 3034 3121 3088 alio
3156 3034 3280 3089 loco
3312 3036 3383 3090 de
3414 3035 3780 3092 daemonibus
3809 3037 3966 3108 quod

2322 3124 2381 3178 in
2415 3140 2546 3178 aere
2574 3124 2689 3179 isto
2733 3132 3035 3195 vagentur,
3068 3124 3379 3195 Apostolus
3410 3124 3491 3179 ait
3518 3126 3579 3179 In
3608 3126 3803 3197 quibus
3843 3143 3966 3181 am-

2322 3214 2551 3267 bulastis
2581 3214 2879 3283 aliquando
2915 3214 3082 3284 juxta
3120 3213 3382 3268 saeculum
3428 3214 3625 3268 mundi
3668 3215 3848 3282 istius,
3880 3230 3964 3269 se-

2319 3302 2557 3357 cundum
2581 3303 2735 3357 674
2762 3304 3066 3373 principem
3092 3304 3367 3372 potestatis
3396 3304 3540 3357 aeris
3581 3304 3833 3375 spiritus,
3867 3304 3968 3375 qui

566 3394 743 3451 David
789 3394 1098 3449 adversum
1132 3391 1358 3447 Goliam
1408 3392 1455 3462 (I
1485 3392 1607 3461 Reg.
1639 3407 1776 3458 xvu,
1808 3392 1918 3461 49),
1952 3394 2008 3444 et
2054 3390 2208 3446 filio-
2240 3385 2283 3451 C
2320 3408 2467 3446 nunc
2522 3396 2781 3463 operatur
2837 3393 2893 3444 in
2956 3392 3100 3462 [ilics
3155 3391 3482 3462 di/ﬁdentz'm
3539 3392 3756 3464 (Ephes.
3792 3410 3853 3464 II,
3885 3396 3961 3462 2).

563 3500 695 3540 rum
733 3482 907 3539 Israel
954 3486 1157 3537 contra
1201 3480 1578 3552 alienigenas,
1612 3484 1669 3535 et
1716 3485 1951 3535 caeteras
1982 3484 2205 3551 gentes,

636 3626 827 3679 ‘Cave
872 3639 943 3678 ne
991 3640 1059 3678 ex
1108 3622 1217 3677 hoc
1275 3622 1398 3677 loco
1462 3637 1690 3677 asseras
1739 3638 1873 3676 cum
1934 3622 2205 3679 imperito

562 3694 845 3766 scriptore
876 3710 1098 3765 nupero
1146 3694 1561 3766 Hieronymum
1602 3695 1858 3766 sensisse
1887 3692 2066 3766 Jacob
2117 3695 2203 3747 lu-

562 3764 784 3822 ctatum
839 3764 1020 3820 fuisse
1077 3781 1209 3819 cum
1266 3764 1546 3832 dmmone,
1590 3770 1646 3819 et
1692 3765 1817 3819 vide
1868 3764 2204 3830 anestiones

561 3838 852 3893 Hebraicas
883 3837 940 3891 in
974 3835 1379 3900 Geuesim,ubi
1414 3841 1484 3889 de
1508 3836 1824 3890 luctatione
1856 3836 1953 3889 illa
1979 3834 2205 3905 plenius

562 3909 840 3965 disseruit
867 3913 1109 3963 sanctus
1142 3912 1368 3962 Doctor.
1405 3908 1589 3963 MART.
1612 3936 1679 3963 -—-.
1710 3910 1921 3961 Auctor
1949 3914 2036 3960 est
2070 3907 2204 3961 Pro-

561 3981 763 4052 copius
787 3981 857 4036 ad
884 3979 1298 4052 hunc_Genesis
1321 3978 1533 4047 locum,
1556 3995 1902 4052 persuasum
1927 3978 2204 4052 habuisse

559 4049 782 4108 veteres
831 4050 1164 4117 nonnullos,
1217 4049 1897 4117 daimoncm’exstitisse,
1947 4050 2043 4121 qui
2095 4052 2204 4105 sub

559 4125 708 4180 Esau
742 4125 929 4196 ﬁgura
976 4139 1042 4196 ac
1090 4122 1293 4194 spoliis
1342 4122 1732 4196 cum_Jacobo
1780 4121 2063 4196 luctatus
2093 4126 2199 4196 est.

560 4198 742 4260 Quam
790 4193 1146 4267 sententiam
1178 4210 1316 4267 cum;
1344 4211 1411 4249 ex
1443 4194 1785 4267 Hieronymo
1835 4193 2066 4267 probari
2114 4194 2205 4248 hic

557 4267 668 4323 loci
704 4283 964 4339 nuperus
996 4266 1190 4321 nescio
1210 4265 1369 4339 quis
1399 4265 1667 4339 scriptor
1692 4266 2058 4339 existimarit,
2093 4266 2202 4339 im-

560 4336 1124 4410 peritiae‘accusatur
1153 4354 1185 4391 a
1207 4336 1558 4410 Martianaso,
1584 4338 1655 4391 ab
1682 4352 1866 4410 eoque
1897 4336 2045 4410 plus
2062 4337 2204 4410 satis

558 4407 812 4481 vapulat.
846 4408 1218 4481 Etitamenrsi
1250 4408 1421 4481 modo
1464 4407 1796 4481 Hieronymi
1828 4407 2207 4478 expendenda

561 4478 729 4535 mens
758 4489 867 4547 est,
899 4479 1065 4533 illum
1106 4480 1280 4539 alium
1310 4479 1501 4532 sudare
1530 4478 1705 4533 nimio
1735 4478 2086 4533 dimicantem
2116 4484 2203 4534 to-

559 4555 657 4605 tus
689 4554 990 4606 contextus
1023 4551 1191 4620 quasi
1233 4551 1552 4605 daemonem
1601 4555 1991 4621 repraesentat,
2027 4567 2202 4620 quem

561 4626 765 4677 contra
796 4622 955 4676 homo
986 4622 1250 4692 adiuvans
1288 4638 1411 4675 eum
1459 4625 1511 4675 et
1556 4623 1927 4689 corroborans,
1962 4623 2205 4693 angelus

561 4698 775 4766 extoto
796 4693 1085 4766 orationis
1116 4709 1293 4766 sensu
1337 4693 1701 4766 intelligitur,
1737 4695 1835 4765 qui
1881 4693 2078 4748 tulerit
2106 4695 2203 4749 Ja-

561 4764 704 4819 cobo
735 4763 1022 4818 laboranti
1056 4764 1376 4835 suppetias.
1404 4758 1828 4827 Quinetiam-si
1861 4782 1927 4820 ex
1959 4766 2206 4821 aliorum
2238 4758 2283 4822 D

560 4835 867 4907 sententiis
898 4837 1156 4907 putanda
1186 4852 1277 4889 res
1309 4835 1404 4899 sit,
1432 4837 1692 4907 proxime
1723 4838 1792 4891 ad
1826 4854 1952 4892 eam
1985 4838 2207 4907 exposi—

558 4908 777 4962 tionem
808 4906 1504 4979 p‘leriqueaccedunt;’et
1532 4925 1663 4962 cum
1698 4909 1903 4979 primis
1933 4906 2201 4975 Rabbini,

559 4979 648 5051 qui
681 4976 955 5051 angelum
979 4976 1296 5051 ipsiusmet
1322 4980 1472 5033 Esau
1505 4996 1635 5034 cum
1668 4976 1881 5034 Jacobo
1917 4979 2201 5051 lactatum

558 5049 741 5107 fuisse
768 5049 975 5125 dicunt
1005 5049 1024 5104 :7
1055 5055 1114 5125 et
1140 5049 1438 5125 Origenes,
1468 5052 1571 5125 qui
1602 5051 1702 5125 lib.
1739 5069 1801 5105 ιιι
1831 5050 1952 5123 περί
1986 5052 2201 5125 Ἀρχῶν

560 5140 693 5179 cuni
755 5120 959 5194 angelo
1018 5117 1268 5196 quidem"
1325 5117 1608 5196 Jacolium
1662 5117 1945 5178 lactatum
1978 5195 1982 5196 ν
2014 5117 2200 5196 Ρύἶειῐ,

561 5211 735 5267 quem
767 5193 1127 5267 tamennon
1178 5193 1573 5267 adversarium
1626 5200 1896 5267 expertus
1940 5193 2046 5262 sit';
2101 5197 2200 5250 sed

560 5264 883 5323 econtrario
923 5265 1249 5337 adjutorem
1296 5264 1566 5337 habuerit
1610 5271 1810 5320 contra
1856 5266 2203 5335 daemonem,

560 5356 759 5465 ἓιῃὲοί
788 5336 1111 5411 petebatur.
1144 5336 1291 5392 Huic
1324 5336 1585 5408 pressius
1615 5338 1914 5392 sententia:
1962 5338 2207 5394 inhaeret

608 5453 619 5464 .
701 5428 732 5464 a
762 5427 843 5465 er.

608 5453 619 5464 .
655 5415 843 5465 Pater.

634 5482 656 5514 ²
682 5481 973 5537 Victorius
1001 5480 1100 5545 ait,
1124 5479 1319 5552 vagari
1344 5480 1636 5534 dazmones
1668 5495 1770 5551 per
1800 5479 1956 5535 hunc
1988 5497 2205 5548 aerem,

564 5550 635 5604 ad
683 5554 991 5623 tentandos
1039 5550 1326 5619 homines,
1374 5568 1552 5621 supra
1601 5550 1831 5623 quoque
1879 5567 2005 5623 cap.
2041 5569 2080 5606 ιι
2114 5553 2204 5607 his

562 5621 750 5695 verbis
795 5625 1006 5679 clarius
1054 5626 1283 5695 aperit:
1322 5646 1347 5674 ‹‹
1384 5621 1655 5694 Princeps
1686 5624 1901 5695 quippe
1950 5621 2099 5678 aeris
2149 5631 2206 5680 et

565 5693 804 5767 spiritus
845 5693 1168 5764 potestatis,
1202 5696 1301 5767 qui
1349 5695 1407 5749 in
1457 5693 1614 5767 aere:
1638 5693 1748 5749 isto
1778 5693 1905 5767 est,
1940 5695 2205 5767 diabolus

562 5764 908 5839 intelligitur
939 5783 951 5820 :
986 5768 1085 5839 qui
1116 5764 1275 5839 nunc
1306 5773 1579 5839 operatur
1601 5766 1659 5820 in
1686 5766 1821 5822 filiis
1844 5766 2201 5822 difﬁdentiae.

564 5835 626 5894 In
660 5835 751 5911 his
767 5835 958 5911 enim,
983 5835 1083 5909 qui
1113 5835 1383 5911 Domino,
1404 5840 1671 5906 credunt,
1703 5855 1816 5894 non
1847 5842 2038 5911 potest
2069 5855 2203 5910 ope-

561 5906 697 5985 rari.
723 5929 753 5961 »
781 5907 862 5968 De
893 5906 1018 5980 quo'
1055 5911 1114 5967 et
1154 5908 1307 5968 infra
1335 5910 1417 5967 ait
1446 5927 1461 5971 :
1487 5933 1517 5964 «
1546 5912 1663 5972 Non
1689 5914 1771 5969 est
1814 5906 1969 5970 nobis
2012 5906 2207 5988 pupae

2318 3481 2444 3536 Haec
2481 3487 2677 3536 autem
2709 3482 2972 3535 omnium
3023 3481 3327 3536 doctorum
3377 3480 3573 3552 opinio
3621 3486 3712 3537 est
3730 3482 3773 3550 ⁸,
3806 3481 3961 3554 quod

2315 3626 2573 3679 (iduersus
2620 3639 2837 3678 carnem
2866 3625 2913 3677 et
2956 3625 3320 3693 sanguinem;
3360 3625 3452 3679 sed
3488 3624 3751 3680 adversus
3792 3627 3958 3695 prin-

2313 3699 2525 3766 cipatus
2573 3700 2623 3749 et
2668 3698 2967 3764 potestates,
3019 3697 3280 3749 adversus
3327 3701 3566 3750 rectores
3610 3696 3959 3752 tenebrarum

2313 3770 2574 3831 istarum,
2605 3767 2859 3839 adversus
2896 3767 3213 3839 spiritualia
3244 3769 3509 3839 nequitia:
3539 3770 3594 3822 in
3627 3768 3953 3823 caelestibus.

2316 3839 2438 3895 Non
2471 3854 2587 3907 quo
2621 3836 2888 3892 diabolus
2920 3836 2976 3891 et
3016 3837 3296 3911 satellites
3326 3836 3497 3911 ejus,
3519 3840 3618 3910 qui
3653 3857 3754 3911 per
3784 3856 3953 3894 mun-

2313 3911 2454 3964 dum
2484 3911 2663 3964 istum
2693 3914 2967 3980 vagantes
3000 3915 3234 3979 peccata
3263 3910 3601 3966 hominibus
3632 3910 3953 3967 insinuant.

2312 3981 2369 4035 in
2404 3980 2547 4036 cmlo
2577 3981 2791 4035 versari
2824 3985 3040 4050 queant
3067 3998 3077 4035 :
3113 3983 3183 4036 de
3213 3998 3327 4052 quo
3356 3983 3427 4036 ob
3460 3999 3567 4038 sua
3597 3982 3806 4037 merita
3835 3999 3961 4038 cor-

2314 4057 2595 4126 ruerunt:
2624 4053 2721 4126 sed
2753 4053 2961 4126 coelum
2994 4052 3210 4107 dicitur
3239 4069 3337 4126 aer
3368 4054 3496 4126 iste,
3523 4054 3833 4126 quiisupra
3855 4070 3962 4109 nos

2313 4130 2420 4189 est,
2445 4125 2616 4193 juxta
2662 4122 2809 4177 illud
2856 4124 3169 4179 Salvatoris
3218 4122 3563 4195 eloquium}
3614 4122 3961 4181 Coniiderate

2311 4197 2557 4250 volatilia
2587 4196 2729 4260 casti,
2761 4204 2813 4249 et
2838 4199 3053 4250 cetera.
3079 4219 3104 4243 ››
3129 4198 3406 4261 Quamvis
3437 4201 3631 4252 autem
3666 4199 3962 4253 dmmones

2314 4266 2514 4339 aliqui,
2546 4284 2615 4320 ex
2646 4268 2893 4341 inferno,
2923 4268 2995 4341 ad
3043 4268 3353 4341 tentandos
3404 4268 3673 4341 homines
3717 4268 3961 4341 egressi,

2312 4344 2619 4412 versentur
2646 4339 2705 4393 in
2727 4355 2855 4412 aere
2879 4339 3001 4412 (qui
3026 4340 3370 4412 tenebrosus
3397 4345 3452 4395 et
3475 4340 3719 4412 caligine
3750 4339 3959 4410 plenus

2314 4413 2383 4465 ad
2420 4412 2524 4465 hoc
2574 4411 2768 4481 ipsum
2800 4410 2917 4464 illis
2948 4411 3234 4479 debetur),
3260 4410 3477 4466 habent
3506 4410 3697 4466 tamen
3730 4424 3955 4474 secum,

2313 4498 2662 4553 quocunque
2692 4482 3063 4551 perrexerint,
3088 4482 3297 4537 inferni
3323 4499 3519 4553 pmuas
3544 4500 3557 4537 :
3585 4483 3796 4553 quippe
3819 4495 3956 4534 cum

2313 4555 2580 4609 internus
2610 4554 2681 4608 ob
2715 4570 2823 4626 sua
2854 4554 3135 4608 demerita
3174 4553 3445 4626 proprius
3473 4568 3670 4626 eorum
3701 4553 3861 4626 locus
3895 4555 3956 4605 et

2314 4642 2509 4680 carcer
2541 4627 2618 4681 sit
2652 4642 2663 4679 :
2700 4625 2861 4680 Sicut
2890 4631 2947 4679 et
2974 4626 3144 4681 bonis
3174 4622 3406 4698 angelis
3447 4642 3555 4680 non
3605 4622 3961 4698 diminuitur

2314 4698 2519 4769 gloria,
2554 4704 2857 4767 propterea
2886 4698 3042 4766 quod
3075 4698 3131 4751 in
3166 4693 3551 4754 ministerium
3583 4700 3640 4769 et
3670 4693 3957 4750 auxilium

2315 4767 2344 4823 e
2375 4769 2516 4823 coelo
2549 4770 2619 4822 ad
2653 4784 2759 4823 nos
2796 4768 3103 4823 mittantur
3137 4786 3151 4824 :
3185 4769 3474 4839 siquidem
3507 4767 3789 4839 scriptum
3820 4772 3912 4822 est
3944 4782 3961 4822 :

2314 4839 2751 4921 {tngetieorum-
2776 4856 2984 4910 semper
3015 4839 3196 4895 vident
3223 4843 3423 4921 [aciem
3467 4840 3657 4921 Patris
3701 4839 3831 4921 mei,
3866 4839 3964 4921 qui

2312 4913 2372 4966 in
2404 4910 2559 4965 melis
2584 4914 2831 4982 estHoc
2854 4917 3046 4967 autem
3098 4913 3319 4967 eveniet
3362 4928 3549 4982 usque
3580 4912 3651 4966 ad
3684 4910 3837 4982 diem
3856 4910 3962 4981 ju-

2312 4983 2470 5037 dicii.
2506 4982 2641 5056 Post
2671 4981 2813 5036 illud
2847 4984 3001 5037 enim
3035 4989 3269 5056 tempus
3294 4989 3430 5056 tam,
3452 4981 3588 5039 boni
3619 4981 3807 5056 angeli
3839 4998 3960 5036 om-

2312 5071 2417 5109 nes
2448 5056 2505 5109 in
2538 5054 2700 5120 coelo,
2725 5071 2903 5125 quam
2934 5056 3125 5111 cuncti
3158 5054 3295 5111 mali
3332 5055 3390 5109 in
3420 5055 3646 5110 inferno
3676 5054 3733 5108 in
3762 5069 3962 5125 perpe-

2313 5132 2483 5199 tuum
2514 5130 2703 5180 erunt.
2738 5126 2805 5180 Et
2854 5125 2963 5181 hoc
3010 5127 3179 5199 modo
3224 5127 3604 5199 exponendus
3650 5125 3957 5199 est_divus

2314 5198 2719 5270 Hieronymus,
2744 5200 2978 5270 quando
3006 5198 3141 5252 alibi
3175 5197 3515 5269 subjudicii
3547 5197 3955 5270 diem,dae_mo-

2314 5287 2417 5325 nes
2448 5267 2546 5351 ρξ’
2566 5286 2696 5324 aere
2752 5267 2825 5351 in
2859 5270 3153 5351 infernum
3185 5270 3279 5341 (ad
3310 5267 3679 5351 perpetuam
3739 5267 3959 5350 scilicet

2315 5342 2701 5407 mansionem,
2738 5342 3132 5397 detrudendos
3168 5340 3379 5397 asserit
3412 5340 3613 5397 {sicut
3652 5340 3958 5395 verissime

2313 5413 2766 5484 doctissimeque
2798 5415 2901 5467 hoc
2932 5412 3121 5485 ipsum
3164 5414 3221 5467 in
3256 5415 3576 5485 Augustino
3611 5414 3956 5485 interprete...

2312 5490 2410 5539 tur
2440 5478 2736 5540 catholicae
2767 5478 3026 5538 veritatis
3057 5478 3421 5551 assertorfet
3464 5478 3798 5540 orthodoxa:
3831 5478 3965 5537 ﬁdei

2315 5557 2633 5611 acerrimus
2694 5560 3092 5626 propugnator
3147 5557 3314 5611 divus
3363 5556 3620 5612 Thomas
3668 5555 3728 5610 in
3777 5553 3968 5626 prima

2316 5634 2476 5698 parte
2508 5624 2767 5695 SummEe,
2792 5624 2847 5698 (ᾗ.
2872 5629 2961 5692 61,
2989 5632 3098 5681 art.
3124 5629 3175 5693 4,
3201 5633 3257 5682 et
3297 5628 3431 5683 alibi
3474 5627 3677 5683 multis
3700 5627 3757 5680 in
3779 5624 3921 5680 locis
3949 5642 3962 5680 :

2319 5704 2525 5771 praeter
2557 5700 2710 5771 quod
2745 5704 3040 5770 receptum
3087 5717 3263 5771 penes
3306 5699 3607 5770 theologos
3639 5703 3747 5763 est,
3776 5711 3965 5768 usque

2316 5771 2385 5825 ad
2417 5770 2587 5843 illum
2615 5771 2791 5839 diem,
2825 5787 3269 5843 pmnam,quam
3294 5772 3963 5843 accidentalemrvocant,

2315 5843 2387 5898 ob
2419 5841 2594 5914 mala,
2627 5858 2756 5914 quae
2776 5841 3046 5914 quotidie
3089 5841 3424 5914 operantur,
3455 5842 3958 5914 daemonibusau-

2314 5913 2437 5991 geri
2462 5931 2475 5974 :
2504 5918 2570 5971 ut
2600 5911 2744 5971 satis
2773 5911 2882 5971 hoc
2911 5915 3106 5990 ipsum
3126 5911 3406 5973 constare
3433 5918 3628 5989 potest
3655 5930 3724 5973 ex
3754 5911 3961 5972 eodem
