4310 6604
347 514 458 577 581

988 509 1499 572 COMMENTAR.
1547 508 1625 568 ΙΝ
1675 507 1918 568 EPIS'I‘.
1968 508 2070 566 AD
2119 506 2393 568 EPHES.
2441 508 2589 568 LIB.
2636 509 2742 578 Ill,
2794 510 2966 570 CAP.
3014 512 3114 572 Vl.

3641 515 3758 574 582

348 663 448 704 aer
475 647 584 702 iste
627 645 725 719 qui
775 643 981 701 ccelum
1033 648 1090 698 et
1138 646 1355 697 terram
1422 641 1654 696 medius
1705 639 1990 710 dividens,
2024 642 2076 707 Α
2108 639 2377 695 obcaecet.
2434 641 2702 696 Sciamus
2752 646 2947 698 autem
2995 646 3171 715 quod,
3216 651 3450 718 excepto
3482 649 3752 719 praesenti

350 737 526 792 inane
567 735 910 808 appellatur,
962 730 1171 803 plenus
1221 731 1298 788 sit
1339 729 1646 786 contrariis
1703 729 1992 784 fortitudi-

353 825 548 882 nibus.
582 825 718 880 Post
748 823 866 878 hec
915 820 1371 891 retractandum,
1405 837 1439 875 a
1483 837 1598 891 quo
1630 819 1994 891 principatus

358 919 414 970 et
464 917 795 987 potestates,
827 915 884 968 et
913 914 1166 966 rectores
1224 909 1599 965 tenebrarum
1660 909 1887 978 mundi,
1941 911 1998 963 et

356 1000 682 1076 spiritualis
731 1000 1007 1072 nequitias
1069 999 1130 1054 in
1184 997 1540 1065 coelestibus,
1582 1002 1646 1052 ut
1701 997 1809 1052 hoc
1857 997 1994 1068 sint,

354 1089 678 1162 acceperint
699 1093 1066 1162 potestatem.
1101 1087 1170 1142 Et
1202 1087 1441 1158 quidem
1470 1086 1625 1141 dicat
1655 1085 1826 1153 alius,
1860 1101 1996 1158 apo-

355 1183 571 1236 statam
617 1178 920 1235 diabolum
964 1175 1317 1233 satellitibus
1365 1175 1489 1231 suis
1537 1175 1764 1230 diversa
1812 1174 1999 1230 ofﬁcia

357 1268 756 1340 commisisse,
789 1273 846 1324 et
903 1283 1018 1323 non
1086 1282 1215 1322 esse
1258 1265 1469 1321 harum
1518 1263 2000 1318 distributionum

354 1362 570 1414 ctorem
606 1357 812 1413 Deum.
848 1355 951 1411 Cui
993 1358 1184 1428 potest
1225 1353 1370 1408 illud
1402 1352 1656 1425 diligens
1689 1351 1868 1409 lector
1897 1369 2000 1425 op-

352 1447 587 1520 ponere,
621 1451 679 1503 et
708 1446 1002 1518 quomodo
1051 1445 1336 1515 scriptum
1387 1447 1475 1498 est
1509 1460 1521 1497 :
1558 1445 1676 1498 Non
1729 1450 1808 1496 est
1854 1445 2002 1497 enim

347 1540 603 1608 potestas,
659 1537 774 1590 nisi
827 1552 861 1590 a
907 1535 1014 1588 Deo
1075 1533 1247 1604 (Rom.
1307 1549 1428 1598 xm,
1487 1532 1593 1603 1)?
1654 1532 1815 1594 Quod
1849 1531 1897 1586 si
1931 1532 2002 1586 de

354 1624 698 1680 hominibus
729 1623 963 1688 dicitur,
1015 1625 1232 1693 quanto
1282 1620 1471 1692 magis
1504 1621 1572 1674 de
1605 1620 1698 1674 his
1728 1619 1826 1691 qui
1856 1624 2004 1674 Sunt

359 1713 683 1770 subtilioris
715 1709 1094 1782 meliorisque
1116 1715 1336 1764 naturae
1357 1709 1384 1763 ‘I
1413 1714 1528 1764 Nec
1551 1708 1750 1764 statim
1773 1709 1870 1781 qui
1895 1708 2002 1763 hoc

357 1802 593 1869 sentiat,
641 1799 1019 1874 blasphemiae
1068 1816 1202 1854 eum
1233 1799 1455 1854 crimen
1486 1799 1783 1854 incurrere
1815 1815 1827 1852 :
1865 1798 2004 1871 quia

360 1891 774 1964 unusquisque
827 1889 1000 1961 juxta
1031 1905 1198 1944 suam
1240 1887 1599 1944 voluntatem
1631 1887 1860 1943 diversa
1893 1887 2000 1942 mi-

361 1981 604 2036 nisteria
633 1979 882 2035 sortitus
911 1978 1314 2043 sit.Quomodo
1347 1976 1503 2032 enim
1537 1977 1595 2031 in
1627 1977 1874 2032 urbibus
1906 1993 2004 2032 eos

359 2070 460 2142 qui
492 2067 713 2140 aliquid
744 2067 1089 2124 commisere
1121 2066 1346 2139 ﬂagitii,
1369 2066 1639 2122 videmus
1663 2066 1748 2121 vel
1785 2066 2005 2122 bestias

364 2158 539 2225 alere,
569 2157 659 2214 vel
683 2173 878 2213 secare
911 2172 1226 2221 marmora,
1259 2154 1346 2210 vel
1381 2157 1665 2210 mundare
1695 2154 2006 2227 spurcitiae

359 2247 710 2314 cloacarum,
742 2245 829 2301 vel
861 2261 1108 2317 praesse
1138 2243 1583 2317 gladiatoribus,
1616 2249 1672 2299 et
1709 2244 2006 2299 fundendo

357 2334 894 2406 reorum,sanguini
925 2333 1205 2389 destinari
1232 2349 1244 2387 :
1276 2333 1360 2387 ita
1389 2333 1753 2388 etdaemones
1785 2350 1853 2387 ex
1874 2349 2006 2404 pro-

359 2424 469 2498 prii
501 2423 728 2480 arbitrii
760 2423 1047 2491 libertate,
1078 2421 1449 2485 insidiarum,
1497 2422 1792 2490 fraudum,
1827 2421 2006 2478 scele-

358 2529 512 2580 rum,
546 2517 722 2584 atque
761 2511 1026 2583 perjurii,
1068 2515 1123 2567 et
1153 2509 1440 2582 reliquam
1472 2511 1744 2566 vitiorum
1772 2513 2008 2582 provin-

360 2603 510 2658 ciam
577 2617 702 2657 esse
741 2601 998 2668 sortitos,
1041 2605 1108 2656 ut
1148 2600 1268 2655 sint
1307 2605 1561 2655 rectores
1611 2602 2006 2669 tenebrarum,

362 2695 501 2765 quia
532 2707 662 2747 esse
691 2689 841 2746 lucis
871 2689 1163 2762 principes
1197 2688 1529 2744 noluerunt.
1561 2689 1629 2743 Hi
1664 2705 1798 2760 ergo
1831 2696 2012 2746 recto-

363 2798 454 2837 res
507 2780 715 2836 mundi
754 2785 930 2851 atque
960 2779 1357 2844 tenebrarum,
1391 2794 1523 2832 cum
1559 2779 1872 2833 adversum
1906 2779 2010 2833 ali-

365 2886 536 2942 quem
569 2867 951 2924 colluctantes
993 2865 1502 2938 supplantaverint
1531 2881 1689 2931 eum,
1745 2866 2010 2920 fecerint-

370 2975 482 3030 que
515 2973 803 3027 corruere,
845 2954 1044 3011 statim
1072 2954 1240 3009 illum
1273 2970 1379 3009 suo
1411 2953 1630 3008 mundo
1663 2958 1720 3009 et
1752 2954 1876 3009 suis
1928 2959 2010 3010 te-

368 3047 569 3105 nebris
610 3047 828 3119 quibus
883 3044 1270 3117 principatur,
1325 3047 1667 3099 annectunt.
1718 3044 1802 3098 Ob
1835 3061 2012 3116 quam

366 3153 604 3194 causam
627 3136 834 3192 fortius
856 3133 1336 3200 1aborandum,ut
1353 3132 1644 3204 quisemel
1659 3132 2033 3201 audivimus;

363 3228 470 3299 Ego
499 3226 643 3297 elegi
680 3241 773 3281 vos
819 3223 884 3278 de
912 3225 1014 3277 isto
1053 3221 1258 3276 mundo
1314 3239 1332 3276 :
1377 3222 1499 3292 jam
1529 3237 1640 3277 non
1692 3225 1820 3277 estis
1860 3223 2009 3279 675

362 3317 432 3372 de
462 3317 563 3371 isto
592 3313 829 3370 mundo:
847 3313 895 3367 si
913 3313 1062 3367 enim
1087 3311 1269 3366 essetis
1292 3311 1357 3365 de
1385 3310 1850 3374 mundonnundus
1878 3312 2018 3382 quod

2104 728 2250 795 loco,
2283 746 2387 784 nec
2418 729 2476 784 in
2509 729 2718 800 Veteri,
2754 747 2858 786 nec
2907 732 2966 786 in
2998 749 3143 788 novo
3194 735 3590 803 Testamento,
3623 756 3756 790 κοσ-

2109 817 2470 892 μοκράτορας,
2521 818 2578 872 id
2629 824 2718 874 est
2747 820 2944 875 mundi
2972 830 3216 890 rectores,
3252 840 3514 895 unquam
3546 824 3752 897 legeri-

2107 924 2236 962 mus
2266 924 2278 961 :
2314 908 2468 978 quod
2504 925 2714 964 nomen
2747 909 2961 964 idcirco
2993 910 3212 966 Paulus
3235 913 3534 982 apostolus
3567 915 3752 971 ﬁnxit:

2107 995 2246 1067 quia
2275 1012 2510 1052 necesse
2539 996 2793 1052 habebat
2824 999 2893 1052 ad
2921 999 3198 1070 Ephesios
3221 1001 3549 1072 disputans,
3579 1005 3755 1060 rebus

2108 1083 2270 1139 novis
2299 1090 2354 1139 et
2377 1085 2768 1141 invisibilihus
2800 1103 2948 1141 nova
2979 1088 3216 1144 nomina
3241 1095 3530 1163 coeptare.
3555 1093 3759 1150 Adhuc

2109 1177 2344 1245 propter
2373 1174 2481 1228 hoc
2541 1175 2693 1244 quod
2740 1175 2821 1228 ait
2869 1177 2929 1230 in
2975 1177 3297 1248 caelestibus,
3350 1180 3488 1251 quia
3531 1183 3762 1238 videtur

2109 1262 2476 1333 ambiguum,
2530 1263 2865 1330 dicendum,
2917 1265 3219 1321 subaudiri
3268 1285 3438 1338 posse
3484 1269 3626 1326 illud
3687 1273 3755 1328 ad

2116 1352 2336 1419 omnia,
2369 1355 2433 1406 ut
2463 1352 2541 1406 sit
2571 1368 2810 1407 sensus:
2846 1353 2968 1407 Non
2989 1360 3074 1409 est
3107 1355 3275 1411 nobis
3306 1356 3637 1414 colluctatio
3659 1362 3762 1416 ad-

2109 1457 2312 1496 versus
2343 1444 2658 1511 potestates
2689 1441 2745 1495 in
2772 1442 3184 1509 coelestibus,et
3215 1449 3466 1502 rectores
3497 1449 3761 1506 tenebra-

2112 1545 2240 1583 rum
2272 1528 2517 1583 istarum
2553 1529 2611 1584 in
2655 1530 3004 1600 cmlestibus,
3038 1537 3095 1587 et
3123 1534 3452 1602 spiritualia
3481 1537 3757 1607 nequitiae

2110 1619 2169 1673 in
2204 1618 2535 1673 coelestibus
2561 1637 2572 1686 ;
2599 1623 2655 1673 ct
2684 1636 2797 1674 non
2829 1625 3084 1687 tantum,
3118 1622 3406 1678 adversum
3433 1627 3760 1696 spiritualia

2109 1709 2366 1778 nequitiw
2406 1711 2466 1762 in
2503 1710 2806 1763 caelestibus
2852 1709 2890 1764 1.
2940 1709 3186 1766 Maxime
3259 1712 3307 1767 si
3374 1713 3760 1786 intelligimus

2112 1799 2198 1870 (ut
2237 1799 2364 1870 jam
2414 1815 2595 1869 supra
2641 1798 2967 1869 expositum
3021 1800 3129 1870 est)
3161 1801 3454 1871 quomodo
3504 1802 3762 1860 coelestia

2113 1888 2490 1942 nominentur
2542 1893 2775 1959 propter
2802 1887 3064 1944 volucres
3095 1890 3242 1956 coeli,
3277 1896 3334 1946 et
3365 1893 3519 1962 quod
3550 1893 3608 1947 in
3650 1910 3758 1948 usu

2034 2015 2082 2080 B
2114 1977 2348 2044 dicitur,
2381 1975 2634 2048 pluviam
2676 1975 2869 2031 venire
2900 1977 2970 2031 de
3001 1976 3139 2032 coelo
3170 1995 3182 2032 :
3219 1995 3332 2033 non
3387 1995 3502 2051 quo
3564 1981 3760 2051 pluvia

2115 2083 2144 2122 e
2175 2066 2316 2121 cmlo
2347 2066 2557 2120 veniat.
2610 2065 2948 2137 Philosophi
2994 2067 3210 2138 quippe
3265 2068 3450 2132 aiunt,
3495 2087 3606 2124 non
3640 2087 3763 2126 am-

2116 2156 2292 2228 plius,
2326 2172 2503 2226 quam
2535 2155 2767 2210 duobus
2799 2154 3064 2210 millibus
3110 2173 3396 2226 passuum
3430 2175 3461 2213 a
3491 2163 3647 2214 terra
3675 2160 3762 2215 di-

2115 2249 2269 2301 stare
2299 2245 2505 2310 nubes,
2537 2261 2603 2298 ex
2635 2244 2850 2313 quibus
2880 2243 3203 2299 fundantur
3234 2245 3462 2317 pluviae,
3492 2254 3548 2302 et
3578 2249 3767 2306 imber

2115 2334 2342 2389 irroret.
2367 2334 2545 2389 Juxta
2575 2349 2747 2404 quem
2781 2348 3020 2387 sensum
3054 2337 3354 2389 cataractae
3385 2352 3619 2408 quoque
3639 2337 3765 2393 cceli

2117 2424 2335 2478 diluvio
2367 2427 2575 2494 apertae
2606 2438 2734 2477 esse
2766 2423 3034 2476 feruntur
3063 2424 3242 2493 (Gem,
3273 2425 3492 2496 vn,ll).
3528 2430 3768 2482 Verum-

2116 2519 2312 2568 tamen
2376 2516 2593 2584 quanto
2651 2511 2785 2582 quis
2847 2512 3009 2583 pejor
3059 2512 3250 2583 fuerit,
3310 2519 3469 2570 tanto
3527 2515 3769 2572 vicinior

2120 2603 2230 2656 erit
2258 2601 2616 2670 terra),locis,
2649 2607 2706 2655 et
2737 2601 3027 2672 pinguiori
3062 2602 3423 2657 substantiae.
3460 2603 3764 2676 Siquidem

2119 2697 2175 2747 et
2222 2697 2394 2761 terra,
2455 2695 2511 2745 et
2569 2690 2966 2744 circumdatus
3016 2690 3183 2745 nobis
3242 2692 3396 2746 676
3427 2708 3524 2747 aer
3554 2693 3771 2748 habent

2121 2780 2537 2853 pinguedinem
2572 2795 2740 2833 suam
2767 2795 2780 2833 :
2831 2779 3008 2833 Aiunt
3040 2780 3278 2850 quidam
3299 2783 3357 2834 et
3385 2780 3614 2836 animas
3643 2797 3770 2836 cor-

2123 2871 2362 2941 poribus
2396 2869 2695 2938 liberatas,
2741 2869 2790 2922 si
2821 2873 3132 2923 attenuata:
3164 2869 3382 2924 fuerint
3411 2870 3468 2924 in
3502 2872 3775 2941 praesenti

2121 2959 2257 3024 vita,
2289 2962 2345 3013 et
2375 2957 2535 3021 lima,
2571 2962 2635 3011 ut
2663 2957 2745 3011 ita
2787 2956 3000 3023 dicam,
3050 2955 3327 3024 ἀσκήσεως
3371 2963 3544 3029 atque
3593 2959 3773 3014 virtu-

2124 3053 2274 3109 tum,
2307 3048 2365 3101 in
2399 3046 2612 3100 subtile
2661 3061 2874 3116 corpus
2905 3045 3135 3116 attritas,
3169 3063 3283 3100 non
3318 3045 3684 3103 habitaturus
3716 3049 3774 3103 in

2125 3135 2532 3209 pinguioribus
2565 3134 2706 3190 locis
2740 3151 2755 3189 :
2788 3135 2887 3189 sed
2927 3135 3064 3201 Deo,
3125 3136 3225 3207 qui
3258 3135 3636 3208 incorporeus
3665 3143 3773 3209 est,

2124 3227 2346 3282 vicinas
2367 3225 2576 3280 fore.Si
2606 3241 2739 3279 vero
2763 3224 2910 3278 tales
2934 3224 3247 3291 fuerint,de
3270 3225 3485 3296 quibus
3504 3226 3618 3281 dici
3642 3244 3778 3299 pos-

2130 3316 2208 3372 sit
2231 3334 2244 3382 ;
2276 3316 2416 3371 Filii
2444 3315 3029 3384 hominum,usquequo
3049 3315 3225 3382 gravi,
3249 3314 3368 3369 sive
3394 3316 3596 3386 pingui
3621 3316 3780 3372 corde

366 3421 537 3461 suum
575 3408 730 3474 esset,
764 3404 979 3457 amaret
1017 3401 1193 3470 (Joan.
1249 3416 1340 3466 xv,
1377 3401 1483 3470 19),
1539 3417 1654 3455 non
1715 3401 2019 3457 redeamus
2050 3387 2092 3454 C
2132 3406 2299 3476 (Psal.
2337 3421 2408 3473 IV,
2440 3405 2516 3472 3),
2550 3403 2871 3458 secundum
2933 3402 3341 3458 crassitudinis
3400 3420 3518 3458 suae
3549 3406 3778 3475 pondus

368 3495 440 3550 ad
489 3493 923 3561 mundum,nec
963 3488 1350 3558 subjiciamur
1380 3488 1429 3542 ei
1466 3505 1477 3544 :
1513 3489 1613 3544 sed
1645 3491 2020 3562 cruciﬁgatur

370 3583 545 3639 nobis
579 3580 925 3649 mundus,et
954 3594 1060 3634 nos
1090 3577 1162 3644 ei,
1186 3581 1251 3632 ut
1281 3582 1469 3633 rector
1497 3576 1668 3644 lucis,
1691 3579 1866 3635 Jesus
1896 3596 2022 3650 pro-

369 3671 498 3746 prio
531 3670 752 3726 mundo
785 3685 892 3724 nos
923 3667 1175 3739 copulet,
1209 3672 1266 3722 et
1296 3667 1404 3721 sub
1467 3667 1660 3722 Patris
1691 3683 1818 3723 esse
1849 3669 2024 3725 faciat

373 3761 613 3827 ditione,
667 3763 863 3814 erutos
913 3759 982 3812 de
1022 3755 1344 3828 spiritualis
1388 3757 1666 3827 nequitiae
1711 3762 2020 3832 potestate,

376 3857 433 3908 et
458 3852 530 3906 de
558 3849 701 3906 cmlo
757 3864 960 3904 eorum
991 3846 1144 3918 quod
1201 3845 1589 3901 transiturum
1646 3852 1753 3914 est,
1787 3864 1892 3904 nec
1923 3850 2023 3905 Dei

375 3941 544 3996 sedes
565 3935 846 4012 appellari
866 3941 1077 4007 potest.
1115 3934 1368 4006 Impium
1401 3936 1617 4008 quippe
1647 3942 1828 4002 est,ut
1858 3939 2027 4010 spiri-

371 4029 555 4085 tualia
601 4026 870 4099 nequitia:
907 4025 966 4080 in
1015 4025 1367 4094 cmlestibus,
1400 4041 1534 4079 eum
1583 4024 1795 4080 caelum
1829 4032 2025 4083 tenere

373 4117 782 4181 credantur,de
812 4132 927 4186 quo
955 4114 1216 4186 loquitur
1248 4119 1396 4169 Deus
1431 4132 1443 4169 :
1479 4115 1686 4170 Cretum
1716 4117 1854 4170 mihi
1877 4118 2023 4173 thro-

373 4223 479 4261 nus
510 4213 587 4261 est
625 4209 758 4277 (lsa.
795 4221 942 4272 LXVI,
997 4205 1070 4274 1).
1125 4204 1324 4274 Itaque
1357 4203 1456 4274 qui
1507 4203 1778 4274 intelligit
1806 4211 2027 4276 quanta

376 4297 435 4351 in
468 4294 580 4350 isto
611 4295 851 4364 mundo,
885 4293 1054 4349 nobis
1077 4296 1134 4348 et
1162 4293 1572 4364 praesentibus,
1596 4298 1653 4348 et
1685 4294 2026 4351 absentibus

375 4385 523 4440 ﬁant
555 4399 567 4439 :
604 4384 745 4439 dum
777 4399 844 4439 ea
868 4382 1063 4438 videre
1095 4398 1210 4436 non
1242 4397 1584 4453 possumus,
1617 4382 1736 4436 sive
1791 4389 2027 4455 propter

376 4490 592 4546 corpus
622 4471 975 4528 humilitatis
1003 4477 1214 4526 nostra:
1259 4469 1368 4525 hoc
1400 4469 1606 4542 fragile
1639 4477 1814 4542 atque
1841 4476 2025 4528 terre-

374 4580 541 4630 num,
575 4579 690 4635 quo
723 4562 923 4617 anima
970 4559 1304 4626 involvitur,
1364 4559 1484 4614 sive
1513 4559 1652 4630 quia
1691 4560 2024 4617 carnalibus

373 4651 556 4709 oculis
589 4650 863 4708 subtilior
892 4655 1103 4705 natura
1161 4665 1275 4704 non
1307 4648 1582 4719 panditur
1617 4665 1628 4702 :
1663 4647 1757 4702 hic
1808 4649 2028 4704 videbit

372 4757 500 4814 quae
531 4741 652 4796 sint
678 4740 929 4796 tenebra:
964 4754 1092 4810 quae
1121 4738 1192 4793 ab
1225 4736 1502 4810 Apostolo
1533 4753 1692 4792 nunc
1716 4737 2023 4794 dicantur:

371 4831 526 4902 quod
558 4828 784 4886 scilicet
813 4833 913 4883 aut
960 4832 1084 4884 tota
1138 4827 1261 4882 vita
1316 4827 1431 4882 ista
1487 4831 1738 4896 terrena,
1771 4829 2022 4884 tenebris

370 4921 790 4990 nuncupentur
819 4916 942 4989 (lux
972 4916 1188 4989 quippe
1231 4915 1387 4971 lucet
1433 4914 1492 4970 in
1525 4918 1801 4988 tenebris,
1854 4923 1909 4973 et
1936 4925 2019 4974 te-

371 5009 560 5064 nebras
592 5022 719 5063 eam
751 5023 867 5062 non
926 5005 1494 5079 comprehenderunt
1522 5008 1699 5076 (.toan.
1742 5024 1779 5077 π,
1814 5009 1891 5079 li),
1923 5014 2024 5064 aut

373 5096 581 5153 animas
610 5096 810 5153 lumen
859 5101 917 5152 et
945 5112 1176 5166 sensus,
1209 5101 1503 5150 terrenum
1539 5111 1770 5167 corpus,
1805 5103 1861 5151 et
1890 5114 2021 5153 cor-

372 5202 486 5259 pus
543 5187 769 5255 mortis,
829 5190 887 5243 et
935 5185 1286 5242 humilitatis
1336 5185 1668 5254 obumbret,
1715 5185 1937 5258 operiat
1966 5191 2024 5242 et

374 5353 440 5404 D.
491 5347 736 5415 Thoma,
771 5365 964 5420 super
1011 5351 1287 5419 quartum
1341 5346 1557 5401 librum
1615 5346 2024 5403 Sententiarum

373 5421 514 5476 dist.
547 5421 618 5475 50
647 5428 704 5476 et
732 5419 874 5476 aliis
897 5421 955 5475 in
988 5419 1150 5475 locis.
1175 5489 1185 5491 4
1212 5423 1400 5491 Hunc
1426 5423 1632 5491 autem
1665 5421 2022 5491 principuum

372 5491 639 5548 Ecclesiae
672 5493 989 5562 doctorem,
1022 5489 1188 5562 PiiV
1245 5489 1536 5562 pontificis
1567 5489 2024 5562 uptimax'mann

373 5563 528 5635 dato,
561 5563 862 5620 illustriss.
899 5561 1058 5635 card,
1090 5561 1433 5617 Vincentius
1479 5561 1870 5635 Justinianus,
1907 5563 2024 5618 divi

375 5634 660 5692 Dominici
695 5635 919 5691 ordinis
977 5634 1220 5706 primas,
1253 5634 1778 5706 etfreruditissimus
1820 5635 2025 5702 simul,

375 5724 441 5763 ac
471 5724 776 5790 nunquam
809 5706 958 5788 satis.
980 5705 1264 5790 illaudatus
1389 5705 1645 5790 Thomas
1673 5707 2024 5790 blarriques,

373 5781 521 5836 sacri
563 5776 764 5852 palatii
807 5776 1090 5852 magister
1127 5776 1266 5852 (qui
1311 5776 1370 5831 in
1404 5778 1768 5852 restituendo
1826 5776 2026 5836 Hiero~

375 5846 835 5932 nymo-primus
889 5846 985 5909 me
1040 5846 1298 5922 impulit,
1358 5865 1510 5924 sape
1552 5850 1744 5924 operis
1772 5852 2027 5925 pondere

2058 4762 2102 4826 D
2137 4749 2408 4798 temnens
2466 4737 2730 4809 loquitur
2787 4754 2799 4791 :

2131 3496 2199 3550 ad
2236 3494 2438 3548 infima
2467 3491 2720 3555 detrahi,
2753 3496 2810 3545 et
2855 3490 3210 3562 pignuedine
3241 3494 3608 3562 praegravari.
3640 3497 3779 3548 Post

2130 3585 2239 3639 hoc
2269 3588 2325 3639 et
2371 3581 2514 3636 illud
2558 3581 2774 3652 pariter
2821 3579 3254 3644 disserendum,
3299 3597 3371 3634 an
3404 3580 3512 3636 hac
3546 3586 3700 3636 terra
3722 3587 3781 3638 et

2132 3690 2261 3730 aere
2279 3671 2494 3743 aliquis
2511 3668 2958 3742 pinguiorlocus
2975 3667 3227 3739 sit,quia
3240 3669 3532 3741 plerisque
3546 3687 3616 3742 ap
3629 3672 3778 3743 pela-

2132 3771 2227 3821 tur
2259 3760 2613 3828 Inl'ernus,in
2645 3775 2760 3830 quo
2790 3758 2851 3812 hi
2884 3757 2982 3829 qui
3016 3758 3292 3814 dicuntur
3321 3759 3779 3826 inl’eri,commo-

2133 3851 2609 3916 rentur.Quinam
2633 3866 2762 3904 vero
2785 3847 2884 3903 isti
2906 3848 3042 3916 sint,
3078 3853 3134 3902 et
3154 3864 3330 3917 quam
3367 3849 3453 3904 vel
3484 3850 3779 3922 cognatio-

2134 3940 2382 4008 nem,vel
2411 3937 2803 3993 diversitatem
2828 3937 3181 4002 habeant,ad
3203 3954 3301 3992 eos
3326 3938 3424 4008 qui
3447 3939 3780 4009 spiritualis

2136 4031 2408 4102 nequitiae
2424 4029 2478 4082 in
2497 4025 2831 4082 omlestibus
2854 4025 3362 4096 appellantur,non
3377 4033 3466 4081 est
3481 4028 3782 4098 praesentis

2136 4118 2420 4190 temporis
2452 4116 2772 4185 disputare.
2823 4113 3132 4183 Reliquum
3184 4119 3294 4179 est,
3327 4121 3391 4169 ut
3447 4116 3586 4186 quid
3634 4117 3786 4171 inter

2134 4206 2604 4265 colluctationem
2655 4201 2844 4258 carnis
2875 4205 2932 4255 et
2959 4201 3284 4272 sanguinis,
3317 4209 3373 4257 et
3401 4203 3553 4258 inter
3600 4209 3784 4260 recto-

2135 4315 2226 4354 res
2256 4296 2625 4352 tenebrarum
2660 4293 2928 4357 istarum,
2979 4295 3035 4344 et
3062 4290 3390 4362 spiritualis
3420 4293 3691 4362 nequitiae
3725 4292 3784 4348 in

2134 4385 2466 4443 cmlestibus
2494 4382 2588 4450 sit,
2612 4382 2670 4435 in
2695 4379 2924 4434 duobus
2954 4381 3109 4450 apud
3139 4380 3480 4450 Apostolum
3515 4381 3788 4438 manifes-

2132 4477 2250 4530 tius
2283 4475 2583 4529 discamus
2614 4469 2972 4542 agminibus.
3009 4469 3248 4540 Quando
3279 4469 3436 4524 enim
3494 4470 3620 4525 vult
3672 4470 3781 4525 hu-

2136 4580 2340 4619 manas
2370 4561 2743 4622 tentationes,
2778 4558 2886 4612 hoc
2931 4561 3040 4622 est,
3071 4556 3540 4614 colluctationem
3592 4559 3786 4615 carnis

2134 4659 2188 4708 et
2220 4650 2526 4724 sanguinis
2584 4649 2862 4713 indicare,
2917 4647 3247 4718 despiciens
3299 4664 3398 4703 eas
3448 4653 3625 4720 atque
3656 4665 3792 4705 con-

2865 4736 2995 4803 Quis
3025 4753 3126 4792 nos
3155 4737 3427 4809 separabit
3456 4755 3493 4792 a
3521 4740 3791 4794 charitate

2135 4832 2282 4888 Dei:
2314 4827 2619 4894 tribulatio,
2665 4843 2734 4880 an
2787 4827 3064 4895 angustia,
3113 4843 3187 4880 an
3234 4830 3552 4897 persecutio,
3603 4845 3676 4883 an
3703 4831 3788 4899 fa-

2130 4936 2243 4976 mes
2275 4927 2324 4973 et
2353 4917 2597 4981 nuditas,
2626 4923 2677 4969 et
2703 4915 3028 4986 periculum,
3064 4923 3114 4970 et
3143 4915 3364 4983 gladius
3385 4917 3414 4970 '2
3441 4920 3615 4972 Juxta
3647 4915 3788 4986 quod

2128 5010 2390 5080 scriptum
2419 5015 2496 5061 est
2525 5023 2542 5058 :
2577 5006 2806 5075 Pr0pter
2836 5014 2884 5059 te
2914 5004 3324 5072 mortificamur
3352 5008 3464 5060 tota
3491 5005 3597 5069 die,
3633 5020 3789 5074 repu-

2129 5101 2234 5154 tati
2283 5112 2471 5151 sumus
2522 5103 2582 5149 ut
2630 5110 2749 5149 oves
2803 5094 3110 5148 occisionis.
3157 5093 3262 5148 Sed
3312 5097 3371 5149 in
3420 5094 3505 5147 his
3536 5092 3787 5147 omnibus

2130 5202 2473 5260 superamus,
2519 5188 2743 5256 propter
2789 5201 2916 5238 eum
2946 5185 3044 5254 qui
3090 5183 3296 5238 dilexit
3324 5198 3422 5237 nos
3453 5183 3627 5252 (Rom.
3663 5197 3784 5249 vni,

2135 5349 2500 5403 fatiscentem
2561 5341 2901 5408 sublevavit,
2977 5341 3412 5412 animavitque),
3490 5339 3648 5412 omni
3717 5355 3785 5394 ex

2134 5426 2294 5494 parte
2351 5414 2922 5494 emendatissimum,
3004 5414 3224 5494 integre
3282 5411 3783 5494 ltomaanimpres-

2140 5482 2298 5558 sum,
2321 5504 2535 5559 magna
2555 5485 2970 5559 catholicorum
3005 5482 3264 5539 omnium
3299 5482 3568 5551 utilitate,
3601 5499 3789 5556 nuper

2137 5561 2348 5618 Christi
2380 5557 2642 5614 Ecclesiae
2676 5557 3071 5611 reddiderunt.

2203 5639 2218 5669 ⁸
2256 5636 2388 5699 Quae
2421 5633 2866 5700 subsequuntur
2892 5630 3066 5682 verba
3094 5643 3105 5679 :
3131 5626 3197 5700 βε
3223 5641 3331 5700 non
3355 5633 3571 5700 tantum
3592 5625 3783 5700 adver-

2133 5723 2258 5761 sum
2277 5695 2633 5778 spiritantia
2655 5701 2924 5772 nequitiae
2953 5700 3007 5753 in
3038 5695 3364 5764 caelestibus,
3398 5697 3456 5754 in
3489 5699 3636 5754 Vict.
3670 5699 3786 5755 edi-

2139 5778 2297 5834 tione
2318 5777 2560 5833 desunt.
